  <div class='ocr_page' id='page_1' title='image "/cluster/home/n/w/nwhite01/storage/ocr_20150623/113/hvd.32044054759782/123.png"; bbox 0 0 4052 6180; ppageno 0'>
   <div class='ocr_carea' id='block_1_1' title="bbox 336 280 439 335">
    <p class='ocr_par' dir='ltr' id='par_1_1' title="bbox 336 280 439 335">
     <span class='ocr_line' id='line_1_1' title="bbox 336 280 439 335; baseline -0.01 -2"><span class='ocrx_word' id='word_1_1' title='bbox 336 280 439 335; x_wconf 78' lang='lat'>235</span> 
     </span>
    </p>
   </div>
   <div class='ocr_carea' id='block_1_2' title="bbox 948 271 3182 331">
    <p class='ocr_par' dir='ltr' id='par_1_2' title="bbox 948 271 3182 331">
     <span class='ocr_line' id='line_1_2' title="bbox 948 271 3182 331; baseline -0.001 -2"><span class='ocrx_word' id='word_1_2' title='bbox 948 275 1343 331; x_wconf 78' lang='lat' dir='ltr'>WALAFRIDI</span> <span class='ocrx_word' id='word_1_3' title='bbox 1383 275 1632 331; x_wconf 76' lang='lat' dir='ltr'>STRABI</span> <span class='ocrx_word' id='word_1_4' title='bbox 1673 275 1866 330; x_wconf 85' lang='lat' dir='ltr'>FULD.</span> <span class='ocrx_word' id='word_1_5' title='bbox 1912 272 2072 327; x_wconf 80' lang='lat' dir='ltr'>MON.</span> <span class='ocrx_word' id='word_1_6' title='bbox 2113 273 2269 328; x_wconf 85' lang='lat' dir='ltr'>OPP.</span> <span class='ocrx_word' id='word_1_7' title='bbox 2318 273 2492 327; x_wconf 81' lang='lat' dir='ltr'>PARS</span> <span class='ocrx_word' id='word_1_8' title='bbox 2531 275 2572 328; x_wconf 88' lang='grc' dir='ltr'>Ι.</span> <span class='ocrx_word' id='word_1_9' title='bbox 2617 302 2685 311; x_wconf 89' lang='grc'><strong>-</strong></span> <span class='ocrx_word' id='word_1_10' title='bbox 2727 271 3182 329; x_wconf 83' lang='lat' dir='ltr'>THEOLOGICA.</span> 
     </span>
    </p>
   </div>
   <div class='ocr_carea' id='block_1_3' title="bbox 3737 276 3840 326">
    <p class='ocr_par' dir='ltr' id='par_1_3' title="bbox 3737 276 3840 326">
     <span class='ocr_line' id='line_1_3' title="bbox 3737 276 3840 326; baseline -0.049 0"><span class='ocrx_word' id='word_1_11' title='bbox 3737 276 3840 326; x_wconf 66' lang='lat'>‘23“.</span> 
     </span>
    </p>
   </div>
   <div class='ocr_carea' id='block_1_4' title="bbox 335 395 3848 473">
    <p class='ocr_par' dir='ltr' id='par_1_4' title="bbox 335 395 3848 473">
     <span class='ocr_line' id='line_1_4' title="bbox 335 395 3848 473; baseline -0.002 -17"><span class='ocrx_word' id='word_1_12' title='bbox 335 401 626 473; x_wconf 77' lang='lat' dir='ltr'>populus!</span> <span class='ocrx_word' id='word_1_13' title='bbox 675 400 958 456; x_wconf 81' lang='lat' dir='ltr'>desiderat</span> <span class='ocrx_word' id='word_1_14' title='bbox 1005 402 1329 471; x_wconf 60' lang='lat' dir='ltr'>Egyptum,</span> <span class='ocrx_word' id='word_1_15' title='bbox 1388 399 1487 469; x_wconf 85' lang='lat' dir='ltr'>qui</span> <span class='ocrx_word' id='word_1_16' title='bbox 1551 398 1842 468; x_wconf 62' lang='lat' dir='ltr'>Egyptios</span> <span class='ocrx_word' id='word_1_17' title='bbox 1897 396 2108 451; x_wconf 82' lang='lat' dir='ltr'>viditA</span> <span class='ocrx_word' id='word_1_18' title='bbox 2143 395 2348 460; x_wconf 65' lang='lat' dir='ltr'>Quaero</span> <span class='ocrx_word' id='word_1_19' title='bbox 2403 411 2537 466; x_wconf 90' lang='lat' dir='ltr'>ergo</span> <span class='ocrx_word' id='word_1_20' title='bbox 2591 411 2704 466; x_wconf 87' lang='lat' dir='ltr'>qua</span> <span class='ocrx_word' id='word_1_21' title='bbox 2753 395 2846 450; x_wconf 90' lang='lat' dir='ltr'>die</span> <span class='ocrx_word' id='word_1_22' title='bbox 2910 395 3080 466; x_wconf 69' lang='lat' dir='ltr'>caspit</span> <span class='ocrx_word' id='word_1_23' title='bbox 3146 410 3357 450; x_wconf 88' lang='lat' dir='ltr'>manna</span> <span class='ocrx_word' id='word_1_24' title='bbox 3401 395 3582 450; x_wconf 82' lang='lat' dir='ltr'>dari?</span> <span class='ocrx_word' id='word_1_25' title='bbox 3639 401 3696 449; x_wconf 88' lang='lat' dir='ltr'>et</span> <span class='ocrx_word' id='word_1_26' title='bbox 3723 397 3848 448; x_wconf 91' lang='lat' dir='ltr'>volo</span> 
     </span>
    </p>
   </div>
   <div class='ocr_carea' id='block_1_5' title="bbox 338 487 2035 564">
    <p class='ocr_par' dir='ltr' id='par_1_5' title="bbox 338 487 2035 564">
     <span class='ocr_line' id='line_1_5' title="bbox 338 487 2035 564; baseline -0.005 -19"><span class='ocrx_word' id='word_1_27' title='bbox 338 491 642 546; x_wconf 84' lang='lat' dir='ltr'>exstinctos</span> <span class='ocrx_word' id='word_1_28' title='bbox 665 508 680 558; x_wconf 84' lang='lat'><strong>;</strong></span> <span class='ocrx_word' id='word_1_29' title='bbox 711 493 767 542; x_wconf 91' lang='lat' dir='ltr'>et</span> <span class='ocrx_word' id='word_1_30' title='bbox 794 504 992 542; x_wconf 89' lang='lat' dir='ltr'>carnes</span> <span class='ocrx_word' id='word_1_31' title='bbox 1018 488 1262 559; x_wconf 66' lang='lat' dir='ltr'>Egypti,</span> <span class='ocrx_word' id='word_1_32' title='bbox 1287 487 1386 558; x_wconf 87' lang='lat' dir='ltr'>qui</span> <span class='ocrx_word' id='word_1_33' title='bbox 1415 487 1808 564; x_wconf 63' lang='lat' dir='ltr'>Egyptiorum</span> <span class='ocrx_word' id='word_1_34' title='bbox 1839 501 2035 539; x_wconf 90' lang='lat' dir='ltr'>carnes</span> 
     </span>
    </p>
   </div>
   <div class='ocr_carea' id='block_1_6' title="bbox 335 575 2037 649">
    <p class='ocr_par' dir='ltr' id='par_1_6' title="bbox 335 575 2037 649">
     <span class='ocr_line' id='line_1_6' title="bbox 335 575 2037 649; baseline -0.004 -15"><span class='ocrx_word' id='word_1_35' title='bbox 335 580 491 634; x_wconf 83' lang='lat' dir='ltr'>videt</span> <span class='ocrx_word' id='word_1_36' title='bbox 509 583 566 633; x_wconf 88' lang='lat' dir='ltr'>et</span> <span class='ocrx_word' id='word_1_37' title='bbox 583 578 832 649; x_wconf 85' lang='lat' dir='ltr'>piscibus</span> <span class='ocrx_word' id='word_1_38' title='bbox 873 578 1031 632; x_wconf 89' lang='lat' dir='ltr'>datas</span> <span class='ocrx_word' id='word_1_39' title='bbox 1070 585 1127 632; x_wconf 86' lang='lat' dir='ltr'>et</span> <span class='ocrx_word' id='word_1_40' title='bbox 1184 576 1544 630; x_wconf 83' lang='lat' dir='ltr'>volatilibus!</span> <span class='ocrx_word' id='word_1_41' title='bbox 1599 576 1910 630; x_wconf 83' lang='lat' dir='ltr'>Murmurat</span> <span class='ocrx_word' id='word_1_42' title='bbox 1937 575 2037 628; x_wconf 86' lang='lat' dir='ltr'>ad-</span> 
     </span>
    </p>
   </div>
   <div class='ocr_carea' id='block_1_7' title="bbox 336 662 2038 734">
    <p class='ocr_par' dir='ltr' id='par_1_7' title="bbox 336 662 2038 734">
     <span class='ocr_line' id='line_1_7' title="bbox 336 662 2038 734; baseline -0.004 -12"><span class='ocrx_word' id='word_1_43' title='bbox 336 684 531 722; x_wconf 88' lang='lat' dir='ltr'>versus</span> <span class='ocrx_word' id='word_1_44' title='bbox 571 668 781 733; x_wconf 84' lang='lat' dir='ltr'>Mosen,</span> <span class='ocrx_word' id='word_1_45' title='bbox 816 667 932 720; x_wconf 87' lang='lat' dir='ltr'>imo</span> <span class='ocrx_word' id='word_1_46' title='bbox 981 669 1194 731; x_wconf 90' lang='lat' dir='ltr'>Deum;</span> <span class='ocrx_word' id='word_1_47' title='bbox 1242 665 1341 718; x_wconf 88' lang='lat' dir='ltr'>sed</span> <span class='ocrx_word' id='word_1_48' title='bbox 1371 663 1559 734; x_wconf 91' lang='lat' dir='ltr'>primo</span> <span class='ocrx_word' id='word_1_49' title='bbox 1615 662 1950 733; x_wconf 81' lang='lat' dir='ltr'>ignoscitur,</span> <span class='ocrx_word' id='word_1_50' title='bbox 1982 667 2038 716; x_wconf 91' lang='lat' dir='ltr'>et</span> 
     </span>
    </p>
   </div>
   <div class='ocr_carea' id='block_1_8' title="bbox 338 750 2036 820">
    <p class='ocr_par' dir='ltr' id='par_1_8' title="bbox 338 750 2036 820">
     <span class='ocr_line' id='line_1_8' title="bbox 338 750 2036 820; baseline -0.004 -10"><span class='ocrx_word' id='word_1_51' title='bbox 338 755 584 812; x_wconf 90' lang='lat' dir='ltr'>secundo</span> <span class='ocrx_word' id='word_1_52' title='bbox 613 760 668 808; x_wconf 90' lang='lat' dir='ltr'>et</span> <span class='ocrx_word' id='word_1_53' title='bbox 695 755 944 808; x_wconf 84' lang='lat' dir='ltr'>fortassis</span> <span class='ocrx_word' id='word_1_54' title='bbox 965 755 1166 820; x_wconf 90' lang='lat' dir='ltr'>tertio;</span> <span class='ocrx_word' id='word_1_55' title='bbox 1203 754 1299 807; x_wconf 91' lang='lat' dir='ltr'>sed</span> <span class='ocrx_word' id='word_1_56' title='bbox 1332 752 1379 806; x_wconf 74' lang='lat' dir='ltr'>si</span> <span class='ocrx_word' id='word_1_57' title='bbox 1435 768 1548 806; x_wconf 90' lang='lat' dir='ltr'>non</span> <span class='ocrx_word' id='word_1_58' title='bbox 1604 751 1888 815; x_wconf 89' lang='lat' dir='ltr'>desinant,</span> <span class='ocrx_word' id='word_1_59' title='bbox 1938 750 2036 804; x_wconf 83' lang='lat' dir='ltr'>sed</span> 
     </span>
    </p>
   </div>
   <div class='ocr_carea' id='block_1_9' title="bbox 338 841 2037 916">
    <p class='ocr_par' dir='ltr' id='par_1_9' title="bbox 338 841 2037 916">
     <span class='ocr_line' id='line_1_9' title="bbox 338 841 2037 916; baseline -0.004 -18"><span class='ocrx_word' id='word_1_60' title='bbox 338 844 664 916; x_wconf 87' lang='lat' dir='ltr'>persistant,</span> <span class='ocrx_word' id='word_1_61' title='bbox 699 843 832 897; x_wconf 91' lang='lat' dir='ltr'>audi</span> <span class='ocrx_word' id='word_1_62' title='bbox 858 843 994 913; x_wconf 89' lang='lat' dir='ltr'>quid</span> <span class='ocrx_word' id='word_1_63' title='bbox 1025 842 1303 913; x_wconf 86' lang='lat' dir='ltr'>sequitur,</span> <span class='ocrx_word' id='word_1_64' title='bbox 1334 841 1395 894; x_wconf 88' lang='lat' dir='ltr'>in</span> <span class='ocrx_word' id='word_1_65' title='bbox 1454 841 1600 894; x_wconf 86' lang='lat' dir='ltr'>libro</span> <span class='ocrx_word' id='word_1_66' title='bbox 1651 841 2037 894; x_wconf 84' lang='lat' dir='ltr'>Numerorum</span> 
     </span>
    </p>
   </div>
   <div class='ocr_carea' id='block_1_10' title="bbox 337 927 2036 1001">
    <p class='ocr_par' dir='ltr' id='par_1_10' title="bbox 337 927 2036 1001">
     <span class='ocr_line' id='line_1_10' title="bbox 337 927 2036 1001; baseline -0.003 -16"><span class='ocrx_word' id='word_1_67' title='bbox 337 932 582 986; x_wconf 80' lang='lat' dir='ltr'>refertur</span> <span class='ocrx_word' id='word_1_68' title='bbox 635 931 817 1001; x_wconf 84' lang='lat' dir='ltr'>(Num.</span> <span class='ocrx_word' id='word_1_69' title='bbox 859 932 991 1000; x_wconf 77' lang='lat' dir='ltr'>XXI),</span> <span class='ocrx_word' id='word_1_70' title='bbox 1041 937 1097 984; x_wconf 90' lang='lat' dir='ltr'>et</span> <span class='ocrx_word' id='word_1_71' title='bbox 1151 931 1305 984; x_wconf 90' lang='lat' dir='ltr'>idem</span> <span class='ocrx_word' id='word_1_72' title='bbox 1353 931 1654 1000; x_wconf 83' lang='lat' dir='ltr'>Apostolus</span> <span class='ocrx_word' id='word_1_73' title='bbox 1720 929 1924 982; x_wconf 83' lang='lat' dir='ltr'>retexit</span> <span class='ocrx_word' id='word_1_74' title='bbox 1952 927 2036 980; x_wconf 86' lang='lat' dir='ltr'>di-</span> 
     </span>
    </p>
   </div>
   <div class='ocr_carea' id='block_1_11' title="bbox 339 1015 2039 1091">
    <p class='ocr_par' dir='ltr' id='par_1_11' title="bbox 339 1015 2039 1091">
     <span class='ocr_line' id='line_1_11' title="bbox 339 1015 2039 1091; baseline -0.004 -17"><span class='ocrx_word' id='word_1_75' title='bbox 339 1035 470 1074; x_wconf 89' lang='lat' dir='ltr'>cens</span> <span class='ocrx_word' id='word_1_76' title='bbox 497 1020 539 1091; x_wconf 91' lang='lat' dir='ltr'>(l</span> <span class='ocrx_word' id='word_1_77' title='bbox 573 1021 688 1077; x_wconf 84' lang='lat' dir='ltr'>Cor.</span> <span class='ocrx_word' id='word_1_78' title='bbox 723 1019 777 1089; x_wconf 88' lang='lat' dir='ltr'>x)</span> <span class='ocrx_word' id='word_1_79' title='bbox 813 1036 826 1073; x_wconf 88' lang='lat'>:</span> <span class='ocrx_word' id='word_1_80' title='bbox 859 1021 1040 1088; x_wconf 87' lang='lat' dir='ltr'>Neque</span> <span class='ocrx_word' id='word_1_81' title='bbox 1085 1020 1575 1085; x_wconf 86' lang='lat' dir='ltr'>murmuraveritis,</span> <span class='ocrx_word' id='word_1_82' title='bbox 1633 1020 1776 1072; x_wconf 80' lang='lat' dir='ltr'>sicut</span> <span class='ocrx_word' id='word_1_83' title='bbox 1814 1015 2039 1085; x_wconf 84' lang='lat' dir='ltr'>quidam</span> 
     </span>
    </p>
   </div>
   <div class='ocr_carea' id='block_1_12' title="bbox 337 1106 2032 1176">
    <p class='ocr_par' dir='ltr' id='par_1_12' title="bbox 337 1106 2032 1176">
     <span class='ocr_line' id='line_1_12' title="bbox 337 1106 2032 1176; baseline -0.003 -13"><span class='ocrx_word' id='word_1_84' title='bbox 337 1123 517 1163; x_wconf 85' lang='lat' dir='ltr'>eorum</span> <span class='ocrx_word' id='word_1_85' title='bbox 569 1112 1060 1174; x_wconf 84' lang='lat' dir='ltr'>murmuraverunt,</span> <span class='ocrx_word' id='word_1_86' title='bbox 1119 1111 1169 1162; x_wconf 90' lang='lat' dir='ltr'>et</span> <span class='ocrx_word' id='word_1_87' title='bbox 1218 1124 1253 1160; x_wconf 91' lang='lat' dir='ltr'>a</span> <span class='ocrx_word' id='word_1_88' title='bbox 1325 1106 1660 1176; x_wconf 76' lang='lat' dir='ltr'>serpentibus</span> <span class='ocrx_word' id='word_1_89' title='bbox 1730 1109 2032 1174; x_wconf 83' lang='lat' dir='ltr'>perierunt.</span> 
     </span>
    </p>
   </div>
   <div class='ocr_carea' id='block_1_13' title="bbox 338 1195 2039 1266">
    <p class='ocr_par' dir='ltr' id='par_1_13' title="bbox 338 1195 2039 1266">
     <span class='ocr_line' id='line_1_13' title="bbox 338 1195 2039 1266; baseline -0.003 -15"><span class='ocrx_word' id='word_1_90' title='bbox 338 1197 554 1265; x_wconf 76' lang='lat' dir='ltr'>Scripta</span> <span class='ocrx_word' id='word_1_91' title='bbox 581 1203 706 1251; x_wconf 91' lang='lat' dir='ltr'>sunt</span> <span class='ocrx_word' id='word_1_92' title='bbox 731 1198 838 1250; x_wconf 80' lang='lat' dir='ltr'>haec</span> <span class='ocrx_word' id='word_1_93' title='bbox 879 1201 1102 1266; x_wconf 82' lang='lat' dir='ltr'>propter</span> <span class='ocrx_word' id='word_1_94' title='bbox 1151 1211 1265 1263; x_wconf 89' lang='lat' dir='ltr'>nos,</span> <span class='ocrx_word' id='word_1_95' title='bbox 1296 1197 1356 1249; x_wconf 86' lang='lat' dir='ltr'>in</span> <span class='ocrx_word' id='word_1_96' title='bbox 1371 1210 1503 1264; x_wconf 88' lang='lat' dir='ltr'>quos</span> <span class='ocrx_word' id='word_1_97' title='bbox 1557 1197 1690 1263; x_wconf 82' lang='lat' dir='ltr'>ﬁnes</span> <span class='ocrx_word' id='word_1_98' title='bbox 1723 1195 2039 1248; x_wconf 58' lang='lat' dir='ltr'>seculorum</span> 
     </span>
    </p>
   </div>
   <div class='ocr_carea' id='block_1_14' title="bbox 337 1283 2040 1341">
    <p class='ocr_par' dir='ltr' id='par_1_14' title="bbox 337 1283 2040 1341">
     <span class='ocr_line' id='line_1_14' title="bbox 337 1283 2040 1341; baseline -0.004 -2"><span class='ocrx_word' id='word_1_99' title='bbox 337 1285 681 1341; x_wconf 85' lang='lat' dir='ltr'>devenerunt.</span> <span class='ocrx_word' id='word_1_100' title='bbox 733 1285 838 1339; x_wconf 86' lang='lat' dir='ltr'>Sed</span> <span class='ocrx_word' id='word_1_101' title='bbox 897 1285 942 1338; x_wconf 88' lang='lat' dir='ltr'>si</span> <span class='ocrx_word' id='word_1_102' title='bbox 999 1300 1116 1338; x_wconf 91' lang='lat' dir='ltr'>non</span> <span class='ocrx_word' id='word_1_103' title='bbox 1170 1283 1484 1338; x_wconf 86' lang='lat' dir='ltr'>desinimus</span> <span class='ocrx_word' id='word_1_104' title='bbox 1563 1298 1927 1336; x_wconf 87' lang='lat' dir='ltr'>murmurare</span> <span class='ocrx_word' id='word_1_105' title='bbox 1985 1285 2040 1333; x_wconf 89' lang='lat' dir='ltr'>et</span> 
     </span>
    </p>
   </div>
   <div class='ocr_carea' id='block_1_15' title="bbox 340 1369 2033 1442">
    <p class='ocr_par' dir='ltr' id='par_1_15' title="bbox 340 1369 2033 1442">
     <span class='ocr_line' id='line_1_15' title="bbox 340 1369 2033 1442; baseline -0.003 -15"><span class='ocrx_word' id='word_1_106' title='bbox 340 1374 612 1442; x_wconf 88' lang='lat' dir='ltr'>conqueri</span> <span class='ocrx_word' id='word_1_107' title='bbox 631 1379 826 1427; x_wconf 87' lang='lat' dir='ltr'>contra</span> <span class='ocrx_word' id='word_1_108' title='bbox 860 1375 1058 1436; x_wconf 90' lang='lat' dir='ltr'>Deum,</span> <span class='ocrx_word' id='word_1_109' title='bbox 1095 1372 1454 1425; x_wconf 83' lang='lat' dir='ltr'>iucurremus</span> <span class='ocrx_word' id='word_1_110' title='bbox 1483 1371 1667 1424; x_wconf 84' lang='lat' dir='ltr'>simile</span> <span class='ocrx_word' id='word_1_111' title='bbox 1695 1369 2033 1424; x_wconf 81' lang='lat' dir='ltr'>offensionis</span> 
     </span>
    </p>
   </div>
   <div class='ocr_carea' id='block_1_16' title="bbox 338 1456 2040 1533">
    <p class='ocr_par' dir='ltr' id='par_1_16' title="bbox 338 1456 2040 1533">
     <span class='ocr_line' id='line_1_16' title="bbox 338 1456 2040 1533; baseline -0.004 -18"><span class='ocrx_word' id='word_1_112' title='bbox 338 1463 657 1533; x_wconf 91' lang='lat' dir='ltr'>periculum</span> <span class='ocrx_word' id='word_1_113' title='bbox 678 1462 764 1516; x_wconf 88' lang='lat' dir='ltr'>vel</span> <span class='ocrx_word' id='word_1_114' title='bbox 797 1462 1138 1531; x_wconf 82' lang='lat' dir='ltr'>exemplum.</span> <span class='ocrx_word' id='word_1_115' title='bbox 1184 1459 1325 1513; x_wconf 83' lang='lat' dir='ltr'>Cum</span> <span class='ocrx_word' id='word_1_116' title='bbox 1374 1459 1529 1512; x_wconf 83' lang='lat' dir='ltr'>enim</span> <span class='ocrx_word' id='word_1_117' title='bbox 1585 1458 1655 1512; x_wconf 89' lang='lat' dir='ltr'>de</span> <span class='ocrx_word' id='word_1_118' title='bbox 1713 1456 2040 1512; x_wconf 85' lang='lat' dir='ltr'>coelestiin-</span> 
     </span>
    </p>
   </div>
   <div class='ocr_carea' id='block_1_17' title="bbox 339 1545 2040 1620">
    <p class='ocr_par' dir='ltr' id='par_1_17' title="bbox 339 1545 2040 1620">
     <span class='ocr_line' id='line_1_17' title="bbox 339 1545 2040 1620; baseline -0.004 -16"><span class='ocrx_word' id='word_1_119' title='bbox 339 1550 638 1620; x_wconf 87' lang='lat' dir='ltr'>temperie,</span> <span class='ocrx_word' id='word_1_120' title='bbox 674 1548 1408 1611; x_wconf 78' lang='lat' dir='ltr'>fructuuminfecunditate,</span> <span class='ocrx_word' id='word_1_121' title='bbox 1457 1547 1730 1601; x_wconf 90' lang='lat' dir='ltr'>imbrium</span> <span class='ocrx_word' id='word_1_122' title='bbox 1787 1545 2040 1612; x_wconf 85' lang='lat' dir='ltr'>raritate,</span> 
     </span>
    </p>
   </div>
   <div class='ocr_carea' id='block_1_18' title="bbox 2143 483 3846 554">
    <p class='ocr_par' dir='ltr' id='par_1_18' title="bbox 2143 483 3846 554">
     <span class='ocr_line' id='line_1_18' title="bbox 2143 483 3846 554; baseline -0.001 -16"><span class='ocrx_word' id='word_1_123' title='bbox 2143 499 2475 554; x_wconf 91' lang='lat' dir='ltr'>comparare</span> <span class='ocrx_word' id='word_1_124' title='bbox 2508 483 2867 538; x_wconf 88' lang='lat' dir='ltr'>Dominicam</span> <span class='ocrx_word' id='word_1_125' title='bbox 2897 489 3151 538; x_wconf 89' lang='lat' dir='ltr'>nostram</span> <span class='ocrx_word' id='word_1_126' title='bbox 3176 499 3306 536; x_wconf 90' lang='lat' dir='ltr'>cum</span> <span class='ocrx_word' id='word_1_127' title='bbox 3339 483 3574 538; x_wconf 86' lang='lat' dir='ltr'>sabbato</span> <span class='ocrx_word' id='word_1_128' title='bbox 3621 483 3846 538; x_wconf 68' lang='lat' dir='ltr'>Iudaeo-</span> 
     </span>
    </p>
   </div>
   <div class='ocr_carea' id='block_1_19' title="bbox 2142 571 3851 642">
    <p class='ocr_par' dir='ltr' id='par_1_19' title="bbox 2142 571 3851 642">
     <span class='ocr_line' id='line_1_19' title="bbox 2142 571 3851 642; baseline -0.002 -15"><span class='ocrx_word' id='word_1_129' title='bbox 2142 589 2293 628; x_wconf 90' lang='lat' dir='ltr'>rum.</span> <span class='ocrx_word' id='word_1_130' title='bbox 2332 575 2403 626; x_wconf 81' lang='lat' dir='ltr'>Ex</span> <span class='ocrx_word' id='word_1_131' title='bbox 2434 573 2725 642; x_wconf 84' lang='lat' dir='ltr'>Scriptura</span> <span class='ocrx_word' id='word_1_132' title='bbox 2761 573 2916 626; x_wconf 90' lang='lat' dir='ltr'>enim</span> <span class='ocrx_word' id='word_1_133' title='bbox 2963 576 3199 642; x_wconf 85' lang='lat' dir='ltr'>apparet</span> <span class='ocrx_word' id='word_1_134' title='bbox 3233 571 3369 642; x_wconf 87' lang='lat' dir='ltr'>quia</span> <span class='ocrx_word' id='word_1_135' title='bbox 3406 572 3499 626; x_wconf 88' lang='lat' dir='ltr'>die</span> <span class='ocrx_word' id='word_1_136' title='bbox 3561 571 3851 625; x_wconf 88' lang='lat' dir='ltr'>Dominica</span> 
     </span>
    </p>
   </div>
   <div class='ocr_carea' id='block_1_20' title="bbox 2143 659 3848 733">
    <p class='ocr_par' dir='ltr' id='par_1_20' title="bbox 2143 659 3848 733">
     <span class='ocr_line' id='line_1_20' title="bbox 2143 659 3848 733; baseline -0.002 -18"><span class='ocrx_word' id='word_1_137' title='bbox 2143 663 2395 733; x_wconf 90' lang='lat' dir='ltr'>primum</span> <span class='ocrx_word' id='word_1_138' title='bbox 2416 661 2582 715; x_wconf 90' lang='lat' dir='ltr'>datur</span> <span class='ocrx_word' id='word_1_139' title='bbox 2644 676 2876 726; x_wconf 89' lang='lat' dir='ltr'>manna,</span> <span class='ocrx_word' id='word_1_140' title='bbox 2939 677 3035 714; x_wconf 87' lang='lat' dir='ltr'>sex</span> <span class='ocrx_word' id='word_1_141' title='bbox 3093 660 3294 715; x_wconf 90' lang='lat' dir='ltr'>diebus</span> <span class='ocrx_word' id='word_1_142' title='bbox 3336 660 3623 714; x_wconf 88' lang='lat' dir='ltr'>continuis</span> <span class='ocrx_word' id='word_1_143' title='bbox 3683 659 3848 713; x_wconf 87' lang='lat' dir='ltr'>colle-</span> 
     </span>
    </p>
   </div>
   <div class='ocr_carea' id='block_1_21' title="bbox 2143 747 3854 819">
    <p class='ocr_par' dir='ltr' id='par_1_21' title="bbox 2143 747 3854 819">
     <span class='ocr_line' id='line_1_21' title="bbox 2143 747 3854 819; baseline -0.002 -16"><span class='ocrx_word' id='word_1_144' title='bbox 2143 755 2345 816; x_wconf 89' lang='lat' dir='ltr'>ctum;</span> <span class='ocrx_word' id='word_1_145' title='bbox 2389 749 2652 818; x_wconf 86' lang='lat' dir='ltr'>septima,</span> <span class='ocrx_word' id='word_1_146' title='bbox 2711 765 2840 819; x_wconf 72' lang='lat' dir='ltr'>qua:</span> <span class='ocrx_word' id='word_1_147' title='bbox 2888 753 2973 803; x_wconf 88' lang='lat' dir='ltr'>est</span> <span class='ocrx_word' id='word_1_148' title='bbox 3021 749 3342 814; x_wconf 89' lang='lat' dir='ltr'>sabbatum,</span> <span class='ocrx_word' id='word_1_149' title='bbox 3384 753 3651 802; x_wconf 87' lang='lat' dir='ltr'>cessatur.</span> <span class='ocrx_word' id='word_1_150' title='bbox 3714 747 3854 812; x_wconf 85' lang='lat' dir='ltr'>Quia</span> 
     </span>
    </p>
   </div>
   <div class='ocr_carea' id='block_1_22' title="bbox 2145 835 3849 908">
    <p class='ocr_par' dir='ltr' id='par_1_22' title="bbox 2145 835 3849 908">
     <span class='ocr_line' id='line_1_22' title="bbox 2145 835 3849 908; baseline -0.001 -17"><span class='ocrx_word' id='word_1_151' title='bbox 2145 855 2280 908; x_wconf 87' lang='lat' dir='ltr'>ergo</span> <span class='ocrx_word' id='word_1_152' title='bbox 2314 839 2369 892; x_wconf 91' lang='lat' dir='ltr'>in</span> <span class='ocrx_word' id='word_1_153' title='bbox 2401 838 2490 892; x_wconf 85' lang='lat' dir='ltr'>die</span> <span class='ocrx_word' id='word_1_154' title='bbox 2521 837 2812 893; x_wconf 88' lang='lat' dir='ltr'>Dominica</span> <span class='ocrx_word' id='word_1_155' title='bbox 2851 837 2998 908; x_wconf 87' lang='lat' dir='ltr'>pluit</span> <span class='ocrx_word' id='word_1_156' title='bbox 3053 838 3202 892; x_wconf 88' lang='lat' dir='ltr'>Deus</span> <span class='ocrx_word' id='word_1_157' title='bbox 3259 853 3492 902; x_wconf 91' lang='lat' dir='ltr'>manna,</span> <span class='ocrx_word' id='word_1_158' title='bbox 3545 841 3602 890; x_wconf 91' lang='lat' dir='ltr'>et</span> <span class='ocrx_word' id='word_1_159' title='bbox 3651 835 3849 890; x_wconf 87' lang='lat' dir='ltr'>nonin</span> 
     </span>
    </p>
   </div>
   <div class='ocr_carea' id='block_1_23' title="bbox 2145 925 3848 996">
    <p class='ocr_par' dir='ltr' id='par_1_23' title="bbox 2145 925 3848 996">
     <span class='ocr_line' id='line_1_23' title="bbox 2145 925 3848 996; baseline -0.002 -16"><span class='ocrx_word' id='word_1_160' title='bbox 2145 928 2397 994; x_wconf 88' lang='lat' dir='ltr'>sabbato,</span> <span class='ocrx_word' id='word_1_161' title='bbox 2429 925 2752 996; x_wconf 84' lang='lat' dir='ltr'>intelligant</span> <span class='ocrx_word' id='word_1_162' title='bbox 2805 925 2989 980; x_wconf 73' lang='lat' dir='ltr'>Judaei</span> <span class='ocrx_word' id='word_1_163' title='bbox 3043 926 3166 996; x_wconf 88' lang='lat' dir='ltr'>jam</span> <span class='ocrx_word' id='word_1_164' title='bbox 3223 930 3360 980; x_wconf 90' lang='lat' dir='ltr'>tunc</span> <span class='ocrx_word' id='word_1_165' title='bbox 3403 926 3700 996; x_wconf 67' lang='lat' dir='ltr'>praelatam</span> <span class='ocrx_word' id='word_1_166' title='bbox 3727 939 3848 978; x_wconf 90' lang='lat' dir='ltr'>esse</span> 
     </span>
    </p>
   </div>
   <div class='ocr_carea' id='block_1_24' title="bbox 2147 1012 3852 1079">
    <p class='ocr_par' dir='ltr' id='par_1_24' title="bbox 2147 1012 3852 1079">
     <span class='ocr_line' id='line_1_24' title="bbox 2147 1012 3852 1079; baseline -0.002 -11"><span class='ocrx_word' id='word_1_167' title='bbox 2147 1014 2505 1068; x_wconf 88' lang='lat' dir='ltr'>Dominicam</span> <span class='ocrx_word' id='word_1_168' title='bbox 2537 1019 2791 1068; x_wconf 89' lang='lat' dir='ltr'>nostram</span> <span class='ocrx_word' id='word_1_169' title='bbox 2833 1030 2934 1068; x_wconf 89' lang='lat' dir='ltr'>suo</span> <span class='ocrx_word' id='word_1_170' title='bbox 2982 1014 3259 1079; x_wconf 89' lang='lat' dir='ltr'>sabbato;</span> <span class='ocrx_word' id='word_1_171' title='bbox 3322 1017 3378 1068; x_wconf 86' lang='lat' dir='ltr'>et</span> <span class='ocrx_word' id='word_1_172' title='bbox 3429 1012 3741 1067; x_wconf 88' lang='lat' dir='ltr'>indicatum</span> <span class='ocrx_word' id='word_1_173' title='bbox 3770 1016 3852 1066; x_wconf 89' lang='lat' dir='ltr'>est</span> 
     </span>
    </p>
   </div>
   <div class='ocr_carea' id='block_1_25' title="bbox 2146 1100 3850 1172">
    <p class='ocr_par' dir='ltr' id='par_1_25' title="bbox 2146 1100 3850 1172">
     <span class='ocr_line' id='line_1_25' title="bbox 2146 1100 3850 1172; baseline -0.002 -16"><span class='ocrx_word' id='word_1_174' title='bbox 2146 1103 2301 1172; x_wconf 86' lang='lat' dir='ltr'>quod</span> <span class='ocrx_word' id='word_1_175' title='bbox 2332 1102 2530 1156; x_wconf 90' lang='lat' dir='ltr'>nonin</span> <span class='ocrx_word' id='word_1_176' title='bbox 2549 1103 2675 1172; x_wconf 89' lang='lat' dir='ltr'>ipso</span> <span class='ocrx_word' id='word_1_177' title='bbox 2711 1102 2809 1156; x_wconf 91' lang='lat' dir='ltr'>Dei</span> <span class='ocrx_word' id='word_1_178' title='bbox 2863 1101 3046 1172; x_wconf 81' lang='lat' dir='ltr'>gratia</span> <span class='ocrx_word' id='word_1_179' title='bbox 3103 1102 3176 1156; x_wconf 88' lang='lat' dir='ltr'>ad</span> <span class='ocrx_word' id='word_1_180' title='bbox 3225 1117 3323 1156; x_wconf 89' lang='lat' dir='ltr'>eos</span> <span class='ocrx_word' id='word_1_181' title='bbox 3379 1101 3733 1156; x_wconf 89' lang='lat' dir='ltr'>descenderit</span> <span class='ocrx_word' id='word_1_182' title='bbox 3783 1100 3850 1154; x_wconf 90' lang='lat' dir='ltr'>de</span> 
     </span>
    </p>
   </div>
   <div class='ocr_carea' id='block_1_26' title="bbox 2146 1190 3850 1260">
    <p class='ocr_par' dir='ltr' id='par_1_26' title="bbox 2146 1190 3850 1260">
     <span class='ocr_line' id='line_1_26' title="bbox 2146 1190 3850 1260; baseline -0.001 -15"><span class='ocrx_word' id='word_1_183' title='bbox 2146 1194 2306 1256; x_wconf 79' lang='lat' dir='ltr'>coelo,</span> <span class='ocrx_word' id='word_1_184' title='bbox 2339 1197 2396 1244; x_wconf 85' lang='lat' dir='ltr'>et</span> <span class='ocrx_word' id='word_1_185' title='bbox 2423 1190 2588 1260; x_wconf 89' lang='lat' dir='ltr'>panis</span> <span class='ocrx_word' id='word_1_186' title='bbox 2617 1190 2880 1260; x_wconf 78' lang='lat' dir='ltr'>caelestis,</span> <span class='ocrx_word' id='word_1_187' title='bbox 2907 1190 3008 1260; x_wconf 90' lang='lat' dir='ltr'>qui</span> <span class='ocrx_word' id='word_1_188' title='bbox 3039 1194 3124 1244; x_wconf 89' lang='lat' dir='ltr'>est</span> <span class='ocrx_word' id='word_1_189' title='bbox 3140 1206 3328 1244; x_wconf 87' lang='lat' dir='ltr'>sermo</span> <span class='ocrx_word' id='word_1_190' title='bbox 3363 1190 3480 1252; x_wconf 88' lang='lat' dir='ltr'>Dei,</span> <span class='ocrx_word' id='word_1_191' title='bbox 3507 1190 3578 1244; x_wconf 90' lang='lat' dir='ltr'>ad</span> <span class='ocrx_word' id='word_1_192' title='bbox 3609 1205 3709 1242; x_wconf 92' lang='lat' dir='ltr'>eos</span> <span class='ocrx_word' id='word_1_193' title='bbox 3739 1204 3850 1242; x_wconf 89' lang='lat' dir='ltr'>non</span> 
     </span>
    </p>
   </div>
   <div class='ocr_carea' id='block_1_27' title="bbox 2147 1278 3854 1349">
    <p class='ocr_par' dir='ltr' id='par_1_27' title="bbox 2147 1278 3854 1349">
     <span class='ocr_line' id='line_1_27' title="bbox 2147 1278 3854 1349; baseline -0.001 -16"><span class='ocrx_word' id='word_1_194' title='bbox 2147 1280 2471 1349; x_wconf 85' lang='lat' dir='ltr'>pervenerit</span> <span class='ocrx_word' id='word_1_195' title='bbox 2506 1295 2518 1345; x_wconf 92' lang='lat'><strong>;</strong></span> <span class='ocrx_word' id='word_1_196' title='bbox 2549 1279 2700 1332; x_wconf 88' lang='lat' dir='ltr'>unde</span> <span class='ocrx_word' id='word_1_197' title='bbox 2731 1279 2856 1333; x_wconf 89' lang='lat' dir='ltr'>Ose.</span> <span class='ocrx_word' id='word_1_198' title='bbox 2895 1295 2954 1332; x_wconf 90' lang='grc' dir='ltr'>ιιι</span> <span class='ocrx_word' id='word_1_199' title='bbox 2987 1295 3000 1332; x_wconf 94' lang='lat'><strong>:</strong></span> <span class='ocrx_word' id='word_1_200' title='bbox 3028 1279 3222 1333; x_wconf 82' lang='lat' dir='ltr'>Diebus</span> <span class='ocrx_word' id='word_1_201' title='bbox 3251 1279 3434 1333; x_wconf 85' lang='lat' dir='ltr'>multis</span> <span class='ocrx_word' id='word_1_202' title='bbox 3449 1278 3706 1332; x_wconf 85' lang='lat' dir='ltr'>sedebant</span> <span class='ocrx_word' id='word_1_203' title='bbox 3745 1279 3854 1346; x_wconf 81' lang='lat' dir='ltr'>ﬁlii</span> 
     </span>
    </p>
   </div>
   <div class='ocr_carea' id='block_1_28' title="bbox 2147 1368 3852 1436">
    <p class='ocr_par' dir='ltr' id='par_1_28' title="bbox 2147 1368 3852 1436">
     <span class='ocr_line' id='line_1_28' title="bbox 2147 1368 3852 1436; baseline -0.002 -14"><span class='ocrx_word' id='word_1_204' title='bbox 2147 1370 2326 1423; x_wconf 78' lang='lat' dir='ltr'>Israel</span> <span class='ocrx_word' id='word_1_205' title='bbox 2353 1370 2467 1422; x_wconf 90' lang='lat' dir='ltr'>sine</span> <span class='ocrx_word' id='word_1_206' title='bbox 2493 1383 2634 1435; x_wconf 81' lang='lat' dir='ltr'>rege,</span> <span class='ocrx_word' id='word_1_207' title='bbox 2659 1369 2777 1421; x_wconf 88' lang='lat' dir='ltr'>sine</span> <span class='ocrx_word' id='word_1_208' title='bbox 2805 1369 3074 1436; x_wconf 77' lang='lat' dir='ltr'>principe,</span> <span class='ocrx_word' id='word_1_209' title='bbox 3119 1369 3236 1422; x_wconf 83' lang='lat' dir='ltr'>sine</span> <span class='ocrx_word' id='word_1_210' title='bbox 3268 1369 3466 1432; x_wconf 84' lang='lat' dir='ltr'>hostia,</span> <span class='ocrx_word' id='word_1_211' title='bbox 3514 1369 3629 1421; x_wconf 88' lang='lat' dir='ltr'>sine</span> <span class='ocrx_word' id='word_1_212' title='bbox 3682 1368 3852 1420; x_wconf 72' lang='lat' dir='ltr'>sacri-</span> 
     </span>
    </p>
   </div>
   <div class='ocr_carea' id='block_1_29' title="bbox 2147 1455 3851 1527">
    <p class='ocr_par' dir='ltr' id='par_1_29' title="bbox 2147 1455 3851 1527">
     <span class='ocr_line' id='line_1_29' title="bbox 2147 1455 3851 1527; baseline -0.001 -17"><span class='ocrx_word' id='word_1_213' title='bbox 2147 1460 2288 1527; x_wconf 76' lang='lat' dir='ltr'>ﬁcio,</span> <span class='ocrx_word' id='word_1_214' title='bbox 2320 1459 2434 1511; x_wconf 87' lang='lat' dir='ltr'>sine</span> <span class='ocrx_word' id='word_1_215' title='bbox 2459 1455 2752 1510; x_wconf 83' lang='lat' dir='ltr'>sacerdote.</span> <span class='ocrx_word' id='word_1_216' title='bbox 2785 1457 2850 1509; x_wconf 90' lang='lat' dir='ltr'>In</span> <span class='ocrx_word' id='word_1_217' title='bbox 2874 1460 3069 1510; x_wconf 90' lang='lat' dir='ltr'>nostra</span> <span class='ocrx_word' id='word_1_218' title='bbox 3098 1462 3292 1510; x_wconf 83' lang='lat' dir='ltr'>autem</span> <span class='ocrx_word' id='word_1_219' title='bbox 3370 1455 3665 1509; x_wconf 90' lang='lat' dir='ltr'>Dominica</span> <span class='ocrx_word' id='word_1_220' title='bbox 3711 1470 3851 1508; x_wconf 91' lang='lat' dir='ltr'>sem-</span> 
     </span>
    </p>
   </div>
   <div class='ocr_carea' id='block_1_30' title="bbox 2148 1542 3856 1616">
    <p class='ocr_par' dir='ltr' id='par_1_30' title="bbox 2148 1542 3856 1616">
     <span class='ocr_line' id='line_1_30' title="bbox 2148 1542 3856 1616; baseline -0.002 -18"><span class='ocrx_word' id='word_1_221' title='bbox 2148 1561 2254 1616; x_wconf 91' lang='lat' dir='ltr'>per</span> <span class='ocrx_word' id='word_1_222' title='bbox 2308 1544 2584 1600; x_wconf 90' lang='lat' dir='ltr'>Dominus</span> <span class='ocrx_word' id='word_1_223' title='bbox 2630 1544 2779 1614; x_wconf 89' lang='lat' dir='ltr'>pluit</span> <span class='ocrx_word' id='word_1_224' title='bbox 2848 1559 3079 1609; x_wconf 89' lang='lat' dir='ltr'>manna,</span> <span class='ocrx_word' id='word_1_225' title='bbox 3143 1544 3203 1598; x_wconf 90' lang='lat' dir='ltr'>id</span> <span class='ocrx_word' id='word_1_226' title='bbox 3256 1546 3341 1598; x_wconf 90' lang='lat' dir='ltr'>est</span> <span class='ocrx_word' id='word_1_227' title='bbox 3396 1543 3644 1597; x_wconf 65' lang='lat' dir='ltr'>caelestia</span> <span class='ocrx_word' id='word_1_228' title='bbox 3683 1542 3856 1596; x_wconf 87' lang='lat' dir='ltr'>verba</span> 
     </span>
    </p>
   </div>
   <div class='ocr_carea' id='block_1_31' title="bbox 342 1628 3854 1732">
    <p class='ocr_par' dir='ltr' id='par_1_31' title="bbox 342 1628 3854 1732">
     <span class='ocr_line' id='line_1_31' title="bbox 342 1628 3854 1732; baseline -0.003 -42"><span class='ocrx_word' id='word_1_229' title='bbox 342 1640 398 1690; x_wconf 90' lang='lat' dir='ltr'>et</span> <span class='ocrx_word' id='word_1_230' title='bbox 425 1637 493 1691; x_wconf 92' lang='lat' dir='ltr'>de</span> <span class='ocrx_word' id='word_1_231' title='bbox 513 1636 886 1706; x_wconf 88' lang='lat' dir='ltr'>prosperitate</span> <span class='ocrx_word' id='word_1_232' title='bbox 916 1635 1158 1690; x_wconf 86' lang='lat' dir='ltr'>aliorum</span> <span class='ocrx_word' id='word_1_233' title='bbox 1191 1640 1248 1689; x_wconf 91' lang='lat' dir='ltr'>et</span> <span class='ocrx_word' id='word_1_234' title='bbox 1276 1633 1520 1688; x_wconf 88' lang='lat' dir='ltr'>aliorum</span> <span class='ocrx_word' id='word_1_235' title='bbox 1577 1632 2040 1704; x_wconf 87' lang='lat' dir='ltr'>improsperitate</span> <span class='ocrx_word' id='word_1_236' title='bbox 2081 1675 2121 1732; x_wconf 76' lang='grc' dir='ltr'>Β</span> <span class='ocrx_word' id='word_1_237' title='bbox 2150 1649 2280 1704; x_wconf 58' lang='lat' dir='ltr'>qua</span> <span class='ocrx_word' id='word_1_238' title='bbox 2308 1633 2472 1687; x_wconf 90' lang='lat' dir='ltr'>nobis</span> <span class='ocrx_word' id='word_1_239' title='bbox 2499 1633 2630 1686; x_wconf 83' lang='lat' dir='ltr'>laeta</span> <span class='ocrx_word' id='word_1_240' title='bbox 2688 1636 2837 1686; x_wconf 90' lang='lat' dir='ltr'>sunt.</span> <span class='ocrx_word' id='word_1_241' title='bbox 2898 1632 2986 1686; x_wconf 89' lang='lat' dir='ltr'>Illi</span> <span class='ocrx_word' id='word_1_242' title='bbox 3036 1631 3289 1686; x_wconf 83' lang='lat' dir='ltr'>infelices</span> <span class='ocrx_word' id='word_1_243' title='bbox 3349 1631 3640 1701; x_wconf 88' lang='lat' dir='ltr'>suspirant</span> <span class='ocrx_word' id='word_1_244' title='bbox 3683 1628 3854 1682; x_wconf 89' lang='lat' dir='ltr'>etiam</span> 
     </span>
    </p>
   </div>
   <div class='ocr_carea' id='block_1_32' title="bbox 343 1721 2042 1791">
    <p class='ocr_par' dir='ltr' id='par_1_32' title="bbox 343 1721 2042 1791">
     <span class='ocr_line' id='line_1_32' title="bbox 343 1721 2042 1791; baseline -0.002 -13"><span class='ocrx_word' id='word_1_245' title='bbox 343 1740 662 1791; x_wconf 88' lang='lat' dir='ltr'>causamur,</span> <span class='ocrx_word' id='word_1_246' title='bbox 723 1727 924 1777; x_wconf 89' lang='lat' dir='ltr'>contra</span> <span class='ocrx_word' id='word_1_247' title='bbox 985 1724 1159 1778; x_wconf 91' lang='lat' dir='ltr'>Deum</span> <span class='ocrx_word' id='word_1_248' title='bbox 1234 1737 1682 1778; x_wconf 86' lang='lat' dir='ltr'>murmuramus.</span> <span class='ocrx_word' id='word_1_249' title='bbox 1744 1721 1856 1776; x_wconf 90' lang='lat' dir='ltr'>Sed</span> <span class='ocrx_word' id='word_1_250' title='bbox 1921 1721 2042 1775; x_wconf 63' lang='lat' dir='ltr'>haec</span> 
     </span>
    </p>
   </div>
   <div class='ocr_carea' id='block_1_33' title="bbox 343 1809 2044 1884">
    <p class='ocr_par' dir='ltr' id='par_1_33' title="bbox 343 1809 2044 1884">
     <span class='ocr_line' id='line_1_33' title="bbox 343 1809 2044 1884; baseline -0.002 -19"><span class='ocrx_word' id='word_1_251' title='bbox 343 1812 532 1884; x_wconf 90' lang='lat' dir='ltr'>primo</span> <span class='ocrx_word' id='word_1_252' title='bbox 579 1812 972 1883; x_wconf 81' lang='lat' dir='ltr'>ignoscuntur,</span> <span class='ocrx_word' id='word_1_253' title='bbox 1027 1811 1087 1866; x_wconf 91' lang='lat' dir='ltr'>in</span> <span class='ocrx_word' id='word_1_254' title='bbox 1142 1812 1507 1882; x_wconf 89' lang='lat' dir='ltr'>persistentes</span> <span class='ocrx_word' id='word_1_255' title='bbox 1555 1809 1805 1880; x_wconf 81' lang='lat' dir='ltr'>graviter</span> <span class='ocrx_word' id='word_1_256' title='bbox 1860 1809 2044 1864; x_wconf 84' lang='lat' dir='ltr'>vindi-</span> 
     </span>
    </p>
   </div>
   <div class='ocr_carea' id='block_1_34' title="bbox 344 1897 2043 1970">
    <p class='ocr_par' dir='ltr' id='par_1_34' title="bbox 344 1897 2043 1970">
     <span class='ocr_line' id='line_1_34' title="bbox 344 1897 2043 1970; baseline -0.002 -16"><span class='ocrx_word' id='word_1_257' title='bbox 344 1904 564 1966; x_wconf 86' lang='lat' dir='ltr'>cantur,</span> <span class='ocrx_word' id='word_1_258' title='bbox 592 1899 728 1970; x_wconf 88' lang='lat' dir='ltr'>quia</span> <span class='ocrx_word' id='word_1_259' title='bbox 756 1900 1057 1954; x_wconf 87' lang='lat' dir='ltr'>mittentur</span> <span class='ocrx_word' id='word_1_260' title='bbox 1081 1900 1142 1954; x_wconf 91' lang='lat' dir='ltr'>in</span> <span class='ocrx_word' id='word_1_261' title='bbox 1183 1916 1279 1954; x_wconf 90' lang='lat' dir='ltr'>eos</span> <span class='ocrx_word' id='word_1_262' title='bbox 1328 1903 1638 1969; x_wconf 90' lang='lat' dir='ltr'>serpentes,</span> <span class='ocrx_word' id='word_1_263' title='bbox 1689 1898 1746 1952; x_wconf 91' lang='lat' dir='ltr'>id</span> <span class='ocrx_word' id='word_1_264' title='bbox 1796 1902 1899 1965; x_wconf 88' lang='lat' dir='ltr'>est,</span> <span class='ocrx_word' id='word_1_265' title='bbox 1936 1897 2043 1951; x_wconf 88' lang='lat' dir='ltr'>im-</span> 
     </span>
    </p>
   </div>
   <div class='ocr_carea' id='block_1_35' title="bbox 344 1986 2047 2059">
    <p class='ocr_par' dir='ltr' id='par_1_35' title="bbox 344 1986 2047 2059">
     <span class='ocr_line' id='line_1_35' title="bbox 344 1986 2047 2059; baseline -0.001 -17"><span class='ocrx_word' id='word_1_266' title='bbox 344 1988 576 2042; x_wconf 88' lang='lat' dir='ltr'>mundis</span> <span class='ocrx_word' id='word_1_267' title='bbox 607 1993 664 2042; x_wconf 90' lang='lat' dir='ltr'>et</span> <span class='ocrx_word' id='word_1_268' title='bbox 691 1988 956 2042; x_wconf 85' lang='lat' dir='ltr'>veneﬁcis</span> <span class='ocrx_word' id='word_1_269' title='bbox 981 1987 1276 2059; x_wconf 86' lang='lat' dir='ltr'>spiritibus</span> <span class='ocrx_word' id='word_1_270' title='bbox 1313 1988 1632 2054; x_wconf 86' lang='lat' dir='ltr'>tradentur,</span> <span class='ocrx_word' id='word_1_271' title='bbox 1663 1987 1762 2058; x_wconf 91' lang='lat' dir='ltr'>qui</span> <span class='ocrx_word' id='word_1_272' title='bbox 1817 1986 2047 2041; x_wconf 87' lang='lat' dir='ltr'>occultis</span> 
     </span>
    </p>
   </div>
   <div class='ocr_carea' id='block_1_36' title="bbox 343 2077 1610 2147">
    <p class='ocr_par' dir='ltr' id='par_1_36' title="bbox 343 2077 1610 2147">
     <span class='ocr_line' id='line_1_36' title="bbox 343 2077 1610 2147; baseline -0.001 -16"><span class='ocrx_word' id='word_1_273' title='bbox 343 2077 629 2131; x_wconf 89' lang='lat' dir='ltr'>morsibus</span> <span class='ocrx_word' id='word_1_274' title='bbox 659 2077 974 2147; x_wconf 88' lang='lat' dir='ltr'>penetralia</span> <span class='ocrx_word' id='word_1_275' title='bbox 1002 2077 1189 2131; x_wconf 91' lang='lat' dir='ltr'>cordis</span> <span class='ocrx_word' id='word_1_276' title='bbox 1213 2077 1610 2146; x_wconf 88' lang='lat' dir='ltr'>depascantur.</span> 
     </span>
    </p>
   </div>
   <div class='ocr_carea' id='block_1_37' title="bbox 419 2161 2042 2234">
    <p class='ocr_par' dir='ltr' id='par_1_37' title="bbox 419 2161 2042 2234">
     <span class='ocr_line' id='line_1_37' title="bbox 419 2161 2042 2234; baseline -0.004 -14"><span class='ocrx_word' id='word_1_277' title='bbox 419 2162 622 2234; x_wconf 83' lang='lat' dir='ltr'>(0RlG.)</span> <span class='ocrx_word' id='word_1_278' title='bbox 658 2165 894 2234; x_wconf 86' lang='lat' dir='ltr'>Propter</span> <span class='ocrx_word' id='word_1_279' title='bbox 912 2163 1327 2218; x_wconf 90' lang='lat' dir='ltr'>correctionem</span> <span class='ocrx_word' id='word_1_280' title='bbox 1351 2162 1666 2232; x_wconf 85' lang='lat' dir='ltr'>legentium</span> <span class='ocrx_word' id='word_1_281' title='bbox 1718 2161 2042 2217; x_wconf 88' lang='lat' dir='ltr'>indicantur</span> 
     </span>
    </p>
   </div>
   <div class='ocr_carea' id='block_1_38' title="bbox 345 2248 2049 2322">
    <p class='ocr_par' dir='ltr' id='par_1_38' title="bbox 345 2248 2049 2322">
     <span class='ocr_line' id='line_1_38' title="bbox 345 2248 2049 2322; baseline -0.002 -17"><span class='ocrx_word' id='word_1_282' title='bbox 345 2251 549 2322; x_wconf 88' lang='lat' dir='ltr'>populi</span> <span class='ocrx_word' id='word_1_283' title='bbox 611 2255 945 2321; x_wconf 90' lang='lat' dir='ltr'>peccatum:</span> <span class='ocrx_word' id='word_1_284' title='bbox 1000 2251 1134 2321; x_wconf 88' lang='lat' dir='ltr'>quia</span> <span class='ocrx_word' id='word_1_285' title='bbox 1187 2248 1633 2306; x_wconf 86' lang='lat' dir='ltr'>murmuraverit</span> <span class='ocrx_word' id='word_1_286' title='bbox 1684 2252 1740 2302; x_wconf 90' lang='lat' dir='ltr'>et</span> <span class='ocrx_word' id='word_1_287' title='bbox 1792 2249 2049 2318; x_wconf 83' lang='lat' dir='ltr'>ingratus</span> 
     </span>
    </p>
   </div>
   <div class='ocr_carea' id='block_1_39' title="bbox 347 2338 2046 2407">
    <p class='ocr_par' dir='ltr' id='par_1_39' title="bbox 347 2338 2046 2407">
     <span class='ocr_line' id='line_1_39' title="bbox 347 2338 2046 2407; baseline -0.004 -12"><span class='ocrx_word' id='word_1_288' title='bbox 347 2339 523 2395; x_wconf 86' lang='lat' dir='ltr'>fuerit</span> <span class='ocrx_word' id='word_1_289' title='bbox 550 2339 842 2394; x_wconf 85' lang='lat' dir='ltr'>beneﬁciis</span> <span class='ocrx_word' id='word_1_290' title='bbox 883 2339 1111 2407; x_wconf 84' lang='lat' dir='ltr'>divinis,</span> <span class='ocrx_word' id='word_1_291' title='bbox 1161 2353 1286 2392; x_wconf 92' lang='lat' dir='ltr'>cum</span> <span class='ocrx_word' id='word_1_292' title='bbox 1320 2338 1545 2392; x_wconf 66' lang='lat' dir='ltr'>caeleste</span> <span class='ocrx_word' id='word_1_293' title='bbox 1603 2353 1814 2390; x_wconf 86' lang='lat' dir='ltr'>manna</span> <span class='ocrx_word' id='word_1_294' title='bbox 1861 2353 2046 2390; x_wconf 85' lang='lat' dir='ltr'>susce-</span> 
     </span>
    </p>
   </div>
   <div class='ocr_carea' id='block_1_40' title="bbox 346 2425 2045 2498">
    <p class='ocr_par' dir='ltr' id='par_1_40' title="bbox 346 2425 2045 2498">
     <span class='ocr_line' id='line_1_40' title="bbox 346 2425 2045 2498; baseline -0.002 -17"><span class='ocrx_word' id='word_1_295' title='bbox 346 2427 515 2498; x_wconf 90' lang='lat' dir='ltr'>perit.</span> <span class='ocrx_word' id='word_1_296' title='bbox 557 2427 818 2483; x_wconf 91' lang='lat' dir='ltr'>Secundo</span> <span class='ocrx_word' id='word_1_297' title='bbox 867 2443 1079 2492; x_wconf 91' lang='lat' dir='ltr'>mense,</span> <span class='ocrx_word' id='word_1_298' title='bbox 1126 2427 1327 2497; x_wconf 85' lang='lat' dir='ltr'>quinta</span> <span class='ocrx_word' id='word_1_299' title='bbox 1384 2426 1605 2480; x_wconf 88' lang='lat' dir='ltr'>decima</span> <span class='ocrx_word' id='word_1_300' title='bbox 1660 2425 1752 2479; x_wconf 90' lang='lat' dir='ltr'>die</span> <span class='ocrx_word' id='word_1_301' title='bbox 1811 2425 2045 2490; x_wconf 89' lang='lat' dir='ltr'>mensis,</span> 
     </span>
    </p>
   </div>
   <div class='ocr_carea' id='block_1_41' title="bbox 351 2514 2050 2586">
    <p class='ocr_par' dir='ltr' id='par_1_41' title="bbox 351 2514 2050 2586">
     <span class='ocr_line' id='line_1_41' title="bbox 351 2514 2050 2586; baseline -0.001 -17"><span class='ocrx_word' id='word_1_302' title='bbox 351 2516 509 2586; x_wconf 90' lang='lat' dir='ltr'>quod</span> <span class='ocrx_word' id='word_1_303' title='bbox 537 2531 656 2569; x_wconf 92' lang='lat' dir='ltr'>non</span> <span class='ocrx_word' id='word_1_304' title='bbox 686 2514 808 2569; x_wconf 90' lang='lat' dir='ltr'>sine</span> <span class='ocrx_word' id='word_1_305' title='bbox 866 2515 1082 2569; x_wconf 85' lang='lat' dir='ltr'>ratione</span> <span class='ocrx_word' id='word_1_306' title='bbox 1139 2514 1414 2584; x_wconf 90' lang='lat' dir='ltr'>scriptum</span> <span class='ocrx_word' id='word_1_307' title='bbox 1477 2519 1579 2568; x_wconf 89' lang='lat' dir='ltr'>est.</span> <span class='ocrx_word' id='word_1_308' title='bbox 1643 2514 1959 2568; x_wconf 84' lang='lat' dir='ltr'>Recordare</span> <span class='ocrx_word' id='word_1_309' title='bbox 1982 2515 2050 2568; x_wconf 92' lang='lat' dir='ltr'>de</span> 
     </span>
    </p>
   </div>
   <div class='ocr_carea' id='block_1_42' title="bbox 351 2602 2052 2675">
    <p class='ocr_par' dir='ltr' id='par_1_42' title="bbox 351 2602 2052 2675">
     <span class='ocr_line' id='line_1_42' title="bbox 351 2602 2052 2675; baseline 0 -17"><span class='ocrx_word' id='word_1_310' title='bbox 351 2604 570 2675; x_wconf 82' lang='lat' dir='ltr'>legibus</span> <span class='ocrx_word' id='word_1_311' title='bbox 609 2604 832 2674; x_wconf 75' lang='lat' dir='ltr'>paschae</span> <span class='ocrx_word' id='word_1_312' title='bbox 863 2620 992 2674; x_wconf 74' lang='lat' dir='ltr'>quae</span> <span class='ocrx_word' id='word_1_313' title='bbox 1040 2603 1187 2657; x_wconf 87' lang='lat' dir='ltr'>dicta</span> <span class='ocrx_word' id='word_1_314' title='bbox 1244 2608 1376 2656; x_wconf 92' lang='lat' dir='ltr'>sunt</span> <span class='ocrx_word' id='word_1_315' title='bbox 1431 2602 1614 2673; x_wconf 89' lang='lat' dir='ltr'>(Num.</span> <span class='ocrx_word' id='word_1_316' title='bbox 1673 2602 1770 2672; x_wconf 86' lang='lat' dir='ltr'>1x),</span> <span class='ocrx_word' id='word_1_317' title='bbox 1803 2607 1860 2656; x_wconf 89' lang='lat' dir='ltr'>et</span> <span class='ocrx_word' id='word_1_318' title='bbox 1903 2603 2052 2658; x_wconf 84' lang='lat' dir='ltr'>inve-</span> 
     </span>
    </p>
   </div>
   <div class='ocr_carea' id='block_1_43' title="bbox 350 2689 2052 2762">
    <p class='ocr_par' dir='ltr' id='par_1_43' title="bbox 350 2689 2052 2762">
     <span class='ocr_line' id='line_1_43' title="bbox 350 2689 2052 2762; baseline -0.002 -16"><span class='ocrx_word' id='word_1_319' title='bbox 350 2691 472 2747; x_wconf 89' lang='lat' dir='ltr'>nies</span> <span class='ocrx_word' id='word_1_320' title='bbox 499 2692 578 2746; x_wconf 91' lang='lat' dir='ltr'>ibi</span> <span class='ocrx_word' id='word_1_321' title='bbox 606 2693 714 2746; x_wconf 88' lang='lat' dir='ltr'>hoc</span> <span class='ocrx_word' id='word_1_322' title='bbox 735 2708 858 2747; x_wconf 91' lang='lat' dir='ltr'>esse</span> <span class='ocrx_word' id='word_1_323' title='bbox 879 2697 1106 2762; x_wconf 89' lang='lat' dir='ltr'>tempus</span> <span class='ocrx_word' id='word_1_324' title='bbox 1133 2691 1284 2762; x_wconf 93' lang='lat' dir='ltr'>quod</span> <span class='ocrx_word' id='word_1_325' title='bbox 1319 2690 1587 2744; x_wconf 90' lang='lat' dir='ltr'>statuitur</span> <span class='ocrx_word' id='word_1_326' title='bbox 1635 2689 1704 2743; x_wconf 90' lang='lat' dir='ltr'>ad</span> <span class='ocrx_word' id='word_1_327' title='bbox 1737 2689 2052 2744; x_wconf 90' lang='lat' dir='ltr'>secundum</span> 
     </span>
    </p>
   </div>
   <div class='ocr_carea' id='block_1_44' title="bbox 350 2779 2050 2852">
    <p class='ocr_par' dir='ltr' id='par_1_44' title="bbox 350 2779 2050 2852">
     <span class='ocr_line' id='line_1_44' title="bbox 350 2779 2050 2852; baseline -0.001 -16"><span class='ocrx_word' id='word_1_328' title='bbox 350 2782 560 2852; x_wconf 86' lang='lat' dir='ltr'>pascha</span> <span class='ocrx_word' id='word_1_329' title='bbox 588 2781 910 2836; x_wconf 90' lang='lat' dir='ltr'>faciendum</span> <span class='ocrx_word' id='word_1_330' title='bbox 941 2780 1028 2834; x_wconf 89' lang='lat' dir='ltr'>his</span> <span class='ocrx_word' id='word_1_331' title='bbox 1058 2781 1155 2852; x_wconf 90' lang='lat' dir='ltr'>qui</span> <span class='ocrx_word' id='word_1_332' title='bbox 1179 2781 1462 2835; x_wconf 89' lang='lat' dir='ltr'>immundi</span> <span class='ocrx_word' id='word_1_333' title='bbox 1503 2780 1564 2833; x_wconf 90' lang='lat' dir='ltr'>in</span> <span class='ocrx_word' id='word_1_334' title='bbox 1583 2779 1772 2834; x_wconf 88' lang='lat' dir='ltr'>anima</span> <span class='ocrx_word' id='word_1_335' title='bbox 1823 2779 2050 2840; x_wconf 77' lang='lat' dir='ltr'>fuerint,</span> 
     </span>
    </p>
   </div>
   <div class='ocr_carea' id='block_1_45' title="bbox 351 2868 2053 2941">
    <p class='ocr_par' dir='ltr' id='par_1_45' title="bbox 351 2868 2053 2941">
     <span class='ocr_line' id='line_1_45' title="bbox 351 2868 2053 2941; baseline -0.001 -18"><span class='ocrx_word' id='word_1_336' title='bbox 351 2870 438 2924; x_wconf 86' lang='lat' dir='ltr'>vel</span> <span class='ocrx_word' id='word_1_337' title='bbox 490 2871 752 2941; x_wconf 90' lang='lat' dir='ltr'>occupati</span> <span class='ocrx_word' id='word_1_338' title='bbox 805 2869 1054 2941; x_wconf 91' lang='lat' dir='ltr'>negotiis</span> <span class='ocrx_word' id='word_1_339' title='bbox 1102 2869 1440 2940; x_wconf 88' lang='lat' dir='ltr'>peregrinis.</span> <span class='ocrx_word' id='word_1_340' title='bbox 1493 2868 1601 2932; x_wconf 89' lang='lat' dir='ltr'>Qui</span> <span class='ocrx_word' id='word_1_341' title='bbox 1655 2884 1772 2922; x_wconf 92' lang='lat' dir='ltr'>non</span> <span class='ocrx_word' id='word_1_342' title='bbox 1828 2869 2053 2922; x_wconf 86' lang='lat' dir='ltr'>fuerant</span> 
     </span>
    </p>
   </div>
   <div class='ocr_carea' id='block_1_46' title="bbox 2153 1716 3856 1789">
    <p class='ocr_par' dir='ltr' id='par_1_46' title="bbox 2153 1716 3856 1789">
     <span class='ocr_line' id='line_1_46' title="bbox 2153 1716 3856 1789; baseline -0.002 -15"><span class='ocrx_word' id='word_1_343' title='bbox 2153 1736 2363 1775; x_wconf 90' lang='lat' dir='ltr'>manna</span> <span class='ocrx_word' id='word_1_344' title='bbox 2400 1719 2544 1773; x_wconf 90' lang='lat' dir='ltr'>sicut</span> <span class='ocrx_word' id='word_1_345' title='bbox 2597 1723 2788 1789; x_wconf 88' lang='lat' dir='ltr'>patres</span> <span class='ocrx_word' id='word_1_346' title='bbox 2840 1734 3060 1785; x_wconf 89' lang='lat' dir='ltr'>eorum,</span> <span class='ocrx_word' id='word_1_347' title='bbox 3110 1723 3166 1772; x_wconf 89' lang='lat' dir='ltr'>et</span> <span class='ocrx_word' id='word_1_348' title='bbox 3196 1733 3314 1772; x_wconf 91' lang='lat' dir='ltr'>non</span> <span class='ocrx_word' id='word_1_349' title='bbox 3364 1721 3657 1772; x_wconf 84' lang='lat' dir='ltr'>merentur</span> <span class='ocrx_word' id='word_1_350' title='bbox 3710 1716 3856 1771; x_wconf 89' lang='lat' dir='ltr'>acci-</span> 
     </span>
    </p>
   </div>
   <div class='ocr_carea' id='block_1_47' title="bbox 2152 1805 3854 1880">
    <p class='ocr_par' dir='ltr' id='par_1_47' title="bbox 2152 1805 3854 1880">
     <span class='ocr_line' id='line_1_47' title="bbox 2152 1805 3854 1880; baseline -0.002 -18"><span class='ocrx_word' id='word_1_351' title='bbox 2152 1825 2289 1880; x_wconf 88' lang='lat' dir='ltr'>pere</span> <span class='ocrx_word' id='word_1_352' title='bbox 2318 1829 2338 1873; x_wconf 90' lang='grc'>,·</span> <span class='ocrx_word' id='word_1_353' title='bbox 2371 1824 2488 1862; x_wconf 91' lang='lat' dir='ltr'>non</span> <span class='ocrx_word' id='word_1_354' title='bbox 2518 1808 2672 1862; x_wconf 90' lang='lat' dir='ltr'>enim</span> <span class='ocrx_word' id='word_1_355' title='bbox 2702 1810 2938 1878; x_wconf 90' lang='lat' dir='ltr'>possunt</span> <span class='ocrx_word' id='word_1_356' title='bbox 2967 1807 3314 1861; x_wconf 88' lang='lat' dir='ltr'>manducare</span> <span class='ocrx_word' id='word_1_357' title='bbox 3342 1806 3494 1878; x_wconf 90' lang='lat' dir='ltr'>quod</span> <span class='ocrx_word' id='word_1_358' title='bbox 3542 1811 3627 1861; x_wconf 92' lang='lat' dir='ltr'>est</span> <span class='ocrx_word' id='word_1_359' title='bbox 3662 1805 3854 1859; x_wconf 88' lang='lat' dir='ltr'>minu-</span> 
     </span>
    </p>
   </div>
   <div class='ocr_carea' id='block_1_48' title="bbox 2153 1894 3852 1965">
    <p class='ocr_par' dir='ltr' id='par_1_48' title="bbox 2153 1894 3852 1965">
     <span class='ocr_line' id='line_1_48' title="bbox 2153 1894 3852 1965; baseline -0.003 -13"><span class='ocrx_word' id='word_1_360' title='bbox 2153 1903 2278 1952; x_wconf 93' lang='lat' dir='ltr'>tum</span> <span class='ocrx_word' id='word_1_361' title='bbox 2307 1897 2451 1951; x_wconf 88' lang='lat' dir='ltr'>sicut</span> <span class='ocrx_word' id='word_1_362' title='bbox 2479 1912 2674 1952; x_wconf 91' lang='lat' dir='ltr'>semen</span> <span class='ocrx_word' id='word_1_363' title='bbox 2697 1894 3007 1965; x_wconf 85' lang='lat' dir='ltr'>coriandri,</span> <span class='ocrx_word' id='word_1_364' title='bbox 3039 1900 3090 1950; x_wconf 85' lang='lat' dir='ltr'>et</span> <span class='ocrx_word' id='word_1_365' title='bbox 3116 1895 3421 1950; x_wconf 90' lang='lat' dir='ltr'>candidum</span> <span class='ocrx_word' id='word_1_366' title='bbox 3444 1895 3592 1949; x_wconf 85' lang='lat' dir='ltr'>sicut</span> <span class='ocrx_word' id='word_1_367' title='bbox 3619 1894 3852 1964; x_wconf 89' lang='lat' dir='ltr'>pruina.</span> 
     </span>
    </p>
   </div>
   <div class='ocr_carea' id='block_1_49' title="bbox 2153 1983 3856 2054">
    <p class='ocr_par' dir='ltr' id='par_1_49' title="bbox 2153 1983 3856 2054">
     <span class='ocr_line' id='line_1_49' title="bbox 2153 1983 3856 2054; baseline -0.003 -13"><span class='ocrx_word' id='word_1_368' title='bbox 2153 1987 2306 2042; x_wconf 87' lang='lat' dir='ltr'>Nihil</span> <span class='ocrx_word' id='word_1_369' title='bbox 2336 1985 2490 2040; x_wconf 89' lang='lat' dir='ltr'>enim</span> <span class='ocrx_word' id='word_1_370' title='bbox 2521 1985 2582 2038; x_wconf 91' lang='lat' dir='ltr'>in</span> <span class='ocrx_word' id='word_1_371' title='bbox 2613 1985 2780 2039; x_wconf 87' lang='lat' dir='ltr'>verbo</span> <span class='ocrx_word' id='word_1_372' title='bbox 2814 1984 2913 2039; x_wconf 90' lang='lat' dir='ltr'>Dei</span> <span class='ocrx_word' id='word_1_373' title='bbox 2964 1985 3273 2052; x_wconf 89' lang='lat' dir='ltr'>minutum,</span> <span class='ocrx_word' id='word_1_374' title='bbox 3312 1985 3522 2038; x_wconf 89' lang='lat' dir='ltr'>subtile</span> <span class='ocrx_word' id='word_1_375' title='bbox 3565 1988 3622 2038; x_wconf 89' lang='lat' dir='ltr'>et</span> <span class='ocrx_word' id='word_1_376' title='bbox 3679 1983 3856 2054; x_wconf 90' lang='lat' dir='ltr'>spiri-</span> 
     </span>
    </p>
   </div>
   <div class='ocr_carea' id='block_1_50' title="bbox 2153 2073 3854 2144">
    <p class='ocr_par' dir='ltr' id='par_1_50' title="bbox 2153 2073 3854 2144">
     <span class='ocr_line' id='line_1_50' title="bbox 2153 2073 3854 2144; baseline -0.002 -14"><span class='ocrx_word' id='word_1_377' title='bbox 2153 2076 2307 2130; x_wconf 88' lang='lat' dir='ltr'>tuale</span> <span class='ocrx_word' id='word_1_378' title='bbox 2329 2074 2600 2139; x_wconf 90' lang='lat' dir='ltr'>sentiunt,</span> <span class='ocrx_word' id='word_1_379' title='bbox 2637 2074 2733 2127; x_wconf 91' lang='lat' dir='ltr'>sed</span> <span class='ocrx_word' id='word_1_380' title='bbox 2765 2077 2948 2128; x_wconf 89' lang='lat' dir='ltr'>totum</span> <span class='ocrx_word' id='word_1_381' title='bbox 2988 2073 3204 2144; x_wconf 90' lang='lat' dir='ltr'>pingue</span> <span class='ocrx_word' id='word_1_382' title='bbox 3235 2077 3293 2127; x_wconf 90' lang='lat' dir='ltr'>et</span> <span class='ocrx_word' id='word_1_383' title='bbox 3333 2087 3606 2126; x_wconf 88' lang='lat' dir='ltr'>crassum.</span> <span class='ocrx_word' id='word_1_384' title='bbox 3634 2073 3854 2126; x_wconf 86' lang='lat' dir='ltr'>Incras-</span> 
     </span>
    </p>
   </div>
   <div class='ocr_carea' id='block_1_51' title="bbox 2152 2162 3857 2231">
    <p class='ocr_par' dir='ltr' id='par_1_51' title="bbox 2152 2162 3857 2231">
     <span class='ocr_line' id='line_1_51' title="bbox 2152 2162 3857 2231; baseline -0.004 -12"><span class='ocrx_word' id='word_1_385' title='bbox 2152 2169 2331 2220; x_wconf 87' lang='lat' dir='ltr'>satum</span> <span class='ocrx_word' id='word_1_386' title='bbox 2349 2167 2428 2219; x_wconf 88' lang='lat' dir='ltr'>est</span> <span class='ocrx_word' id='word_1_387' title='bbox 2456 2165 2598 2217; x_wconf 89' lang='lat' dir='ltr'>enim</span> <span class='ocrx_word' id='word_1_388' title='bbox 2623 2178 2712 2217; x_wconf 87' lang='lat' dir='ltr'>cor</span> <span class='ocrx_word' id='word_1_389' title='bbox 2747 2163 2938 2231; x_wconf 86' lang='lat' dir='ltr'>populi</span> <span class='ocrx_word' id='word_1_390' title='bbox 2967 2162 3150 2231; x_wconf 86' lang='lat' dir='ltr'>hujus.</span> <span class='ocrx_word' id='word_1_391' title='bbox 3183 2162 3595 2231; x_wconf 89' lang='lat' dir='ltr'>Interpretatur</span> <span class='ocrx_word' id='word_1_392' title='bbox 3625 2175 3857 2230; x_wconf 90' lang='lat' dir='ltr'>quoque</span> 
     </span>
    </p>
   </div>
   <div class='ocr_carea' id='block_1_52' title="bbox 2153 2249 3859 2322">
    <p class='ocr_par' dir='ltr' id='par_1_52' title="bbox 2153 2249 3859 2322">
     <span class='ocr_line' id='line_1_52' title="bbox 2153 2249 3859 2322; baseline -0.003 -15"><span class='ocrx_word' id='word_1_393' title='bbox 2153 2253 2405 2308; x_wconf 89' lang='lat' dir='ltr'>nominis</span> <span class='ocrx_word' id='word_1_394' title='bbox 2434 2252 2606 2322; x_wconf 85' lang='lat' dir='ltr'>hujus</span> <span class='ocrx_word' id='word_1_395' title='bbox 2635 2251 2744 2305; x_wconf 87' lang='lat' dir='ltr'>hoc</span> <span class='ocrx_word' id='word_1_396' title='bbox 2768 2255 2948 2304; x_wconf 87' lang='lat' dir='ltr'>sonat.</span> <span class='ocrx_word' id='word_1_397' title='bbox 2995 2251 3197 2304; x_wconf 83' lang='lat' dir='ltr'>Manna</span> <span class='ocrx_word' id='word_1_398' title='bbox 3245 2249 3399 2303; x_wconf 90' lang='lat' dir='ltr'>enim</span> <span class='ocrx_word' id='word_1_399' title='bbox 3445 2249 3859 2318; x_wconf 88' lang='lat' dir='ltr'>interpretatur</span> 
     </span>
    </p>
   </div>
   <div class='ocr_carea' id='block_1_53' title="bbox 2157 2337 3858 2410">
    <p class='ocr_par' dir='ltr' id='par_1_53' title="bbox 2157 2337 3858 2410">
     <span class='ocr_line' id='line_1_53' title="bbox 2157 2337 3858 2410; baseline -0.004 -14"><span class='ocrx_word' id='word_1_400' title='bbox 2157 2341 2302 2408; x_wconf 87' lang='lat' dir='ltr'>Quid</span> <span class='ocrx_word' id='word_1_401' title='bbox 2329 2347 2407 2396; x_wconf 87' lang='lat' dir='ltr'>est</span> <span class='ocrx_word' id='word_1_402' title='bbox 2437 2343 2530 2395; x_wconf 81' lang='lat' dir='ltr'>hoc</span> <span class='ocrx_word' id='word_1_403' title='bbox 2561 2339 2588 2395; x_wconf 78' lang='lat'>?</span> <span class='ocrx_word' id='word_1_404' title='bbox 2619 2340 2746 2410; x_wconf 88' lang='lat' dir='ltr'>Ipsa</span> <span class='ocrx_word' id='word_1_405' title='bbox 2794 2339 2873 2392; x_wconf 89' lang='lat' dir='ltr'>vis</span> <span class='ocrx_word' id='word_1_406' title='bbox 2912 2338 3163 2393; x_wconf 89' lang='lat' dir='ltr'>nominis</span> <span class='ocrx_word' id='word_1_407' title='bbox 3202 2339 3274 2393; x_wconf 88' lang='lat' dir='ltr'>ad</span> <span class='ocrx_word' id='word_1_408' title='bbox 3329 2337 3664 2393; x_wconf 89' lang='lat' dir='ltr'>discendum</span> <span class='ocrx_word' id='word_1_409' title='bbox 3717 2337 3858 2390; x_wconf 86' lang='lat' dir='ltr'>invi-</span> 
     </span>
    </p>
   </div>
   <div class='ocr_carea' id='block_1_54' title="bbox 2155 2425 3858 2498">
    <p class='ocr_par' dir='ltr' id='par_1_54' title="bbox 2155 2425 3858 2498">
     <span class='ocr_line' id='line_1_54' title="bbox 2155 2425 3858 2498; baseline -0.004 -13"><span class='ocrx_word' id='word_1_410' title='bbox 2155 2435 2259 2497; x_wconf 87' lang='lat' dir='ltr'>tat,</span> <span class='ocrx_word' id='word_1_411' title='bbox 2281 2433 2344 2483; x_wconf 91' lang='lat' dir='ltr'>ut</span> <span class='ocrx_word' id='word_1_412' title='bbox 2375 2444 2507 2483; x_wconf 91' lang='lat' dir='ltr'>cum</span> <span class='ocrx_word' id='word_1_413' title='bbox 2547 2428 2710 2482; x_wconf 91' lang='lat' dir='ltr'>audis</span> <span class='ocrx_word' id='word_1_414' title='bbox 2749 2429 2934 2498; x_wconf 91' lang='lat' dir='ltr'>legem</span> <span class='ocrx_word' id='word_1_415' title='bbox 2986 2428 3086 2481; x_wconf 89' lang='lat' dir='ltr'>Dei</span> <span class='ocrx_word' id='word_1_416' title='bbox 3121 2426 3368 2494; x_wconf 88' lang='lat' dir='ltr'>recitari,</span> <span class='ocrx_word' id='word_1_417' title='bbox 3419 2425 3674 2497; x_wconf 89' lang='lat' dir='ltr'>inquiras</span> <span class='ocrx_word' id='word_1_418' title='bbox 3705 2442 3858 2480; x_wconf 87' lang='lat' dir='ltr'>sem-</span> 
     </span>
    </p>
   </div>
   <div class='ocr_carea' id='block_1_55' title="bbox 2155 2515 3860 2590">
    <p class='ocr_par' dir='ltr' id='par_1_55' title="bbox 2155 2515 3860 2590">
     <span class='ocr_line' id='line_1_55' title="bbox 2155 2515 3860 2590; baseline -0.004 -17"><span class='ocrx_word' id='word_1_419' title='bbox 2155 2534 2260 2590; x_wconf 89' lang='lat' dir='ltr'>per</span> <span class='ocrx_word' id='word_1_420' title='bbox 2288 2523 2344 2572; x_wconf 90' lang='lat' dir='ltr'>et</span> <span class='ocrx_word' id='word_1_421' title='bbox 2370 2518 2524 2571; x_wconf 91' lang='lat' dir='ltr'>dicas</span> <span class='ocrx_word' id='word_1_422' title='bbox 2553 2516 2897 2584; x_wconf 91' lang='lat' dir='ltr'>doctoribus,</span> <span class='ocrx_word' id='word_1_423' title='bbox 2930 2516 3072 2582; x_wconf 84' lang='lat' dir='ltr'>Quid</span> <span class='ocrx_word' id='word_1_424' title='bbox 3099 2521 3177 2571; x_wconf 88' lang='lat' dir='ltr'>est</span> <span class='ocrx_word' id='word_1_425' title='bbox 3203 2517 3296 2570; x_wconf 87' lang='lat' dir='ltr'>hoc</span> <span class='ocrx_word' id='word_1_426' title='bbox 3319 2516 3347 2572; x_wconf 79' lang='lat'><strong>?</strong></span> <span class='ocrx_word' id='word_1_427' title='bbox 3375 2517 3458 2570; x_wconf 90' lang='lat' dir='ltr'>Tu</span> <span class='ocrx_word' id='word_1_428' title='bbox 3507 2531 3644 2584; x_wconf 90' lang='lat' dir='ltr'>ergo</span> <span class='ocrx_word' id='word_1_429' title='bbox 3695 2515 3741 2568; x_wconf 90' lang='lat' dir='ltr'>si</span> <span class='ocrx_word' id='word_1_430' title='bbox 3774 2515 3860 2568; x_wconf 88' lang='lat' dir='ltr'>vis</span> 
     </span>
    </p>
   </div>
   <div class='ocr_carea' id='block_1_56' title="bbox 2159 2603 3860 2675">
    <p class='ocr_par' dir='ltr' id='par_1_56' title="bbox 2159 2603 3860 2675">
     <span class='ocr_line' id='line_1_56' title="bbox 2159 2603 3860 2675; baseline -0.004 -13"><span class='ocrx_word' id='word_1_431' title='bbox 2159 2607 2502 2662; x_wconf 89' lang='lat' dir='ltr'>manducare</span> <span class='ocrx_word' id='word_1_432' title='bbox 2551 2621 2780 2668; x_wconf 81' lang='lat' dir='ltr'>manna,</span> <span class='ocrx_word' id='word_1_433' title='bbox 2818 2611 2876 2659; x_wconf 92' lang='lat' dir='ltr'>et</span> <span class='ocrx_word' id='word_1_434' title='bbox 2929 2606 3216 2675; x_wconf 90' lang='lat' dir='ltr'>suscipere</span> <span class='ocrx_word' id='word_1_435' title='bbox 3268 2603 3502 2658; x_wconf 86' lang='lat' dir='ltr'>verbum</span> <span class='ocrx_word' id='word_1_436' title='bbox 3545 2603 3664 2667; x_wconf 92' lang='lat' dir='ltr'>Dei,</span> <span class='ocrx_word' id='word_1_437' title='bbox 3715 2603 3860 2656; x_wconf 91' lang='lat' dir='ltr'>scito</span> 
     </span>
    </p>
   </div>
   <div class='ocr_carea' id='block_1_57' title="bbox 2159 2691 3859 2758">
    <p class='ocr_par' dir='ltr' id='par_1_57' title="bbox 2159 2691 3859 2758">
     <span class='ocr_line' id='line_1_57' title="bbox 2159 2691 3859 2758; baseline -0.003 -9"><span class='ocrx_word' id='word_1_438' title='bbox 2159 2696 2447 2750; x_wconf 88' lang='lat' dir='ltr'>minutum</span> <span class='ocrx_word' id='word_1_439' title='bbox 2477 2711 2597 2748; x_wconf 92' lang='lat' dir='ltr'>esse</span> <span class='ocrx_word' id='word_1_440' title='bbox 2628 2699 2684 2747; x_wconf 93' lang='lat' dir='ltr'>et</span> <span class='ocrx_word' id='word_1_441' title='bbox 2706 2693 2868 2747; x_wconf 85' lang='lat' dir='ltr'>valde</span> <span class='ocrx_word' id='word_1_442' title='bbox 2894 2692 3119 2758; x_wconf 86' lang='lat' dir='ltr'>subtile,</span> <span class='ocrx_word' id='word_1_443' title='bbox 3155 2693 3303 2747; x_wconf 90' lang='lat' dir='ltr'>sicut</span> <span class='ocrx_word' id='word_1_444' title='bbox 3327 2708 3521 2746; x_wconf 89' lang='lat' dir='ltr'>semen</span> <span class='ocrx_word' id='word_1_445' title='bbox 3548 2691 3859 2746; x_wconf 88' lang='lat' dir='ltr'>coriandri:</span> 
     </span>
    </p>
   </div>
   <div class='ocr_carea' id='block_1_58' title="bbox 2159 2781 3864 2852">
    <p class='ocr_par' dir='ltr' id='par_1_58' title="bbox 2159 2781 3864 2852">
     <span class='ocr_line' id='line_1_58' title="bbox 2159 2781 3864 2852; baseline -0.003 -14"><span class='ocrx_word' id='word_1_446' title='bbox 2159 2784 2331 2838; x_wconf 86' lang='lat' dir='ltr'>habet</span> <span class='ocrx_word' id='word_1_447' title='bbox 2369 2783 2522 2836; x_wconf 92' lang='lat' dir='ltr'>enim</span> <span class='ocrx_word' id='word_1_448' title='bbox 2561 2781 2778 2852; x_wconf 89' lang='lat' dir='ltr'>aliquid</span> <span class='ocrx_word' id='word_1_449' title='bbox 2834 2781 3005 2835; x_wconf 90' lang='lat' dir='ltr'>oleris</span> <span class='ocrx_word' id='word_1_450' title='bbox 3049 2797 3163 2852; x_wconf 93' lang='lat' dir='ltr'>quo</span> <span class='ocrx_word' id='word_1_451' title='bbox 3216 2781 3434 2835; x_wconf 90' lang='lat' dir='ltr'>nutrire</span> <span class='ocrx_word' id='word_1_452' title='bbox 3492 2785 3546 2834; x_wconf 91' lang='lat' dir='ltr'>et</span> <span class='ocrx_word' id='word_1_453' title='bbox 3600 2795 3864 2833; x_wconf 86' lang='lat' dir='ltr'>recreare</span> 
     </span>
    </p>
   </div>
   <div class='ocr_carea' id='block_1_59' title="bbox 2158 2864 3862 2941">
    <p class='ocr_par' dir='ltr' id='par_1_59' title="bbox 2158 2864 3862 2941">
     <span class='ocr_line' id='line_1_59' title="bbox 2158 2864 3862 2941; baseline -0.003 -17"><span class='ocrx_word' id='word_1_454' title='bbox 2158 2871 2336 2941; x_wconf 85' lang='lat' dir='ltr'>possit</span> <span class='ocrx_word' id='word_1_455' title='bbox 2365 2870 2642 2923; x_wconf 83' lang='lat' dir='ltr'>inﬁrmos.</span> <span class='ocrx_word' id='word_1_456' title='bbox 2673 2869 2924 2937; x_wconf 79' lang='lat' dir='ltr'>Inﬁrmus</span> <span class='ocrx_word' id='word_1_457' title='bbox 2963 2869 3105 2922; x_wconf 86' lang='lat' dir='ltr'>enim</span> <span class='ocrx_word' id='word_1_458' title='bbox 3159 2868 3276 2922; x_wconf 89' lang='lat' dir='ltr'>olus</span> <span class='ocrx_word' id='word_1_459' title='bbox 3333 2866 3629 2922; x_wconf 86' lang='lat' dir='ltr'>manducat</span> <span class='ocrx_word' id='word_1_460' title='bbox 3682 2864 3862 2935; x_wconf 85' lang='lat' dir='ltr'>(Rom.</span> 
     </span>
    </p>
   </div>
   <div class='ocr_carea' id='block_1_60' title="bbox 351 2954 3864 3030">
    <p class='ocr_par' dir='ltr' id='par_1_60' title="bbox 351 2954 3864 3030">
     <span class='ocr_line' id='line_1_60' title="bbox 351 2954 3864 3030; baseline -0.001 -18"><span class='ocrx_word' id='word_1_461' title='bbox 351 2957 641 3013; x_wconf 91' lang='lat' dir='ltr'>immundi</span> <span class='ocrx_word' id='word_1_462' title='bbox 693 2958 904 3024; x_wconf 89' lang='lat' dir='ltr'>anima,</span> <span class='ocrx_word' id='word_1_463' title='bbox 961 2958 1049 3011; x_wconf 86' lang='lat' dir='ltr'>vel</span> <span class='ocrx_word' id='word_1_464' title='bbox 1098 2973 1217 3010; x_wconf 89' lang='lat' dir='ltr'>non</span> <span class='ocrx_word' id='word_1_465' title='bbox 1283 2957 1456 3027; x_wconf 88' lang='lat' dir='ltr'>longe</span> <span class='ocrx_word' id='word_1_466' title='bbox 1511 2956 2046 3027; x_wconf 88' lang='lat' dir='ltr'>peregrinabantur,</span> <span class='ocrx_word' id='word_1_467' title='bbox 2088 2965 2127 3020; x_wconf 87' lang='lat' dir='ltr'>C</span> <span class='ocrx_word' id='word_1_468' title='bbox 2156 2958 2289 3030; x_wconf 78' lang='lat' dir='ltr'>xiv).</span> <span class='ocrx_word' id='word_1_469' title='bbox 2325 2958 2504 3012; x_wconf 86' lang='lat' dir='ltr'>Habet</span> <span class='ocrx_word' id='word_1_470' title='bbox 2527 2957 2684 3012; x_wconf 90' lang='lat' dir='ltr'>enim</span> <span class='ocrx_word' id='word_1_471' title='bbox 2714 2956 2925 3028; x_wconf 90' lang='lat' dir='ltr'>aliquid</span> <span class='ocrx_word' id='word_1_472' title='bbox 2958 2959 3015 3010; x_wconf 90' lang='lat' dir='ltr'>et</span> <span class='ocrx_word' id='word_1_473' title='bbox 3034 2955 3259 3026; x_wconf 89' lang='lat' dir='ltr'>rigoris,</span> <span class='ocrx_word' id='word_1_474' title='bbox 3283 2961 3340 3009; x_wconf 91' lang='lat' dir='ltr'>et</span> <span class='ocrx_word' id='word_1_475' title='bbox 3366 2956 3495 3008; x_wconf 88' lang='lat' dir='ltr'>ideo</span> <span class='ocrx_word' id='word_1_476' title='bbox 3523 2958 3584 3008; x_wconf 92' lang='lat' dir='ltr'>ut</span> <span class='ocrx_word' id='word_1_477' title='bbox 3625 2954 3864 3024; x_wconf 86' lang='lat' dir='ltr'>pruina;</span> 
     </span>
    </p>
   </div>
   <div class='ocr_carea' id='block_1_61' title="bbox 352 3045 2047 3118">
    <p class='ocr_par' dir='ltr' id='par_1_61' title="bbox 352 3045 2047 3118">
     <span class='ocr_line' id='line_1_61' title="bbox 352 3045 2047 3118; baseline -0.001 -18"><span class='ocrx_word' id='word_1_478' title='bbox 352 3050 555 3118; x_wconf 88' lang='lat' dir='ltr'>quarta</span> <span class='ocrx_word' id='word_1_479' title='bbox 612 3047 832 3100; x_wconf 88' lang='lat' dir='ltr'>decima</span> <span class='ocrx_word' id='word_1_480' title='bbox 871 3046 961 3101; x_wconf 92' lang='lat' dir='ltr'>die</span> <span class='ocrx_word' id='word_1_481' title='bbox 1014 3045 1188 3116; x_wconf 91' lang='lat' dir='ltr'>primi</span> <span class='ocrx_word' id='word_1_482' title='bbox 1229 3045 1442 3100; x_wconf 90' lang='lat' dir='ltr'>mensis</span> <span class='ocrx_word' id='word_1_483' title='bbox 1489 3045 1746 3099; x_wconf 87' lang='lat' dir='ltr'>fecerunt</span> <span class='ocrx_word' id='word_1_484' title='bbox 1799 3046 2047 3116; x_wconf 89' lang='lat' dir='ltr'>pascha;</span> 
     </span>
    </p>
   </div>
   <div class='ocr_carea' id='block_1_62' title="bbox 351 3133 2054 3204">
    <p class='ocr_par' dir='ltr' id='par_1_62' title="bbox 351 3133 2054 3204">
     <span class='ocr_line' id='line_1_62' title="bbox 351 3133 2054 3204; baseline -0.001 -16"><span class='ocrx_word' id='word_1_485' title='bbox 351 3134 520 3204; x_wconf 91' lang='lat' dir='ltr'>longe</span> <span class='ocrx_word' id='word_1_486' title='bbox 549 3150 682 3187; x_wconf 86' lang='lat' dir='ltr'>vero</span> <span class='ocrx_word' id='word_1_487' title='bbox 711 3133 1024 3204; x_wconf 88' lang='lat' dir='ltr'>peregrini,</span> <span class='ocrx_word' id='word_1_488' title='bbox 1059 3137 1114 3186; x_wconf 89' lang='lat' dir='ltr'>et</span> <span class='ocrx_word' id='word_1_489' title='bbox 1141 3133 1442 3199; x_wconf 89' lang='lat' dir='ltr'>immundi,</span> <span class='ocrx_word' id='word_1_490' title='bbox 1479 3133 1794 3187; x_wconf 84' lang='lat' dir='ltr'>secundum</span> <span class='ocrx_word' id='word_1_491' title='bbox 1842 3133 2054 3202; x_wconf 86' lang='lat' dir='ltr'>pascha</span> 
     </span>
    </p>
   </div>
   <div class='ocr_carea' id='block_1_63' title="bbox 351 3220 2051 3292">
    <p class='ocr_par' dir='ltr' id='par_1_63' title="bbox 351 3220 2051 3292">
     <span class='ocr_line' id='line_1_63' title="bbox 351 3220 2051 3292; baseline 0.001 -18"><span class='ocrx_word' id='word_1_492' title='bbox 351 3221 412 3274; x_wconf 91' lang='lat' dir='ltr'>in</span> <span class='ocrx_word' id='word_1_493' title='bbox 442 3223 548 3276; x_wconf 91' lang='lat' dir='ltr'>hoc</span> <span class='ocrx_word' id='word_1_494' title='bbox 569 3226 828 3292; x_wconf 89' lang='lat' dir='ltr'>tempore</span> <span class='ocrx_word' id='word_1_495' title='bbox 874 3221 1108 3286; x_wconf 86' lang='lat' dir='ltr'>faciunt,</span> <span class='ocrx_word' id='word_1_496' title='bbox 1135 3220 1197 3274; x_wconf 92' lang='lat' dir='ltr'>in</span> <span class='ocrx_word' id='word_1_497' title='bbox 1248 3237 1361 3290; x_wconf 92' lang='lat' dir='ltr'>quo</span> <span class='ocrx_word' id='word_1_498' title='bbox 1416 3237 1625 3274; x_wconf 89' lang='lat' dir='ltr'>manna</span> <span class='ocrx_word' id='word_1_499' title='bbox 1667 3221 1736 3274; x_wconf 91' lang='lat' dir='ltr'>de</span> <span class='ocrx_word' id='word_1_500' title='bbox 1794 3221 1934 3274; x_wconf 85' lang='lat' dir='ltr'>coelo</span> <span class='ocrx_word' id='word_1_501' title='bbox 1954 3221 2051 3275; x_wconf 91' lang='lat' dir='ltr'>de-</span> 
     </span>
    </p>
   </div>
   <div class='ocr_carea' id='block_1_64' title="bbox 352 3306 2056 3379">
    <p class='ocr_par' dir='ltr' id='par_1_64' title="bbox 352 3306 2056 3379">
     <span class='ocr_line' id='line_1_64' title="bbox 352 3306 2056 3379; baseline -0.001 -17"><span class='ocrx_word' id='word_1_502' title='bbox 352 3309 590 3364; x_wconf 90' lang='lat' dir='ltr'>scendit.</span> <span class='ocrx_word' id='word_1_503' title='bbox 623 3311 686 3363; x_wconf 87' lang='lat' dir='ltr'>In</span> <span class='ocrx_word' id='word_1_504' title='bbox 716 3309 807 3364; x_wconf 89' lang='lat' dir='ltr'>die</span> <span class='ocrx_word' id='word_1_505' title='bbox 839 3325 952 3379; x_wconf 91' lang='lat' dir='ltr'>quo</span> <span class='ocrx_word' id='word_1_506' title='bbox 984 3308 1236 3378; x_wconf 88' lang='lat' dir='ltr'>primum</span> <span class='ocrx_word' id='word_1_507' title='bbox 1268 3308 1476 3377; x_wconf 90' lang='lat' dir='ltr'>pascha</span> <span class='ocrx_word' id='word_1_508' title='bbox 1492 3308 1575 3373; x_wconf 85' lang='lat' dir='ltr'>ﬁt,</span> <span class='ocrx_word' id='word_1_509' title='bbox 1620 3324 1734 3361; x_wconf 92' lang='lat' dir='ltr'>non</span> <span class='ocrx_word' id='word_1_510' title='bbox 1767 3306 2056 3362; x_wconf 82' lang='lat' dir='ltr'>descendit</span> 
     </span>
    </p>
   </div>
   <div class='ocr_carea' id='block_1_65' title="bbox 355 3395 2053 3466">
    <p class='ocr_par' dir='ltr' id='par_1_65' title="bbox 355 3395 2053 3466">
     <span class='ocr_line' id='line_1_65' title="bbox 355 3395 2053 3466; baseline -0.002 -15"><span class='ocrx_word' id='word_1_511' title='bbox 355 3413 583 3464; x_wconf 90' lang='lat' dir='ltr'>manna,</span> <span class='ocrx_word' id='word_1_512' title='bbox 617 3398 713 3451; x_wconf 91' lang='lat' dir='ltr'>sed</span> <span class='ocrx_word' id='word_1_513' title='bbox 745 3398 804 3450; x_wconf 92' lang='lat' dir='ltr'>in</span> <span class='ocrx_word' id='word_1_514' title='bbox 847 3412 960 3466; x_wconf 92' lang='lat' dir='ltr'>quo</span> <span class='ocrx_word' id='word_1_515' title='bbox 1022 3396 1336 3464; x_wconf 85' lang='lat' dir='ltr'>secundum</span> <span class='ocrx_word' id='word_1_516' title='bbox 1371 3412 1383 3449; x_wconf 93' lang='lat'><strong>:</strong></span> <span class='ocrx_word' id='word_1_517' title='bbox 1419 3395 1670 3466; x_wconf 84' lang='lat' dir='ltr'>primum</span> <span class='ocrx_word' id='word_1_518' title='bbox 1713 3397 1921 3465; x_wconf 86' lang='lat' dir='ltr'>pascha</span> <span class='ocrx_word' id='word_1_519' title='bbox 1950 3413 2053 3465; x_wconf 91' lang='lat' dir='ltr'>po-</span> 
     </span>
    </p>
   </div>
   <div class='ocr_carea' id='block_1_66' title="bbox 352 3483 2052 3557">
    <p class='ocr_par' dir='ltr' id='par_1_66' title="bbox 352 3483 2052 3557">
     <span class='ocr_line' id='line_1_66' title="bbox 352 3483 2052 3557; baseline -0.001 -18"><span class='ocrx_word' id='word_1_520' title='bbox 352 3486 472 3557; x_wconf 92' lang='lat' dir='ltr'>puli</span> <span class='ocrx_word' id='word_1_521' title='bbox 501 3485 719 3541; x_wconf 88' lang='lat' dir='ltr'>Judaici</span> <span class='ocrx_word' id='word_1_522' title='bbox 753 3490 836 3539; x_wconf 91' lang='lat' dir='ltr'>est</span> <span class='ocrx_word' id='word_1_523' title='bbox 867 3501 879 3552; x_wconf 91' lang='lat'><strong>;</strong></span> <span class='ocrx_word' id='word_1_524' title='bbox 908 3483 1236 3549; x_wconf 89' lang='lat' dir='ltr'>secundum,</span> <span class='ocrx_word' id='word_1_525' title='bbox 1276 3489 1553 3538; x_wconf 88' lang='lat' dir='ltr'>nostrum.</span> <span class='ocrx_word' id='word_1_526' title='bbox 1588 3485 1698 3538; x_wconf 87' lang='lat' dir='ltr'>Nos</span> <span class='ocrx_word' id='word_1_527' title='bbox 1753 3483 1906 3537; x_wconf 86' lang='lat' dir='ltr'>enim</span> <span class='ocrx_word' id='word_1_528' title='bbox 1938 3483 2052 3537; x_wconf 88' lang='lat' dir='ltr'>fui-</span> 
     </span>
    </p>
   </div>
   <div class='ocr_carea' id='block_1_67' title="bbox 351 3571 2056 3642">
    <p class='ocr_par' dir='ltr' id='par_1_67' title="bbox 351 3571 2056 3642">
     <span class='ocr_line' id='line_1_67' title="bbox 351 3571 2056 3642; baseline 0 -16"><span class='ocrx_word' id='word_1_529' title='bbox 351 3588 480 3626; x_wconf 90' lang='lat' dir='ltr'>mus</span> <span class='ocrx_word' id='word_1_530' title='bbox 532 3573 592 3627; x_wconf 90' lang='lat' dir='ltr'>in</span> <span class='ocrx_word' id='word_1_531' title='bbox 642 3573 834 3627; x_wconf 89' lang='lat' dir='ltr'>anima</span> <span class='ocrx_word' id='word_1_532' title='bbox 881 3571 1186 3634; x_wconf 89' lang='lat' dir='ltr'>immundi,</span> <span class='ocrx_word' id='word_1_533' title='bbox 1245 3572 1345 3642; x_wconf 90' lang='lat' dir='ltr'>qui</span> <span class='ocrx_word' id='word_1_534' title='bbox 1401 3573 1698 3626; x_wconf 87' lang='lat' dir='ltr'>colebamus</span> <span class='ocrx_word' id='word_1_535' title='bbox 1755 3571 1946 3639; x_wconf 86' lang='lat' dir='ltr'>idola;</span> <span class='ocrx_word' id='word_1_536' title='bbox 2005 3576 2056 3626; x_wconf 83' lang='lat' dir='ltr'>et</span> 
     </span>
    </p>
   </div>
   <div class='ocr_carea' id='block_1_68' title="bbox 345 3659 2057 3729">
    <p class='ocr_par' dir='ltr' id='par_1_68' title="bbox 345 3659 2057 3729">
     <span class='ocr_line' id='line_1_68' title="bbox 345 3659 2057 3729; baseline -0.001 -15"><span class='ocrx_word' id='word_1_537' title='bbox 345 3663 640 3729; x_wconf 80' lang='lat' dir='ltr'>peregrini,</span> <span class='ocrx_word' id='word_1_538' title='bbox 683 3665 733 3714; x_wconf 91' lang='lat' dir='ltr'>et</span> <span class='ocrx_word' id='word_1_539' title='bbox 788 3659 1071 3728; x_wconf 80' lang='lat' dir='ltr'>longinqui</span> <span class='ocrx_word' id='word_1_540' title='bbox 1116 3662 1342 3727; x_wconf 82' lang='lat' dir='ltr'>fuimus,</span> <span class='ocrx_word' id='word_1_541' title='bbox 1394 3661 1626 3727; x_wconf 80' lang='lat' dir='ltr'>hospites</span> <span class='ocrx_word' id='word_1_542' title='bbox 1687 3663 1737 3712; x_wconf 90' lang='lat' dir='ltr'>et</span> <span class='ocrx_word' id='word_1_543' title='bbox 1777 3661 2057 3729; x_wconf 84' lang='lat' dir='ltr'>peregrini</span> 
     </span>
    </p>
   </div>
   <div class='ocr_carea' id='block_1_69' title="bbox 351 3747 2056 3818">
    <p class='ocr_par' dir='ltr' id='par_1_69' title="bbox 351 3747 2056 3818">
     <span class='ocr_line' id='line_1_69' title="bbox 351 3747 2056 3818; baseline -0.001 -15"><span class='ocrx_word' id='word_1_544' title='bbox 351 3753 786 3803; x_wconf 85' lang='lat' dir='ltr'>testamentorum</span> <span class='ocrx_word' id='word_1_545' title='bbox 817 3750 941 3814; x_wconf 88' lang='lat' dir='ltr'>Dei,</span> <span class='ocrx_word' id='word_1_546' title='bbox 972 3753 1077 3801; x_wconf 91' lang='lat' dir='ltr'>etc.</span> <span class='ocrx_word' id='word_1_547' title='bbox 1129 3748 1294 3818; x_wconf 84' lang='lat' dir='ltr'>(Eph.</span> <span class='ocrx_word' id='word_1_548' title='bbox 1323 3747 1402 3818; x_wconf 83' lang='grc' dir='ltr'>ιι.)</span> <span class='ocrx_word' id='word_1_549' title='bbox 1460 3747 1571 3802; x_wconf 91' lang='lat' dir='ltr'>Sed</span> <span class='ocrx_word' id='word_1_550' title='bbox 1623 3747 1792 3801; x_wconf 90' lang='lat' dir='ltr'>datur</span> <span class='ocrx_word' id='word_1_551' title='bbox 1846 3764 2056 3802; x_wconf 87' lang='lat' dir='ltr'>manna</span> 
     </span>
    </p>
   </div>
   <div class='ocr_carea' id='block_1_70' title="bbox 353 3835 2054 3907">
    <p class='ocr_par' dir='ltr' id='par_1_70' title="bbox 353 3835 2054 3907">
     <span class='ocr_line' id='line_1_70' title="bbox 353 3835 2054 3907; baseline -0.001 -16"><span class='ocrx_word' id='word_1_552' title='bbox 353 3837 421 3891; x_wconf 90' lang='lat' dir='ltr'>de</span> <span class='ocrx_word' id='word_1_553' title='bbox 443 3838 599 3902; x_wconf 62' lang='lat' dir='ltr'>caelo,</span> <span class='ocrx_word' id='word_1_554' title='bbox 632 3853 749 3890; x_wconf 88' lang='lat' dir='ltr'>non</span> <span class='ocrx_word' id='word_1_555' title='bbox 779 3836 841 3890; x_wconf 93' lang='lat' dir='ltr'>in</span> <span class='ocrx_word' id='word_1_556' title='bbox 873 3836 964 3891; x_wconf 91' lang='lat' dir='ltr'>die</span> <span class='ocrx_word' id='word_1_557' title='bbox 995 3852 1109 3907; x_wconf 93' lang='lat' dir='ltr'>quo</span> <span class='ocrx_word' id='word_1_558' title='bbox 1141 3836 1393 3906; x_wconf 89' lang='lat' dir='ltr'>primum</span> <span class='ocrx_word' id='word_1_559' title='bbox 1428 3835 1637 3906; x_wconf 88' lang='lat' dir='ltr'>pascha</span> <span class='ocrx_word' id='word_1_560' title='bbox 1665 3835 1747 3901; x_wconf 81' lang='lat' dir='ltr'>fit,</span> <span class='ocrx_word' id='word_1_561' title='bbox 1803 3836 1895 3889; x_wconf 92' lang='lat' dir='ltr'>sed</span> <span class='ocrx_word' id='word_1_562' title='bbox 1939 3853 2054 3906; x_wconf 91' lang='lat' dir='ltr'>quo</span> 
     </span>
    </p>
   </div>
   <div class='ocr_carea' id='block_1_71' title="bbox 351 3923 2054 3994">
    <p class='ocr_par' dir='ltr' id='par_1_71' title="bbox 351 3923 2054 3994">
     <span class='ocr_line' id='line_1_71' title="bbox 351 3923 2054 3994; baseline 0 -16"><span class='ocrx_word' id='word_1_563' title='bbox 351 3926 663 3980; x_wconf 91' lang='lat' dir='ltr'>secundum</span> <span class='ocrx_word' id='word_1_564' title='bbox 697 3942 708 3980; x_wconf 91' lang='lat'>:</span> <span class='ocrx_word' id='word_1_565' title='bbox 743 3927 908 3980; x_wconf 85' lang='lat' dir='ltr'>Panis</span> <span class='ocrx_word' id='word_1_566' title='bbox 938 3928 1078 3979; x_wconf 87' lang='lat' dir='ltr'>enim</span> <span class='ocrx_word' id='word_1_567' title='bbox 1106 3927 1201 3993; x_wconf 87' lang='lat' dir='ltr'>qui</span> <span class='ocrx_word' id='word_1_568' title='bbox 1225 3925 1292 3979; x_wconf 89' lang='lat' dir='ltr'>de</span> <span class='ocrx_word' id='word_1_569' title='bbox 1316 3925 1440 3980; x_wconf 63' lang='lat' dir='ltr'>coelo</span> <span class='ocrx_word' id='word_1_570' title='bbox 1483 3923 1756 3979; x_wconf 88' lang='lat' dir='ltr'>descendit</span> <span class='ocrx_word' id='word_1_571' title='bbox 1787 3924 2054 3994; x_wconf 81' lang='lat' dir='ltr'>(Joan.xx)</span> 
     </span>
    </p>
   </div>
   <div class='ocr_carea' id='block_1_72' title="bbox 351 4013 2054 4084">
    <p class='ocr_par' dir='ltr' id='par_1_72' title="bbox 351 4013 2054 4084">
     <span class='ocr_line' id='line_1_72' title="bbox 351 4013 2054 4084; baseline 0.001 -17"><span class='ocrx_word' id='word_1_572' title='bbox 351 4029 465 4067; x_wconf 91' lang='lat' dir='ltr'>non</span> <span class='ocrx_word' id='word_1_573' title='bbox 515 4013 670 4068; x_wconf 88' lang='lat' dir='ltr'>venit</span> <span class='ocrx_word' id='word_1_574' title='bbox 705 4013 775 4067; x_wconf 92' lang='lat' dir='ltr'>ad</span> <span class='ocrx_word' id='word_1_575' title='bbox 830 4015 956 4067; x_wconf 88' lang='lat' dir='ltr'>illos</span> <span class='ocrx_word' id='word_1_576' title='bbox 1017 4014 1113 4084; x_wconf 91' lang='lat' dir='ltr'>qui</span> <span class='ocrx_word' id='word_1_577' title='bbox 1174 4013 1423 4083; x_wconf 87' lang='lat' dir='ltr'>primam</span> <span class='ocrx_word' id='word_1_578' title='bbox 1481 4014 1900 4068; x_wconf 89' lang='lat' dir='ltr'>solemnitatem</span> <span class='ocrx_word' id='word_1_579' title='bbox 1958 4029 2054 4068; x_wconf 88' lang='lat' dir='ltr'>ce-</span> 
     </span>
    </p>
   </div>
   <div class='ocr_carea' id='block_1_73' title="bbox 349 4100 2052 4172">
    <p class='ocr_par' dir='ltr' id='par_1_73' title="bbox 349 4100 2052 4172">
     <span class='ocr_line' id='line_1_73' title="bbox 349 4100 2052 4172; baseline 0.001 -18"><span class='ocrx_word' id='word_1_580' title='bbox 349 4101 666 4167; x_wconf 88' lang='lat' dir='ltr'>lebrabant,</span> <span class='ocrx_word' id='word_1_581' title='bbox 704 4100 804 4154; x_wconf 90' lang='lat' dir='ltr'>sed</span> <span class='ocrx_word' id='word_1_582' title='bbox 850 4101 919 4155; x_wconf 87' lang='lat' dir='ltr'>ad</span> <span class='ocrx_word' id='word_1_583' title='bbox 968 4117 1092 4166; x_wconf 92' lang='lat' dir='ltr'>nos,</span> <span class='ocrx_word' id='word_1_584' title='bbox 1143 4101 1242 4171; x_wconf 89' lang='lat' dir='ltr'>qui</span> <span class='ocrx_word' id='word_1_585' title='bbox 1298 4102 1651 4172; x_wconf 89' lang='lat' dir='ltr'>suscepimus</span> <span class='ocrx_word' id='word_1_586' title='bbox 1723 4101 2052 4157; x_wconf 89' lang='lat' dir='ltr'>secundam.</span> 
     </span>
    </p>
   </div>
   <div class='ocr_carea' id='block_1_74' title="bbox 348 4189 2055 4258">
    <p class='ocr_par' dir='ltr' id='par_1_74' title="bbox 348 4189 2055 4258">
     <span class='ocr_line' id='line_1_74' title="bbox 348 4189 2055 4258; baseline 0 -14"><span class='ocrx_word' id='word_1_587' title='bbox 348 4192 562 4244; x_wconf 87' lang='lat' dir='ltr'>Etenim</span> <span class='ocrx_word' id='word_1_588' title='bbox 601 4189 810 4258; x_wconf 84' lang='lat' dir='ltr'>pascha</span> <span class='ocrx_word' id='word_1_589' title='bbox 889 4193 1131 4244; x_wconf 80' lang='lat' dir='ltr'>nostrum</span> <span class='ocrx_word' id='word_1_590' title='bbox 1178 4191 1488 4244; x_wconf 85' lang='lat' dir='ltr'>immolatus</span> <span class='ocrx_word' id='word_1_591' title='bbox 1541 4195 1619 4244; x_wconf 89' lang='lat' dir='ltr'>est</span> <span class='ocrx_word' id='word_1_592' title='bbox 1665 4191 1910 4246; x_wconf 77' lang='lat' dir='ltr'>Christus</span> <span class='ocrx_word' id='word_1_593' title='bbox 1957 4192 2055 4258; x_wconf 89' lang='lat' dir='ltr'>qui</span> 
     </span>
    </p>
   </div>
   <div class='ocr_carea' id='block_1_75' title="bbox 347 4276 2045 4348">
    <p class='ocr_par' dir='ltr' id='par_1_75' title="bbox 347 4276 2045 4348">
     <span class='ocr_line' id='line_1_75' title="bbox 347 4276 2045 4348; baseline 0.001 -17"><span class='ocrx_word' id='word_1_594' title='bbox 347 4292 504 4331; x_wconf 83' lang='lat' dir='ltr'>verus</span> <span class='ocrx_word' id='word_1_595' title='bbox 526 4278 678 4331; x_wconf 85' lang='lat' dir='ltr'>homo</span> <span class='ocrx_word' id='word_1_596' title='bbox 705 4279 870 4346; x_wconf 84' lang='lat' dir='ltr'>panis</span> <span class='ocrx_word' id='word_1_597' title='bbox 892 4277 956 4331; x_wconf 91' lang='lat' dir='ltr'>de</span> <span class='ocrx_word' id='word_1_598' title='bbox 983 4279 1108 4332; x_wconf 66' lang='lat' dir='ltr'>caelo</span> <span class='ocrx_word' id='word_1_599' title='bbox 1138 4276 1432 4332; x_wconf 81' lang='lat' dir='ltr'>descendit.</span> <span class='ocrx_word' id='word_1_600' title='bbox 1468 4277 1512 4347; x_wconf 90' lang='grc' dir='ltr'>(Ι</span> <span class='ocrx_word' id='word_1_601' title='bbox 1565 4279 1694 4332; x_wconf 87' lang='lat' dir='ltr'>Cor.</span> <span class='ocrx_word' id='word_1_602' title='bbox 1729 4277 1808 4348; x_wconf 91' lang='lat' dir='ltr'>v.)</span> <span class='ocrx_word' id='word_1_603' title='bbox 1841 4278 2045 4332; x_wconf 88' lang='lat' dir='ltr'>Videa-</span> 
     </span>
    </p>
   </div>
   <div class='ocr_carea' id='block_1_76' title="bbox 348 4364 2038 4436">
    <p class='ocr_par' dir='ltr' id='par_1_76' title="bbox 348 4364 2038 4436">
     <span class='ocr_line' id='line_1_76' title="bbox 348 4364 2038 4436; baseline 0.001 -18"><span class='ocrx_word' id='word_1_604' title='bbox 348 4381 475 4418; x_wconf 89' lang='lat' dir='ltr'>mus</span> <span class='ocrx_word' id='word_1_605' title='bbox 503 4365 735 4419; x_wconf 88' lang='lat' dir='ltr'>interim</span> <span class='ocrx_word' id='word_1_606' title='bbox 793 4365 933 4436; x_wconf 91' lang='lat' dir='ltr'>quid</span> <span class='ocrx_word' id='word_1_607' title='bbox 985 4364 1045 4418; x_wconf 89' lang='lat' dir='ltr'>in</span> <span class='ocrx_word' id='word_1_608' title='bbox 1094 4365 1200 4419; x_wconf 91' lang='lat' dir='ltr'>hac</span> <span class='ocrx_word' id='word_1_609' title='bbox 1249 4365 1342 4420; x_wconf 88' lang='lat' dir='ltr'>die</span> <span class='ocrx_word' id='word_1_610' title='bbox 1385 4369 1609 4436; x_wconf 91' lang='lat' dir='ltr'>gestum</span> <span class='ocrx_word' id='word_1_611' title='bbox 1656 4369 2038 4421; x_wconf 88' lang='lat' dir='ltr'>monstretur:</span> 
     </span>
    </p>
   </div>
   <div class='ocr_carea' id='block_1_77' title="bbox 347 4451 2044 4525">
    <p class='ocr_par' dir='ltr' id='par_1_77' title="bbox 347 4451 2044 4525">
     <span class='ocr_line' id='line_1_77' title="bbox 347 4451 2044 4525; baseline 0.002 -19"><span class='ocrx_word' id='word_1_612' title='bbox 347 4453 560 4516; x_wconf 88' lang='lat' dir='ltr'>Quarta</span> <span class='ocrx_word' id='word_1_613' title='bbox 587 4451 807 4507; x_wconf 90' lang='lat' dir='ltr'>decima</span> <span class='ocrx_word' id='word_1_614' title='bbox 863 4453 953 4508; x_wconf 90' lang='lat' dir='ltr'>die</span> <span class='ocrx_word' id='word_1_615' title='bbox 997 4452 1208 4507; x_wconf 88' lang='lat' dir='ltr'>mensis</span> <span class='ocrx_word' id='word_1_616' title='bbox 1243 4453 1479 4508; x_wconf 91' lang='lat' dir='ltr'>secundi</span> <span class='ocrx_word' id='word_1_617' title='bbox 1512 4455 1894 4509; x_wconf 87' lang='lat' dir='ltr'>murmuravit</span> <span class='ocrx_word' id='word_1_618' title='bbox 1939 4471 2044 4525; x_wconf 89' lang='lat' dir='ltr'>po-</span> 
     </span>
    </p>
   </div>
   <div class='ocr_carea' id='block_1_78' title="bbox 349 4541 673 4613">
    <p class='ocr_par' dir='ltr' id='par_1_78' title="bbox 349 4541 673 4613">
     <span class='ocr_line' id='line_1_78' title="bbox 349 4541 673 4613; baseline -0.006 -17"><span class='ocrx_word' id='word_1_619' title='bbox 349 4541 538 4613; x_wconf 89' lang='lat' dir='ltr'>pulus,</span> <span class='ocrx_word' id='word_1_620' title='bbox 567 4545 673 4595; x_wconf 90' lang='lat' dir='ltr'>etc.</span> 
     </span>
    </p>
   </div>
   <div class='ocr_carea' id='block_1_79' title="bbox 435 4627 2043 4700">
    <p class='ocr_par' dir='ltr' id='par_1_79' title="bbox 435 4627 2043 4700">
     <span class='ocr_line' id='line_1_79' title="bbox 435 4627 2043 4700; baseline 0.001 -18"><span class='ocrx_word' id='word_1_621' title='bbox 435 4631 593 4684; x_wconf 68' lang='lat' dir='ltr'>Vens.</span> <span class='ocrx_word' id='word_1_622' title='bbox 645 4631 696 4683; x_wconf 89' lang='lat'>3.</span> <span class='ocrx_word' id='word_1_623' title='bbox 745 4658 815 4668; x_wconf 95' lang='lat'><em>—</em></span> <span class='ocrx_word' id='word_1_624' title='bbox 880 4627 1205 4684; x_wconf 78' lang='lat' dir='ltr'>Sedebamus</span> <span class='ocrx_word' id='word_1_625' title='bbox 1266 4643 1428 4698; x_wconf 81' lang='lat' dir='ltr'>super</span> <span class='ocrx_word' id='word_1_626' title='bbox 1464 4630 1621 4696; x_wconf 86' lang='lat' dir='ltr'>ollas,</span> <span class='ocrx_word' id='word_1_627' title='bbox 1668 4633 1774 4684; x_wconf 93' lang='lat' dir='ltr'>etc.</span> <span class='ocrx_word' id='word_1_628' title='bbox 1833 4629 2043 4700; x_wconf 88' lang='lat' dir='ltr'>Greges</span> 
     </span>
    </p>
   </div>
   <div class='ocr_carea' id='block_1_80' title="bbox 345 4717 2043 4790">
    <p class='ocr_par' dir='ltr' id='par_1_80' title="bbox 345 4717 2043 4790">
     <span class='ocr_line' id='line_1_80' title="bbox 345 4717 2043 4790; baseline 0 -18"><span class='ocrx_word' id='word_1_629' title='bbox 345 4717 538 4773; x_wconf 87' lang='lat' dir='ltr'>ovium</span> <span class='ocrx_word' id='word_1_630' title='bbox 564 4717 849 4773; x_wconf 87' lang='lat' dir='ltr'>habebant</span> <span class='ocrx_word' id='word_1_631' title='bbox 872 4721 929 4771; x_wconf 90' lang='lat' dir='ltr'>et</span> <span class='ocrx_word' id='word_1_632' title='bbox 954 4722 1214 4771; x_wconf 87' lang='lat' dir='ltr'>armenta</span> <span class='ocrx_word' id='word_1_633' title='bbox 1245 4717 1440 4783; x_wconf 92' lang='lat' dir='ltr'>boum,</span> <span class='ocrx_word' id='word_1_634' title='bbox 1477 4717 1547 4772; x_wconf 88' lang='lat' dir='ltr'>de</span> <span class='ocrx_word' id='word_1_635' title='bbox 1589 4718 1799 4790; x_wconf 85' lang='lat' dir='ltr'>quibus</span> <span class='ocrx_word' id='word_1_636' title='bbox 1851 4733 2043 4772; x_wconf 90' lang='lat' dir='ltr'>come-</span> 
     </span>
    </p>
   </div>
   <div class='ocr_carea' id='block_1_81' title="bbox 346 4805 2044 4879">
    <p class='ocr_par' dir='ltr' id='par_1_81' title="bbox 346 4805 2044 4879">
     <span class='ocr_line' id='line_1_81' title="bbox 346 4805 2044 4879; baseline -0.001 -17"><span class='ocrx_word' id='word_1_637' title='bbox 346 4808 480 4862; x_wconf 90' lang='lat' dir='ltr'>dere</span> <span class='ocrx_word' id='word_1_638' title='bbox 510 4811 774 4877; x_wconf 86' lang='lat' dir='ltr'>poterant</span> <span class='ocrx_word' id='word_1_639' title='bbox 804 4825 819 4870; x_wconf 83' lang='lat'><strong>;</strong></span> <span class='ocrx_word' id='word_1_640' title='bbox 847 4806 942 4860; x_wconf 90' lang='lat' dir='ltr'>sed</span> <span class='ocrx_word' id='word_1_641' title='bbox 973 4805 1256 4860; x_wconf 90' lang='lat' dir='ltr'>desiderio</span> <span class='ocrx_word' id='word_1_642' title='bbox 1301 4805 1546 4876; x_wconf 90' lang='lat' dir='ltr'>piscium</span> <span class='ocrx_word' id='word_1_643' title='bbox 1571 4813 1629 4861; x_wconf 92' lang='lat' dir='ltr'>et</span> <span class='ocrx_word' id='word_1_644' title='bbox 1680 4807 1892 4875; x_wconf 89' lang='lat' dir='ltr'>avium,</span> <span class='ocrx_word' id='word_1_645' title='bbox 1917 4807 2044 4879; x_wconf 89' lang='lat' dir='ltr'>qui-</span> 
     </span>
    </p>
   </div>
   <div class='ocr_carea' id='block_1_82' title="bbox 345 4894 1420 4966">
    <p class='ocr_par' dir='ltr' id='par_1_82' title="bbox 345 4894 1420 4966">
     <span class='ocr_line' id='line_1_82' title="bbox 345 4894 1420 4966; baseline -0.001 -16"><span class='ocrx_word' id='word_1_646' title='bbox 345 4895 451 4950; x_wconf 88' lang='lat' dir='ltr'>bus</span> <span class='ocrx_word' id='word_1_647' title='bbox 478 4897 752 4966; x_wconf 68' lang='lat' dir='ltr'>ngyptus</span> <span class='ocrx_word' id='word_1_648' title='bbox 780 4895 1048 4960; x_wconf 86' lang='lat' dir='ltr'>abundat,</span> <span class='ocrx_word' id='word_1_649' title='bbox 1081 4894 1420 4949; x_wconf 66' lang='lat' dir='ltr'>aastuabant.</span> 
     </span>
    </p>
   </div>
   <div class='ocr_carea' id='block_1_83' title="bbox 416 4983 2045 5052">
    <p class='ocr_par' dir='ltr' id='par_1_83' title="bbox 416 4983 2045 5052">
     <span class='ocr_line' id='line_1_83' title="bbox 416 4983 2045 5052; baseline 0.001 -16"><span class='ocrx_word' id='word_1_650' title='bbox 416 4985 582 5036; x_wconf 71' lang='lat' dir='ltr'>Vens.</span> <span class='ocrx_word' id='word_1_651' title='bbox 613 4983 664 5037; x_wconf 79' lang='grc'><strong>4.</strong></span> <span class='ocrx_word' id='word_1_652' title='bbox 696 5013 767 5022; x_wconf 91' lang='grc'><strong><em>-</em></strong></span> <span class='ocrx_word' id='word_1_653' title='bbox 822 4985 953 5036; x_wconf 91' lang='lat' dir='ltr'>Ecce</span> <span class='ocrx_word' id='word_1_654' title='bbox 1001 4984 1204 5052; x_wconf 89' lang='lat' dir='ltr'>pluam,</span> <span class='ocrx_word' id='word_1_655' title='bbox 1273 4987 1379 5037; x_wconf 91' lang='lat' dir='ltr'>etc.</span> <span class='ocrx_word' id='word_1_656' title='bbox 1437 4983 1618 5050; x_wconf 80' lang='lat' dir='ltr'>ORIG.,</span> <span class='ocrx_word' id='word_1_657' title='bbox 1664 4984 1846 5040; x_wconf 86' lang='lat' dir='ltr'>homil.</span> <span class='ocrx_word' id='word_1_658' title='bbox 1927 4987 1960 5039; x_wconf 91' lang='lat'><strong>8</strong></span> <span class='ocrx_word' id='word_1_659' title='bbox 1989 4986 2045 5038; x_wconf 88' lang='lat' dir='ltr'>in</span> 
     </span>
    </p>
   </div>
   <div class='ocr_carea' id='block_1_84' title="bbox 345 5070 2044 5142">
    <p class='ocr_par' dir='ltr' id='par_1_84' title="bbox 345 5070 2044 5142">
     <span class='ocr_line' id='line_1_84' title="bbox 345 5070 2044 5142; baseline 0 -16"><span class='ocrx_word' id='word_1_660' title='bbox 345 5070 547 5141; x_wconf 71' lang='lat' dir='ltr'>Exod.)</span> <span class='ocrx_word' id='word_1_661' title='bbox 606 5071 820 5125; x_wconf 84' lang='lat' dir='ltr'>Vellem</span> <span class='ocrx_word' id='word_1_662' title='bbox 867 5071 1054 5141; x_wconf 85' lang='lat' dir='ltr'>primo</span> <span class='ocrx_word' id='word_1_663' title='bbox 1112 5088 1284 5142; x_wconf 91' lang='lat' dir='ltr'>super</span> <span class='ocrx_word' id='word_1_664' title='bbox 1327 5071 1475 5125; x_wconf 90' lang='lat' dir='ltr'>hanc</span> <span class='ocrx_word' id='word_1_665' title='bbox 1521 5072 1865 5142; x_wconf 88' lang='lat' dir='ltr'>scriptuarm</span> <span class='ocrx_word' id='word_1_666' title='bbox 1914 5088 2044 5126; x_wconf 91' lang='lat' dir='ltr'>cum</span> 
     </span>
    </p>
   </div>
   <div class='ocr_carea' id='block_1_85' title="bbox 339 5159 2045 5232">
    <p class='ocr_par' dir='ltr' id='par_1_85' title="bbox 339 5159 2045 5232">
     <span class='ocr_line' id='line_1_85' title="bbox 339 5159 2045 5232; baseline 0.001 -18"><span class='ocrx_word' id='word_1_667' title='bbox 339 5159 551 5214; x_wconf 76' lang='lat' dir='ltr'>Judmis</span> <span class='ocrx_word' id='word_1_668' title='bbox 597 5160 807 5214; x_wconf 89' lang='lat' dir='ltr'>habere</span> <span class='ocrx_word' id='word_1_669' title='bbox 856 5177 1202 5229; x_wconf 89' lang='lat' dir='ltr'>sermonem,</span> <span class='ocrx_word' id='word_1_670' title='bbox 1257 5161 1466 5232; x_wconf 89' lang='lat' dir='ltr'>quibus</span> <span class='ocrx_word' id='word_1_671' title='bbox 1535 5162 1744 5215; x_wconf 87' lang='lat' dir='ltr'>credita</span> <span class='ocrx_word' id='word_1_672' title='bbox 1775 5166 1908 5215; x_wconf 90' lang='lat' dir='ltr'>sunt</span> <span class='ocrx_word' id='word_1_673' title='bbox 1933 5161 2045 5215; x_wconf 87' lang='lat' dir='ltr'>elo-</span> 
     </span>
    </p>
   </div>
   <div class='ocr_carea' id='block_1_86' title="bbox 340 5246 2044 5320">
    <p class='ocr_par' dir='ltr' id='par_1_86' title="bbox 340 5246 2044 5320">
     <span class='ocr_line' id='line_1_86' title="bbox 340 5246 2044 5320; baseline 0.002 -19"><span class='ocrx_word' id='word_1_674' title='bbox 340 5248 478 5319; x_wconf 92' lang='lat' dir='ltr'>quia</span> <span class='ocrx_word' id='word_1_675' title='bbox 507 5246 626 5312; x_wconf 91' lang='lat' dir='ltr'>Dei,</span> <span class='ocrx_word' id='word_1_676' title='bbox 661 5248 797 5318; x_wconf 83' lang='lat' dir='ltr'>quid</span> <span class='ocrx_word' id='word_1_677' title='bbox 853 5249 963 5302; x_wconf 91' lang='lat' dir='ltr'>illis</span> <span class='ocrx_word' id='word_1_678' title='bbox 995 5249 1256 5303; x_wconf 86' lang='lat' dir='ltr'>videatur</span> <span class='ocrx_word' id='word_1_679' title='bbox 1301 5249 1370 5304; x_wconf 93' lang='lat' dir='ltr'>de</span> <span class='ocrx_word' id='word_1_680' title='bbox 1400 5266 1466 5304; x_wconf 91' lang='lat' dir='ltr'>eo</span> <span class='ocrx_word' id='word_1_681' title='bbox 1521 5250 1676 5320; x_wconf 90' lang='lat' dir='ltr'>quod</span> <span class='ocrx_word' id='word_1_682' title='bbox 1719 5249 1890 5304; x_wconf 89' lang='lat' dir='ltr'>dicit:</span> <span class='ocrx_word' id='word_1_683' title='bbox 1938 5251 2044 5305; x_wconf 84' lang='lat' dir='ltr'>Sea:</span> 
     </span>
    </p>
   </div>
   <div class='ocr_carea' id='block_1_87' title="bbox 341 5334 2039 5407">
    <p class='ocr_par' dir='ltr' id='par_1_87' title="bbox 341 5334 2039 5407">
     <span class='ocr_line' id='line_1_87' title="bbox 341 5334 2039 5407; baseline 0.001 -17"><span class='ocrx_word' id='word_1_684' title='bbox 341 5337 528 5390; x_wconf 87' lang='lat' dir='ltr'>diebus</span> <span class='ocrx_word' id='word_1_685' title='bbox 575 5334 842 5390; x_wconf 86' lang='lat' dir='ltr'>continuis</span> <span class='ocrx_word' id='word_1_686' title='bbox 881 5337 1158 5405; x_wconf 87' lang='lat' dir='ltr'>colligetis,</span> <span class='ocrx_word' id='word_1_687' title='bbox 1214 5337 1304 5392; x_wconf 87' lang='lat' dir='ltr'>die</span> <span class='ocrx_word' id='word_1_688' title='bbox 1360 5343 1538 5392; x_wconf 89' lang='lat' dir='ltr'>autem</span> <span class='ocrx_word' id='word_1_689' title='bbox 1588 5342 1744 5392; x_wconf 69' lang='lat' dir='ltr'>sexta</span> <span class='ocrx_word' id='word_1_690' title='bbox 1795 5337 2039 5407; x_wconf 87' lang='lat' dir='ltr'>duplum.</span> 
     </span>
    </p>
   </div>
   <div class='ocr_carea' id='block_1_88' title="bbox 341 5425 2044 5496">
    <p class='ocr_par' dir='ltr' id='par_1_88' title="bbox 341 5425 2044 5496">
     <span class='ocr_line' id='line_1_88' title="bbox 341 5425 2044 5496; baseline 0.001 -17"><span class='ocrx_word' id='word_1_691' title='bbox 341 5426 595 5494; x_wconf 81' lang='lat' dir='ltr'>Apparet</span> <span class='ocrx_word' id='word_1_692' title='bbox 623 5438 759 5494; x_wconf 91' lang='lat' dir='ltr'>ergo</span> <span class='ocrx_word' id='word_1_693' title='bbox 784 5427 1007 5478; x_wconf 86' lang='lat' dir='ltr'>sextum</span> <span class='ocrx_word' id='word_1_694' title='bbox 1033 5425 1184 5479; x_wconf 91' lang='lat' dir='ltr'>diem</span> <span class='ocrx_word' id='word_1_695' title='bbox 1223 5425 1514 5480; x_wconf 88' lang='lat' dir='ltr'>nominari</span> <span class='ocrx_word' id='word_1_696' title='bbox 1551 5425 1652 5496; x_wconf 90' lang='lat' dir='ltr'>qui</span> <span class='ocrx_word' id='word_1_697' title='bbox 1681 5429 1812 5480; x_wconf 88' lang='lat' dir='ltr'>ante</span> <span class='ocrx_word' id='word_1_698' title='bbox 1853 5425 2044 5480; x_wconf 88' lang='lat' dir='ltr'>sabba-</span> 
     </span>
    </p>
   </div>
   <div class='ocr_carea' id='block_1_89' title="bbox 341 5510 2038 5585">
    <p class='ocr_par' dir='ltr' id='par_1_89' title="bbox 341 5510 2038 5585">
     <span class='ocr_line' id='line_1_89' title="bbox 341 5510 2038 5585; baseline 0.003 -19"><span class='ocrx_word' id='word_1_699' title='bbox 341 5515 468 5567; x_wconf 92' lang='lat' dir='ltr'>tum</span> <span class='ocrx_word' id='word_1_700' title='bbox 521 5510 805 5583; x_wconf 82' lang='lat' dir='ltr'>ponitur;</span> <span class='ocrx_word' id='word_1_701' title='bbox 857 5512 1158 5569; x_wconf 89' lang='lat' dir='ltr'>sabbatum</span> <span class='ocrx_word' id='word_1_702' title='bbox 1211 5518 1404 5570; x_wconf 89' lang='lat' dir='ltr'>autem</span> <span class='ocrx_word' id='word_1_703' title='bbox 1460 5514 1737 5585; x_wconf 87' lang='lat' dir='ltr'>septimus</span> <span class='ocrx_word' id='word_1_704' title='bbox 1785 5513 1906 5575; x_wconf 71' lang='lat' dir='ltr'>dies</span> <span class='ocrx_word' id='word_1_705' title='bbox 1932 5518 2038 5571; x_wconf 89' lang='lat' dir='ltr'>est.</span> 
     </span>
    </p>
   </div>
   <div class='ocr_carea' id='block_1_90' title="bbox 2089 4243 2131 4298">
    <p class='ocr_par' dir='ltr' id='par_1_90' title="bbox 2089 4243 2131 4298">
     <span class='ocr_line' id='line_1_90' title="bbox 2089 4243 2131 4298; baseline -0.048 0"><span class='ocrx_word' id='word_1_706' title='bbox 2089 4243 2131 4298; x_wconf 89' lang='grc' dir='ltr'>Ι)</span> 
     </span>
    </p>
   </div>
   <div class='ocr_carea' id='block_1_91' title="bbox 2159 3041 3867 3115">
    <p class='ocr_par' dir='ltr' id='par_1_91' title="bbox 2159 3041 3867 3115">
     <span class='ocr_line' id='line_1_91' title="bbox 2159 3041 3867 3115; baseline -0.004 -13"><span class='ocrx_word' id='word_1_707' title='bbox 2159 3047 2417 3103; x_wconf 90' lang='lat' dir='ltr'>candoris</span> <span class='ocrx_word' id='word_1_708' title='bbox 2460 3050 2652 3100; x_wconf 89' lang='lat' dir='ltr'>autem</span> <span class='ocrx_word' id='word_1_709' title='bbox 2713 3049 2770 3100; x_wconf 92' lang='lat' dir='ltr'>et</span> <span class='ocrx_word' id='word_1_710' title='bbox 2815 3044 3130 3099; x_wconf 91' lang='lat' dir='ltr'>dulcedinis</span> <span class='ocrx_word' id='word_1_711' title='bbox 3174 3044 3508 3115; x_wconf 89' lang='lat' dir='ltr'>plurimum.</span> <span class='ocrx_word' id='word_1_712' title='bbox 3585 3041 3733 3107; x_wconf 88' lang='lat' dir='ltr'>Quid</span> <span class='ocrx_word' id='word_1_713' title='bbox 3777 3048 3867 3096; x_wconf 86' lang='lat' dir='ltr'>est</span> 
     </span>
    </p>
   </div>
   <div class='ocr_carea' id='block_1_92' title="bbox 2159 3131 3870 3205">
    <p class='ocr_par' dir='ltr' id='par_1_92' title="bbox 2159 3131 3870 3205">
     <span class='ocr_line' id='line_1_92' title="bbox 2159 3131 3870 3205; baseline -0.003 -14"><span class='ocrx_word' id='word_1_714' title='bbox 2159 3135 2480 3200; x_wconf 85' lang='lat' dir='ltr'>candidius,</span> <span class='ocrx_word' id='word_1_715' title='bbox 2516 3133 2831 3205; x_wconf 89' lang='lat' dir='ltr'>splendidis</span> <span class='ocrx_word' id='word_1_716' title='bbox 2877 3132 3196 3187; x_wconf 89' lang='lat' dir='ltr'>eruditione</span> <span class='ocrx_word' id='word_1_717' title='bbox 3271 3131 3464 3186; x_wconf 87' lang='lat' dir='ltr'>divina</span> <span class='ocrx_word' id='word_1_718' title='bbox 3491 3132 3521 3184; x_wconf 83' lang='lat'>?</span> <span class='ocrx_word' id='word_1_719' title='bbox 3567 3131 3707 3202; x_wconf 90' lang='lat' dir='ltr'>quid</span> <span class='ocrx_word' id='word_1_720' title='bbox 3739 3131 3870 3186; x_wconf 88' lang='lat' dir='ltr'>dul-</span> 
     </span>
    </p>
   </div>
   <div class='ocr_carea' id='block_1_93' title="bbox 2159 3221 3868 3292">
    <p class='ocr_par' dir='ltr' id='par_1_93' title="bbox 2159 3221 3868 3292">
     <span class='ocr_line' id='line_1_93' title="bbox 2159 3221 3868 3292; baseline -0.001 -14"><span class='ocrx_word' id='word_1_721' title='bbox 2159 3223 2299 3291; x_wconf 89' lang='lat' dir='ltr'>cius,</span> <span class='ocrx_word' id='word_1_722' title='bbox 2334 3222 2560 3276; x_wconf 87' lang='lat' dir='ltr'>suavius</span> <span class='ocrx_word' id='word_1_723' title='bbox 2609 3221 2853 3292; x_wconf 89' lang='lat' dir='ltr'>eloquiis</span> <span class='ocrx_word' id='word_1_724' title='bbox 2910 3221 3031 3284; x_wconf 89' lang='lat' dir='ltr'>Dei,</span> <span class='ocrx_word' id='word_1_725' title='bbox 3089 3237 3218 3291; x_wconf 66' lang='lat' dir='ltr'>quaa</span> <span class='ocrx_word' id='word_1_726' title='bbox 3268 3225 3405 3274; x_wconf 89' lang='lat' dir='ltr'>sunt</span> <span class='ocrx_word' id='word_1_727' title='bbox 3461 3235 3634 3290; x_wconf 87' lang='lat' dir='ltr'>super</span> <span class='ocrx_word' id='word_1_728' title='bbox 3664 3221 3779 3274; x_wconf 87' lang='lat' dir='ltr'>mel</span> <span class='ocrx_word' id='word_1_729' title='bbox 3806 3225 3868 3276; x_wconf 91' lang='lat' dir='ltr'>et</span> 
     </span>
    </p>
   </div>
   <div class='ocr_carea' id='block_1_94' title="bbox 2159 3309 2406 3366">
    <p class='ocr_par' dir='ltr' id='par_1_94' title="bbox 2159 3309 2406 3366">
     <span class='ocr_line' id='line_1_94' title="bbox 2159 3309 2406 3366; baseline -0.012 0"><span class='ocrx_word' id='word_1_730' title='bbox 2159 3311 2351 3366; x_wconf 88' lang='lat' dir='ltr'>favum</span> <span class='ocrx_word' id='word_1_731' title='bbox 2378 3309 2406 3363; x_wconf 87' lang='lat'><strong>?</strong></span> 
     </span>
    </p>
   </div>
   <div class='ocr_carea' id='block_1_95' title="bbox 2231 3395 3871 3466">
    <p class='ocr_par' dir='ltr' id='par_1_95' title="bbox 2231 3395 3871 3466">
     <span class='ocr_line' id='line_1_95' title="bbox 2231 3395 3871 3466; baseline 0 -14"><span class='ocrx_word' id='word_1_732' title='bbox 2231 3400 2419 3452; x_wconf 87' lang='lat' dir='ltr'>Panes.</span> <span class='ocrx_word' id='word_1_733' title='bbox 2453 3397 2656 3452; x_wconf 80' lang='lat' dir='ltr'>Manna</span> <span class='ocrx_word' id='word_1_734' title='bbox 2710 3396 2920 3450; x_wconf 89' lang='lat' dir='ltr'>scilicet</span> <span class='ocrx_word' id='word_1_735' title='bbox 2955 3412 2969 3450; x_wconf 88' lang='lat'><strong><em>:</em></strong></span> <span class='ocrx_word' id='word_1_736' title='bbox 3006 3395 3214 3452; x_wconf 90' lang='lat' dir='ltr'>locutio</span> <span class='ocrx_word' id='word_1_737' title='bbox 3269 3399 3353 3449; x_wconf 87' lang='lat' dir='ltr'>est</span> <span class='ocrx_word' id='word_1_738' title='bbox 3398 3411 3513 3466; x_wconf 90' lang='lat' dir='ltr'>qua</span> <span class='ocrx_word' id='word_1_739' title='bbox 3557 3395 3722 3466; x_wconf 90' lang='lat' dir='ltr'>panis</span> <span class='ocrx_word' id='word_1_740' title='bbox 3754 3412 3871 3466; x_wconf 89' lang='lat' dir='ltr'>pro</span> 
     </span>
    </p>
   </div>
   <div class='ocr_carea' id='block_1_96' title="bbox 2159 3483 3871 3556">
    <p class='ocr_par' dir='ltr' id='par_1_96' title="bbox 2159 3483 3871 3556">
     <span class='ocr_line' id='line_1_96' title="bbox 2159 3483 3871 3556; baseline -0.001 -15"><span class='ocrx_word' id='word_1_741' title='bbox 2159 3486 2430 3541; x_wconf 89' lang='lat' dir='ltr'>alimento</span> <span class='ocrx_word' id='word_1_742' title='bbox 2465 3485 2698 3556; x_wconf 88' lang='lat' dir='ltr'>ponitur</span> <span class='ocrx_word' id='word_1_743' title='bbox 2733 3501 2746 3552; x_wconf 90' lang='lat'><strong>;</strong></span> <span class='ocrx_word' id='word_1_744' title='bbox 2791 3489 2947 3539; x_wconf 90' lang='lat' dir='ltr'>amat</span> <span class='ocrx_word' id='word_1_745' title='bbox 2990 3488 3182 3538; x_wconf 89' lang='lat' dir='ltr'>autem</span> <span class='ocrx_word' id='word_1_746' title='bbox 3229 3483 3520 3554; x_wconf 88' lang='lat' dir='ltr'>Scriptura</span> <span class='ocrx_word' id='word_1_747' title='bbox 3562 3485 3871 3554; x_wconf 86' lang='lat' dir='ltr'>pluraliter</span> 
     </span>
    </p>
   </div>
   <div class='ocr_carea' id='block_1_97' title="bbox 2160 3572 3603 3646">
    <p class='ocr_par' dir='ltr' id='par_1_97' title="bbox 2160 3572 3603 3646">
     <span class='ocr_line' id='line_1_97' title="bbox 2160 3572 3603 3646; baseline -0.001 -17"><span class='ocrx_word' id='word_1_748' title='bbox 2160 3575 2344 3646; x_wconf 89' lang='lat' dir='ltr'>magis</span> <span class='ocrx_word' id='word_1_749' title='bbox 2370 3589 2540 3644; x_wconf 85' lang='lat' dir='ltr'>panes</span> <span class='ocrx_word' id='word_1_750' title='bbox 2571 3589 2747 3645; x_wconf 89' lang='lat' dir='ltr'>quam</span> <span class='ocrx_word' id='word_1_751' title='bbox 2782 3573 3148 3644; x_wconf 87' lang='lat' dir='ltr'>singulariter</span> <span class='ocrx_word' id='word_1_752' title='bbox 3176 3572 3365 3627; x_wconf 89' lang='lat' dir='ltr'>dicere</span> <span class='ocrx_word' id='word_1_753' title='bbox 3389 3588 3603 3642; x_wconf 87' lang='lat' dir='ltr'>panem.</span> 
     </span>
    </p>
   </div>
   <div class='ocr_carea' id='block_1_98' title="bbox 2238 3660 3871 3732">
    <p class='ocr_par' dir='ltr' id='par_1_98' title="bbox 2238 3660 3871 3732">
     <span class='ocr_line' id='line_1_98' title="bbox 2238 3660 3871 3732; baseline -0.001 -14"><span class='ocrx_word' id='word_1_754' title='bbox 2238 3665 2304 3718; x_wconf 92' lang='lat' dir='ltr'>Ut</span> <span class='ocrx_word' id='word_1_755' title='bbox 2334 3667 2546 3717; x_wconf 86' lang='lat' dir='ltr'>tentem.</span> <span class='ocrx_word' id='word_1_756' title='bbox 2578 3660 2839 3715; x_wconf 88' lang='lat' dir='ltr'>Tentatio</span> <span class='ocrx_word' id='word_1_757' title='bbox 2877 3661 2988 3715; x_wconf 91' lang='lat' dir='ltr'>ista</span> <span class='ocrx_word' id='word_1_758' title='bbox 3015 3660 3280 3730; x_wconf 88' lang='lat' dir='ltr'>probatio</span> <span class='ocrx_word' id='word_1_759' title='bbox 3316 3665 3421 3727; x_wconf 90' lang='lat' dir='ltr'>est,</span> <span class='ocrx_word' id='word_1_760' title='bbox 3464 3676 3579 3714; x_wconf 93' lang='lat' dir='ltr'>non</span> <span class='ocrx_word' id='word_1_761' title='bbox 3617 3660 3686 3715; x_wconf 88' lang='lat' dir='ltr'>ad</span> <span class='ocrx_word' id='word_1_762' title='bbox 3720 3677 3871 3732; x_wconf 84' lang='lat' dir='ltr'>pec—</span> 
     </span>
    </p>
   </div>
   <div class='ocr_carea' id='block_1_99' title="bbox 2161 3748 3872 3819">
    <p class='ocr_par' dir='ltr' id='par_1_99' title="bbox 2161 3748 3872 3819">
     <span class='ocr_line' id='line_1_99' title="bbox 2161 3748 3872 3819; baseline 0 -15"><span class='ocrx_word' id='word_1_763' title='bbox 2161 3754 2352 3804; x_wconf 89' lang='lat' dir='ltr'>catum</span> <span class='ocrx_word' id='word_1_764' title='bbox 2400 3748 2654 3804; x_wconf 91' lang='lat' dir='ltr'>seductio</span> <span class='ocrx_word' id='word_1_765' title='bbox 2690 3765 2833 3815; x_wconf 89' lang='lat' dir='ltr'>;nec</span> <span class='ocrx_word' id='word_1_766' title='bbox 2888 3749 3016 3803; x_wconf 90' lang='lat' dir='ltr'>ideo</span> <span class='ocrx_word' id='word_1_767' title='bbox 3072 3749 3406 3819; x_wconf 90' lang='lat' dir='ltr'>probantur,</span> <span class='ocrx_word' id='word_1_768' title='bbox 3444 3753 3506 3803; x_wconf 91' lang='lat' dir='ltr'>ut</span> <span class='ocrx_word' id='word_1_769' title='bbox 3546 3749 3692 3802; x_wconf 88' lang='lat' dir='ltr'>Deus</span> <span class='ocrx_word' id='word_1_770' title='bbox 3741 3765 3872 3804; x_wconf 91' lang='lat' dir='ltr'>non</span> 
     </span>
    </p>
   </div>
   <div class='ocr_carea' id='block_1_100' title="bbox 2162 3837 3875 3908">
    <p class='ocr_par' dir='ltr' id='par_1_100' title="bbox 2162 3837 3875 3908">
     <span class='ocr_line' id='line_1_100' title="bbox 2162 3837 3875 3908; baseline 0.001 -16"><span class='ocrx_word' id='word_1_771' title='bbox 2162 3838 2383 3892; x_wconf 84' lang='lat' dir='ltr'>noverit</span> <span class='ocrx_word' id='word_1_772' title='bbox 2407 3854 2420 3905; x_wconf 90' lang='lat'><strong>;</strong></span> <span class='ocrx_word' id='word_1_773' title='bbox 2453 3837 2550 3892; x_wconf 90' lang='lat' dir='ltr'>sed</span> <span class='ocrx_word' id='word_1_774' title='bbox 2576 3837 2728 3908; x_wconf 90' lang='lat' dir='ltr'>ipsos</span> <span class='ocrx_word' id='word_1_775' title='bbox 2757 3837 2895 3908; x_wconf 91' lang='lat' dir='ltr'>ipsis</span> <span class='ocrx_word' id='word_1_776' title='bbox 2925 3837 3171 3891; x_wconf 90' lang='lat' dir='ltr'>ostendit</span> <span class='ocrx_word' id='word_1_777' title='bbox 3199 3854 3312 3908; x_wconf 91' lang='lat' dir='ltr'>quo</span> <span class='ocrx_word' id='word_1_778' title='bbox 3363 3837 3699 3892; x_wconf 88' lang='lat' dir='ltr'>humiliores</span> <span class='ocrx_word' id='word_1_779' title='bbox 3719 3837 3875 3894; x_wconf 84' lang='lat' dir='ltr'>ﬁant</span> 
     </span>
    </p>
   </div>
   <div class='ocr_carea' id='block_1_101' title="bbox 2162 3925 3868 4001">
    <p class='ocr_par' dir='ltr' id='par_1_101' title="bbox 2162 3925 3868 4001">
     <span class='ocr_line' id='line_1_101' title="bbox 2162 3925 3868 4001; baseline 0.001 -21"><span class='ocrx_word' id='word_1_780' title='bbox 2162 3926 2232 3980; x_wconf 91' lang='lat' dir='ltr'>ad</span> <span class='ocrx_word' id='word_1_781' title='bbox 2253 3925 2564 3996; x_wconf 90' lang='lat' dir='ltr'>petendum</span> <span class='ocrx_word' id='word_1_782' title='bbox 2599 3925 2945 3997; x_wconf 84' lang='lat' dir='ltr'>adjutorium</span> <span class='ocrx_word' id='word_1_783' title='bbox 2977 3929 3033 3978; x_wconf 89' lang='lat' dir='ltr'>et</span> <span class='ocrx_word' id='word_1_784' title='bbox 3061 3925 3132 3980; x_wconf 89' lang='lat' dir='ltr'>ad</span> <span class='ocrx_word' id='word_1_785' title='bbox 3181 3926 3528 3981; x_wconf 89' lang='lat' dir='ltr'>noscendam</span> <span class='ocrx_word' id='word_1_786' title='bbox 3579 3926 3676 4001; x_wconf 89' lang='lat' dir='ltr'>Dei</span> <span class='ocrx_word' id='word_1_787' title='bbox 3725 3943 3868 3998; x_wconf 86' lang='lat' dir='ltr'>gra-</span> 
     </span>
    </p>
   </div>
   <div class='ocr_carea' id='block_1_102' title="bbox 2161 4013 2321 4069">
    <p class='ocr_par' dir='ltr' id='par_1_102' title="bbox 2161 4013 2321 4069">
     <span class='ocr_line' id='line_1_102' title="bbox 2161 4013 2321 4069; baseline 0.019 -3"><span class='ocrx_word' id='word_1_788' title='bbox 2161 4013 2321 4069; x_wconf 88' lang='lat' dir='ltr'>tiam.</span> 
     </span>
    </p>
   </div>
   <div class='ocr_carea' id='block_1_103' title="bbox 2232 4101 3870 4174">
    <p class='ocr_par' dir='ltr' id='par_1_103' title="bbox 2232 4101 3870 4174">
     <span class='ocr_line' id='line_1_103' title="bbox 2232 4101 3870 4174; baseline 0.003 -20"><span class='ocrx_word' id='word_1_789' title='bbox 2232 4101 2392 4155; x_wconf 78' lang='lat' dir='ltr'>Vnas.</span> <span class='ocrx_word' id='word_1_790' title='bbox 2429 4104 2478 4155; x_wconf 86' lang='lat'>5.</span> <span class='ocrx_word' id='word_1_791' title='bbox 2520 4130 2587 4140; x_wconf 91' lang='lat'>—</span> <span class='ocrx_word' id='word_1_792' title='bbox 2617 4101 2713 4156; x_wconf 86' lang='lat' dir='ltr'>Die</span> <span class='ocrx_word' id='word_1_793' title='bbox 2731 4104 2908 4154; x_wconf 84' lang='lat' dir='ltr'>autem</span> <span class='ocrx_word' id='word_1_794' title='bbox 2939 4104 3108 4165; x_wconf 67' lang='lat' dir='ltr'>sexto,</span> <span class='ocrx_word' id='word_1_795' title='bbox 3169 4104 3275 4157; x_wconf 91' lang='lat' dir='ltr'>etc.</span> <span class='ocrx_word' id='word_1_796' title='bbox 3337 4101 3544 4170; x_wconf 69' lang='lat' dir='ltr'>(ORIG.,</span> <span class='ocrx_word' id='word_1_797' title='bbox 3605 4102 3746 4157; x_wconf 85' lang='lat' dir='ltr'>hom.</span> <span class='ocrx_word' id='word_1_798' title='bbox 3781 4105 3870 4174; x_wconf 83' lang='lat'>7.)</span> 
     </span>
    </p>
   </div>
   <div class='ocr_carea' id='block_1_104' title="bbox 2161 4187 3867 4260">
    <p class='ocr_par' dir='ltr' id='par_1_104' title="bbox 2161 4187 3867 4260">
     <span class='ocr_line' id='line_1_104' title="bbox 2161 4187 3867 4260; baseline 0.002 -17"><span class='ocrx_word' id='word_1_799' title='bbox 2161 4189 2226 4243; x_wconf 92' lang='lat' dir='ltr'>In</span> <span class='ocrx_word' id='word_1_800' title='bbox 2283 4189 2376 4244; x_wconf 89' lang='lat' dir='ltr'>die</span> <span class='ocrx_word' id='word_1_801' title='bbox 2444 4193 2600 4242; x_wconf 84' lang='lat' dir='ltr'>sexto</span> <span class='ocrx_word' id='word_1_802' title='bbox 2659 4188 2922 4258; x_wconf 89' lang='lat' dir='ltr'>dulplum</span> <span class='ocrx_word' id='word_1_803' title='bbox 3001 4187 3300 4259; x_wconf 88' lang='lat' dir='ltr'>colligatur</span> <span class='ocrx_word' id='word_1_804' title='bbox 3362 4190 3421 4242; x_wconf 91' lang='lat' dir='ltr'>in</span> <span class='ocrx_word' id='word_1_805' title='bbox 3485 4189 3867 4260; x_wconf 86' lang='lat' dir='ltr'>repositione,</span> 
     </span>
    </p>
   </div>
   <div class='ocr_carea' id='block_1_105' title="bbox 2159 4276 3871 4349">
    <p class='ocr_par' dir='ltr' id='par_1_105' title="bbox 2159 4276 3871 4349">
     <span class='ocr_line' id='line_1_105' title="bbox 2159 4276 3871 4349; baseline 0.002 -18"><span class='ocrx_word' id='word_1_806' title='bbox 2159 4282 2436 4349; x_wconf 91' lang='lat' dir='ltr'>quantum</span> <span class='ocrx_word' id='word_1_807' title='bbox 2487 4276 2730 4331; x_wconf 85' lang='lat' dir='ltr'>sufﬁciat</span> <span class='ocrx_word' id='word_1_808' title='bbox 2787 4277 2958 4331; x_wconf 88' lang='lat' dir='ltr'>etiam</span> <span class='ocrx_word' id='word_1_809' title='bbox 3015 4277 3266 4332; x_wconf 88' lang='lat' dir='ltr'>sabbato.</span> <span class='ocrx_word' id='word_1_810' title='bbox 3307 4277 3474 4332; x_wconf 87' lang='lat' dir='ltr'>Sexta</span> <span class='ocrx_word' id='word_1_811' title='bbox 3529 4278 3669 4345; x_wconf 91' lang='lat' dir='ltr'>dies,</span> <span class='ocrx_word' id='word_1_812' title='bbox 3738 4280 3871 4335; x_wconf 79' lang='lat' dir='ltr'>haec</span> 
     </span>
    </p>
   </div>
   <div class='ocr_carea' id='block_1_106' title="bbox 2155 4365 3874 4436">
    <p class='ocr_par' dir='ltr' id='par_1_106' title="bbox 2155 4365 3874 4436">
     <span class='ocr_line' id='line_1_106' title="bbox 2155 4365 3874 4436; baseline 0.001 -16"><span class='ocrx_word' id='word_1_813' title='bbox 2155 4367 2267 4420; x_wconf 88' lang='lat' dir='ltr'>vita</span> <span class='ocrx_word' id='word_1_814' title='bbox 2302 4366 2363 4420; x_wconf 91' lang='lat' dir='ltr'>in</span> <span class='ocrx_word' id='word_1_815' title='bbox 2401 4380 2516 4436; x_wconf 87' lang='lat' dir='ltr'>qua</span> <span class='ocrx_word' id='word_1_816' title='bbox 2553 4381 2706 4419; x_wconf 89' lang='lat' dir='ltr'>nunc</span> <span class='ocrx_word' id='word_1_817' title='bbox 2742 4381 2960 4432; x_wconf 90' lang='lat' dir='ltr'>sumus,</span> <span class='ocrx_word' id='word_1_818' title='bbox 3013 4366 3164 4420; x_wconf 90' lang='lat' dir='ltr'>unde</span> <span class='ocrx_word' id='word_1_819' title='bbox 3222 4365 3284 4419; x_wconf 91' lang='lat' dir='ltr'>in</span> <span class='ocrx_word' id='word_1_820' title='bbox 3327 4382 3422 4420; x_wconf 87' lang='lat' dir='ltr'>sex</span> <span class='ocrx_word' id='word_1_821' title='bbox 3483 4365 3684 4421; x_wconf 90' lang='lat' dir='ltr'>diebus</span> <span class='ocrx_word' id='word_1_822' title='bbox 3725 4366 3874 4422; x_wconf 85' lang='lat' dir='ltr'>fecit</span> 
     </span>
    </p>
   </div>
   <div class='ocr_carea' id='block_1_107' title="bbox 2152 4453 3868 4525">
    <p class='ocr_par' dir='ltr' id='par_1_107' title="bbox 2152 4453 3868 4525">
     <span class='ocr_line' id='line_1_107' title="bbox 2152 4453 3868 4525; baseline 0 -16"><span class='ocrx_word' id='word_1_823' title='bbox 2152 4455 2303 4509; x_wconf 90' lang='lat' dir='ltr'>Deus</span> <span class='ocrx_word' id='word_1_824' title='bbox 2332 4455 2484 4508; x_wconf 91' lang='lat' dir='ltr'>hunc</span> <span class='ocrx_word' id='word_1_825' title='bbox 2513 4453 2796 4508; x_wconf 88' lang='lat' dir='ltr'>mundum</span> <span class='ocrx_word' id='word_1_826' title='bbox 2822 4470 2836 4520; x_wconf 92' lang='lat'><strong>;</strong></span> <span class='ocrx_word' id='word_1_827' title='bbox 2870 4453 2932 4508; x_wconf 92' lang='lat' dir='ltr'>in</span> <span class='ocrx_word' id='word_1_828' title='bbox 2963 4455 3068 4508; x_wconf 90' lang='lat' dir='ltr'>hac</span> <span class='ocrx_word' id='word_1_829' title='bbox 3092 4469 3229 4524; x_wconf 91' lang='lat' dir='ltr'>ergo</span> <span class='ocrx_word' id='word_1_830' title='bbox 3278 4454 3370 4509; x_wconf 89' lang='lat' dir='ltr'>die</span> <span class='ocrx_word' id='word_1_831' title='bbox 3425 4459 3650 4509; x_wconf 89' lang='lat' dir='ltr'>tantum</span> <span class='ocrx_word' id='word_1_832' title='bbox 3681 4470 3868 4525; x_wconf 78' lang='lat' dir='ltr'>repo-</span> 
     </span>
    </p>
   </div>
   <div class='ocr_carea' id='block_1_108' title="bbox 2153 4541 3871 4615">
    <p class='ocr_par' dir='ltr' id='par_1_108' title="bbox 2153 4541 3871 4615">
     <span class='ocr_line' id='line_1_108' title="bbox 2153 4541 3871 4615; baseline 0.002 -19"><span class='ocrx_word' id='word_1_833' title='bbox 2153 4559 2289 4597; x_wconf 90' lang='lat' dir='ltr'>nere</span> <span class='ocrx_word' id='word_1_834' title='bbox 2321 4541 2616 4607; x_wconf 88' lang='lat' dir='ltr'>debemus,</span> <span class='ocrx_word' id='word_1_835' title='bbox 2652 4545 2931 4613; x_wconf 90' lang='lat' dir='ltr'>quantum</span> <span class='ocrx_word' id='word_1_836' title='bbox 2975 4542 3218 4598; x_wconf 82' lang='lat' dir='ltr'>sufﬁciat</span> <span class='ocrx_word' id='word_1_837' title='bbox 3247 4543 3310 4597; x_wconf 90' lang='lat' dir='ltr'>in</span> <span class='ocrx_word' id='word_1_838' title='bbox 3356 4543 3568 4599; x_wconf 84' lang='lat' dir='ltr'>futuro.</span> <span class='ocrx_word' id='word_1_839' title='bbox 3632 4542 3688 4598; x_wconf 90' lang='lat' dir='ltr'>Si</span> <span class='ocrx_word' id='word_1_840' title='bbox 3721 4545 3871 4615; x_wconf 89' lang='lat' dir='ltr'>quid</span> 
     </span>
    </p>
   </div>
   <div class='ocr_carea' id='block_1_109' title="bbox 2153 4630 3871 4703">
    <p class='ocr_par' dir='ltr' id='par_1_109' title="bbox 2153 4630 3871 4703">
     <span class='ocr_line' id='line_1_109' title="bbox 2153 4630 3871 4703; baseline 0 -17"><span class='ocrx_word' id='word_1_841' title='bbox 2153 4633 2307 4686; x_wconf 90' lang='lat' dir='ltr'>enim</span> <span class='ocrx_word' id='word_1_842' title='bbox 2333 4632 2427 4686; x_wconf 91' lang='lat' dir='ltr'>hic</span> <span class='ocrx_word' id='word_1_843' title='bbox 2455 4631 2591 4686; x_wconf 90' lang='lat' dir='ltr'>boni</span> <span class='ocrx_word' id='word_1_844' title='bbox 2623 4632 2812 4702; x_wconf 89' lang='lat' dir='ltr'>operis</span> <span class='ocrx_word' id='word_1_845' title='bbox 2861 4631 3146 4702; x_wconf 88' lang='lat' dir='ltr'>acquiras,</span> <span class='ocrx_word' id='word_1_846' title='bbox 3179 4631 3225 4685; x_wconf 90' lang='lat' dir='ltr'>si</span> <span class='ocrx_word' id='word_1_847' title='bbox 3265 4631 3403 4703; x_wconf 93' lang='lat' dir='ltr'>quid</span> <span class='ocrx_word' id='word_1_848' title='bbox 3450 4630 3712 4703; x_wconf 65' lang='lat' dir='ltr'>justitizn,</span> <span class='ocrx_word' id='word_1_849' title='bbox 3749 4633 3871 4687; x_wconf 86' lang='lat' dir='ltr'>mi-</span> 
     </span>
    </p>
   </div>
   <div class='ocr_carea' id='block_1_110' title="bbox 2153 4720 3874 4790">
    <p class='ocr_par' dir='ltr' id='par_1_110' title="bbox 2153 4720 3874 4790">
     <span class='ocr_line' id='line_1_110' title="bbox 2153 4720 3874 4790; baseline 0.002 -16"><span class='ocrx_word' id='word_1_850' title='bbox 2153 4720 2475 4775; x_wconf 68' lang='lat' dir='ltr'>sericordias</span> <span class='ocrx_word' id='word_1_851' title='bbox 2505 4725 2562 4774; x_wconf 88' lang='lat' dir='ltr'>et</span> <span class='ocrx_word' id='word_1_852' title='bbox 2580 4720 2809 4790; x_wconf 89' lang='lat' dir='ltr'>pietatis</span> <span class='ocrx_word' id='word_1_853' title='bbox 2852 4720 3300 4785; x_wconf 90' lang='lat' dir='ltr'>recommendas,</span> <span class='ocrx_word' id='word_1_854' title='bbox 3332 4720 3441 4775; x_wconf 88' lang='lat' dir='ltr'>hoc</span> <span class='ocrx_word' id='word_1_855' title='bbox 3503 4720 3608 4776; x_wconf 85' lang='lat' dir='ltr'>tibi</span> <span class='ocrx_word' id='word_1_856' title='bbox 3644 4721 3706 4775; x_wconf 90' lang='lat' dir='ltr'>in</span> <span class='ocrx_word' id='word_1_857' title='bbox 3770 4722 3874 4778; x_wconf 86' lang='lat' dir='ltr'>fu-</span> 
     </span>
    </p>
   </div>
   <div class='ocr_carea' id='block_1_111' title="bbox 2155 4809 3876 4881">
    <p class='ocr_par' dir='ltr' id='par_1_111' title="bbox 2155 4809 3876 4881">
     <span class='ocr_line' id='line_1_111' title="bbox 2155 4809 3876 4881; baseline 0.002 -17"><span class='ocrx_word' id='word_1_858' title='bbox 2155 4814 2287 4864; x_wconf 92' lang='lat' dir='ltr'>turo</span> <span class='ocrx_word' id='word_1_859' title='bbox 2317 4809 2427 4864; x_wconf 91' lang='lat' dir='ltr'>erit</span> <span class='ocrx_word' id='word_1_860' title='bbox 2452 4809 2630 4864; x_wconf 91' lang='lat' dir='ltr'>cibus.</span> <span class='ocrx_word' id='word_1_861' title='bbox 2666 4809 2774 4874; x_wconf 92' lang='lat' dir='ltr'>Qui</span> <span class='ocrx_word' id='word_1_862' title='bbox 2803 4809 2956 4863; x_wconf 90' lang='lat' dir='ltr'>enim</span> <span class='ocrx_word' id='word_1_863' title='bbox 2975 4809 3222 4881; x_wconf 87' lang='lat' dir='ltr'>acquirit</span> <span class='ocrx_word' id='word_1_864' title='bbox 3249 4809 3342 4864; x_wconf 88' lang='lat' dir='ltr'>hic</span> <span class='ocrx_word' id='word_1_865' title='bbox 3393 4810 3590 4864; x_wconf 88' lang='lat' dir='ltr'>decem</span> <span class='ocrx_word' id='word_1_866' title='bbox 3645 4811 3876 4868; x_wconf 83' lang='lat' dir='ltr'>talenta</span> 
     </span>
    </p>
   </div>
   <div class='ocr_carea' id='block_1_112' title="bbox 2153 4897 3875 4970">
    <p class='ocr_par' dir='ltr' id='par_1_112' title="bbox 2153 4897 3875 4970">
     <span class='ocr_line' id='line_1_112' title="bbox 2153 4897 3875 4970; baseline 0.002 -18"><span class='ocrx_word' id='word_1_867' title='bbox 2153 4899 2302 4970; x_wconf 87' lang='lat' dir='ltr'>(Luc.</span> <span class='ocrx_word' id='word_1_868' title='bbox 2321 4899 2458 4968; x_wconf 77' lang='lat' dir='ltr'>nx),</span> <span class='ocrx_word' id='word_1_869' title='bbox 2517 4897 2596 4952; x_wconf 91' lang='lat' dir='ltr'>ibi</span> <span class='ocrx_word' id='word_1_870' title='bbox 2660 4897 2898 4968; x_wconf 87' lang='lat' dir='ltr'>accipiet</span> <span class='ocrx_word' id='word_1_871' title='bbox 2939 4899 3134 4953; x_wconf 90' lang='lat' dir='ltr'>decem</span> <span class='ocrx_word' id='word_1_872' title='bbox 3183 4898 3459 4966; x_wconf 88' lang='lat' dir='ltr'>civitates,</span> <span class='ocrx_word' id='word_1_873' title='bbox 3522 4903 3728 4968; x_wconf 75' lang='lat' dir='ltr'>etquae</span> <span class='ocrx_word' id='word_1_874' title='bbox 3777 4916 3875 4956; x_wconf 86' lang='lat' dir='ltr'>se-</span> 
     </span>
    </p>
   </div>
   <div class='ocr_carea' id='block_1_113' title="bbox 2151 4987 3880 5061">
    <p class='ocr_par' dir='ltr' id='par_1_113' title="bbox 2151 4987 3880 5061">
     <span class='ocr_line' id='line_1_113' title="bbox 2151 4987 3880 5061; baseline 0.004 -22"><span class='ocrx_word' id='word_1_875' title='bbox 2151 4987 2636 5054; x_wconf 82' lang='lat' dir='ltr'>minaverithomo,</span> <span class='ocrx_word' id='word_1_876' title='bbox 2670 4987 2778 5041; x_wconf 73' lang='lat' dir='ltr'>haec</span> <span class='ocrx_word' id='word_1_877' title='bbox 2802 4991 2852 5041; x_wconf 86' lang='lat' dir='ltr'>et</span> <span class='ocrx_word' id='word_1_878' title='bbox 2895 4992 3052 5042; x_wconf 88' lang='lat' dir='ltr'>metet</span> <span class='ocrx_word' id='word_1_879' title='bbox 3101 4988 3238 5057; x_wconf 86' lang='lat' dir='ltr'>(Gal.</span> <span class='ocrx_word' id='word_1_880' title='bbox 3286 4989 3386 5059; x_wconf 70' lang='grc' dir='ltr'>γι).</span> <span class='ocrx_word' id='word_1_881' title='bbox 3427 4987 3637 5042; x_wconf 87' lang='lat' dir='ltr'>Divites</span> <span class='ocrx_word' id='word_1_882' title='bbox 3685 4989 3880 5061; x_wconf 86' lang='lat' dir='ltr'>hujus</span> 
     </span>
    </p>
   </div>
   <div class='ocr_carea' id='block_1_114' title="bbox 2153 5074 3878 5146">
    <p class='ocr_par' dir='ltr' id='par_1_114' title="bbox 2153 5074 3878 5146">
     <span class='ocr_line' id='line_1_114' title="bbox 2153 5074 3878 5146; baseline 0.001 -18"><span class='ocrx_word' id='word_1_883' title='bbox 2153 5074 2342 5129; x_wconf 68' lang='lat' dir='ltr'>szeculi</span> <span class='ocrx_word' id='word_1_884' title='bbox 2367 5091 2433 5128; x_wconf 90' lang='lat' dir='ltr'>ea</span> <span class='ocrx_word' id='word_1_885' title='bbox 2483 5074 2802 5130; x_wconf 90' lang='lat' dir='ltr'>recondunt</span> <span class='ocrx_word' id='word_1_886' title='bbox 2857 5092 2986 5146; x_wconf 64' lang='lat' dir='ltr'>quas</span> <span class='ocrx_word' id='word_1_887' title='bbox 3044 5076 3107 5130; x_wconf 94' lang='lat' dir='ltr'>in</span> <span class='ocrx_word' id='word_1_888' title='bbox 3159 5077 3268 5130; x_wconf 92' lang='lat' dir='ltr'>hoc</span> <span class='ocrx_word' id='word_1_889' title='bbox 3307 5076 3533 5140; x_wconf 71' lang='lat' dir='ltr'>saeculo,</span> <span class='ocrx_word' id='word_1_890' title='bbox 3587 5075 3705 5129; x_wconf 91' lang='lat' dir='ltr'>imo</span> <span class='ocrx_word' id='word_1_891' title='bbox 3729 5092 3878 5131; x_wconf 87' lang='lat' dir='ltr'>cum</span> 
     </span>
    </p>
   </div>
   <div class='ocr_carea' id='block_1_115' title="bbox 2150 5162 3882 5234">
    <p class='ocr_par' dir='ltr' id='par_1_115' title="bbox 2150 5162 3882 5234">
     <span class='ocr_line' id='line_1_115' title="bbox 2150 5162 3882 5234; baseline 0.002 -18"><span class='ocrx_word' id='word_1_892' title='bbox 2150 5162 2260 5216; x_wconf 90' lang='lat' dir='ltr'>hoc</span> <span class='ocrx_word' id='word_1_893' title='bbox 2299 5164 2508 5217; x_wconf 71' lang='lat' dir='ltr'>saiculo</span> <span class='ocrx_word' id='word_1_894' title='bbox 2568 5169 3060 5234; x_wconf 89' lang='lat' dir='ltr'>corrumpuntur:</span> <span class='ocrx_word' id='word_1_895' title='bbox 3109 5165 3262 5219; x_wconf 89' lang='lat' dir='ltr'>bona</span> <span class='ocrx_word' id='word_1_896' title='bbox 3313 5171 3506 5219; x_wconf 88' lang='lat' dir='ltr'>autem</span> <span class='ocrx_word' id='word_1_897' title='bbox 3564 5165 3882 5220; x_wconf 79' lang='lat' dir='ltr'>recondita</span> 
     </span>
    </p>
   </div>
   <div class='ocr_carea' id='block_1_116' title="bbox 2149 5251 3875 5323">
    <p class='ocr_par' dir='ltr' id='par_1_116' title="bbox 2149 5251 3875 5323">
     <span class='ocr_line' id='line_1_116' title="bbox 2149 5251 3875 5323; baseline 0.001 -17"><span class='ocrx_word' id='word_1_898' title='bbox 2149 5256 2492 5322; x_wconf 84' lang='lat' dir='ltr'>permanent</span> <span class='ocrx_word' id='word_1_899' title='bbox 2512 5267 2692 5323; x_wconf 87' lang='lat' dir='ltr'>usque</span> <span class='ocrx_word' id='word_1_900' title='bbox 2721 5251 2784 5306; x_wconf 90' lang='lat' dir='ltr'>in</span> <span class='ocrx_word' id='word_1_901' title='bbox 2813 5253 3141 5308; x_wconf 84' lang='lat' dir='ltr'>crastinum.</span> <span class='ocrx_word' id='word_1_902' title='bbox 3172 5252 3459 5323; x_wconf 88' lang='lat' dir='ltr'>Scriptum</span> <span class='ocrx_word' id='word_1_903' title='bbox 3507 5257 3593 5306; x_wconf 90' lang='lat' dir='ltr'>est</span> <span class='ocrx_word' id='word_1_904' title='bbox 3633 5257 3875 5308; x_wconf 86' lang='lat' dir='ltr'>autem-</span> 
     </span>
    </p>
   </div>
   <div class='ocr_carea' id='block_1_117' title="bbox 2155 5340 3880 5410">
    <p class='ocr_par' dir='ltr' id='par_1_117' title="bbox 2155 5340 3880 5410">
     <span class='ocr_line' id='line_1_117' title="bbox 2155 5340 3880 5410; baseline 0.002 -16"><span class='ocrx_word' id='word_1_905' title='bbox 2155 5340 2261 5405; x_wconf 85' lang='lat' dir='ltr'>Qui</span> <span class='ocrx_word' id='word_1_906' title='bbox 2301 5341 2540 5410; x_wconf 80' lang='lat' dir='ltr'>inﬁdeles</span> <span class='ocrx_word' id='word_1_907' title='bbox 2580 5343 2824 5409; x_wconf 85' lang='lat' dir='ltr'>fuerunt,</span> <span class='ocrx_word' id='word_1_908' title='bbox 2857 5346 3206 5397; x_wconf 82' lang='lat' dir='ltr'>servaverunt</span> <span class='ocrx_word' id='word_1_909' title='bbox 3237 5341 3303 5396; x_wconf 91' lang='lat' dir='ltr'>de</span> <span class='ocrx_word' id='word_1_910' title='bbox 3346 5357 3568 5408; x_wconf 88' lang='lat' dir='ltr'>manna,</span> <span class='ocrx_word' id='word_1_911' title='bbox 3609 5346 3660 5395; x_wconf 91' lang='lat' dir='ltr'>et</span> <span class='ocrx_word' id='word_1_912' title='bbox 3704 5342 3880 5398; x_wconf 85' lang='lat' dir='ltr'>ebul-</span> 
     </span>
    </p>
   </div>
   <div class='ocr_carea' id='block_1_118' title="bbox 2153 5429 3882 5502">
    <p class='ocr_par' dir='ltr' id='par_1_118' title="bbox 2153 5429 3882 5502">
     <span class='ocr_line' id='line_1_118' title="bbox 2153 5429 3882 5502; baseline 0.002 -20"><span class='ocrx_word' id='word_1_913' title='bbox 2153 5429 2351 5484; x_wconf 83' lang='lat' dir='ltr'>licrunt</span> <span class='ocrx_word' id='word_1_914' title='bbox 2379 5445 2448 5484; x_wconf 69' lang='lat' dir='ltr'>ex</span> <span class='ocrx_word' id='word_1_915' title='bbox 2465 5445 2523 5484; x_wconf 91' lang='lat' dir='ltr'>eo</span> <span class='ocrx_word' id='word_1_916' title='bbox 2545 5444 2747 5484; x_wconf 85' lang='lat' dir='ltr'>vermes</span> <span class='ocrx_word' id='word_1_917' title='bbox 2776 5434 2827 5485; x_wconf 89' lang='lat' dir='ltr'>et</span> <span class='ocrx_word' id='word_1_918' title='bbox 2846 5433 3214 5502; x_wconf 84' lang='lat' dir='ltr'>computruit;</span> <span class='ocrx_word' id='word_1_919' title='bbox 3267 5430 3424 5500; x_wconf 91' lang='lat' dir='ltr'>quod</span> <span class='ocrx_word' id='word_1_920' title='bbox 3482 5433 3674 5484; x_wconf 87' lang='lat' dir='ltr'>autem</span> <span class='ocrx_word' id='word_1_921' title='bbox 3717 5445 3882 5499; x_wconf 85' lang='lat' dir='ltr'>pro-</span> 
     </span>
    </p>
   </div>
   <div class='ocr_carea' id='block_1_119' title="bbox 2151 5515 3881 5590">
    <p class='ocr_par' dir='ltr' id='par_1_119' title="bbox 2151 5515 3881 5590">
     <span class='ocr_line' id='line_1_119' title="bbox 2151 5515 3881 5590; baseline 0.002 -20"><span class='ocrx_word' id='word_1_922' title='bbox 2151 5515 2243 5571; x_wconf 89' lang='lat' dir='ltr'>die</span> <span class='ocrx_word' id='word_1_923' title='bbox 2262 5515 2480 5572; x_wconf 88' lang='lat' dir='ltr'>sabbati</span> <span class='ocrx_word' id='word_1_924' title='bbox 2507 5517 2912 5588; x_wconf 86' lang='lat' dir='ltr'>reponebatur,</span> <span class='ocrx_word' id='word_1_925' title='bbox 2958 5518 3275 5590; x_wconf 85' lang='lat' dir='ltr'>permansit</span> <span class='ocrx_word' id='word_1_926' title='bbox 3322 5518 3630 5590; x_wconf 88' lang='lat' dir='ltr'>integrum.</span> <span class='ocrx_word' id='word_1_927' title='bbox 3691 5519 3759 5572; x_wconf 82' lang='lat' dir='ltr'>Et</span> <span class='ocrx_word' id='word_1_928' title='bbox 3802 5524 3881 5574; x_wconf 86' lang='lat' dir='ltr'>tu</span> 
     </span>
    </p>
   </div>
  </div>
