4064 6186
230 256 319 307 237

1354 248 1615 305 GLOSSA
1652 248 2054 305 ORDINARIA.
2093 278 2161 287 —
2205 249 2334 304 LIB.
2378 249 2584 305 EXOD.

3626 250 3732 302 238

225 389 347 444 ergo
378 372 424 426 si
446 376 684 442 propter
712 373 1055 441 praesentem
1084 368 1258 423 vitam
1306 374 1364 424 et
1411 384 1665 423 amorem
1725 368 1919 423 saeculi
1951 372 1992 425 Α
2030 368 2458 436 indignationem
2505 366 2675 436 (Psal.
2735 365 2950 436 xxxvi);
3021 366 3068 419 si
3134 366 3192 419 in
3249 365 3540 421 doloribus
3631 367 3730 434 sis,

229 462 587 527 thesaurizas,
649 458 924 513 continuo
969 474 1190 512 vermes
1237 457 1541 524 ebulliunt,
1589 458 1659 511 de
1712 457 1921 527 quibus

227 549 420 603 dicitur
472 550 581 602 Isa.
647 562 770 601 var
804 563 819 601 :
876 549 1087 603 Vermis
1130 560 1317 601 eorum
1361 561 1468 600 non
1507 548 1781 612 moritur;
1818 546 1921 600 hos

225 640 449 706 generat
479 634 718 689 avaritia
748 638 805 689 et
833 633 1165 687 divitiarum
1191 648 1336 687 caeca
1366 632 1647 703 cupiditas
1685 633 1773 687 his
1822 632 1920 704 qui

225 722 427 776 habent
459 720 789 792 pecuniam,
823 724 879 773 et
924 720 1179 774 videntes
1224 719 1285 772 in
1336 719 1672 773 necessitate
1720 720 1920 773 fratres

222 827 364 876 suos,
396 810 675 863 claudunt
700 810 916 862 viscera
968 823 1072 861 sua
1125 808 1194 861 ab
1252 806 1353 861 eis.
1416 808 1573 861 Unde
1626 809 1921 878 Apostolus

222 900 285 969 {Ij
317 902 455 953 Tim.
512 909 589 966 Vl)
652 896 910 968 przecipit
965 896 1230 952 divitibus
1277 911 1382 949 non
1430 896 1659 949 sublime
1710 912 1915 965 sapere,

222 1003 379 1056 neque
407 1002 629 1055 sperare
654 990 711 1040 in
744 988 944 1039 incerto
978 984 1321 1049 divitiarum,
1353 988 1458 1038 etc.
1487 1002 1500 1051 ;
1536 1000 1639 1038 nec
1689 985 1919 1038 aliunde

224 1076 359 1130 ﬁunt
390 1090 615 1129 vermes
648 1074 704 1127 in
736 1074 924 1139 nobis,
964 1072 1079 1127 nisi
1111 1089 1179 1127 ex
1210 1088 1442 1139 manna,
1493 1072 1551 1126 id
1602 1077 1687 1127 est
1741 1073 1917 1126 verbo

230 1164 340 1218 Dei.
397 1164 563 1217 Unde
616 1163 777 1217 Joan.
827 1178 942 1215 xv:
1003 1164 1130 1217 Nisi
1177 1163 1437 1215 venissem
1491 1165 1541 1215 et
1593 1162 1798 1216 locutus
1843 1163 1918 1215 eis

228 1254 467 1319 fuissem,
514 1256 621 1305 etc.
676 1252 810 1305 Post
862 1253 1187 1319 susceptum
1238 1265 1375 1320 ergo
1432 1249 1669 1303 verbum
1727 1248 1825 1302 Dei
1872 1250 1918 1302 si

228 1341 346 1412 quis
390 1343 609 1410 peccat,
660 1338 907 1392 efﬁcitur
947 1338 1138 1407 ipsum
1218 1337 1457 1391 verbum
1526 1335 1754 1402 vermis,
1818 1335 1917 1406 qui

229 1430 341 1499 ejus
370 1426 778 1482 conscientiam
829 1441 1055 1496 semper
1101 1424 1280 1479 fodiat
1324 1430 1377 1479 et
1426 1440 1629 1479 arcana
1675 1423 1920 1495 pectoris

236 1517 408 1571 rodet.

292 1605 455 1659 Vens.
489 1606 541 1658 6.
575 1632 643 1642 —-
674 1601 877 1671 (Ome)
915 1602 1141 1671 Vespere
1170 1602 1368 1665 scietis,
1392 1604 1497 1655 etc.
1530 1600 1625 1655 Ad
1643 1615 1918 1669 vesperam

230 1694 399 1747 scietis
426 1694 565 1761 quia
594 1706 687 1759 ego
732 1692 1030 1754 Dominus;
1080 1705 1236 1744 mane
1283 1693 1460 1744 autem
1500 1689 1755 1743 videbitis
1805 1705 1919 1743 ma-

220 1784 466 1850 jestatem
497 1782 735 1835 Domini.
780 1779 1181 1849 Respondeant
1231 1776 1380 1832 mihi
1405 1777 1587 1833 Judasi
1629 1777 1919 1847 quomodo

228 1872 623 1939 advesperam
673 1867 1036 1937 cognoscitur
1086 1866 1380 1935 Dominus,
1430 1871 1485 1920 et
1531 1881 1700 1919 mane
1736 1866 1922 1919 videa-

226 1965 311 2013 tur
339 1957 612 2027 majestas
637 1956 760 2026 ejus
784 1954 810 2008 ?
843 1955 947 2009 Ubi
976 1955 1205 2025 agnitus
1244 1960 1329 2009 est
1376 1955 1448 2009 ad
1495 1970 1812 2025 vesperam,
1866 1958 1920 2008 et

228 2048 341 2118 ejus
374 2046 646 2114 majestas
693 2044 810 2097 visa
856 2048 940 2098 est
990 2060 1156 2097 mane
1184 2044 1212 2098 ?
1252 2044 1359 2098 Sed
1410 2059 1527 2097 non
1576 2042 1921 2112 intelligitur

229 2136 327 2189 hoc
363 2133 483 2188 nisi
512 2133 577 2186 in
602 2133 901 2201 Evangelia
931 2134 1155 2202 (Matth.
1189 2136 1395 2198 xxvm),
1428 2131 1488 2184 in
1519 2147 1633 2202 quo
1686 2144 1919 2199 vespere

227 2222 439 2280 sabbati
506 2220 609 2292 qui
661 2222 876 2274 lucescit
921 2223 981 2274 in
1023 2223 1211 2289 prima
1265 2220 1483 2274 sabbati
1535 2220 1684 2273 venit
1738 2219 1921 2273 Maria

224 2307 549 2375 Magdalene
578 2311 629 2360 et
658 2309 832 2361 altera
859 2309 1038 2361 Maria
1067 2308 1141 2361 ad
1169 2308 1494 2377 sepulcrum,
1523 2310 1573 2360 et
1600 2307 1919 2359 invenerunt

224 2398 458 2468 lapidem
486 2398 789 2451 revolutum
812 2413 847 2451 a
873 2402 1228 2464 monumento,
1264 2402 1420 2451 terra
1456 2400 1657 2450 motum
1686 2396 1918 2461 factum,

224 2493 272 2540 et
315 2490 704 2539 monumenta
751 2488 945 2553 aperta
993 2499 1135 2549 esse,
1182 2487 1237 2537 et
1279 2484 1675 2538 centurionem
1724 2486 1781 2536 et
1826 2497 1919 2535 cu-

220 2572 400 2626 stodes
432 2572 685 2641 sepulcri
739 2572 1036 2626 dicentes:
1093 2573 1226 2626 Vere
1270 2572 1356 2625 hic
1400 2573 1572 2626 Filius
1622 2572 1730 2625 Dei
1766 2573 1907 2624 erat.

214 2659 457 2729 Agnitus
485 2665 573 2713 est
602 2660 660 2713 in
692 2659 799 2713 hoc
839 2674 1067 2729 vespere
1105 2658 1404 2727 Dominus,
1451 2658 1587 2729 quia
1631 2656 1755 2728 ipse
1806 2657 1915 2710 Do-

220 2749 405 2801 minus
436 2752 564 2801 erat
592 2764 606 2800 :
638 2748 866 2817 agnitus
894 2752 978 2801 est
1015 2747 1075 2800 in
1107 2746 1314 2800 virtute
1361 2745 1807 2807 resurrectionis,
1859 2746 1917 2797 et

218 2850 381 2888 mane
412 2834 605 2905 gloria
630 2833 752 2903 ejus
780 2832 899 2887 visa
947 2836 1050 2887 est.
1103 2832 1243 2887 Cum
1285 2832 1573 2886 venissent
1602 2833 1729 2886 alias
1786 2846 1912 2885 mu-

2031 461 2189 511 sanat
2245 460 2321 522 te,
2378 456 2615 510 dicens:
2680 456 2939 509 Dominus
3012 459 3174 509 sanat
3248 455 3535 523 languores
3615 459 3732 509 tuos

2029 561 2205 600 omnes
2228 546 2456 615 (Matth.
2488 546 2604 614 1v);
2642 544 2689 597 si
2719 547 3054 614 paupertate
3103 545 3476 609 consumeris,
3524 560 3727 598 conso-

2029 634 2199 687 lando
2238 634 2374 688 dicit
2407 649 2422 687 :
2454 636 2712 688 Dominus
2752 633 2952 687 allevat
2992 632 3056 686 de
3110 636 3256 687 terra
3298 635 3533 701 inopem,
3572 636 3622 686 et
3665 632 3731 686 de

2050 728 2279 777 stercore
2307 724 2470 789 erigit
2524 737 2816 790 pauperem
2859 720 2999 789 (Pal.
3056 722 3205 787 cxu).
3249 721 3306 775 Si
3359 721 3487 790 quis
3537 725 3729 775 tamen

2030 810 2337 865 inﬁdeliter
2410 811 2667 879 suscipit,
2734 825 2839 863 nec
2908 809 3173 873 comedit,
3249 809 3344 863 sed
3406 808 3723 876 abscondit,

2032 913 2247 950 vermes
2276 914 2345 951 ex
2372 913 2438 951 eo
2465 897 2764 951 ebulliunt.
2800 898 2913 950 Nec
2942 897 3187 950 turben-is
3220 896 3265 949 si
3297 897 3364 950 ad
3417 896 3525 950 hoc
3569 896 3727 950 duci-

2028 990 2122 1039 tur
2153 986 2389 1039 verbum
2424 986 2543 1047 Dei,
2576 991 2639 1039 ut
2670 990 2903 1054 putetur
2931 984 3056 1037 ﬁeri
3104 985 3348 1050 vermis;
3402 983 3524 1054 ipse
3569 985 3726 1039 enim

2028 1074 2108 1127 ait
2140 1089 2152 1126 :
2186 1075 2298 1140 Ego
2335 1088 2453 1128 sum
2483 1076 2697 1138 vermis,
2730 1078 2779 1127 et
2808 1088 2912 1127 non
2961 1074 3111 1127 homo
3159 1074 3322 1141 (Psal.
3379 1072 3514 1142 XXI.)
3569 1072 3729 1127 Sicut

2028 1161 2185 1215 enim
2215 1162 2335 1230 ipse
2361 1168 2443 1214 est
2475 1162 2571 1230 qui
2604 1162 2667 1214 ﬁt
2697 1161 2823 1213 aliis
2853 1161 2910 1213 in
2952 1161 3192 1220 ruinam,
3246 1159 3373 1213 aliis
3424 1165 3616 1214 autem
3664 1160 3727 1215 in

2027 1250 2500 1303 resurrectionem
2533 1251 2683 1317 (Luc.
2720 1250 2773 1317 η)
2801 1265 2813 1314 ;
2847 1249 2923 1301 ita
2952 1253 3005 1302 et
3028 1250 3145 1318 ipse
3177 1252 3260 1301 est
3290 1248 3391 1318 qui
3417 1247 3477 1301 in
3509 1263 3718 1302 manna

2028 1337 2292 1392 ﬁdelibus
2317 1338 2552 1391 dulcedo
2583 1337 2790 1401 mellis,
2830 1336 3156 1391 inﬁdelibus
3202 1336 3409 1389 vermis
3459 1336 3724 1390 efﬁcitur.

2030 1426 2153 1496 Ipse
2185 1431 2270 1479 est
2298 1426 2452 1479 enim
2482 1441 2670 1479 sermo
2702 1424 2800 1478 Dei
2832 1424 2931 1493 qui
2970 1424 3303 1495 iniquorum
3352 1429 3570 1477 mentes
3628 1440 3725 1478 ar—

2027 1514 2153 1584 guit
2176 1518 2230 1568 et
2257 1515 2673 1568 correctionum
2726 1513 2956 1583 spiculis
3002 1512 3405 1566 conscientiam
3455 1511 3720 1567 terebrat.

2034 1603 2156 1672 Ipse
2181 1606 2263 1655 est
2293 1602 2447 1656 enim
2478 1602 2577 1671 qui
2608 1600 2854 1653 efﬁcitur
2879 1600 2959 1653 eis
2983 1600 3190 1670 quibus
3238 1599 3424 1668 aperit
3465 1598 3725 1668 Scriptu—

2033 1705 2123 1743 ras
2183 1689 2352 1760 ignis,
2414 1689 2511 1759 qui
2566 1687 2799 1743 dicunt:
2856 1689 3038 1742 Nonne
3087 1703 3177 1741 cor
3229 1691 3473 1741 nostrum
3526 1686 3723 1741 ardens

2030 1782 2148 1833 erat
2176 1780 2233 1831 in
2261 1778 2413 1833 nobis
2438 1778 2464 1831 ?
2491 1782 2600 1832 etc.
2647 1779 2791 1845 (Luc.
2822 1778 2993 1844 xxiv.)
3026 1777 3165 1829 Aliis
3195 1776 3345 1845 ignis
3375 1780 3482 1844 est,
3515 1774 3723 1845 quibus

2031 1870 2250 1921 cremat
2324 1866 2518 1935 spinas
2583 1865 2651 1918 de
2726 1868 2879 1917 terra
2942 1864 3114 1929 mala,
3193 1863 3249 1916 id
3324 1868 3425 1930 est,
3503 1862 3722 1931 cogita-

2029 1954 2216 2008 tiones
2244 1953 2305 2007 in
2333 1954 2503 2007 corde
2533 1952 2850 2007 consumit:
2885 1956 2941 2005 et
2972 1951 3100 2005 ideo
3121 1951 3517 2021 peccatoribus
3535 1965 3723 2020 neque

2029 2031 2240 2096 vermis
2269 2057 2511 2111 arguens
2534 2056 2785 2111 unquam
2808 2040 3072 2108 moritur,
3093 2056 3281 2110 neque
3302 2039 3454 2109 ignis
3476 2054 3719 2093 exurens

2030 2130 2412 2201 exstinguitur
2470 2149 2486 2185 :
2529 2130 2698 2201 justis
2754 2133 2946 2183 autem
2997 2134 3051 2182 et
3105 2128 3373 2182 ﬁdelibus
3422 2130 3725 2199 permanet

2029 2221 2208 2276 dulcis
2239 2225 2293 2274 et
2323 2220 2525 2274 suavis.
2564 2220 2722 2274 Unde
2770 2218 2980 2274 dicitur
3026 2219 3169 2289 psal.
3219 2234 3437 2273 xxxm:
3492 2218 3721 2273 Gustate

2029 2314 2080 2364 et
2108 2308 2301 2375 videte,
2335 2313 2443 2362 etc.

2101 2397 2306 2466 (01:16.,
2364 2396 2460 2450 ubi
2511 2395 2724 2465 supra.)
2763 2395 2885 2450 Alia
2924 2394 3150 2448 littera:
3214 2396 3439 2462 Vespere
3480 2393 3722 2448 mandu-

2028 2486 2220 2540 cabitis
2246 2499 2451 2547 carnes,
2506 2489 2556 2538 et
2613 2500 2770 2538 mane
2822 2483 3165 2553 replebimini
3208 2482 3465 2551 panibus.
3523 2482 3724 2535 Dicant

2026 2573 2207 2629 Judaei
2239 2589 2368 2645 quas
2397 2572 2807 2643 consequentia
2838 2572 2927 2637 sit,
2971 2576 3034 2625 ut
3076 2586 3307 2642 vespere
3358 2586 3554 2624 carnes
3599 2570 3721 2623 sine

2026 2662 2273 2733 panibus
2305 2661 2624 2728 comedent,
2660 2666 2760 2715 aut
2796 2675 2964 2714 mane
3009 2675 3185 2730 panes
3227 2659 3347 2712 sine
3380 2655 3725 2728 pulmento?

1994 2748 1999 2753 ”
2027 2751 2166 2821 quid
2196 2750 2255 2803 in
2286 2750 2394 2803 hoc
2414 2749 2592 2803 divini
2613 2749 2887 2812 muneris,
2910 2748 3046 2818 quid
3064 2746 3505 2816 temperamenti
3521 2745 3722 2815 gratiae

2026 2838 2266 2893 caelestis
2291 2836 2613 2892 ostenditur
2635 2837 2663 2890 ‘l
2689 2838 2801 2890 Hoc
2824 2840 2926 2903 est,
2959 2836 3019 2889 in
3053 2851 3165 2905 quo
3195 2851 3509 2906 agnoscere
3543 2836 3722 2888 Deum

218 2923 379 2977 lieres
426 2921 621 2991 prima
679 2920 897 2975 sabbati
941 2920 1103 2974 valde
1151 2936 1345 2989 mane,
1402 2921 1748 2975 invenerunt
1811 2935 1974 2992 an-c
2021 2930 2277 2998 possunt,
2315 2925 2415 2996 qui
2453 2940 2649 2977 carnes
2687 2924 2748 2977 in
2790 2940 3024 2994 vespera
3077 2924 3197 2976 sine
3240 2923 3486 2993 panibus
3535 2938 3726 2976 come-

225 3012 375 3081 gelos
406 3020 542 3065 cum
570 3011 793 3081 ingenti
838 3010 1092 3066 claritate
1141 3011 1407 3065 sedentes
1455 3010 1525 3065 ad
1565 3011 1915 3080 sepulcrum,

224 3106 275 3154 et
318 3100 628 3155 dicentes:
675 3102 793 3157 Non
844 3104 922 3154 est
976 3101 1083 3165 hic,
1139 3099 1235 3154 sed
1283 3103 1528 3154 surrexit
1583 3116 1618 3154 a
1669 3100 1917 3154 mortuis.

232 3190 416 3242 Venite
443 3192 499 3242 et
522 3187 702 3242 videte
732 3189 921 3253 locum,
955 3192 1061 3241 etc.
1096 3186 1246 3255 (Luc.
1278 3190 1445 3257 xxxv.)
1486 3189 1616 3242 Visa
1649 3191 1736 3243 est
1783 3203 1921 3258 ergo

227 3278 495 3346 majestas
525 3275 647 3344 ejus
680 3290 869 3335 mane,
905 3273 1043 3345 quia
1068 3278 1122 3328 et
1148 3290 1252 3345 per
1292 3275 1527 3345 angelos
1583 3274 1921 3331 resurrectio

229 3363 495 3416 nuntiata
524 3366 629 3416 est.

290 3452 461 3505 Vsus.
499 3453 658 3504 7-H.
700 3478 769 3490 —-
812 3451 920 3507 Nos
967 3464 1090 3504 vero
1139 3450 1274 3518 quid
1318 3465 1523 3519 sumus,
1571 3455 1678 3505 etc.
1729 3451 1923 3523 (Ana,

222 3545 415 3609 quaest.
449 3542 519 3593 59
548 3541 613 3592 in
640 3538 802 3593 Exod
830 3578 845 3605 ,
876 3542 1016 3593 tom.
1055 3539 1181 3608 Ill.)
1216 3540 1337 3593 Non
1366 3543 1591 3594 tantum
1624 3555 1683 3592 se
1737 3539 1926 3594 valere

223 3633 512 3699 quantum
555 3628 734 3680 Deum
766 3627 1091 3693 voluerunt,
1142 3630 1270 3694 etc.,
1322 3642 1491 3695 usque
1533 3627 1607 3681 ad
1652 3625 1927 3697 Spiritum

225 3729 492 3771 sanctum
522 3718 705 3770 Deum
736 3731 856 3769 esse
887 3715 1224 3770 monstravit
1253 3716 1630 3788 subjungens,
1681 3718 1802 3771 Act.
1856 3731 1924 3769 v:

231 3806 345 3861 Non
372 3804 684 3859 hominibus
714 3805 969 3858 mentitus
1000 3817 1072 3865 es,
1108 3804 1204 3859 sed
1233 3806 1353 3859 Deo.

294 3893 461 3945 Vens.
524 3893 712 3945 12-13.
760 3919 833 3932 —
882 3892 1110 3960 Vespere
1147 3878 1427 3946 comedetis
1477 3906 1683 3947 carnes.
1720 3892 1929 3962 (ORIG.,

232 3986 289 4034 ut
317 3980 534 4049 supra.)
570 3978 856 4034 Moraliter
883 3978 1206 4050 intelligere
1254 3996 1555 4050 possumus
1604 3980 1761 4051 quod
1802 3979 1935 4035 uni-

229 4069 440 4139 cuique
477 4071 735 4121 nostrum
778 4082 947 4121 mane
1003 4070 1088 4121 est
1140 4072 1196 4121 et
1250 4067 1481 4122 initium
1531 4068 1663 4133 diei,
1708 4073 1935 4139 tempus

230 4174 346 4227 quo
374 4156 638 4229 primum
665 4154 1064 4210 illuminamur
1088 4160 1146 4210 et
1170 4156 1242 4210 ad
1267 4156 1453 4210 lucem
1500 4157 1632 4211 ﬁdei
1674 4156 1933 4211 accendi-

234 4260 381 4298 mur.
429 4245 498 4298 In
548 4243 656 4296 hoc
700 4246 962 4313 tempore
1009 4258 1207 4297 carnes
1251 4243 1411 4298 verbi
1467 4260 1585 4299 non
1634 4260 1938 4315 possumus

231 4331 428 4398 edere,
484 4330 543 4384 id
599 4333 703 4396 est,
758 4331 1024 4400 perfectae
1080 4329 1352 4386 doctrinm
1402 4347 1632 4403 capaces
1681 4331 1938 4386 nondum

228 4436 478 4486 sumus;
532 4418 632 4473 sed
673 4424 803 4489 post
848 4420 1017 4489 longa
1076 4419 1369 4487 exercitia,
1425 4425 1553 4491 post
1619 4421 1939 4492 profectum

236 4508 580 4578 plurimum,
614 4522 745 4561 cum
764 4507 887 4577 jam
916 4508 1160 4579 proximi
1189 4524 1388 4563 sumus
1427 4510 1499 4564 ad
1534 4525 1853 4581 vesperam,
1882 4508 1942 4563 id

232 4602 319 4650 est
370 4595 742 4666 perfectionis
779 4596 975 4663 ﬁdem,
1030 4602 1165 4652 tunc
1212 4598 1499 4653 solidioris
1545 4598 1653 4653 cibi
1710 4614 1941 4669 capaces

232 4684 545 4740 efﬁcimur.
597 4684 951 4739 Festinemus
980 4701 1117 4757 ergo
1166 4702 1379 4740 manna
1426 4688 1732 4757 suscipere,
1788 4687 1941 4758 quod

230 4778 409 4845 prout
466 4773 591 4827 vult
646 4772 890 4845 quisque
945 4790 1207 4845 saporem
1262 4775 1413 4830 redit
1479 4775 1539 4829 in
1597 4792 1713 4829 ore.
1785 4775 1942 4830 Unde

228 4863 430 4917 Matth.
484 4878 582 4915 ix:
642 4863 771 4916 Fiat
832 4862 935 4916 tibi
990 4863 1282 4918 secundum
1339 4863 1499 4933 ﬁdem
1547 4868 1711 4919 tuam.
1770 4866 1835 4918 Et
1881 4868 1943 4919 tu

227 4966 388 5021 ergo,
423 4949 476 5003 si
496 4948 739 5004 verbum
792 4949 893 5003 Dei
956 4950 1113 5020 quod
1170 4950 1230 5003 in
1279 4951 1524 5005 Ecclesia
1577 4946 1951 5022 prmdicatur,’

229 5043 348 5092 tota
378 5037 499 5092 ﬁde
531 5040 589 5091 et
614 5036 914 5091 devotione
945 5036 1237 5107 suscipias,
1270 5038 1370 5093 ﬁat
1410 5039 1513 5093 tibi
1560 5040 1945 5110 quodcunque

228 5125 545 5179 desideras.
590 5124 648 5179 Si
688 5124 999 5192 tribularis,
1050 5126 1380 5180 consolatur
1422 5131 1499 5193 te,
1551 5126 1743 5180 dicens
1780 5142 1793 5179 :
1846 5128 1948 5183 Cor

230 5216 533 5269 contritum
573 5217 623 5266 et
662 5213 1009 5268 humiliatum
1031 5214 1178 5269 Deus
1214 5230 1323 5269 non
1376 5217 1585 5284 spernit
1632 5216 1802 5285 (Psal.
1850 5215 1942 5284 L);

239 5302 284 5355 si
314 5303 538 5357 laetaris
578 5316 684 5371 pro
713 5317 813 5371 spe
838 5300 1051 5369 futura,
1084 5303 1339 5357 cumulat
1354 5302 1457 5357 tibi
1478 5302 1705 5374 gaudia,
1735 5303 1943 5357 dicens:

237 5390 539 5446 thamini
574 5393 635 5444 in
686 5392 916 5445 Domino
949 5394 1000 5445 et
1043 5393 1329 5456 exsultate,
1368 5392 1512 5462 justi
1537 5392 1704 5461 (Psal.
1755 5394 1901 5460 xxxi)
1934 5411 1949 5458 ;

240 5479 287 5532 si
308 5479 631 5536 iracundus
672 5494 754 5545 es,
796 5477 976 5533 dicit:
1038 5480 1236 5555 Desine
1277 5480 1345 5535 ab
1384 5483 1493 5546 ira,
1540 5484 1591 5535 et
1643 5479 1951 5549 derelinque

2029 3015 2187 3079 dunt,
2223 3018 2281 3068 et
2310 3012 2665 3083 majestatem
2698 3011 2799 3066 Dei
2829 3028 3105 3083 apparere
3141 3012 3358 3077 dicunt,
3410 3012 3456 3065 si
3496 3025 3724 3065 rursum

2028 3119 2204 3173 panes
2231 3101 2352 3156 sine
2397 3100 2663 3155 carnibus
2710 3099 3126 3154 comedantur?
3173 3103 3397 3153 servent
3444 3099 3550 3153 sibi
3594 3099 3721 3164 ista,

2031 3192 2119 3246 his
2148 3190 2249 3262 qui
2287 3190 2708 3260 acquiescentes
2754 3189 2931 3256 vobis,
2982 3188 3042 3241 in
3092 3187 3479 3242 coturnicibus
3517 3190 3725 3257 putant

2033 3278 2266 3352 agnosci
2297 3280 2505 3345 Deum;
2547 3294 2653 3332 nos
2683 3282 2891 3342 autem,
2929 3277 3137 3347 quibus
3182 3276 3242 3331 in
3280 3276 3394 3331 ﬁne
3427 3276 3494 3331 ad
3528 3291 3724 3347 vespe-

2033 3385 2159 3424 ram
2188 3367 2391 3422 mundi
2414 3366 2663 3421 Verbum
2708 3370 2793 3420 est
2823 3382 2952 3420 caro
2981 3365 3215 3431 factum,
3260 3364 3321 3418 in
3358 3364 3453 3419 illa
3493 3366 3727 3433 Itantum

2034 3473 2204 3513 carne
2227 3455 2453 3526 agnosci
2486 3454 2728 3510 dicimus
2778 3456 2979 3523 Deum,
3026 3470 3199 3524 quem
3240 3452 3487 3524 suscepit
3514 3469 3583 3507 ex
3606 3452 3729 3505 Vir-

2036 3547 2166 3617 gine
2201 3561 2213 3599 :
2255 3545 2357 3598 has
2396 3543 2551 3599 enim
2582 3542 2751 3597 Verbi
2784 3544 2883 3597 Dei
2911 3559 3108 3596 carnes
3134 3558 3318 3612 neque
3348 3558 3515 3596 mane
3543 3557 3731 3613 neque

2036 3632 2275 3689 meridie
2306 3632 2435 3703 quis
2461 3630 2842 3695 manducavit,
2877 3631 2975 3684 sed
3015 3631 3084 3683 ad
3134 3645 3427 3699 vesperam
3463 3645 3475 3683 :
3516 3629 3733 3684 adven-

2035 3725 2131 3777 tus
2178 3719 2333 3774 enim
2378 3718 2607 3773 Domini
2651 3719 2711 3772 in
2760 3733 2927 3771 carne
2970 3717 3038 3772 ad
3075 3733 3368 3787 vesperam
3417 3717 3596 3771 factus
3625 3721 3732 3785 est,

2039 3811 2186 3865 sicut
2214 3813 2271 3863 et
2318 3809 2564 3863 Joannes
2609 3806 2746 3862 dicit
2786 3822 2799 3859 :
2868 3807 3051 3865 Pueri,
3118 3808 3413 3859 novissima
3466 3806 3600 3860 hora
3657 3810 3737 3860 est

2043 3899 2083 3969 (Ι
2129 3900 2282 3951 Joan.
2343 3896 2427 3963 ιι).
2471 3923 2544 3937 -
2597 3896 2772 3960 Mane,
2822 3893 3026 3964 inquit,
3095 3894 3433 3962 replebimini
3474 3895 3729 3962 panibus.

2044 3986 2216 4041 Nobis
2261 4000 2398 4055 ergo
2446 3983 2612 4053 panis
2672 3983 2921 4036 Verbum
2972 3982 3071 4035 Dei
3120 3987 3243 4035 est:
3294 3983 3414 4049 Ipse
3449 3987 3529 4035 est
3574 3984 3739 4050 panis

2041 4074 2227 4143 vivus:
2257 4075 2354 4142 qui
2419 4071 2486 4127 de
2537 4073 2664 4126 ccelo
2708 4070 3001 4136 descendit,
3058 4074 3108 4123 et
3159 4069 3259 4123 dat
3298 4071 3471 4123 vitam
3541 4068 3741 4123 mundo

2046 4162 2221 4234 (Joan.
2251 4160 2349 4231 v1.)
2380 4160 2487 4215 Sed
2515 4160 2667 4230 quod
2726 4159 2863 4214 dicit
2926 4175 3092 4212 mane
3140 4157 3263 4212 dari
3311 4156 3463 4210 hunc
3508 4172 3738 4227 panem,

2048 4266 2179 4305 cum
2208 4250 2534 4304 incarnatus
2565 4249 2640 4302 sit
2675 4248 2747 4302 ad
2802 4263 3119 4318 vesperam,
3169 4247 3247 4301 sic
3302 4246 3743 4317 intelligendum

2050 4342 2137 4393 est
2166 4338 2321 4409 quod
2351 4337 2424 4391 ad
2453 4352 2746 4406 vesperam
2778 4336 2982 4390 mundi
3005 4341 3062 4389 et
3103 4351 3282 4407 prope
3328 4335 3505 4389 ﬁnem
3551 4333 3745 4388 Domi-

2050 4440 2159 4479 nus
2187 4422 2435 4489 venerit;
2477 4424 2576 4477 sed
2607 4424 2851 4477 adventu
2901 4439 3026 4489 suo,
3071 4438 3202 4475 cum
3252 4422 3323 4475 sit
3370 4421 3454 4475 sol
3488 4420 3743 4491 justitiae,

2052 4529 2262 4567 novum
2309 4527 2478 4567 mane
2530 4512 2892 4567 credentibus
2941 4510 3305 4577 restauravit;
3350 4525 3584 4577 novum,
3641 4508 3746 4562 sci-

2052 4600 2186 4655 licet
2211 4599 2463 4654 scieutize
2491 4600 2703 4667 lumen,
2742 4600 2801 4653 in
2848 4614 2962 4669 quo
3002 4599 3296 4667 replentur
3339 4597 3603 4667 panibus,
3648 4596 3748 4666 qui

2054 4691 2426 4758 susceperunt
2455 4691 2745 4757 praecepta
2770 4686 2912 4755 ejus.
2955 4687 3067 4739 Nec
3096 4684 3320 4738 mireris
3351 4684 3486 4753 quia
3511 4684 3749 4737 verbum

2054 4776 2260 4831 dicitur
2289 4779 2345 4830 et
2373 4774 2502 4830 caro
2534 4774 2653 4844 Dei,
2688 4778 2744 4829 et
2774 4773 2957 4845 panis,
2993 4778 3047 4827 et
3088 4774 3172 4827 lac
3218 4772 3426 4827 dicitur
3464 4775 3520 4825 et
3572 4771 3748 4838 olera,

2054 4870 2112 4920 et
2138 4880 2241 4935 pro
2272 4879 2539 4918 mensura
2571 4862 2948 4923 credentium,
3004 4867 3060 4915 et
3107 4859 3486 4930 possibilitate
3528 4876 3754 4915 sumen-

2054 4951 2201 5005 tium
2250 4950 2467 5005 diverse
2523 4950 2885 5004 nominatur.
2950 4947 3046 5001 Vel
3097 4950 3222 5018 post
3279 4946 3753 5001 resurrectionem

2055 5054 2225 5093 mane
2255 5039 2460 5093 factam
2493 5039 2789 5092 credentes
2819 5035 3061 5106 replevit
3088 5034 3352 5104 panibus,
3400 5034 3536 5105 quia
3583 5034 3755 5089 libros

2055 5129 2198 5198 legis
2230 5133 2285 5182 et
2305 5129 2710 5200 prophetarum
2740 5126 2900 5197 prius
2930 5126 3161 5195 ignotos
3204 5123 3276 5178 ad
3319 5124 3753 5179 instructionem

2060 5216 2322 5271 Ecclesia:
2352 5216 2643 5282 concessit,
2695 5220 2752 5269 et
2803 5214 2924 5285 ipse
2979 5214 3042 5267 ﬁt
3098 5213 3262 5284 panis
3310 5212 3370 5266 in
3423 5212 3752 5283 Evangelio,

2057 5305 2248 5359 caeteri
2276 5320 2409 5357 vero
2431 5304 2564 5357 libri
2612 5302 2756 5373 legis
2800 5308 2857 5356 et
2901 5301 3314 5373 prophetarum
3357 5300 3445 5356 vel
3480 5301 3754 5357 historia-

2059 5408 2187 5446 rum
2220 5393 2412 5463 plures
2438 5407 2613 5461 panes
2656 5390 2938 5458 dicantur,
2992 5389 3199 5460 quibus
3250 5389 3582 5461 repleantur
3633 5404 3754 5444 creo

2064 5481 2262 5537 dentes
2290 5496 2359 5535 ex
2392 5479 2679 5552 gentibus.
2716 5479 2873 5535 Unde
2904 5496 2917 5533 :
2958 5478 3265 5534 Ascendent
3301 5481 3359 5533 in
3406 5484 3656 5546 montem,
3705 5480 3757 5530 et
