4052 6180
289 330 392 384 239

290 455 469 509 bibent
496 452 702 513 vinum,
762 443 1030 510 unguento
1077 436 1362 502 ungentur.
1420 427 1509 482 Sic
1553 440 1686 494 ergo
1747 433 1970 488 compe-
1996 419 2044 472 Α
2079 417 2204 469 tum
2228 414 2389 507 potes

904 306 1302 367 WALAFRIDI
1341 302 1584 359 STRABI
1627 299 1822 354 FULD.
1868 293 2027 349 MON.
2067 289 2217 346 OPP.
2259 284 2441 342 PARS
2478 284 2523 338 Ι.
2563 309 2630 319 -
2669 272 3120 334 THEOLOGICA.

3675 265 3776 315 240

2395 413 2434 474 t,
2467 421 2538 459 ne
2569 401 2707 474 quid
2735 398 3118 454 indiscussum
3161 390 3468 461 relinquat,
3523 403 3596 441 ne
3645 402 3777 442 cum

290 487 469 509 υιυειιυ
501 487 702 513 Vol-unc,
765 487 1022 510 νυν-υπ-.--,
1081 487 1177 502 ,ην
1619 487 1647 494 v
1885 487 1894 488 ὲ

289 547 478 598 tenter
542 550 738 591 carnes
803 531 869 585 ad
915 539 1208 596 vesperam
1273 516 1583 587 accipimus
1633 516 1690 566 et
1734 507 1977 580 panibus
2083 516 2200 556 non
2231 497 2426 570 possit,
2461 494 2676 548 discere
2706 487 2960 558 incipiat.

2157 590 2197 598 ·’
2359 588 2422 598 ΑΛ
2603 579 2703 598 n-_1
2755 578 2960 598 j:____---..

291 645 461 686 mane
490 626 781 696 replemur
813 636 825 672 :
862 616 998 688 quia
1021 627 1126 666 nec
1159 611 1487 680 poteramus
1541 614 1706 655 mane
1751 609 1977 650 carnem

293 721 481 775 edere,
539 711 792 766 nondum
835 705 988 760 enim
1047 703 1169 753 erat
1223 702 1486 763 tempus;
1545 704 1648 743 nec
1718 683 1974 748 meridie,

291 809 383 863 vix
415 805 569 860 enim
604 797 791 870 angeli
823 795 998 850 edunt
1029 802 1226 843 carnes
1255 781 1508 854 imeridie
1553 781 1608 831 et
1650 776 1734 829 illi
1779 774 1977 827 fortas-

295 898 369 952 sis
396 891 585 948 ordini
619 868 996 942 meridiauum
1030 884 1248 945 tempus
1280 868 1624 926 conceditur.

370 985 444 1039 Et
464 994 637 1035 mane.
673 977 831 1030 Nono
866 970 958 1024 die
991 965 1224 1037 quando
1281 957 1555 1021 Christus,
1606 953 1688 1007 sol
1721 950 1978 1022 justitiae,

297 1074 537 1129 adventu
571 1082 672 1120 suo
703 1055 1064 1116 credentibus
1097 1049 1382 1122 reparavit
1409 1044 1650 1115 perdita.

367 1121 544 1230 (ιέῖιέ.)
597 1156 702 1208 Per
759 1149 1052 1202 volucrum
1096 1121 1248 1197 escas
1300 1135 1580 1204 ﬁguratur
1653 1121 1982 1196 praedicatio

299 1249 572 1307 divinitus
612 1241 802 1302 missa,
849 1251 978 1307 quae
1029 1224 1366 1286 transcurrit
1413 1236 1516 1291 per
1559 1216 1728 1270 verba
1769 1226 1982 1264 sonan-

295 1341 394 1404 tia,
418 1333 582 1408 quasi
622 1345 726 1400 per
772 1339 962 1380 aerem
991 1316 1242 1373 volatilia
1278 1313 1549 1383 pennata,
1581 1305 1787 1375 quibus
1809 1299 1987 1400 perﬁ-

298 1387 455 1485 dem1
481 1422 808 1494 pascuntur,
859 1411 959 1482 qui
1003 1409 1070 1462 ad
1120 1401 1363 1475 patriam
1410 1397 1694 1450 caelestem
1731 1387 1985 1460 proﬁcis-

297 1480 523 1572 cuntur.
552 1507 652 1562 Vel
685 1480 894 1558 veteris
929 1496 1074 1567 legis
1117 1490 1366 1561 eloquia,
1409 1500 1537 1555 quae
1583 1480 1813 1572 plebem
1866 1490 1988 1572 car-

298 1605 487 1660 nalem
519 1603 794 1670 tanquam
817 1604 986 1643 carne
1017 1583 1203 1638 alebat
1230 1593 1331 1648 per
1365 1574 1538 1628 verba
1567 1566 1834 1624 dirinitus
1864 1562 1990 1616 mis-

301 1709 382 1757 sa,
418 1685 580 1760 quasi
608 1697 711 1752 per
738 1676 1010 1732 volatilia.
1046 1670 1204 1725 Unde
1232 1672 1288 1719 et
1334 1675 1565 1731 vespere

304 1741 505 1835 onusta
531 1768 833 1827 carnaliter
870 1763 982 1817 illis
1027 1770 1290 1813 concessa
1337 1752 1513 1804 ﬁnem
1561 1749 1724 1800 erant
1762 1741 1990 1796 habitu-

304 1829 713 1922 raiilﬁanifesto
742 1859 935 1908 autem
965 1847 1183 1904 lumine
1214 1842 1346 1898 ﬁdei
1377 1841 1543 1894 datur
1569 1849 1808 1922 manna,
1841 1829 1990 1900 quod

307 1958 390 2008 est
413 1950 692 2014 Christus,
723 1945 884 2013 panis
907 1939 1117 1994 scilicet
1170 1938 1326 1987 vivus
1359 1930 1454 1998 qui
1500 1927 1565 1980 de
1606 1924 1728 1977 caelo
1775 1921 1991 1974 descen-

307 2043 390 2096 dit
430 2041 606 2107 (Joan.
667 2033 763 2101 vn),
823 2027 922 2099 qui
983 2040 1086 2097 per
1133 2021 1312 2075 nubes
1371 2012 1724 2084 evangelicas
1769 2007 1995 2062 univer-

308 2094 382 2183 so
401 2094 527 2180 orbi
552 2094 772 2194 pluitur
806 2094 1119 2181 :inon—jam
1146 2101 1532 2162 murmuranti
1559 2103 1615 2152 et
1641 2095 1843 2151 tentati
1886 2094 1996 2163 Sy-

307 2187 572 2284 nagogai;
603 2207 702 2261 sed
732 2199 984 2258 credenti
1013 2202 1068 2250 et
1096 2192 1345 2266 speranti
1374 2187 1655 2245 Ecclesiae.

379 2273 542 2356 lienis.
601 2295 683 2349 14.
744 2320 814 2332 -
859 2291 922 2344 In
981 2283 1394 2340 similitudinem
1431 2278 1645 2347 pruinae
1689 2285 1850 2340 super
1897 2273 2000 2322 ter-

309 2405 448 2444 ram.
485 2383 693 2440 Pruina
721 2377 1005 2433 Christum
1050 2370 1335 2440 signiﬁcat
1369 2383 1381 2419 :
1434 2377 1645 2417 manna
1692 2357 1846 2412 enim
1888 2357 1998 2409 Do-

312 2475 522 2534 minica
553 2471 645 2526 die
675 2467 929 2538 primum
957 2461 1152 2516 datum
1187 2460 1291 2524 est,
1324 2459 1380 2508 et
1406 2451 1658 2507 Christus
1703 2443 2000 2500 Dominica

311 2567 402 2622 die
427 2557 752 2618 resurrexit.

386 2657 605 2709 Tusum.
639 2645 698 2700 Id
729 2646 812 2697 est
861 2635 1319 2693 mundissimum.
1367 2629 1520 2684 Sicut
1557 2623 1713 2680 enim
1752 2621 1999 2676 frumen-

314 2750 458 2809 tum,
486 2738 574 2793 vel
604 2732 852 2795 milium,
891 2728 977 2781 vel
1028 2723 1185 2779 aliud
1238 2721 1348 2775 tale
1395 2718 1457 2771 in
1506 2711 1834 2769 mortariolo
1884 2708 2001 2778 pilo

315 2797 522 2886 teritur
563 2829 618 2879 et
667 2817 935 2876 folliculis
980 2813 1227 2878 exuitur,
1274 2809 1352 2861 sic
1395 2820 1600 2874 corpus
1651 2797 2006 2886 Christiper

315 2885 747 2975 tribulationem
805 2902 1088 2976 passionis
1144 2904 1198 2953 et
1248 2897 1365 2967 pilo
1423 2891 1603 2947 crucis
1659 2885 2005 2942 mortalitate

321 2971 555 3064 exutum
584 3004 688 3054 est.
728 2971 827 3049 Vel
856 2993 1146 3046 minutum
1177 2999 1388 3040 manna
1429 2979 1712 3035 subtilitas
1762 2973 2003 3029 caelestis
2032 2971 2088 3056 Cp

322 3094 618 3156 doctrinm,
651 3101 779 3158 qua!
809 3083 926 3153 pilo
958 3077 1217 3134 tunditur
1245 3078 1309 3128 ut
1336 3068 1595 3126 litteralis
1617 3081 1815 3121 sensus
1837 3078 2006 3117 exua-

329 3192 555 3325 ωξίειιε.
603 3269 688 3319 15.
728 3291 797 3300 -
835 3261 962 3312 Man
1010 3255 1100 3307 hu.
1148 3251 1368 3320 (Gaeeu
1426 3245 1522 3300 lib.
1584 3257 1728 3296 xxvn
1794 3237 2008 3303 Moral.,

323 3376 445 3430 cap.
479 3355 559 3422 7.)
593 3349 739 3416 Quid
769 3361 872 3417 per
903 3355 1114 3396 manna
1144 3337 1276 3390 ﬁliis
1305 3333 1479 3389 Israel
1518 3331 1762 3398 desuper
1791 3327 2011 3392 datum,

325 3413 436 3502 nisi
465 3413 1060 3502 admiratio—supernas
1104 3421 1422 3479 dulcedinis
1469 3416 1845 3488 designatur?
1886 3413 2014 3467 Dul-

328 3537 406 3590 cis
437 3530 591 3588 enim
620 3526 800 3586 cibus,
830 3519 930 3591 qui
960 3519 1028 3571 de
1059 3511 1321 3584 supernis
1348 3507 1652 3578 accipitur;
1676 3520 1801 3558 man
1828 3504 1902 3556 hu
1930 3517 2016 3556 vo-

330 3627 506 3685 catur,
544 3613 701 3687 quod
728 3589 1142 3678 interpretatur
1183 3599 1331 3667 Quid
1362 3602 1440 3652 est
1482 3596 1624 3650 hoc?
1671 3591 1828 3662 quod
1872 3589 2009 3644 dici-

328 3725 456 3765 mus
487 3701 716 3776 quando
747 3695 1032 3752 cernimus
1077 3689 1229 3762 quod
1275 3685 1593 3741 nescientes
1639 3679 2012 3734 admiramur.

327 3800 652 3868 Supernum
685 3787 862 3858 igitur
891 3797 1103 3837 manna
1141 3777 1334 3832 anima
1361 3769 1623 3845 percipit,
1644 3783 1775 3823 cum
1800 3782 1902 3837 per
1929 3781 2015 3819 vo-

327 3858 452 3940 cem
485 3871 936 3949 compunctionis
967 3869 1183 3923 elevata
1231 3877 1435 3918 novam
1493 3858 1740 3929 speciem
1789 3863 2017 3910 aeternas

329 3945 656 4029 refectionis
689 3957 1053 4030 obstupescit,
1107 3958 1170 4008 ut
1218 3951 1410 4007 divina
1453 3945 1754 4003 dulcedine
1802 3945 2018 4013 repleta

323 4063 453 4131 jure
483 4051 829 4125 respondeat
861 4045 1004 4113 Quid
1042 4047 1120 4097 est
1145 4040 1283 4095 hoc?
1314 4037 1449 4108 quia
1479 4035 1618 4089 dum
1675 4033 1744 4092 ab
1787 4031 2019 4086 inﬁrma

327 4118 670 4216 cogitatione
703 4131 1095 4204 suspenditur,
1126 4143 1193 4181 ea
1221 4141 1352 4196 quae
1389 4124 1458 4177 de
1491 4119 1753 4192 supernis
1798 4118 2021 4188 conspi-

328 4211 490 4289 cit'et
518 4226 749 4283 insolite
777 4223 1044 4277 miratur.
1087 4218 1150 4271 Et
1178 4230 1308 4305 cum
1337 4227 1442 4283 per
1461 4211 1607 4266 hanc
1655 4224 1850 4304 vocem
1894 4211 2013 4261 tor-
2045 4249 2091 4305 Β

327 4318 486 4391 poris
531 4311 708 4368 nostri
771 4307 1014 4362 surditas
1051 4301 1359 4372 rumpitur,
1411 4301 1649 4352 vetustte
1704 4295 1830 4348 vita:
1877 4309 2012 4347 usus

331 4381 606 4466 mutatur,
628 4403 695 4452 ut
719 4394 931 4461 anima,
956 4405 1205 4461 superno
1234 4385 1436 4458 spiritu
1464 4384 1678 4451 afﬁata,
1723 4387 1778 4436 et
1819 4381 1878 4436 in
1924 4398 2013 4435 su-

328 4491 548 4564 premis
578 4487 816 4558 appetat
844 4479 1000 4552 quod
1029 4477 1468 4546 contempserat,
1499 4475 1555 4527 et
1583 4473 1909 4526 contemnat
1955 4469 2014 4524 in

328 4577 594 4638 imﬁrmis
623 4573 774 4646 quod
801 4568 1126 4640 appetebat.

401 4670 559 4722 Vens.
597 4667 683 4729 16,
719 4663 803 4714 17.
835 4688 903 4698 -
930 4655 1105 4710 Juxta
1129 4665 1410 4706 numerum
1456 4650 1764 4703 animarum
1800 4649 2014 4700 vestra-

326 4773 468 4824 rum,
515 4758 621 4808 etc.
683 4749 869 4818 (AUG.,
924 4743 1118 4798 locutio
1142 4741 1260 4809 78.)
1303 4738 1465 4807 Saepe
1516 4735 1806 4805 Scriptura
1834 4729 2014 4784 homi-

326 4862 428 4901 nes
453 4820 676 4899 vanimas
704 4833 969 4906 appellat,
1001 4847 1034 4883 a
1066 4832 1227 4900 parte
1268 4829 1490 4880 totum:
1542 4839 1657 4877 non
1705 4820 1866 4876 facile
1914 4834 2014 4872 au-

327 4939 442 4989 tem
499 4943 696 4986 carnes
750 4937 855 4994 pro
910 4916 1262 4981 hominibus,
1344 4913 1442 4967 sed
1518 4925 1785 4978 carnem;
1873 4906 2018 4961 sicut

329 5021 468 5094 psal.
507 5035 568 5072 Lv
603 5034 615 5070 :
647 5016 766 5070 Non
807 5009 996 5065 timebo
1049 5004 1183 5074 quid
1219 5005 1397 5069 faciat
1440 5016 1602 5066 caro;
1655 4997 1808 5069 quod
1852 5010 2015 5066 aper-

327 5085 440 5166 tius
470 5108 531 5161 in
559 5103 779 5175 psalmo
803 5097 1006 5154 eodem
1038 5095 1136 5160 ait,
1165 5091 1298 5160 quid
1323 5091 1498 5158 faciat
1519 5087 1662 5143 mihi
1683 5089 1854 5140 homo.
1891 5085 2015 5138 Non

328 5201 518 5252 autem
549 5191 782 5250 diceret,
818 5183 1131 5241 secundum
1164 5194 1473 5233 numerum
1501 5176 1760 5231 carnium
1799 5176 2015 5226 vestra—

326 5301 478 5351 rum,
543 5279 687 5334 sicut
758 5274 918 5338 dixit,
994 5269 1284 5325 secundum
1349 5281 1628 5322 numerum
1708 5264 2017 5317 animarum

325 5377 651 5431 vestrarum.

395 5462 559 5515 Vens.
595 5457 680 5521 18,
715 5454 800 5508 19.
833 5479 900 5489 -—-
929 5449 1103 5502 Juxta
1138 5443 1200 5498 id
1227 5442 1370 5512 quod
1398 5440 1550 5495 edere
1581 5440 1855 5509 poterant,
1905 5441 2014 5491 etc.

322 5550 468 5616 Quia
493 5547 558 5602 in
584 5538 854 5615 praesenti
899 5536 1014 5591 vita
1050 5531 1293 5602 quilibet
1345 5529 1516 5584 debet
1558 5527 1772 5582 discere
1833 5541 2018 5597 quan-

2157 568 2319 642 Veiis.
2358 588 2446 639 20.
2497 612 2564 622 —
2599 579 2704 636 Sed
2744 576 3068 632 dimiserunt
3109 568 3336 640 quidam
3377 581 3445 620 ex
3489 568 3564 619 eis
3612 578 3782 632 usque

2085 693 2258 743 mane,
2292 679 2396 728 etc.
2420 669 2775 739 Principium
2804 663 3036 719 alterius
3065 660 3216 725 vitte,
3249 657 3309 710 in
3338 671 3450 727 qua
3479 670 3594 706 non
3646 652 3782 706 lice-

2089 767 2173 820 bit
2201 779 2396 818 vacare
2427 759 2720 823 doctrinas,
2753 755 2850 808 sed
2882 766 3092 806 manna
3120 749 3563 816 computrescet,
3589 745 3646 794 et
3666 757 3786 795 ver-

2089 855 2276 908 mibus
2306 849 2560 908 scatebit,
2592 846 2651 900 id
2675 848 2780 910 est,
2802 855 3032 913 poinam
3053 838 3134 892 eis
3156 840 3432 889 teternam
3457 829 3778 902 generabit.

2159 942 2319 994 Vens.
2378 940 2467 991 21.
2522 963 2591 974 -
2647 933 2883 999 Cumque
2933 927 3254 981 incaluisset
3287 923 3386 988 sol,
3455 919 3778 988 liqueﬁebat.

2090 1029 2232 1094 Quia
2255 1033 2392 1081 tunc
2431 1021 2616 1078 omnis
2653 1019 2959 1088 Scripturaa
3003 1013 3322 1067 intellectus
3371 1007 3604 1079 patebit,
3647 1004 3785 1076 quia

2089 1134 2230 1172 nunc
2257 1116 2496 1170 videmus
2519 1127 2619 1182 per
2645 1108 2920 1177 speculum
2967 1107 3028 1157 in
3069 1103 3375 1170 aenigmate,
3428 1101 3550 1150 tunc
3605 1098 3786 1148 autem

2091 1206 2390 1262 videbimus
2420 1203 2562 1268 facie
2601 1198 2674 1252 ad
2701 1198 2897 1263 faciem
2928 1193 2971 1262 (Ι
3002 1193 3122 1248 Cor.
3156 1188 3294 1256 xm).

2165 1296 2324 1348 Vens.
2359 1295 2444 1344 22,
2481 1318 2548 1327 —
2569 1287 2720 1342 Cibos
2747 1284 3006 1352 duplices.
3042 1275 3367 1332 Necessaria
3401 1273 3617 1327 scilicet
3660 1270 3790 1324 ani-

2094 1399 2202 1437 mae
2240 1386 2293 1435 et
2323 1377 2569 1448 corpori.
2602 1375 2742 1428 Nam
2763 1372 2823 1426 in
2844 1369 3106 1440 septima,
3125 1381 3253 1436 quae
3269 1367 3627 1418 mortuorum
3650 1364 3790 1413 astas

2095 1466 2458 1538 intelligitur,
2491 1460 2704 1516 scilicet
2732 1456 2924 1512 nullus
2950 1454 3058 1508 erit
3083 1449 3360 1522 operandi
3393 1449 3567 1502 locus.

2168 1535 2329 1610 Vens.
2391 1555 2576 1608 23-32.
2632 1578 2700 1588 -
2755 1548 2982 1614 Requies
3033 1542 3268 1606 sabbati,
3327 1544 3433 1592 etc.
3487 1535 3791 1592 Audiendo

1613 1657 1801 1717 datur,
1855 1650 1991 1722 quia
2019 1712 2057 1722 ﬁ
2097 1645 2334 1700 verbum
2366 1641 2467 1697 Dei
2490 1645 2546 1694 et
2566 1635 2850 1700 faciendo,
2883 1633 2972 1687 vel
2997 1631 3142 1684 bene
3172 1627 3415 1682 vivendo
3442 1629 3496 1678 et
3523 1624 3648 1678 aliis
3688 1623 3793 1678 mi-

2019 1712 2059 1764 Β
2098 1731 2461 1789 sericordiam
2490 1724 2834 1799 praestando.
2885 1720 3045 1786 Quod
3095 1717 3478 1788 reponebatur
3523 1730 3629 1784 pro
3670 1712 3795 1766 sab-

2097 1824 2229 1879 bato
2262 1836 2378 1875 non
2406 1813 2898 1884 corrumpebatur,
2943 1809 3080 1879 quia
3128 1808 3279 1861 bona
3325 1821 3428 1876 pro
3475 1803 3668 1857 futura
3706 1818 3795 1855 re-

2103 1911 2234 1983 quie
2263 1910 2426 1974 facta,
2455 1906 2517 1960 in
2555 1904 2746 1958 futura
2785 1900 2900 1954 vita
2942 1901 3178 1952 manent
3222 1895 3463 1964 integra.
3519 1890 3795 1961 Alioquin

2104 1979 2454 2053 ebulliebant
2483 2007 2705 2046 vermes
2755 1993 2812 2042 et
2859 1981 3348 2056 computrescebat
3396 1979 3553 2050 quod
3598 1994 3793 2032 serva-

2102 2086 2270 2141 batur
2304 2099 2320 2138 :
2348 2083 2449 2153 qui
2479 2080 2633 2135 enim
2667 2078 2900 2148 propter
2928 2075 3269 2144 praesentem
3321 2068 3497 2122 vitam
3544 2071 3600 2121 et
3640 2081 3798 2120 amo-

2103 2190 2227 2228 rem
2265 2170 2456 2226 saaculi
2486 2165 2896 2227 thesaurizant,
2928 2162 3040 2217 illis
3070 2158 3272 2214 ebullit
3298 2156 3506 2212 vermis
3535 2153 3634 2226 qui
3677 2168 3796 2207 non

2104 2261 2403 2318 morietur.

2175 2351 2336 2404 Vens.
2398 2349 2486 2414 33,
2540 2345 2626 2399 34.
2686 2371 2756 2382 -
2808 2341 2878 2394 Et
2922 2351 3117 2406 repone
3177 2350 3375 2402 coram,
3451 2337 3556 2387 etc.
3636 2333 3794 2398 (Anc.

2108 2442 2295 2507 quaest.
2331 2439 2390 2490 61
2424 2436 2484 2488 in
2511 2430 2715 2499 Exod.)
2746 2426 2935 2493 Quaeri
2962 2429 3146 2496 potest
3182 2424 3282 2478 ubi
3324 2426 3512 2476 Aaron
3560 2434 3802 2489 repone-

2108 2531 2197 2581 ret
2223 2530 2357 2580 ante
2381 2521 2711 2587 Dominum,
2743 2514 2974 2588 quando
3009 2529 3109 2567 nec
3132 2514 3315 2567 ullum
3362 2508 3802 2566 tabernaculum

2108 2615 2236 2681 fuit,
2271 2628 2374 2667 nec
2404 2627 2532 2664 arca
2576 2603 2902 2662 testamenti
2939 2603 3057 2672 jam
3106 2601 3292 2654 fuerat
3337 2598 3658 2654 constituta.
3706 2598 3802 2670 ᾼι]

2110 2705 2257 2759 forte
2296 2702 2364 2756 de
2417 2699 2633 2765 futuro,
2687 2694 2814 2748 ideo
2863 2691 3007 2746 dixit
3054 2705 3269 2758 repone,
3331 2691 3393 2742 ut
3447 2684 3804 2755 intelligatur

2110 2799 2246 2848 tunc
2285 2794 2417 2844 ante
2477 2784 2785 2841 Dominum
2835 2795 2998 2852 posse
3053 2777 3276 2848 reponi,
3330 2775 3560 2848 quando
3607 2773 3805 2828 futura

2113 2897 2242 2934 arca
2289 2878 2452 2932 erat?
2510 2878 2593 2930 An
2649 2871 2837 2942 potius
2891 2873 3023 2922 ante
3071 2866 3380 2920 Dominum
3431 2865 3645 2920 dictum
3692 2865 3799 2926 est,

2113 2966 2269 3040 quod
2296 2965 2361 3020 ﬁt
2389 2965 2512 3034 ipsa
2545 2960 2844 3016 devotione
2869 2955 3167 3021 olferendi,
3207 2955 3267 3008 in
3310 2967 3650 3024 quocunque
3680 2951 3806 3004 loco

2117 3039 2465 3126 poneretur?
2511 3050 2616 3106 Ubi
2642 3049 2796 3103 enim
2826 3061 2944 3100 non
2986 3048 3070 3098 est
3117 3042 3299 3098 Deus?
3345 3042 3455 3097 Sed
3505 3040 3658 3111 quod
3701 3039 3804 3092 ad-

2114 3144 2305 3216 jungit
2336 3159 2348 3196 :
2383 3143 2462 3196 Et
2492 3140 2729 3209 reposuit
2763 3138 2956 3190 Aaron
2999 3137 3122 3186 ante
3166 3131 3570 3186 tabernaculum
3611 3128 3684 3182 ad
3722 3143 3808 3181 re-

2118 3229 2464 3299 servandum,
2493 3227 2746 3299 priorem
2775 3222 2958 3292 magis
2988 3235 3220 3274 sensum
3250 3218 3469 3274 asserit.
3507 3219 3618 3272 Hoc
3649 3215 3810 3270 enim

2121 3321 2291 3377 modo
2334 3318 2626 3388 Scriptura
2664 3313 2809 3369 dixit
2840 3325 2944 3382 per
2990 3308 3328 3380 prolepsim,
3363 3307 3516 3379 quod
3565 3311 3694 3376 post
3723 3304 3808 3358 fa-

2121 3415 2275 3465 ctum
2308 3412 2394 3462 est
2436 3421 2566 3460 cum
2613 3420 2733 3458 esse
2763 3399 2935 3470 erepit
2974 3398 3416 3452 tabernaculum
3468 3392 3810 3457 testimonii,

2193 3497 2344 3550 Vers.
2394 3497 2481 3560 35,
2541 3494 2621 3547 36.
2678 3519 2748 3530 —
2801 3489 2933 3543 Filii
3001 3491 3179 3541 autem
3245 3485 3415 3540 Israel
3472 3481 3816 3536 comederunt

2120 3599 2323 3640 manna
2352 3581 2723 3652 quadraginta
2750 3581 2910 3634 annis
2939 3583 3050 3635 etc.
3083 3578 3272 3644 (Aes,
3304 3571 3467 3637 ibid.,
3496 3574 3685 3640 quaest.
3717 3571 3812 3634 6'2,

2123 3673 2248 3727 Alia
2279 3672 2531 3726 litterra:
2572 3669 2704 3723 Filii
2745 3672 2924 3723 autem
2972 3665 3138 3722 Israel
3178 3663 3401 3718 ederunt
3438 3673 3639 3713 manna
3674 3671 3815 3725 qua-

2123 3759 2384 3826 draginta
2408 3757 2587 3822 annis,
2619 3759 2746 3820 etc.,
2778 3769 2947 3824 usque
2975 3753 3049 3808 ad
3076 3753 3313 3805 noverat
3341 3746 3498 3801 enim
3528 3747 3674 3800 Deus
3711 3741 3818 3813 qui

2123 3845 2512 3901 desiderarent
2553 3845 2610 3896 et
2651 3857 2719 3895 ex
2768 3857 2881 3912 quo
2926 3854 3135 3911 genere
3182 3835 3366 3900 carnis
3415 3833 3645 3887 satiaret
3690 3846 3815 3884 eos.

2196 3932 2544 3991 Comederunt
2571 3945 2773 3984 manna
2796 3930 3167 3999 quadraginta
3197 3926 3375 3979 annis.
3403 3924 3626 3992 Corpus
3657 3918 3820 3973 Chri-

2125 4022 2219 4089 sti,
2250 4021 2463 4075 scilicet
2489 4019 2738 4074 Verbum
2786 4017 2910 4087 Dei,
2961 4015 3112 4088 quod
3159 4010 3506 4084 percipimus
3551 4023 3706 4064 nunc
3754 4007 3819 4061 in

2125 4110 2451 4180 aenigmate,
2481 4111 2617 4162 tunc
2641 4111 2831 4161 autem
2863 4105 3006 4159 facie
3033 4104 3106 4158 ad
3133 4101 3337 4155 faciem
3367 4100 3410 4168 (Ι
3437 4099 3554 4154 Cor.
3593 4099 3707 4164 13.)

2194 4201 2365 4254 Donec
2413 4199 2657 4250 venirent
2692 4197 2751 4249 in
2793 4200 2997 4249 terram
3043 4190 3414 4255 habitabilem,
3465 4191 3571 4256 etc.
3620 4186 3816 4253 (Auo.,

2120 4290 2309 4358 quaest.
2342 4288 2402 4340 in
2439 4283 2652 4350 Exod.,
2699 4285 2841 4336 tom.
2900 4280 3022 4353 III.)
3077 4279 3203 4333 Alia
3248 4277 3435 4331 littera
3471 4291 3484 4328 :
3533 4275 3823 4342 Quousque

2119 4378 2361 4431 venirent
2390 4376 2447 4428 in
2467 4377 2680 4444 partem
2707 4372 2993 4426 Pliaanicis.
3043 4370 3150 4424 Per
3195 4364 3592 4437 repetitionem
3633 4378 3811 4432 expo-

2121 4466 2208 4521 nit
2236 4479 2409 4536 quam
2438 4468 2649 4517 terram
2680 4461 2825 4516 dixit
2851 4458 3117 4524 habitari,
3167 4462 3297 4524 etc.,
3345 4470 3515 4524 usque
3555 4453 3630 4509 ad
3674 4453 3824 4508 mul-

2119 4558 2309 4608 tarum
2335 4552 2490 4606 enim
2526 4555 2832 4617 terrarum,
2862 4549 3141 4616 locorum,
3174 4544 3480 4599 ﬂuminum
3502 4547 3558 4598 et
3584 4541 3821 4597 urbium

2123 4641 2358 4699 nomina
2381 4640 2551 4697 certis
2581 4639 2765 4694 causis
2797 4636 3042 4692 mutavit
3070 4633 3399 4706 antiquitas.

2769 4726 2994 4782 CAPUT
3044 4723 3204 4779 XVII.

2193 4819 2354 4873 Vens.
2384 4822 2432 4884 l,
2463 4819 2516 4871 2.
2556 4845 2618 4856 —
2662 4817 2846 4883 Igitur
2888 4814 3139 4883 profecta
3192 4811 3365 4866 onmis
3408 4806 3701 4863 multitudo
3750 4811 3822 4877 ﬁ-

2121 4908 2314 4962 liorum
2345 4906 2535 4972 Israel,
2567 4907 2674 4958 etc.
2712 4903 2918 4972 (0310.,
2951 4901 3088 4956 hom.
3127 4902 3183 4954 11
3245 4901 3305 4952 in
3342 4896 3554 4966 Exod.)
3601 4896 3822 4951 Omnes

2123 4995 2221 5066 qui
2252 4994 2453 5050 volunt
2475 4992 2569 5064 pie
2604 4991 2790 5046 vivere
2837 4990 2897 5044 in
2947 4988 3171 5044 Christo
3218 4985 3676 5056 persecutionem
3718 4999 3822 5054 pa-

2122 5083 2362 5146 tiuntur,
2422 5079 2493 5135 ab
2549 5079 2810 5134 hostibus
2855 5077 3316 5148 impugnantur:
3370 5088 3659 5144 agensque
3703 5072 3824 5127 iter

2123 5173 2296 5244 hujus
2321 5173 2451 5226 vitae
2499 5185 2724 5242 semper
2770 5169 2939 5226 debet
2989 5184 3112 5223 esse
3164 5169 3401 5238 paratus
3449 5171 3509 5220 et
3558 5171 3708 5220 stare
3757 5164 3822 5219 in

2125 5261 2343 5317 castris.
2377 5260 2534 5316 Unde
2563 5259 2820 5330 profecta
2865 5261 2952 5313 est
3001 5255 3190 5311 omnis
3236 5270 3524 5326 synagoga
3564 5253 3821 5308 ﬁliorum

2125 5351 2299 5406 Israel
2328 5349 2398 5404 de
2427 5348 2648 5403 deserto
2681 5347 2781 5402 Sin
2809 5345 3123 5402 secundum
3171 5348 3357 5398 castra
3395 5358 3497 5397 sua
3541 5356 3646 5412 per
3687 5355 3820 5393 ver-

2125 5438 2264 5493 bum
2290 5436 2409 5492 Dei.
2441 5438 2538 5492 Est
2565 5433 2946 5506 una'quidem
2975 5435 3275 5504 Synagoga
3315 5429 3563 5496 Domini,
3609 5428 3706 5482 sed
3752 5427 3818 5482 in

2126 5528 2378 5598 quatuor
2403 5524 2602 5582 castris
2626 5523 2917 5593 dividitur,
2958 5521 3060 5594 qui
3087 5519 3486 5577 describuntur
3511 5517 3574 5572 in
3603 5518 3817 5572 Nume-
