4052 6180
238 319 321 369 2H
1338 315 1593 371 GLOSSA
1635 317 2038 374 ORDINARIA.
2079 348 2147 357 —-
2188 320 2315 372 LIB.
2360 317 2568 372 EXOD.

3604 313 3708 365 242

229 434 293 485 ris
320 432 455 486 circa
478 432 903 487 tabernaculum
943 432 1182 487 Domino
1211 434 1416 503 posita.
1451 436 1718 489 Armatus
1749 451 1886 506 ergo
1915 439 1962 492 A
2000 441 2087 491 tra
2114 437 2374 507 Moysen:
2409 435 2537 489 ideo
2558 435 2724 506 jubet
2756 436 2902 487 Deus
2950 438 3009 486 ut
3038 432 3300 486 ostendat
3349 431 3431 485 eis
3483 435 3707 502 petram

226 522 275 575 in
298 522 483 576 castris
517 521 744 575 Domini
790 522 1040 577 militans
1088 538 1162 576 ne
1212 524 1471 595 implices
1493 529 1547 578 te
1605 526 1898 579 saeculari-

226 612 314 663 bus
342 610 599 681 negotiis,
641 614 699 665 et
739 610 798 664 in
828 612 1024 665 castris
1077 612 1307 666 Domini
1354 630 1580 685 semper
1632 614 1895 667 excubias

226 714 358 768 agas,
384 705 447 752 ut
466 700 535 752 de
568 704 623 753 te
649 699 870 753 dicatur
898 700 1033 771 quia
1077 702 1365 771 profectus
1395 719 1453 757 es
1511 719 1613 774 per
1658 705 1893 758 verbum

226 786 427 840 Domini
454 786 522 839 de
560 787 785 841 deserto
838 788 957 855 Sin,
1007 793 1063 842 et
1126 790 1287 843 venis
1329 791 1389 844 in
1438 790 1762 861 Raphidim.
1797 792 1895 845 Sin

223 877 391 927 autem
435 878 655 929 tentatio
710 876 1156 947 interpretatur;
1192 877 1496 949 Raphidim
1538 880 1747 933 sanitas
1786 880 1885 947 ju-

220 961 334 1015 dicii
360 979 371 1015 :
405 964 504 1033 qui
523 963 665 1017 bene
693 964 805 1017 exit
830 965 899 1018 de
933 966 1266 1032 tentatione,
1303 966 1454 1020 venit
1483 967 1553 1020 ad
1593 967 1891 1021 sanitatem

218 1050 417 1119 judicii.
455 1052 518 1105 In
549 1052 640 1105 die
662 1053 814 1105 enim
836 1052 1039 1122 judicii
1071 1069 1241 1107 sanus
1270 1054 1396 1107 erit.
1437 1054 1595 1107 Unde
1624 1057 1797 1124 Apoc.
1824 1073 1887 1109 ηε

221 1138 308 1203 Qui
324 1141 527 1206 vicerit,
573 1141 712 1195 dabo
742 1144 791 1194 ei
818 1142 883 1194 de
928 1143 1074 1208 ligno
1124 1145 1250 1196 vita:
1280 1143 1422 1210 quod
1447 1147 1526 1196 est
1548 1146 1602 1196 in
1630 1144 1891 1211 paradiso

220 1229 298 1279 Dei
314 1228 425 1280 mei.
452 1228 616 1281 Venit
647 1244 784 1298 ergo
818 1229 887 1283 ad
910 1229 1210 1284 sanitatem
1233 1230 1435 1301 judicii
1466 1231 1564 1302 qui
1601 1232 1744 1285 bene
1776 1232 1889 1285 dis-

222 1315 356 1384 ponit
384 1331 676 1370 sermones
706 1334 838 1371 suos
869 1318 925 1370 in
944 1319 1182 1389 judicio.

272 1402 375 1456 Sin.
410 1402 507 1455 Hic
537 1403 857 1473 specialiter
908 1405 1005 1459 Sin
1054 1422 1170 1459 una
1230 1406 1451 1460 mansio
1516 1407 1796 1478 accipitur
1824 1424 1888 1462 ex

218 1488 287 1542 his
321 1489 570 1560 quinque
629 1508 760 1562 quae
818 1494 1055 1547 fuerunt
1085 1510 1117 1548 a
1163 1495 1307 1548 mari
1363 1494 1553 1549 Rubro
1612 1511 1790 1565 usque
1820 1493 1889 1547 ad

217 1583 447 1631 montem
474 1579 630 1646 Sina,
686 1597 829 1651 quas
876 1583 1156 1652 Josephns
1209 1582 1552 1637 nominatim
1604 1583 1885 1637 describit.

216 1666 541 1722 Generaliter
568 1668 723 1722 enim
763 1684 930 1724 omne
990 1670 1275 1724 desertum
1314 1670 1455 1724 illud
1511 1670 1609 1725 Sin
1658 1674 1891 1725 vocatur

214 1755 336 1808 sicut
364 1760 417 1809 et
445 1756 769 1827 Raphidim.

272 1844 643 1899 Castrametati
668 1851 794 1900 sunt
848 1848 906 1899 in
950 1845 1265 1915 Raphidim.
1341 1848 1595 1916 (HIERON.
1647 1847 1713 1900 de
1767 1848 1887 1901 LOC'

214 1934 537 2000 Hebr.,tom.
565 1936 639 1988 IlI
667 1937 683 2005 )
714 1937 802 1989 Est
848 1935 1005 1990 locus
1052 1934 1110 1988 in
1169 1936 1391 1989 deserto
1432 1936 1593 2007 juxta
1633 1940 1889 1991 montem

215 2021 391 2075 Horeb.
419 2023 725 2078 Sciendum
760 2028 843 2078 est
868 2028 1059 2078 autem
1089 2026 1241 2095 quod
1291 2026 1478 2079 omnis
1533 2040 1758 2080 eremus
1786 2041 1889 2079 us-

212 2126 301 2179 que
330 2111 395 2163 ad
427 2117 685 2166 montem
717 2112 875 2167 Sinai
909 2113 1009 2167 Sin
1043 2120 1296 2179 vocatur,
1329 2118 1387 2167 et
1417 2130 1485 2167 ex
1513 2118 1631 2167 tota
1660 2113 1889 2183 provin-

209 2199 279 2251 cia
301 2199 464 2253 etiam
497 2201 653 2255 locus
685 2201 853 2255 unius
902 2201 1215 2255 mansionis
1247 2218 1456 2256 nomen
1502 2202 1739 2272 accepit,
1787 2202 1887 2255 sic-

208 2292 260 2340 ut
284 2290 333 2340 et
356 2289 514 2343 Moab
544 2292 661 2343 tam
706 2290 863 2343 urbis
909 2306 1083 2360 quam
1138 2290 1445 2360 provincia:
1503 2306 1715 2344 nomen
1781 2295 1883 2346 est.

210 2375 259 2428 In
282 2376 376 2429 hac
406 2377 717 2431 solitudine
750 2378 1005 2449 quinque
1065 2383 1198 2432 sunt
1253 2378 1601 2447 mansiones,
1636 2379 1810 2450 Zuph,
1831 2383 1887 2433 et

208 2478 406 2517 ercmus
443 2465 565 2533 Sin,
632 2467 787 2530 Alus,
848 2467 1129 2535 Depheca,
1172 2467 1495 2536 Raphidim.
1554 2468 1711 2522 Unde
1740 2468 1885 2522 bene

207 2551 387 2605 dicitur
433 2555 570 2624 quia
602 2556 852 2623 profecta
896 2558 974 2608 est
1002 2557 1173 2608 omnis
1212 2556 1502 2609 multitudo
1539 2557 1773 2623 ﬁliorum
1804 2559 1883 2610 Is-

205 2641 298 2691 rael
324 2641 385 2692 de
412 2657 604 2696 eremo.
663 2643 761 2697 Sin
791 2659 887 2710 per
916 2644 1219 2697 mansiones
1247 2658 1374 2697 snas
1404 2647 1575 2711 juxta
1618 2660 1673 2698 os
1699 2647 1883 2698 Domi-

202 2731 265 2793 ni,
301 2735 346 2781 et
375 2736 633 2784 venerunt
690 2734 748 2784 in
778 2731 1094 2800 Raphidim.
1124 2732 1279 2785 Unde
1312 2737 1469 2801 patet
1498 2733 1693 2802 plures
1724 2749 1883 2787 man-

204 2816 365 2869 siones
388 2819 561 2873 unius
590 2820 841 2891 regionis
904 2821 1174 2875 vocabulo
1222 2821 1622 2875 demonstrari.

262 2907 412 2961 Vens.
444 2912 497 2973 3,
532 2910 584 2962 4.
612 2939 679 2948 -
704 2908 890 2963 Sitivit
918 2924 1043 2977 ergo
1080 2910 1161 2962 ibi
1214 2911 1465 2977 populus,
1504 2914 1609 2962 etc.
1674 2910 1875 2978 (01110.,

2007 541 2074 578 ex
2102 540 2215 594 qua
2233 524 2455 578 bibant.
2496 523 2552 577 Si
2596 523 2723 593 quis
2782 526 2973 575 autem
3019 522 3215 591 legens
3278 521 3507 591 Moysen
3548 536 3707 574 mur-

2005 616 2193 667 murat
2245 613 2511 666 adversus
2566 628 2719 677 eum,
2767 616 2824 663 et
2872 610 3131 679 displicet
3186 610 3237 663 ei
3295 611 3487 664 littera
3534 610 3704 680 legis,

2004 700 2250 753 ostendit
2279 700 2331 753 ei
2358 701 2570 770 Moyses
2601 704 2840 769 petram,
2876 714 3005 768 quae
3037 702 3118 751 est
3140 698 3417 762 Christus,
3451 702 3508 752 et
3547 698 3711 753 ducit

2002 790 2074 843 ad
2103 789 2307 859 ipsam,
2341 789 2491 843 unde
2517 788 2675 841 bibat
2699 793 2756 841 et
2785 788 2939 840 sitim
2969 788 3209 841 reﬁciat.

2070 878 2233 931 Vens.
2284 883 2336 932 5.
2393 908 2454 919 -
2510 877 2775 931 Antecede
2820 878 3098 945 pupulum,
3162 880 3269 929 etc.
3333 876 3458 929 Non
3517 877 3705 929 solum

2003 966 2215 1036 Moyses
2268 966 2420 1019 ducit
2467 966 2745 1035 populum
2800 964 2871 1018 ad
2924 981 3118 1034 aquas,
3169 963 3265 1017 sed
3335 968 3393 1017 et
3447 964 3703 1017 seniores

2000 1054 2220 1124 populi.
2258 1055 2378 1107 Non
2401 1054 2553 1107 enim
2608 1054 2725 1105 sola
2772 1053 2859 1107 lex
2924 1052 3208 1106 Christum
3254 1050 3577 1117 annuntiat,
3608 1052 3707 1105 sed

2001 1144 2057 1193 et
2080 1142 2375 1211 prophetae
2429 1146 2483 1194 et
2531 1140 2865 1210 patriarchae
2917 1144 2970 1193 et
3012 1156 3210 1192 omnes
3232 1139 3478 1208 majores
3543 1144 3700 1192 natu.

2070 1232 2141 1283 Et
2168 1231 2399 1295 virgam,
2436 1233 2538 1281 etc.
2566 1232 2748 1299 (Ana,
2773 1234 2961 1297 quaest.
3001 1229 3067 1280 ﬁt
3108 1231 3166 1280 in
3214 1228 3435 1293 Exod.)
3490 1230 3702 1293 Aaron,

2000 1332 2117 1371 non
2138 1319 2386 1387 Moysen,
2420 1316 2632 1385 legitur
2658 1318 2875 1369 tlumen
2902 1316 3064 1385 virga
3086 1316 3454 1385 percussisse.
3490 1316 3705 1384 Moyses

1997 1406 2152 1460 enim
2183 1406 2381 1460 eadem
2411 1405 2570 1474 virga
2637 1420 2791 1457 mare
2844 1404 3050 1470 divisit,
3100 1420 3215 1456 non
3254 1404 3490 1457 flumen.
3554 1404 3700 1466 Quid

2001 1510 2136 1563 ergo
2206 1494 2312 1547 sibi
2370 1494 2518 1547 vult:
2587 1494 2787 1561 Accipe
2829 1494 3043 1558 virgam
3101 1494 3160 1545 in
3214 1507 3323 1559 qua
3385 1494 3705 1559 percussisti

1997 1583 2231 1651 ﬂumen?
2263 1585 2350 1636 An
2380 1584 2522 1635 forte
2543 1597 2700 1634 mare
2758 1580 3064 1650 appellavit
3111 1579 3374 1633 flumen?
3426 1584 3483 1632 et
3545 1595 3701 1649 quai-

2002 1673 2247 1725 rendum
2278 1675 2358 1725 est
2383 1671 2705 1739 exemplum
2729 1669 2899 1738 hujus
2917 1667 3221 1722 locutionis
3252 1668 3279 1722 ?
3304 1669 3389 1721 An
3412 1668 3560 1737 quod
3593 1668 3702 1722 Aa-

2002 1776 2105 1813 ron
2134 1759 2284 1825 fecit,
2314 1758 2489 1829 Moysi
2527 1757 2720 1828 potius
2744 1756 3084 1810 attributum
3116 1759 3222 1823 est,
3254 1755 3388 1825 quia
3414 1771 3517 1825 per
3549 1756 3701 1824 Moy-

1996 1864 2095 1902 sen
2119 1847 2357 1918 jnbebat
2384 1848 2530 1900 Deus
2564 1862 2692 1916 quae
2713 1844 2922 1898 faceret
2953 1846 3162 1912 Aaron,
3196 1847 3253 1896 et
3306 1843 3366 1896 in
3425 1843 3532 1895 hoc
3593 1857 3703 1895 au-

1995 1937 2245 2002 ctoritas,
2302 1936 2361 1988 in
2420 1935 2519 1988 illo
2576 1934 2958 1987 ministerium
2989 1932 3015 1985 ?
3075 1933 3282 1987 Unde:
3332 1933 3453 1985 Erit
3499 1931 3600 1985 tibi
3629 1932 3703 1984 ad

1988 2026 2271 2097 populum.
2305 2028 2362 2078 tu
2384 2026 2562 2077 autem
2592 2023 2681 2077 illi
2710 2025 2768 2075 in
2794 2023 2877 2075 his
2907 2037 3023 2090 qua:
3052 2022 3126 2074 ad
3171 2023 3363 2075 Deum.

2062 2116 2229 2168 Vens.
2265 2115 2317 2181 6,
2347 2118 2402 2166 7.
2435 2143 2503 2151 -—-
2540 2114 2915 2179 Percutiesque
2955 2118 3186 2179 petram.
3230 2110 3536 2172 Christum,
3601 2107 3699 2178 qui

1993 2204 2053 2257 in
2083 2218 2248 2256 cruce
2280 2200 2547 2256 aludaeis
2602 2216 2902 2270 percussus
2963 2202 3087 2252 est:
3138 2199 3231 2253 cui
3298 2198 3531 2252 accessit
3586 2196 3696 2249 vir-

1992 2308 2083 2361 ga,
2114 2291 2171 2344 id
2202 2296 2308 2359 est,
2344 2290 2564 2361 lignum
2595 2288 2900 2360 passionis,
2956 2292 3018 2341 ut
3064 2287 3325 2341 ﬁdelibus
3377 2289 3701 2341 remaneret

1992 2396 2156 2452 aqua.

2089 2470 2250 2522 Vens.
2308 2471 2360 2522 8.
2402 2498 2469 2507 -—
2522 2467 2680 2521 Venit
2730 2470 2908 2519 autem
2981 2466 3227 2528 Amalec,
3286 2468 3389 2517 etc.
3454 2463 3696 2532 (8mm)

1988 2558 2216 2611 Amalec
2245 2556 2353 2609 fuit
2399 2556 2551 2609 ﬁlius
2605 2556 2830 2621 Ismael,
2865 2572 2897 2607 a
2940 2570 3053 2623 quo
3111 2551 3461 2617 Amalecitaa,
3512 2550 3700 2619 quiet

1990 2646 2289 2699 Ismaelitay
2340 2650 2518 2697 sunt:
2579 2643 2689 2711 ipsi
2755 2647 2885 2695 sunt
2939 2641 3224 2696 Saraceni.
3286 2642 3699 2709 Interpretatur

1989 2738 2181 2785 autem
2226 2732 2405 2785 bibens
2460 2731 2548 2783 vel
2603 2730 2838 2784 lambens
2897 2732 3240 2796 sanguinem,
3300 2734 3355 2780 et
3417 2726 3698 2797 signiﬁcat

1988 2821 2301 2884 diabolum,
2337 2819 2434 2889 qui
2484 2823 2706 2871 sanctos
2760 2819 2828 2872 de
2885 2820 3123 2888 Egypto
3181 2821 3475 2880 exeuntes,
3540 2820 3596 2868 et
3625 2814 3697 2869 ad

1987 2913 2199 2963 terram
2250 2907 2650 2977 promissionis
2697 2907 3015 2969 tendentes,
3095 2922 3319 2975 semper
3370 2906 3690 2975 impugnat,

205 2993 281 3045 ubi
308 2996 513 3063 supra).
542 2997 667 3050 Alia
696 2997 881 3050 littera
914 3014 927 3048 :
969 2997 1399 3066 Sitivit,inquit,
1424 3000 1654 3066 populus
1679 3014 1879 3065 aquam
1917 3003 1955 3058 C
2002 3002 2058 3051 et
2086 2997 2405 3050 animarum
2467 2994 2803 3063 sanguinem
2840 2995 3033 3047 bibere
3085 2994 3387 3047 desiderat.

202 3088 241 3132 et
263 3085 633 3139 murmurabat
664 3085 921 3139 adversus
952 3087 1199 3153 Moysen.
1250 3084 1480 3138 Suffecit
1531 3085 1716 3139 dicere
1747 3087 1881 3156 quia

202 3172 372 3234 sitirit,
405 3172 544 3242 quid
578 3190 720 3242 opus
751 3173 857 3227 fuit
882 3174 1086 3226 addere
1117 3174 1359 3242 aquam?
1390 3175 1515 3228 Non
1542 3180 1623 3227 est
1676 3192 1909 3245 super-,

204 3258 294 3310 tlua
336 3260 599 3329 adjectio.
678 3265 819 3315 Sunt
878 3278 1012 3332 ergo
1042 3263 1276 3317 diversae
1334 3262 1486 3329 sites,
1520 3269 1576 3317 et
1635 3264 1876 3334 quisque

202 3346 345 3399 habet
373 3349 688 3418 propriam.
719 3350 824 3413 Qui
858 3350 993 3403 boni
1025 3354 1174 3411 sunt,
1210 3351 1468 3403 esuriunt
1502 3355 1555 3403 et
1572 3350 1876 3420 sitiuntju-

200 3434 381 3489 stitiam
418 3440 635 3501 (Matth.
672 3455 702 3489 v
728 3440 762 3507 ).
796 3439 902 3493 Alii
942 3455 1171 3508 quoque
1220 3439 1416 3491 dicunt
1449 3454 1460 3491 :
1512 3439 1698 3493 Sitivit
1746 3442 1875 3493 ani-

200 3538 271 3574 ma
298 3540 404 3577 mea
431 3527 506 3579 ad
536 3530 609 3593 te,
666 3526 810 3580 Deus
856 3526 1019 3595 (Psal.
1082 3529 1213 3594 xu).
1256 3524 1363 3590 Qui
1396 3542 1525 3579 vero
1572 3512 1703 3579 sunt
1742 3543 1873 3597 pec-

199 3617 387 3665 catores
417 3616 724 3684 patiuntur
752 3632 865 3667 non
924 3615 1075 3668 sitim
1108 3632 1285 3685 aqum,
1346 3632 1462 3668 non
1530 3615 1739 3669 famem
1770 3634 1873 3687 pa—

195 3699 285 3766 nis,
326 3703 415 3755 sed
450 3703 728 3756 audiendi
769 3704 1002 3756 verbum
1058 3705 1175 3757 Dei.
1229 3704 1414 3758 Sitivit
1444 3721 1579 3774 ergo
1628 3707 1873 3775 populus

196 3802 393 3857 aquam,
428 3792 531 3862 qui
572 3792 767 3845 debuit
798 3791 953 3845 sitire
988 3791 1290 3862 justitiam.
1344 3792 1448 3846 Sed
1484 3794 1630 3846 Deus
1673 3794 1871 3847 erudi-

196 3879 267 3928 tor
291 3878 612 3945 infantium,
675 3881 943 3949 magister
1000 3881 1414 3951 insipientium,
1472 3882 1703 3952 corrigit
1752 3884 1872 3937 cul-

195 3978 274 4029 pas
300 3971 349 4019 et
368 3969 640 4021 emendat
672 3984 909 4033 errores,
943 3968 1135 4022 dicens
1187 3969 1256 4023 ad
1297 3971 1521 4039 Moysen
1568 3977 1626 4024 ut
1682 3976 1869 4027 sumat

197 4054 401 4124 virgam,
428 4062 484 4110 et
534 4057 817 4126 percutiat
888 4062 1192 4128 petram,et
1226 4059 1428 4113 educat
1477 4076 1669 4130 aquas.
1738 4062 1868 4115 Vult

195 4143 319 4196 enim
342 4161 435 4197 cos
468 4146 597 4215 jam
634 4145 699 4199 de
732 4151 890 4214 petra
923 4146 1113 4200 bibere
1173 4148 1545 4217 etproﬁcere,
1578 4154 1633 4201 et
1688 4150 1756 4203 ad
1785 4150 1869 4202 in-

196 4229 371 4284 teriora
400 4232 679 4302 mysteria
700 4233 913 4287 venire.
948 4235 1441 4301 Murmuraverunt
1491 4236 1642 4290 enim
1667 4238 1865 4291 adver-

196 4332 269 4368 sus
295 4321 536 4389 Moysen,
566 4320 694 4374 ideo
719 4322 883 4390 jubet
913 4324 1187 4377 Dominus
1219 4329 1280 4378 ut
1333 4326 1596 4379 ostendat
1626 4326 1706 4378 eis
1764 4343 1864 4397 pe-

196 4409 313 4459 tram
333 4408 395 4462 de
414 4425 530 4479 qua
542 4409 761 4463 bibant.
788 4411 846 4465 Si
865 4412 992 4481 quis
1010 4413 1165 4465 enim
1187 4417 1269 4466 est
1288 4414 1386 4483 qui
1406 4414 1601 4483 legens
1620 4414 1868 4484 Moysen,

195 4503 484 4550 murmurat
515 4497 787 4552 adversus
820 4515 972 4565 eum,
997 4504 1052 4553 et
1076 4500 1335 4569 displicet
1357 4501 1407 4555 ei
1436 4503 1529 4556 lex
1555 4504 1871 4557 secundum

197 4578 426 4649 litteram,
461 4586 603 4656 quia
635 4586 694 4639 in
741 4588 937 4640 multis
968 4604 1081 4641 non
1132 4588 1357 4642 videtur
1404 4591 1611 4644 habere
1672 4608 1870 4645 conse-

194 4673 476 4738 quentiam,
510 4673 760 4727 ostendit
786 4674 838 4727 ei
871 4676 1081 4744 Moyses
1118 4666 1362 4744 petram,
1408 4695 1536 4748 qua:
1566 4682 1648 4731 est
1702 4679 1872 4734 Chri-

196 4762 308 4825 stus,
339 4766 399 4813 ut
428 4762 568 4817 inde
602 4762 756 4816 bibat
778 4768 833 4815 et
854 4763 1009 4816 sitim
1028 4764 1244 4818 reﬁciat
1269 4765 1379 4819 Sed
1402 4767 1522 4819 haec
1565 4772 1725 4836 petra
1758 4784 1873 4821 non

196 4844 270 4895 dat
294 4863 463 4918 aquas
493 4849 604 4902 nisi
627 4866 911 4919 percussa,
944 4866 1210 4921 percussa
1238 4868 1368 4905 vero
1389 4853 1567 4906 fontes
1591 4854 1869 4924 producit:

198 4946 464 4997 percussus
497 4936 655 4991 enim
680 4937 955 5005 Christus,
992 4939 1129 4993 etin
1156 4956 1320 4993 cruce
1379 4948 1676 5009 mactatus,
1734 4943 1875 4996 Novi

197 5020 511 5079 Testamenti
546 5026 733 5079 fontes
763 5027 1054 5095 produxit.
1088 5029 1243 5083 Unde
1273 5029 1439 5082 Zach.
1484 5046 1575 5082 vui
1606 5048 1618 5083 :
1690 5033 1878 5085 Percu-

201 5110 309 5161 tiam
333 5118 626 5181 pastorem,
654 5120 703 5166 et
730 5115 1106 5184 dispergentur
1154 5133 1272 5171 oves
1316 5120 1513 5184 gregis.
1571 5118 1685 5171 Nisi
1722 5120 1876 5173 enim

200 5193 363 5251 fuisset
390 5217 711 5270 percussus,
747 5207 799 5257 et
830 5204 1035 5257 exisset
1054 5206 1285 5275 sanguis
1313 5210 1368 5258 et
1391 5222 1539 5276 aqua
1589 5207 1657 5260 de
1703 5208 1877 5262 latere

203 5283 320 5351 ejus
354 5304 553 5342 omnes
611 5289 764 5343 sitim
807 5292 966 5345 verbi
1025 5294 1123 5346 Dei
1183 5299 1525 5363 pateremur.
1584 5295 1879 5351 UndezBi-

205 5370 364 5428 hebant
394 5383 573 5432 autem
595 5378 661 5431 de
716 5381 981 5449 spiritali,
1040 5387 1383 5451 consequente
1422 5398 1506 5437 eos
1556 5389 1712 5454 petra
1743 5401 1755 5440 :
1781 5401 1879 5455 pe-

209 5464 273 5510 tra
311 5469 488 5519 autem
518 5473 635 5520 erat
667 5468 918 5522 Christus
953 5470 1129 5536 (ἶσον.
1156 5473 1235 5533 x).

271 5549 674 5621 (Ιειο.)81ιὶρη8
700 5558 948 5626 populus
995 5574 1099 5628 pro
1147 5576 1290 5629 aqua
1327 5561 1705 5615 murmuravit
1750 5578 1881 5616 con-

2065 3085 2243 3149 Oaic.,
2278 3085 2417 3137 hom.
2469 3101 2505 3136 ιι
2533 3086 2590 3136 in
2647 3082 2852 3151 Exod.)
2912 3081 3259 3136 Describitur
3300 3081 3517 3134 bellum
3563 3094 3692 3133 cum

1988 3172 2315 3226 Amalecitis
2344 3173 2576 3225 factum.
2611 3175 2932 3241 Antequam
2964 3171 3335 3226 manducaret
3386 3184 3593 3240 panem
3624 3167 3692 3220 de

1986 3263 2147 3325 ccelo,
2181 3260 2476 3314 etbiberet
2513 3275 2720 3328 aquam
2780 3261 2847 3313 de
2906 3265 3087 3329 petra,
3150 3274 3269 3311 non
3315 3257 3524 3311 dicitur
3593 3272 3692 3325 pu-

1988 3365 2187 3419 gnasse
2211 3349 2455 3418 populus
2489 3348 2623 3413 ;sed
2675 3348 2885 3401 dicitur
2935 3348 3002 3401 ad
3056 3363 3188 3399 eum
3222 3363 3235 3399 :
3299 3348 3555 3400 Dominus
3582 3360 3688 3413 pu-

1985 3439 2172 3506 gnabit
2212 3454 2311 3506 pro
2366 3437 2514 3491 vobis
2547 3442 2597 3491 et
2672 3452 2761 3490 vos
2821 3437 3081 3491 tacet/itis.
3131 3436 3225 3489 Est
3268 3451 3405 3503 ergo
3460 3434 3689 3503 quando

1985 3526 2260 3581 Dominus
2289 3530 2510 3595 pugnat
2545 3542 2645 3595 pro
2677 3525 2862 3591 nobis,
2892 3541 2995 3578 nec
3035 3523 3317 3594 permittit
3357 3522 3564 3576 tentari
3593 3538 3686 3574 su-

1983 3632 2085 3686 pra
2116 3614 2173 3669 id
2204 3615 2354 3685 quod
2385 3630 2703 3684 possumus,
2738 3630 2840 3667 nec
2893 3614 3139 3683 impares
3191 3612 3407 3666 viribus
3451 3610 3587 3663 sinit
3615 3610 3686 3663 ad

1982 3704 2182 3757 fortem
2236 3703 2427 3755 venire
2489 3718 2873 3771 congressum.
2935 3702 3038 3755 Job
3097 3717 3324 3771 quoque
3398 3704 3685 3753 certamen

1980 3792 2310 3846 tentationis
2331 3808 2445 3844 suae
2474 3792 2592 3860 jam
2646 3791 2925 3858 perfectus
2998 3791 3292 3859 implevit;
3348 3796 3405 3842 et
3438 3796 3497 3842 tu
3548 3804 3685 3855 ergo

1979 3897 2107 3934 cum
2149 3880 2386 3949 coeperis
2416 3879 2755 3932 manducare
2832 3894 3058 3945 manna,
3140 3894 3346 3946 panem
3403 3878 3685 3931 caelestem

1979 3969 2132 4022 verbi
2164 3968 2280 4033 Dei,
2310 3968 2571 4021 etbibere
2623 3982 2830 4035 aquam
2871 3967 2939 4019 de
2983 3973 3163 4035 petra,
3196 3981 3442 4036 cumque
3493 3964 3561 4017 ad
3596 3964 3687 4017 in—

1978 4050 2185 4109 teriora
2212 4055 2480 4109 doctrinae
2514 4054 2824 4124 spiritualis
2888 4054 3202 4121 accesserit,
3274 4057 3531 4123 exspecta
3573 4069 3687 4123 pu-

1978 4160 2168 4215 gnam,
2204 4146 2539 4213 praeparate
2564 4144 2634 4197 ad
2666 4144 2900 4197 bellum.

2048 4235 2202 4287 Vens.
2254 4235 2305 4294 9,
2374 4234 2456 4286 lO.
2498 4263 2565 4273 —
2627 4232 2892 4302 Dia-itque
2942 4233 3149 4302 Moyses
3209 4232 3281 4285 ad
3330 4232 3519 4297 Josue,
3573 4236 3680 4286 etc.

1978 4321 2167 4384 ORIG.,
2218 4320 2382 4385 ibid.)
2433 4321 2556 4374 Alia
2604 4321 2826 4375 littera:
2880 4323 3034 4375 Diwit
3082 4324 3290 4390 Moyses
3344 4321 3417 4373 ad
3464 4323 3681 4374 Jesum:

1978 4410 2131 4476 Elige
2167 4409 2268 4462 tibi
2318 4411 2483 4475 viros,
2529 4415 2634 4465 etc.
2694 4412 2995 4480 [lucusque
3060 4410 3208 4463 beati
3261 4408 3510 4463 nominis
3555 4409 3685 4462 Jesu

1980 4512 2275 4565 nunquam
2326 4497 2470 4551 facta
2538 4504 2618 4553 est
2675 4499 2906 4553 mentio.
2973 4498 3072 4552 llic
3148 4498 3399 4568 primum
3469 4495 3687 4549 vocavit

1980 4586 2192 4654 Moyses
2242 4586 2456 4650 Jesum,
2533 4593 2589 4640 et
2668 4588 2807 4641 dixit
2878 4588 2972 4640 ei:
3014 4589 3165 4654 Elige
3222 4589 3367 4640 viros
3401 4585 3503 4640 tibi
3552 4586 3680 4652 ipsi,

1983 4674 2196 4743 Moyses
2222 4678 2383 4726 vocat
2413 4677 2626 4741 Jesum,
2661 4677 2747 4730 lex
2778 4676 3000 4729 invocat
3050 4675 3354 4740 Christum,
3389 4679 3454 4728 ut
3508 4674 3679 4743 eligat

1983 4762 2089 4815 sibi
2148 4761 2293 4814 viros
2345 4766 2604 4831 potentes
2655 4764 2723 4817 de
2765 4765 2964 4834 plebe:
3018 4780 3134 4817 non
3187 4767 3411 4831 poterat
3469 4763 3684 4832 Moyses

1984 4850 2215 4917 eligere,
2250 4850 2341 4903 sed
2393 4852 2543 4904 solus
2581 4853 2759 4917 Jcsus,
2819 4854 2915 4922 qui
2961 4853 3037 4906 ait
3068 4854 3229 4905 Joan.
3278 4867 3374 4903 xv:
3431 4852 3549 4905 Non
3594 4865 3683 4903 ros

1984 4952 2065 4989 me
2094 4937 2352 5004 elegistis,
2402 4939 2495 4992 sed
2516 4954 2613 5006 ego
2671 4955 2763 4993 vos
2824 4942 2958 5006 elegi
2997 4941 3210 5009 (Matth.
3266 4942 3364 5005 xu)
3420 4940 3540 5007 Ipse
3602 4942 3685 4992 est

1984 5026 2260 5079 lectorum
2290 5025 2403 5079 dux
2465 5032 2521 5080 et
2566 5027 2890 5096 potentium
2934 5027 3212 5097 princeps.
3240 5030 3366 5097 Ipse
3429 5026 3686 5097 conﬂigit

1985 5138 2113 5175 cum
2136 5123 2383 5176 Amalec.
2435 5124 2560 5192 Ipse
2609 5124 2763 5178 enim
2813 5125 2986 5177 intrat
3028 5125 3087 5177 in
3146 5126 3382 5180 domum
3420 5125 3581 5180 fortis
3630 5130 3685 5178 et

1991 5210 2181 5279 alligat
2208 5211 2431 5277 fortem,
2464 5216 2519 5265 et
2541 5229 2669 5266 vasa
2695 5213 2815 5283 ejus
2846 5213 3059 5284 diripit.

2059 5301 2181 5366 Ego
2227 5300 2377 5353 stabo
2425 5302 2482 5353 in
2547 5304 2743 5355 vertice
2798 5303 2966 5356 collis.
3039 5303 3264 5372 (ORIG.,)
3344 5302 3438 5354 ubi
3492 5318 3679 5370 supra.

1988 5389 2267 5453 Ascendit,
2327 5388 2535 5459 inquit,
2595 5390 2805 5459 Moyses
2852 5406 2969 5444 non
3014 5392 3075 5445 in
3133 5391 3397 5445 verticem
3451 5391 3682 5453 mantis,

1990 5477 2084 5529 sed
2136 5476 2195 5530 in
2244 5476 2508 5531 verticem
2576 5478 2753 5532 collis.
2806 5480 3144 5534 Servabatur
3197 5481 3351 5534 enim
3424 5480 3475 5533 ei
3551 5485 3684 5534 tunc

1992 5564 2294 5618 ascendere
2342 5565 2397 5618 in
2459 5566 2725 5621 verticem
2768 5568 2975 5621 montis
3006 5585 3134 5621 cum
3188 5584 3521 5623 ascensurus
3565 5574 3685 5621 erat
