4052 6180
271 289 373 344 243

913 288 1311 342 WALAFRIDI
1351 287 1598 344 STRABI
1641 290 1838 344 FULD.
1888 289 2046 344 MON.
2088 287 2239 343 OPP.
2283 288 2460 342 PARS
2499 287 2538 340 Ι.
2588 315 2656 324 ——
2695 285 3147 343 THEOLOGICA.

3677 288 3785 340 2tt

267 417 449 483 Iesus,
497 419 556 470 et
609 429 740 470 cum
784 415 907 486 ipso
974 416 1188 488 Moyses
1216 419 1274 471 et
1317 415 1488 483 Elias,
1543 420 1602 470 et
1655 414 1736 470 ibi
1785 419 1970 470 trans-
2007 414 2058 470 A
2085 413 2426 469 memoriam
2456 412 2839 485 spiritualium
2889 412 3164 468 hostium.
3232 412 3391 467 Unde
3446 413 3589 484 psal.
3642 427 3735 465 xxx
3773 428 3787 465 :

269 503 603 560 formandus
631 504 691 557 in
722 504 922 574 gloria.
959 505 1119 560 Nunc
1147 520 1285 575 ergo
1326 505 1484 559 velut
1534 505 1794 559 nondum
1849 505 1976 575 glo-

272 592 532 646 riﬁcatur
578 591 650 646 de
700 592 1200 647 transfurmatione
1237 593 1392 660 Jesu,
1442 609 1559 646 non
1612 592 1868 647 ascendit
1915 592 1978 646 in

273 680 546 735 verticem
578 680 804 746 montis,
834 680 930 734 sed
950 680 1011 734 in
1038 680 1309 734 verticem
1337 680 1513 735 collis.
1567 681 1633 734 Et
1661 696 1792 734 cum
1836 680 1978 734 eles-

275 773 433 822 varet
455 769 668 838 Moyses
699 783 920 832 manus,
954 769 1261 839 superabat
1295 767 1489 823 Israel.
1545 768 1763 840 Moyses
1801 768 1982 823 elevat

279 872 503 922 manus,
551 871 669 909 non
715 855 1008 923 extendit;
1058 857 1238 922 Jesus,
1273 857 1374 927 qui
1436 860 1621 911 totum
1676 857 1981 926 mundum,

278 944 556 999 exaltatus
585 944 644 997 in
670 959 852 1009 cruce,
881 945 1211 1014 complexus
1237 949 1341 1010 est,
1373 944 1542 999 dicit:
1576 945 1812 1000 Extendi
1863 960 1982 1000 ma-

276 1047 382 1086 nus
411 1032 486 1085 ad
500 1033 761 1101 populum
798 1048 904 1087 non
933 1033 1229 1089 credentem
1267 1036 1389 1102 (Isa.
1423 1035 1569 1104 va).
1595 1036 1820 1088 Elevare
1861 1051 1982 1087 ma-

279 1135 408 1185 nus,
441 1119 550 1173 hoc
581 1123 666 1173 est
723 1125 880 1174 actus
926 1119 1114 1175 levare
1167 1121 1234 1175 ad
1292 1123 1492 1188 Deum,
1546 1126 1607 1174 ut
1637 1137 1751 1175 non
1779 1122 1986 1175 habeat

279 1211 435 1262 actus
465 1207 710 1277 dejectos
741 1209 977 1262 ethumi
996 1209 1269 1278 jacentes,
1297 1208 1394 1263 sed
1416 1209 1532 1263 Deo
1564 1209 1800 1278 placitos
1831 1214 1888 1262 at
1917 1208 1986 1262 ad

279 1296 487 1349 caelum
530 1299 763 1349 erectos.
808 1296 1006 1350 Elevat
1053 1311 1191 1366 ergo
1249 1311 1454 1350 manus
1504 1297 1602 1366 qui
1639 1297 1988 1350 thesaurizat

279 1379 339 1436 in
369 1383 529 1437 caelo.
565 1384 720 1438 Unde
749 1384 905 1438 enim
954 1385 1271 1452 thesaurus,
1327 1383 1408 1437 ibi
1465 1385 1682 1452 oculus,
1722 1383 1803 1438 ibi
1861 1400 1989 1438 ma-

280 1487 410 1527 nus.
465 1470 657 1526 Elevat
730 1487 934 1526 manus
1003 1471 1102 1542 qui
1178 1470 1357 1525 dicit:
1416 1472 1658 1526 Elevatio
1731 1488 1989 1527 manuum

279 1575 520 1613 mearum
545 1559 875 1627 sacri/icium
903 1561 1272 1628 vespertinum
1319 1559 1486 1628 (Psal.
1548 1560 1689 1628 ch).
1739 1560 1798 1614 Si
1853 1577 1989 1631 ergo

281 1646 578 1700 eleventnr
605 1651 762 1701 actus
799 1647 998 1713 nostri,
1065 1646 1310 1701 vincitur
1360 1647 1629 1703 Amalec:
1685 1649 1834 1703 unde
1887 1649 1988 1703 Isa-

283 1749 461 1788 xxxv:
519 1736 791 1790 Remissas
835 1749 1028 1790 manus
1062 1739 1112 1790 et
1168 1750 1345 1804 genua
1397 1735 1600 1790 debilia
1663 1738 1870 1804 erigite.
1929 1737 1988 1792 Si

284 1826 470 1876 servat
505 1822 754 1892 populus
784 1823 993 1894 legem,
1027 1819 1212 1877 elevat
1272 1824 1487 1895 Moyses
1531 1839 1754 1891 manus,
1802 1829 1859 1878 et
1891 1824 1988 1878 ad-

284 1909 566 1963 versarius
615 1911 877 1965 vincitur.
914 1909 975 1966 Si
1025 1927 1143 1965 non
1198 1915 1384 1966 servat
1431 1913 1638 1984 legem,
1697 1912 1992 1968 invalescit

286 1998 534 2051 Amalec.
560 1997 702 2062 Quia
730 1997 908 2068 igitur
929 1999 1096 2053 nobis
1149 2015 1346 2070 pugna
1397 2004 1480 2054 est
1526 2001 1796 2055 adversus
1824 2002 1991 2072 prin-

285 2084 439 2156 cipes
465 2091 521 2140 et
578 2090 886 2156 potestates
933 2085 1137 2141 mundi
1190 2087 1364 2158 hujus
1418 2093 1664 2144 rectores
1731 2089 1992 2143 tenebra-

284 2190 435 2240 rum,
467 2173 515 2228 si
541 2174 622 2227 vis
651 2174 898 2241 vincere,
931 2175 1090 2229 eleva
1132 2191 1356 2243 manus,
1385 2176 1444 2231 id
1488 2181 1592 2242 est,
1648 2182 1826 2246 actus,
1859 2194 1993 2232 con-

285 2263 527 2317 versatio
568 2267 662 2317 tua
693 2280 807 2317 non
830 2263 902 2318 sit
929 2263 990 2318 in
1020 2264 1212 2334 terris,
1240 2265 1340 2320 sed
1383 2265 1445 2320 in
1508 2266 1680 2321 caelis.
1731 2269 1897 2322 Eleva
1936 2272 1994 2321 et

288 2353 346 2404 tu
379 2367 582 2406 manus
650 2352 710 2405 in
775 2352 981 2406 coelum
1040 2353 1110 2406 ad
1160 2354 1360 2420 Deum,
1410 2354 1586 2425 imple
1647 2355 1984 2411 mandatum

285 2438 543 2508 Apostoli
569 2462 580 2492 :
605 2439 732 2494 Sine
751 2442 1147 2494 intermissione
1169 2446 1318 2495 orate
1357 2441 1400 2510 (Ι
1429 2443 1610 2497 Thess.
1642 2443 1694 2513 v)
1728 2461 1741 2504 ;
1777 2448 1832 2497 et
1858 2448 1994 2497 tunc

288 2527 391 2582 ﬁet
416 2527 571 2598 quod
597 2527 870 2598 scriptum
895 2533 994 2593 est,
1030 2528 1167 2598 quia
1207 2528 1352 2583 sicut
1405 2530 1645 2601 ablingit
1695 2531 1904 2586 vitulus
1935 2532 1994 2586 in

289 2614 505 2685 campis
525 2614 763 2669 herbam
790 2615 1089 2683 virentem,
1120 2617 1193 2670 ita
1215 2617 1467 2688 ablinget
1489 2621 1739 2689 populus
1771 2621 1860 2674 hic
1892 2637 1992 2692 po-

291 2703 490 2774 pulum
521 2703 622 2773 qui
645 2719 817 2774 super
837 2709 1048 2758 terram
1080 2709 1162 2759 est
1194 2721 1208 2771 ;
1241 2705 1337 2759 ubi
1359 2705 1650 2761 inducitur
1666 2707 1796 2778 quia
1819 2724 1997 2778 popu-

293 2793 381 2846 lus
420 2791 520 2846 Dei
570 2808 682 2845 non
720 2798 840 2846 tam
885 2808 1062 2847 manu
1092 2797 1145 2847 et
1167 2793 1342 2848 armis
1364 2811 1537 2865 quam
1564 2812 1696 2850 voce
1724 2802 1778 2850 et
1803 2797 1998 2867 lingua

292 2879 607 2951 pugnabat,
651 2883 706 2934 et
763 2880 1020 2934 oratione
1071 2880 1333 2936 inimicos
1379 2885 1796 2953 prosternebat.
1833 2885 1998 2939 Eleva

2085 506 2254 560 Periit
2281 505 2538 558 memoria
2563 519 2744 557 eorum
2775 518 2893 557 cum
2917 505 3116 559 sonitu.

2157 593 2323 646 Vens.
2359 595 2444 660 12,
2481 593 2564 646 16.
2597 621 2662 630 -
2705 591 3135 660 ίΕάίῙὶοαυὶιᾳυθ
3177 591 3384 659 Moyses
3443 591 3636 654 altare,
3680 593 3790 644 etc.

2088 680 2297 736 Omnes
2351 679 2565 734 diaboli
2633 679 2871 734 victores
2939 679 3000 734 in
3062 679 3322 734 cordibus
3399 677 3516 732 suis
3581 677 3795 732 debent

2089 783 2214 823 aras
2237 768 2370 822 ﬁdei
2399 767 2701 835 aediﬁcare,
2741 767 2803 822 in
2845 783 2958 838 qua
3007 767 3332 840 spirituales
3388 767 3602 822 hostias
3641 764 3789 820 olfe-

2091 859 2240 909 rant.

2727 987 2952 1042 CAPUT
3005 987 3194 1042 xan
3267 958 3270 964 ’

2167 1120 2328 1174 Vsus.
2363 1121 2474 1174 1-4.
2506 1149 2574 1160 -
2613 1121 2850 1190 Cumque
2901 1119 3144 1174 audisset
3204 1119 3422 1187 Jethro,
3477 1124 3585 1174 etc.
3635 1119 3801 1184 Quod

2093 1208 2309 1279 Moyses
2354 1207 2702 1263 liberaturus
2760 1207 2909 1262 ﬁlios
2964 1208 3136 1262 Israel
3192 1206 3412 1262 dimisit
3460 1224 3697 1262 uxorem
3738 1212 3798 1262 et

2096 1296 2266 1362 ﬁlios,
2302 1312 2447 1368 quos
2473 1301 2674 1367 postea
2701 1296 2762 1350 in
2795 1297 3017 1351 deserto
3050 1297 3279 1366 recepit,
3336 1296 3620 1366 signiﬁcat
3651 1297 3791 1368 quia

2097 1385 2498 1456 praedicatores
2525 1401 2657 1439 eum
2707 1384 3016 1439 mittuntur
3045 1385 3117 1439 ad
3175 1400 3320 1455 opus
3348 1385 3794 1455 praedicationis,

2100 1473 2308 1529 debent
2335 1489 2395 1528 se
2425 1490 2456 1527 a
2485 1473 2866 1528 sollicitudine
2895 1473 3202 1544 temporali
3258 1477 3594 1528 exonustare
3620 1491 3633 1528 :
3667 1490 3799 1528 cum

2100 1577 2233 1616 vero
2271 1565 2467 1633 postea
2485 1561 2558 1616 ad
2579 1561 2970 1632 episcopatum
3018 1563 3106 1615 vel
3139 1561 3211 1615 ad
3235 1561 3407 1615 aliam
3463 1561 3804 1631 dignitatem

2104 1654 2487 1719 assumuntur,
2548 1654 2684 1704 tunc
2741 1666 2844 1721 pro
2899 1650 3008 1704 sibi
3043 1651 3310 1720 subjectis
3357 1650 3806 1706 sollicitudinem

2105 1744 2222 1794 tam
2247 1739 2308 1793 in
2339 1737 2734 1810 spiritualibus
2775 1753 2949 1809 quam
3002 1738 3414 1809 temporalibus
3462 1755 3661 1810 gerere
3701 1740 3797 1796 de-

2100 1827 2255 1882 bent.

2185 1916 2344 1968 Veas.
2425 1915 2576 1968 5-H.
2668 1914 2827 1968 Venit
2900 1927 3024 1978 ergo
3115 1913 3334 1977 Jethro,
3405 1918 3510 1971 etc.
3593 1915 3805 1985 (01110.,
3876 1945 3881 1951 -

2097 2003 2238 2057 hom.
2272 2005 2356 2057 11.
2440 2004 2499 2056 in
2528 2000 2728 2073 Exod.)
2756 2001 2878 2055 Alia
2909 2000 3098 2055 littera
3129 2018 3140 2055 :
3207 2003 3332 2057 Post
3380 2003 3490 2058 haec
3555 2006 3701 2058 venit
3732 2005 3810 2060 ad

2097 2095 2329 2145 montem
2377 2092 2473 2145 Dei
2520 2090 2752 2159 Moyses,
2805 2093 2856 2143 et
2897 2090 3094 2144 Jethro
3144 2089 3253 2144 sibi
3317 2096 3616 2146 occurrenti
3671 2095 3812 2148 exiit

2099 2180 2312 2234 obviam
2349 2178 2414 2233 de
2471 2179 2688 2244 castris,
2739 2192 2831 2231 nec
2887 2176 3054 2231 duxit
3113 2192 3230 2232 eum
3283 2178 3358 2232 ad
3411 2185 3639 2234 montem
3683 2183 3806 2250 Dei,

2099 2267 2194 2321 sed
2231 2266 2304 2320 ad
2333 2266 2741 2321 tabernaculum
2763 2280 2938 2320 suum.
2974 2266 3100 2320 Non
3138 2265 3296 2320 enim
3344 2271 3570 2336 poterat
3620 2284 3808 2322 sacer-

2101 2355 2200 2409 dos
2239 2354 2462 2410 Madian
2517 2353 2822 2408 ascendere
2855 2352 2917 2407 in
2973 2358 3230 2409 montem
3294 2355 3416 2421 Dei,
3452 2356 3551 2410 sed
3609 2373 3714 2411 nec
3748 2358 3810 2412 in

2102 2445 2406 2513 Aigyptum
2459 2441 2820 2507 descendere,
2880 2457 2983 2495 nec
3051 2458 3196 2496 uxor
3243 2443 3442 2513 Moysi,
3506 2445 3602 2499 sed
3655 2461 3812 2500 nunc

2103 2531 2173 2585 ad
2194 2546 2328 2585 eum
2358 2531 2516 2584 venit
2544 2546 2676 2584 cum
2705 2529 2857 2584 ﬁliis.
2892 2531 3019 2584 Non
3080 2531 3234 2586 enim
3280 2537 3509 2601 poterat
3559 2535 3799 2588 descen-

2102 2619 2235 2673 dere
2265 2619 2326 2672 in
2387 2620 2713 2688 Egyptum,
2776 2621 2833 2672 et
2877 2618 3067 2673 subire
3115 2635 3328 2690 agones
3386 2622 3810 2694 Egyptiorum,

2103 2706 2215 2762 nisi
2244 2707 2456 2760 athleta
2489 2706 2820 2778 probabilis,
2866 2711 2922 2762 et
2976 2707 3077 2778 qui
3127 2707 3189 2761 in
3220 2724 3405 2779 agone
3465 2713 3815 2768 contendens

2105 2796 2175 2850 ab
2204 2795 2474 2849 omnibus
2503 2811 2563 2848 se
2593 2794 2857 2850 abstinet.
2913 2795 3150 2866 Moyses,
3199 2797 3333 2867 quia
3370 2814 3612 2868 magnus
3637 2806 3692 2855 et
3713 2819 3816 2873 po-

2104 2889 2230 2937 tens
2259 2883 2490 2952 athleta,
2548 2883 2840 2939 descendit
2898 2883 2957 2937 in
3011 2886 3317 2956 [Egyptum
3378 2887 3448 2941 ad
3490 2903 3700 2958 agones
3759 2893 3820 2942 et

295 2983 434 3039 ergo
489 2971 664 3034 actus,
720 2968 870 3023 insta
911 2968 1170 3024 oratione
1204 2985 1217 3024 :
1251 2970 1375 3025 haec
1441 2970 1746 3027 Christiani
1797 2989 1992 3044 pugna
2033 2969 2072 3026 C
2105 2971 2373 3026 exercitia
2401 2971 2718 3039 virtutum;
2752 2971 3042 3026 Abraham
3071 2976 3128 3026 et
3181 2973 3349 3028 Jacob
3401 2991 3650 3046 quoque,
3713 2977 3819 3046 qui

297 3061 402 3122 est,
439 3073 567 3128 qua:
602 3062 835 3127 superat
877 3057 1196 3112 inimicum.
1258 3060 1402 3114 Puto
1454 3065 1647 3115 autem
1703 3078 1806 3132 per
1849 3063 1995 3116 hanc

294 3145 540 3215 tlguram
569 3145 712 3198 duos
767 3146 1016 3215 populos
1067 3146 1396 3216 signiﬁcari,
1448 3165 1694 3219 quorum
1747 3167 1894 3204 unus
1927 3167 1996 3204 ex

294 3233 561 3304 gentibus
591 3234 772 3287 elevat
795 3249 998 3288 manus
1053 3234 1247 3305 Moysi,
1272 3240 1328 3288 et
1371 3235 1434 3289 in
1459 3236 1702 3291 sublime
1757 3239 1902 3292 tollit
1930 3255 1998 3294 ea

298 3337 428 3392 quae
460 3319 683 3390 scripsit
714 3325 769 3374 et
799 3321 1233 3391 intelligentiam
1277 3338 1497 3389 eorum,
1540 3329 1605 3379 ut
1637 3324 1717 3378 sic
1768 3326 1996 3394 vincat;

299 3408 446 3464 alius
491 3423 646 3476 vero,
673 3407 731 3462 id
791 3413 896 3474 est,
952 3409 1220 3463 Judaicus
1293 3412 1560 3481 populus,
1639 3428 1759 3466 non
1815 3413 1999 3469 elevat

300 3511 504 3550 manus
551 3494 722 3565 Moysi
753 3511 786 3548 a
838 3500 1010 3563 terra,
1069 3513 1174 3550 nec
1231 3498 1412 3552 altum
1470 3499 1686 3571 aliquid
1749 3517 1852 3556 nec
1899 3519 1996 3556 su—

298 3583 474 3639 blime
528 3582 589 3637 in
645 3599 712 3636 eo
759 3582 1042 3655 intelligit,
1100 3589 1156 3640 et
1207 3584 1288 3640 sic
1343 3586 1412 3641 ab
1468 3589 1804 3644 adversariis
1876 3591 1999 3644 vin-

301 3670 468 3726 citur.

375 3785 590 3839 Habeas
626 3787 839 3852 virgam
883 3786 1007 3850 Dei,
1053 3789 1160 3840 etc.
1211 3787 1397 3858 (Auc.,
1456 3792 1644 3856 quaest.
1695 3791 1809 3860 65.)
1842 3789 2003 3844 Nunc

304 3873 464 3945 virga
505 3874 606 3927 Dei
659 3873 888 3940 dicitur,
955 3890 1086 3946 quae
1140 3875 1394 3946 primum
1447 3876 1598 3931 dicta
1652 3882 1735 3932 est
1787 3882 2002 3945 Aaron,

304 3966 506 4032 postea
536 3960 743 4015 dicitur
767 3961 961 4032 Moysi.
991 3962 1146 4017 Sicut
1172 3963 1383 4018 dicitur
1429 3965 1661 4035 spiritus
1719 3967 1852 4021 Eliaa
1905 3967 2006 4038 qui

307 4054 395 4104 est
442 4049 693 4120 Spiritus
750 4049 874 4120 Dei,
929 4052 1091 4122 cujus
1145 4053 1428 4124 particeps
1477 4054 1623 4108 Elias
1672 4054 1916 4122 dicitur;
1951 4058 2008 4109 et

308 4138 409 4194 Dei
430 4139 674 4208 justitia,
706 4154 834 4208 quae
874 4145 1068 4193 nostra
1123 4145 1226 4194 est.
1281 4141 1481 4196 Unde:
1530 4143 1860 4213 ignorantes
1905 4143 2007 4198 Dei

300 4225 542 4298 justitia,
612 4225 864 4281 volentes
919 4243 1080 4282 suam
1135 4233 1379 4284 statuere
1432 4229 1602 4301 (Rom.
1663 4238 1742 4299 x),
1782 4231 1840 4287 id
1896 4237 2000 4301 est,
2043 4249 2086 4304 ι)

306 4319 581 4386 tanquam
601 4331 633 4368 a
661 4331 719 4370 se
749 4315 856 4369 sibi
881 4319 1278 4387 praeparatam.

381 4423 544 4476 Vens.
582 4425 662 4477 11.
721 4452 790 4462 -
849 4424 1095 4492 Cumque
1136 4423 1337 4478 levaret
1393 4424 1598 4493 Moyses
1627 4441 1839 4487 manus,
1897 4431 2002 4482 etc.

312 4510 551 4582 (Suum)
593 4510 736 4575 Quia
777 4525 909 4565 cum
964 4511 1053 4566 lex
1111 4511 1343 4582 mystice
1399 4513 1759 4585 intelligitur,
1818 4517 2005 4586 passio

311 4599 521 4656 Christi
575 4599 947 4670 spiritualiter
1011 4605 1301 4672 pensatur,
1369 4601 1628 4660 diabolus
1679 4604 1925 4660 vincitur
1953 4610 2010 4662 et

309 4686 558 4760 fugatur.
606 4689 747 4744 Cum
805 4692 996 4742 autem
1054 4688 1427 4745 remittuntur
1472 4706 1698 4760 manus,
1765 4692 1824 4748 id
1900 4698 2004 4761 est,

309 4781 600 4847 praecepta
641 4776 782 4849 legis
828 4777 1020 4832 minus
1096 4776 1346 4833 studiose
1394 4785 1747 4846 exercentur,
1830 4781 2008 4838 hostis

312 4865 489 4920 victor
517 4865 857 4936 insequitur.

384 4974 547 5028 Vnus.
610 4976 695 5040 12,
754 4975 839 5029 13.
887 5003 956 5014 -
1023 4974 1298 5030 Sumentes
1344 4975 1518 5043 igitur
1565 4975 1820 5045 lapidem,
1898 4979 2005 5030 etc.

311 5061 530 5131 (Gnac.,
563 5063 744 5117 homil.
796 5065 862 5118 33
919 5065 979 5118 in
1039 5063 1273 5134 Evang.)
1345 5064 1560 5134 Moyses
1611 5064 1756 5119 sedit
1810 5063 1872 5119 in
1923 5064 2006 5120 la-

313 5149 466 5220 pide,
501 5154 632 5216 etc.,
681 5165 848 5219 usque
889 5151 964 5207 ad
1010 5167 1152 5223 quos
1194 5151 1368 5207 etiam
1421 5153 1574 5224 juste
1621 5152 1719 5208 illa
1751 5152 2003 5221 damnat,

312 5237 435 5310 ipse
454 5238 898 5295 misericorditer
925 5239 1147 5296 liberat.

385 5355 556 5411 Vens.
595 5354 679 5410 14.
708 5382 780 5396 -
827 5355 1025 5411 Delebo
1069 5356 1230 5425 enim,
1281 5359 1386 5411 etc.
1418 5353 1607 5426 (ΒΑΕ.)
1645 5355 1710 5410 Ιη
1763 5354 1873 5409 hoc
1925 5353 2004 5408 si-

316 5443 551 5516 gnificat
600 5442 756 5515 quod
829 5443 1192 5516 omnipotens
1242 5445 1390 5499 Deus
1439 5460 1540 5515 per
1580 5445 1762 5514 legem
1805 5443 2004 5513 (quam

315 5531 597 5605 signiﬁcat
641 5531 875 5602 Moyses,
910 5535 967 5587 et
1014 5532 1083 5586 de
1139 5532 1358 5588 Christo
1407 5531 1763 5602 pronuntiat)
1820 5532 2004 5586 deleat

2105 3059 2230 3130 ipso
2270 3059 2501 3113 nomine
2531 3059 2743 3113 athleta
2773 3062 2875 3126 est,
2909 3075 3039 3113 cum
3087 3059 3468 3116 descendisset
3526 3063 3582 3115 in
3639 3063 3817 3135 ZEgy-

2104 3153 2290 3217 ptum,
2325 3147 2507 3202 factus
2558 3152 2643 3201 est
2699 3147 2845 3201 sicut
2900 3147 3079 3202 stellae
3131 3147 3260 3202 caeli
3310 3148 3372 3202 in
3425 3150 3813 3205 multitudine.

2074 3223 2244 3291 'Aliis
2273 3234 2333 3288 in
2379 3235 2729 3289 contrarium
2775 3235 2924 3290 cedit
2966 3236 3319 3290 descendisse
3366 3236 3429 3290 in
3482 3239 3817 3308 Egyptum.

2106 3321 2231 3377 Scio
2280 3322 2619 3376 Hieroboam
2667 3322 3044 3393 fugientema
3089 3323 3392 3378 Salomone
3451 3324 3818 3380 descendisse

2107 3410 2166 3464 in
2199 3411 2524 3481 Egyptum,
2558 3414 2614 3464 et
2642 3410 2870 3464 scidisse
2908 3414 2965 3464 et
2993 3411 3313 3481 corrupisse
3357 3413 3635 3482 populum
3675 3413 3816 3478 Dei;

2110 3499 2246 3570 quia
2296 3498 2641 3553 descendens
2693 3497 2755 3552 in
2813 3500 3120 3570 Egyptuni
3189 3500 3459 3570 accepita
3517 3500 3820 3556 Susachim

2110 3602 2244 3657 rege
2283 3603 2518 3640 uxorem
2540 3585 2939 3641 Tethimenem
2968 3587 3161 3641 uxoris
3192 3588 3315 3657 ejus
3333 3604 3607 3642 sororem.

2180 3677 2347 3729 Vsus.
2384 3675 2903 3730 l2—l5.—0btulit
2955 3690 3081 3741 ergo
3133 3676 3351 3745 Jethro,
3403 3680 3508 3730 etc.
3579 3675 3823 3747 (ALc.in

2111 3761 2512 3828 Locutionibus,
2564 3761 2723 3816 locut.
2811 3760 2924 3831 85.)
2989 3763 3058 3815 Et
3125 3765 3358 3832 sumpsit
3416 3762 3603 3817 Jethro
3670 3779 3828 3818 socer

2113 3853 2288 3920 Moysi
2340 3851 2669 3911 holocausta,
2714 3853 2819 3904 etc.
2878 3851 3121 3919 Sumpsit
3173 3866 3277 3922 pro
3311 3851 3524 3915 obtulit,
3577 3851 3820 3922 posuit:

2115 3956 2188 3993 an
2216 3939 2360 3993 forte
2392 3954 2590 3992 sensus
2620 3942 2721 4005 est,
2754 3953 2871 3993 non
2901 3939 3132 4007 locutio,
3164 3943 3228 3993 ut
3273 3955 3340 3992 ea
3395 3939 3703 4009 sumpsisse
3734 3939 3817 3994 in-

2114 4027 2406 4097 telligatur
2435 4025 2705 4080 obtulisse
2733 4042 2747 4093 ;
2782 4025 3043 4097 quamvis
3066 4027 3280 4097 Moyses
3311 4043 3426 4081 non
3456 4027 3680 4098 legatur
3723 4043 3818 4081 sa-

2117 4116 2414 4182 criﬁcasse,
2449 4131 2552 4168 nec
2580 4118 2789 4181 Aaron,
2823 4130 2924 4168 nec
2951 4114 3257 4186 quisquam
3299 4115 3668 4170 Hebraeorum
3714 4116 3824 4188 qui

2117 4203 2305 4260 educti
2336 4207 2468 4257 sunt
2523 4203 2592 4257 de
2648 4207 2801 4257 terra
2845 4203 3106 4274 Egypti:
3161 4204 3258 4258 sed
3310 4208 3504 4259 tamen
3551 4204 3823 4275 superius

2115 4292 2327 4347 dictum
2359 4297 2442 4345 est
2473 4291 2624 4362 quod
2655 4290 2831 4345 altare
2870 4291 3163 4345 constituit
3199 4292 3430 4361 Moyses.
3475 4291 3670 4347 Jethro
3710 4307 3819 4347 au-

2114 4385 2228 4434 tem
2261 4381 2507 4449 legimus
2535 4379 2885 4434 sacerdotem
2925 4379 3096 4433 fuisse
3151 4379 3394 4446 Madian,
3427 4379 3482 4434 id
3542 4385 3626 4434 est
3680 4397 3824 4451 gen-

2114 4467 2186 4520 tis
2215 4466 2457 4521 Madian.
2495 4466 2698 4521 Mirum
2741 4471 2825 4520 est
2880 4471 3070 4521 autem
3117 4466 3164 4520 si
3210 4467 3282 4521 ad
3339 4468 3462 4538 ejus
3504 4468 3822 4523 adventum

2115 4555 2287 4626 cmpit
2324 4555 2641 4609 sacriﬁcare
2674 4555 2909 4626 Moyses,
2952 4559 3150 4609 etnon
3182 4555 3373 4626 potius
3405 4555 3526 4627 ipse
3575 4557 3676 4628 qui
3714 4573 3818 4611 sa-

2115 4644 2308 4698 cerdos
2335 4649 2476 4697 erat.
2736 4661 2770 4694 ι

2190 4733 2582 4800 Veneruntque,
2613 4729 2945 4801 etc.(0aic.,
2994 4731 3089 4785 ubi
3120 4733 3338 4802 supra.)
3391 4731 3517 4788 Alia
3573 4733 3815 4788 littera:

2121 4821 2411 4884 Venerunt,
2475 4817 2682 4889 inquit,
2731 4819 3033 4887 presbyteri
3076 4821 3284 4884 Aaron,
3321 4824 3371 4876 et
3407 4823 3580 4876 omnis
3639 4823 3829 4876 Israel

2115 4907 2448 4964 manducare
2490 4921 2685 4976 panem
2713 4922 2833 4961 cum
2852 4922 3028 4962 socero
3065 4910 3242 4977 Moysi
3278 4911 3338 4964 in
3387 4913 3668 4978 conspectu
3723 4912 3826 4966 Dei

2117 4997 2238 5050 Non
2270 5010 2468 5049 omnes
2494 4995 2843 5050 manducent
2869 5012 3080 5066 panem
3109 4996 3171 5050 in
3212 5001 3516 5068 conspectu
3564 4996 3684 5064 Dei,
3719 4998 3824 5052 sed

2117 5083 2217 5156 qui
2247 5083 2568 5154 presbyteri
2622 5087 2776 5151 sunt,
2817 5083 2919 5155 qui
2958 5084 3231 5154 seniores,
3279 5085 3337 5140 id
3371 5089 3476 5154 est,
3528 5085 3629 5156 qui
3679 5101 3825 5157 per-

2114 5172 2246 5226 fecti
2279 5175 2431 5238 sunt,
2464 5170 2525 5226 in
2556 5171 2776 5227 meritis
2822 5173 3068 5244 probati,
3119 5173 3220 5245 qui
3273 5175 3388 5229 sive
3447 5175 3822 5243 manducant,

2116 5261 2230 5316 sive
2284 5260 2508 5324 bibunt,
2567 5261 2638 5316 ad
2693 5260 2938 5332 gloriam
2989 5261 3089 5316 Dei
3149 5261 3384 5317 faciunt.
3445 5263 3626 5318 Omne
3680 5278 3827 5333 ergo

2114 5356 2265 5428 quod
2291 5357 2505 5411 faciunt
2534 5355 2736 5424 sancti,
2775 5354 2834 5410 in
2882 5360 3184 5426 conspectu
3237 5356 3334 5410 Dei
3387 5356 3636 5410 faciunt:
3689 5373 3825 5428 pec-

2113 5448 2267 5498 cator
2296 5446 2654 5516 aconspectu
2692 5443 2793 5498 Dei
2839 5443 3004 5514 fugit.
3051 5443 3232 5498 Adam
3287 5448 3590 5515 postquam
3621 5460 3824 5515 pecca-

2112 5531 2210 5599 vit,
2241 5531 2388 5603 fugit
2415 5549 2449 5586 a
2503 5535 2804 5604 conspectu
2863 5531 3110 5593 Domini,
3159 5536 3215 5587 et
3286 5532 3664 5603 interrogatus
3719 5549 3822 5586 re-
