4052 6180
158 300 244 351 245
1273 299 1528 356 ULOSSA
1564 298 1970 356 ORDINARIA.
2013 329 2081 337 ——-
2122 300 2247 354 LIB.
2292 299 2491 354 EXOD.

3534 301 3645 358 246

160 419 376 488 spondit
403 434 415 470 :
452 418 679 484 Audivi,
712 421 958 484 Domine,
989 433 1164 473 vocem
1196 422 1369 486 tuam,
1396 423 1448 474 et
1472 419 1729 475 abscondi
1746 434 1848 481 me,
1882 420 1929 473 Α
1955 419 2288 491 quagenarii
2329 419 2428 490 qui
2473 423 2734 490 praesunt
2777 420 3096 474 minoribus
3132 420 3380 490 judiciis,
3412 436 3541 492 quae
3571 421 3644 475 ad

162 509 275 573 quia
301 520 454 559 eram
484 506 662 559 nudus
696 505 853 575 (Gen.
898 506 999 576 ιιι).
1052 506 1188 561 Cain
1237 506 1410 561 exivit
1467 524 1501 560 a
1546 507 1686 561 facie
1736 508 1843 561 Do-

162 593 308 659 mini,
342 592 482 664 quia
511 593 786 664 indignus
816 600 938 648 erat
965 600 1275 665 conspectu
1308 595 1557 649 Domini.
1590 597 1847 665 Propter-

164 698 214 735 ea
238 681 341 751 qui
373 681 697 751 pleniorem
720 682 1015 736 scientiam
1051 682 1149 737 Dei
1196 683 1501 752 accipiunt,
1534 683 1580 736 si
1626 684 1845 737 malum

165 769 383 831 faciunt,
418 786 610 824 coram
642 771 760 824 Deo
788 770 1019 825 faciunt.
1076 772 1233 829 Unde
1281 772 1423 842 psal.
1460 787 1476 826 ι
1507 789 1519 826 :
1574 773 1696 825 Tibi
1745 772 1847 825 soli

162 860 383 925 peccavi,
420 862 524 911 etc.
556 858 662 922 Qui
700 859 915 912 malum
962 874 1152 914 coram
1203 861 1316 914 Deo
1372 860 1521 925 facit,
1574 859 1846 914 continuo

162 946 409 1015 poenitet,
445 950 501 1000 et
525 946 679 1013 dicit,
723 949 961 1002 Peccavi.
1024 948 1131 1013 Qui
1171 948 1412 1003 discedit
1459 966 1491 1002 a
1538 952 1844 1018 conspectu

164 1033 269 1098 Dei,
336 1033 521 1088 nescit
561 1036 815 1088 converti
858 1039 913 1089 et
967 1040 1262 1105 peccatum
1320 1036 1649 1106 paenitendo
1709 1051 1844 1105 pur-

161 1137 303 1191 gare.
340 1123 461 1175 Hoc
491 1138 625 1194 ergo
654 1122 891 1178 interest
924 1124 1072 1179 inter
1099 1126 1315 1179 malum
1362 1140 1553 1179 coram
1600 1125 1714 1178 Deo
1760 1124 1845 1176 fa-

162 1226 295 1275 cere,
329 1215 386 1263 et
416 1228 448 1262 a
480 1217 787 1282 conspectu
826 1213 924 1267 Dei
953 1214 1260 1268 discedere.

224 1298 421 1367 (0316.)
460 1301 583 1353 Non
636 1301 845 1354 frustra
883 1301 1038 1355 venit
1083 1302 1277 1356 Jethro
1322 1300 1394 1356 ad
1441 1301 1689 1371 Moysen,
1741 1314 1845 1353 nec

159 1384 355 1439 frustra
384 1388 754 1443 manducavit
779 1406 985 1459 panem
1012 1406 1143 1444 cum
1173 1389 1493 1444 senioribus
1538 1388 1737 1459 populi
1783 1387 1844 1441 in

158 1481 461 1544 conspectu
491 1476 627 1543 Dei;
650 1478 743 1531 dat
763 1478 936 1549 Moysi
957 1478 1257 1532 consilium
1280 1478 1578 1549 probabile
1605 1482 1660 1531 et
1681 1476 1841 1541 utile,

156 1567 208 1614 ut
234 1563 414 1633 eligat
447 1564 619 1633 viros,
649 1569 706 1619 et
735 1566 1041 1620 constituat
1074 1565 1364 1637 principes
1410 1566 1611 1636 populi
1660 1565 1844 1619 Deum

1954 509 2210 578 singulos
2234 509 2527 578 pertinent
2550 508 2909 563 dirimentes.
2953 509 3135 571 Quam
3173 508 3417 579 ﬁguram
3468 509 3642 563 etiam

1954 595 2015 649 in
2044 596 2232 650 futuro
2264 597 2470 650 saeculo
2501 597 2837 650 servandam
2867 602 3025 667 puto.
3059 598 3219 651 Unde
3260 598 3450 653 Matth.
3501 614 3591 651 Xix
3627 614 3640 650 :

1955 685 2085 740 Cum
2116 686 2317 739 sederit
2361 687 2506 753 ﬁlius
2556 686 2784 739 hominis
2832 701 2994 753 super
3034 688 3283 739 thronum
3341 686 3642 754 majestatis

1954 787 2081 835 suae,
2124 774 2375 827 sedebitis
2408 777 2458 827 et
2484 787 2575 827 vos
2602 788 2762 842 super
2794 773 2940 827 sedes
2971 773 3269 839 duodecim,
3324 779 3427 828 etc.
3478 774 3641 828 Vides

1955 876 2090 930 ergo
2139 861 2276 931 quia
2323 877 2437 914 non
2486 862 2671 915 solum
2723 862 2996 915 Dominus
3032 862 3272 931 judicat,
3326 863 3418 915 cui
3470 878 3640 918 omne

1948 949 2231 1019 judicium
2259 950 2414 1003 dedit
2440 951 2606 1004 Pater
2625 952 2803 1017 (Joan.
2838 957 2909 1012 v),
2942 950 3039 1004 sed
3086 950 3380 1004 constituit
3426 950 3637 1021 princi-

1952 1054 2055 1108 pes
2084 1038 2183 1109 qui
2208 1038 2468 1107 judicent
2499 1038 2568 1092 de
2594 1038 2913 1092 minoribus
2935 1038 3117 1091 causis
3145 1039 3418 1105 ;verbum
3450 1042 3641 1093 autem

1954 1127 2106 1197 quod
2135 1127 2363 1196 gravius
2410 1126 2601 1191 fuerit,
2656 1128 2900 1179 referant
2947 1127 3011 1179 ad
3064 1126 3273 1196 ipsum.
3324 1127 3453 1180 Ideo
3507 1126 3644 1182 dicit

1956 1215 2228 1269 Dominus
2254 1216 2323 1269 de
2358 1216 2625 1286 quodam,
2658 1217 2852 1269 Matth.
2885 1231 2918 1267 v
2950 1232 2963 1269 :
3031 1216 3170 1281 Quia
3201 1230 3321 1269 reus
3366 1217 3471 1269 erit
3515 1232 3639 1269 con-

1953 1306 2108 1370 cilii;
2138 1304 2207 1359 de
2236 1304 2346 1358 alio
2379 1310 2591 1369 autem,
2644 1306 2839 1359 Matth.
2889 1320 3006 1358 xu:
3059 1307 3197 1359 Reus
3243 1306 3346 1357 erit
3392 1305 3642 1369 gehennae

1954 1395 2117 1462 ignis.
2148 1393 2256 1447 Sed
2283 1398 2340 1447 et
2372 1393 2440 1447 de
2472 1394 2631 1447 omni
2663 1397 2834 1450 verbo
2867 1395 3048 1449 otioso
3090 1394 3354 1448 dicuntur
3400 1391 3640 1445 reddere

1952 1481 2255 1536 rationem.
2292 1483 2354 1535 Et
2382 1482 2510 1536 ideo
2558 1498 2673 1536 non
2719 1480 2859 1537 dixit
2905 1480 3040 1550 quia
3080 1481 3193 1533 Deo
3240 1479 3640 1551 praestabimus

1953 1570 2252 1636 rationem,
2294 1569 2438 1624 sicut
2488 1570 2556 1623 de
2611 1569 2882 1640 perjurio.
2936 1569 3143 1624 Reddes
3180 1572 3359 1622 autem
3406 1568 3639 1621 Domino

155 1650 413 1717 colentes,
450 1658 709 1723 potentes
740 1658 795 1708 et
825 1655 1080 1709 odientes
1106 1654 1460 1725 superbiam.
1494 1653 1654 1709 Tales
1685 1652 1838 1707 enim
1869 1699 1909 1753 Β
1945 1660 2263 1728 juramenta
2308 1663 2422 1712 tua.
2481 1658 2673 1712 Matth.
2741 1675 2816 1712 xu
2850 1675 2862 1712 :
2920 1661 3128 1726 Regina
3181 1672 3408 1728 quoque
3465 1658 3644 1709 austri

152 1744 362 1808 oportet
417 1756 540 1795 esse
588 1741 689 1812 qui
745 1742 975 1813 superbi
1022 1759 1137 1797 non
1188 1743 1323 1810 sint,
1366 1747 1434 1817 et
1507 1741 1836 1811 superbiam

152 1826 366 1880 oderint
392 1845 406 1893 ;
438 1827 494 1883 id
527 1835 629 1894 est,
661 1833 725 1883 ut
752 1846 869 1883 non
899 1830 1083 1884 solum
1113 1830 1222 1901 ipsi
1266 1830 1481 1901 absque
1519 1830 1658 1883 vitio
1705 1828 1839 1894 sint,

152 1915 240 1968 sed
263 1915 323 1968 in
362 1917 537 1971 malis
571 1917 799 1971 oderint
837 1918 973 1973 vitia
1009 1936 1020 1972 :
1075 1935 1189 1973 non
1229 1918 1494 1973 homines
1541 1918 1689 1984 dico,
1742 1917 1841 1971 sed

152 2004 299 2070 vitia,

214 2094 406 2147 Caram
439 2094 575 2158 Deo,
608 2100 713 2149 etc.
747 2095 933 2163 (AUG.,
985 2101 1172 2164 quaest.
1225 2095 1340 2165 66.)
1385 2093 1675 2161 Quaeritur
1719 2093 1838 2159 ubi,

151 2180 618 2251 quandoquidem
698 2199 804 2237 nec
878 2184 1309 2238 tabernaculum
1366 2183 1498 2251 fuit,
1555 2200 1659 2237 nec
1713 2198 1842 2237 arca

150 2269 495 2336 testamenti,
529 2287 659 2341 quae
700 2276 898 2342 postea
952 2278 1086 2327 sunt
1140 2273 1450 2326 instituta?
1504 2286 1690 2341 neque
1733 2271 1843 2325 hoc

150 2356 210 2411 de
239 2357 441 2412 futuro
491 2359 707 2413 dictum
756 2361 1008 2430 accipere
1056 2376 1379 2431 possumus,
1431 2360 1578 2414 sicut
1626 2360 1842 2414 dictum

149 2452 225 2499 est
252 2447 323 2501 de
355 2464 594 2514 manna,
626 2450 779 2519 quod
806 2450 1058 2520 positum
1090 2455 1172 2503 est
1196 2450 1255 2503 in
1294 2466 1441 2515 vase,
1477 2449 1692 2503 scilicet
1741 2465 1843 2502 au-

148 2552 249 2588 reo.
291 2538 443 2606 Ergo
480 2537 536 2590 id
577 2542 707 2590 ante
748 2539 925 2592 Deum
978 2538 1251 2592 debemus
1300 2539 1555 2609 accipere
1604 2538 1840 2604 factum,

146 2624 287 2693 quod
319 2624 381 2677 in
412 2624 696 2678 honorem
732 2625 957 2679 Domini
984 2625 1196 2680 factum
1227 2630 1336 2681 est.

209 2711 374 2765 Vens.
446 2714 629 2765 l6-l8.
696 2742 758 2751 —
840 2712 1127 2767 Ostendam
1188 2718 1480 2782 praecepta,
1560 2715 1664 2765 etc.
1719 2712 1837 2779 (11).,

146 2805 325 2867 quast.
364 2804 483 2866 67.)
516 2800 706 2862 Quaeri
736 2804 924 2870 potest
948 2801 1249 2870 quomodo;
1279 2800 1370 2853 hic
1419 2800 1631 2870 Moyses
1680 2798 1838 2864 dixit,

145 2893 261 2951 etc.,
300 2904 477 2956 usque
506 2888 581 2940 ad
603 2888 755 2957 juste
782 2888 1040 2958 judicare
1070 2904 1188 2942 non
1218 2894 1429 2959 posset.

1950 1749 2135 1813 surget
2162 1746 2220 1799 in
2241 1745 2451 1813 iudicio
2490 1762 2608 1800 cum
2636 1749 2771 1802 viris
2813 1750 3173 1815 generationis
3204 1747 3384 1814 hujus,
3419 1748 3467 1798 et
3510 1758 3639 1796 con-

1950 1832 2225 1887 demnabit
2251 1849 2387 1887 eam.
2422 1834 2560 1888 Ecce
2592 1834 2739 1888 aliud
2775 1851 2955 1906 genus
2990 1835 3208 1906 judicii,
3255 1834 3448 1888 Matth.
3494 1848 3592 1885 xui
3623 1846 3636 1883 :

1951 1923 2055 1988 Qui
2087 1921 2248 1977 habet
2275 1937 2432 1976 aures
2472 1923 2752 1990 audiendi,
2804 1924 3039 1978 audiat:
3093 1924 3213 1978 haec
3253 1923 3408 1977 enim
3444 1919 3642 1975 omnia

1950 2007 2153 2061 umbra
2192 2012 2324 2061 sunt
2355 2009 2668 2063 cmlestium
2699 2015 2755 2064 et
2780 2010 2970 2081 imago
2993 2010 3337 2065 futurorum.

2016 2096 2217 2165 (lnam)
2249 2097 2404 2151 Sicut
2447 2096 2724 2168 scriptum
2773 2102 2856 2152 est
2902 2100 3077 2153 Eccle.
3132 2115 3146 2152 ι
3181 2114 3194 2152 :
3244 2100 3361 2154 Non
3403 2098 3637 2152 satiabi-

1948 2190 2039 2238 tur
2066 2186 2247 2239 oculus
2271 2187 2414 2252 visu,
2444 2201 2537 2240 nec
2568 2189 2720 2240 auris
2751 2188 2966 2255 auditu,
3005 2203 3107 2242 nec
3144 2203 3247 2241 nos
3276 2186 3469 2240 satiari
3511 2202 3641 2255 pos-

1947 2288 2143 2326 sumus
2190 2272 2605 2327 considerando
2651 2290 2780 2345 quae
2825 2275 3037 2345 scripta
3084 2279 3232 2341 sunt,
3287 2274 3494 2345 quibus
3539 2288 3643 2327 nos

1948 2360 2208 2427 aedificet,
2242 2362 2467 2432 quantis
2499 2379 2603 2417 nos
2634 2363 2819 2417 modis
2847 2364 3111 2418 instruat.
3157 2365 3298 2419 Cum
3328 2363 3483 2417 enim
3507 2377 3640 2415 con-

1948 2449 2123 2520 spicio
2154 2450 2306 2520 quod
2344 2451 2556 2521 Moyses
2606 2453 2886 2522 propheta
2934 2454 3045 2506 Deo
3094 2451 3318 2521 plenus,
3362 2450 3452 2504 cui
3496 2451 3641 2502 Deus

1948 2538 2088 2592 facie
2121 2540 2190 2592 ad
2222 2539 2424 2593 faciem
2453 2540 2798 2610 loquebatur
2829 2540 3028 2610 (Exod.
3075 2542 3291 2607 xxxm),
3340 2537 3642 2592 consilium

1948 2626 2221 2696 accepita
2270 2627 2463 2680 Jethro
2522 2643 2714 2681 socero
2760 2628 3049 2682 sacerdote
3100 2626 3345 2693 Madian,
3393 2625 3643 2680 admira-

1949 2714 2102 2768 tione
2159 2714 2338 2768 nimia
2388 2716 2745 2786 obstupesco.
2798 2716 3030 2770 Audivit
3081 2715 3235 2768 enim
3282 2715 3494 2784 Moyses
3554 2729 3645 2766 vo-

1951 2819 2073 2857 cem
2099 2803 2279 2857 soceri
2309 2803 2417 2869 sui,
2441 2809 2496 2858 et
2512 2804 2644 2858 fecit
2669 2820 3025 2875 quaecunque
3048 2803 3187 2858 dixit
3214 2803 3286 2856 ei.
3321 2803 3445 2856 Non
3473 2800 3637 2869 dixit,

1949 2891 2093 2955 Quia
2121 2893 2265 2945 Deus
2298 2892 2437 2946 mihi
2486 2892 2743 2962 loquitur
2790 2893 2929 2963 quid
2966 2908 3135 2961 agere
3179 2890 3435 2954 debeam,
3494 2906 3641 2959 quo-

209 2976 370 3029 Vens.
414 2978 498 3041 l9,
536 2978 628 3029 20.
669 3004 738 3015 -
800 2975 904 3030 Sed
951 2976 1086 3029 audi
1140 2976 1307 3030 verba
1355 2992 1497 3043 mea,
1552 2982 1656 3031 etc.
1715 2978 1835 3045 (10.,
1877 2977 1917 3032 C
1948 2980 2119 3033 modo
2151 2979 2219 3033 ab
2251 2979 2481 3033 homine
2507 2980 2810 3035 consilium
2842 2981 3135 3051 accipiam,
3180 2987 3236 3034 et
3282 2979 3351 3033 ab
3402 2978 3638 3032 homine

145 3076 323 3129 quast.
362 3063 479 3131 68.)
538 3063 731 3117 Prima
782 3064 1019 3133 quaestio
1064 3069 1149 3117 est
1204 3080 1306 3118 cur
1359 3066 1506 3118 Deus
1560 3065 1840 3119 famulum

143 3166 322 3214 suum,
358 3157 493 3215 etc.,
526 3167 694 3219 usque
720 3150 793 3204 ad
820 3167 932 3221 quo
964 3151 1028 3204 fit
1055 3156 1211 3205 tanto
1238 3151 1485 3222 (plenior
1525 3158 1739 3222 quanto
1779 3153 1840 3207 in

143 3254 386 3309 superna
417 3242 476 3293 et
501 3244 714 3293 aeterna
747 3239 975 3293 liberius
1008 3240 1357 3295 extenditur.

206 3331 334 3383 Lsto
385 3331 444 3381 tu
482 3329 701 3397 populo,
752 3334 858 3380 etc.
908 3328 1033 3397 (10.,
1088 3333 1276 3396 quaest.
1329 3327 1440 3398 69.)
1490 3328 1647 3392 Quod
1703 3344 1837 3382 vero

142 3417 420 3487 atijungit,
456 3421 585 3481 etc.,
632 3431 801 3485 usque
824 3416 897 3469 ad
929 3416 1023 3469 sed
1073 3417 1225 3471 unde
1273 3417 1381 3471 hoc
1426 3414 1656 3487 probari
1700 3432 1839 3487 pos-

138 3504 203 3555 sit
232 3507 471 3575 ignoro.

205 3594 368 3647 Vens.
406 3594 599 3646 21-23.
632 3620 705 3632 —
733 3590 960 3645 Provide
989 3596 1185 3660 autem,
1240 3596 1346 3645 etc.
1393 3593 1472 3647 Ad
1522 3592 1835 3646 custodiam

132 3681 478 3735 humilitatis
508 3680 579 3733 ab
617 3679 940 3750 alienigena
970 3680 1289 3744 instruitur,
1320 3697 1412 3743 ne,
1462 3680 1561 3751 qui
1609 3686 1696 3734 tot
1740 3696 1834 3733 ar-

132 3786 265 3822 cana
295 3770 393 3823 Dei
422 3769 497 3822 ab
526 3769 654 3836 ipso
709 3771 823 3822 Deo
876 3769 1143 3834 discebat,
1192 3770 1578 3835 extolleretur,
1628 3774 1683 3822 et
1728 3785 1835 3839 pu-

132 3862 269 3911 taret
300 3874 361 3911 se
386 3858 649 3911 humano
675 3857 916 3910 consilio
948 3874 1062 3910 non
1112 3873 1300 3927 egere.
1357 3858 1836 3927 Praeligurabatur

136 3947 298 3999 etiam
332 3946 492 4017 quod
536 3945 790 3999 doctrina
845 3946 1105 4015 gentium
1151 3945 1484 4000 Iudaeorum
1533 3944 1835 4000 scientiam

136 4040 182 4085 et
210 4036 549 4105 superbiam
581 4040 905 4104 superaret;
943 4038 998 4087 et
1036 4050 1163 4105 quae
1194 4034 1253 4087 in
1299 4035 1421 4103 lege
1460 4034 1716 4096 deerant,
1766 4035 1832 4089 ii-

134 4124 278 4176 deles
320 4140 390 4176 ex
440 4122 717 4193 gentibus
756 4122 1097 4190 complenda
1131 4126 1522 4192 suggererent,
1572 4125 1627 4175 et
1666 4121 1831 4191 spiri-

1949 3067 2168 3137 gentili,
2202 3068 2389 3121 alieno
2424 3085 2454 3121 a
2483 3069 2694 3138 populo
2727 3069 2869 3122 Dei?
2897 3072 2952 3122 et
3000 3084 3115 3121 non
3157 3068 3285 3138 quis
3326 3066 3498 3135 dicat,
3540 3065 3639 3119 sed

1948 3155 2085 3226 quid
2117 3155 2335 3209 dicatur
2385 3158 2682 3211 auscultat.
2735 3158 2846 3210 Nos
2895 3172 3030 3227 ergo
3074 3156 3119 3210 si
3166 3155 3487 3210 invenimus
3534 3155 3639 3207 ali-

1949 3244 2087 3313 quid
2118 3244 2402 3314 sapienter
2430 3262 2463 3299 a
2495 3245 2803 3315 gentilibus
2833 3245 3070 3310 dictum,
3108 3260 3225 3298 non
3271 3259 3401 3297 cum
3441 3248 3638 3297 aucto-

1948 3331 2024 3385 ris
2080 3332 2313 3386 nomine
2362 3348 2698 3402 spernamus
2759 3338 2816 3386 et
2880 3333 3054 3399 dicta;
3107 3348 3213 3386 nec
3264 3331 3400 3402 quia
3453 3331 3640 3402 legem

1948 3420 2049 3473 Dei
2100 3425 2381 3485 tenemus,
2448 3420 2711 3475 convenit
2770 3420 2932 3475 nobis
2986 3426 3209 3474 tumere
3267 3419 3536 3489 superbia
3585 3423 3641 3473 et

1947 3525 2217 3579 spernere
2244 3509 2613 3579 prudentium
2662 3509 2868 3575 verba;
2918 3509 3015 3562 sed
3068 3508 3260 3562 omnia
3310 3508 3634 3578 probantes,

1947 3598 2099 3668 quod
2132 3598 2347 3652 bonum
2377 3602 2463 3651 est
2487 3601 2801 3651 teneamus.
2836 3597 2943 3661 Qui
2977 3602 3166 3651 autem
3206 3596 3379 3650 hodie
3409 3595 3638 3666 populis

1945 3690 2217 3756 praesunt,
2252 3702 2366 3739 non
2398 3685 2523 3739 dico
2556 3686 2601 3738 si
2626 3686 2747 3754 jam
2778 3685 2858 3739 eis
2909 3686 3106 3755 aliqua
3152 3701 3186 3737 a
3228 3686 3341 3738 Deo
3388 3684 3639 3739 revelata

1945 3778 2115 3825 sunt:
2152 3772 2249 3825 sed
2309 3772 2355 3824 si
2393 3772 2451 3824 in
2479 3771 2713 3825 scientia
2748 3772 2888 3839 legis
2917 3771 3131 3842 aliquid
3165 3771 3358 3824 meriti
3398 3770 3635 3837 habent,

1944 3860 2245 3913 consilium
2285 3859 2669 3923 dedignantur
2720 3859 3025 3923 inferioris,
3078 3859 3250 3912 etiam
3296 3858 3630 3925 sacerdotis,

1946 3948 2157 4001 nedum
2190 3947 2337 4012 laici,
2371 3948 2580 3999 nedum
2625 3946 2851 4016 gentilis
2885 3962 2897 4000 :
2948 3947 3043 3999 sed
3084 3947 3317 4014 Moyses,
3365 3946 3466 4015 qui
3515 3950 3637 3999 erat

1944 4040 2274 4090 mansuetus
2306 4051 2477 4103 super
2518 4051 2716 4087 omnes
2769 4034 3027 4087 homines
3074 4036 3257 4102 (Num.
3305 4033 3420 4102 xu),
3471 4049 3634 4087 acce-

1942 4124 2026 4194 pti
2086 4122 2387 4177 consilium
2437 4121 2742 4188 inferioris,
2794 4128 2857 4176 ut
2904 4121 3262 4192 principibus
3313 4121 3473 4175 daret
3515 4123 3632 4174 for-

135 4213 341 4264 tualen;
372 4210 737 4263 intellectum
776 4209 844 4262 ad
894 4211 1077 4279 legem
1129 4210 1229 4264 Dei
1280 4211 1569 4264 afferrent.
1612 4210 1835 4265 Sciebat
1862 4250 1902 4304 Β
1946 4226 2097 4264 mam
2126 4208 2485 4273 humilitatis,
2517 4213 2573 4262 et
2600 4208 2851 4278 signaret
2878 4209 3189 4279 imaginem
3230 4208 3410 4262 futuri
3454 4223 3634 4261 sacra-

132 4315 356 4368 quoque
388 4300 615 4367 Moyses
645 4298 781 4367 quia
809 4298 961 4351 hunc
1004 4299 1286 4369 populum
1340 4299 1427 4353 lex
1482 4299 1725 4365 audiret,
1777 4302 1833 4351 et

134 4390 332 4440 taceret
371 4402 737 4457 quaecunque
786 4386 1019 4455 diceret,
1060 4386 1202 4457 legis
1252 4402 1480 4458 quoque
1525 4386 1830 4441 diminutio

132 4480 477 4545 suggerente
504 4474 807 4543 Evangelio
832 4473 1014 4528 ﬁeret.

194 4565 261 4615 Et
290 4565 585 4625 constitue,
619 4566 724 4615 etc.
758 4561 966 4628 (ORIG.,
1018 4564 1155 4616 hom.
1199 4565 1309 4629 ll.)
1363 4561 1687 4629 Ordinahis,
1738 4561 1829 4614 in-

131 4652 265 4718 quit,
299 4666 404 4704 eos
434 4650 698 4703 tribunos
730 4656 786 4704 et
813 4653 1197 4716 centuriones,
1240 4653 1295 4703 et
1340 4650 1674 4704 indicabunt
1720 4666 1830 4719 po—

132 4740 322 4806 pulum
356 4737 523 4792 omni
552 4739 713 4805 hora,
742 4743 1156 4804 verumtamen,
1193 4738 1345 4808 quod
1391 4739 1619 4808 gravius
1662 4737 1833 4791 fuerit

130 4827 375 4882 referent
405 4827 483 4880 ad
514 4831 588 4880 te.
622 4827 869 4881 Audierit
910 4826 1202 4897 principes
1245 4826 1445 4897 populi
1493 4830 1550 4879 et
1593 4825 1828 4895 presby-

130 4916 223 4969 teri
253 4916 473 4986 plebis,
508 4915 607 4984 qui
635 4916 844 4969 debent
872 4914 1033 4968 omni
1062 4916 1208 4968 hora
1237 4915 1516 4984 populum
1552 4913 1830 4984 judicare,

132 5020 353 5075 semper
381 5010 440 5058 et
470 5003 593 5056 sine
618 5002 1041 5057 intermissione
1082 5003 1280 5057 sedere
1311 5002 1371 5055 in
1408 5001 1648 5073 judicio,
1686 4999 1829 5055 diri-

134 5107 277 5146 mere
332 5093 490 5159 lites,
543 5096 599 5144 et
655 5091 1019 5145 reconciliare
1068 5091 1423 5156 dissidentes,
1476 5089 1538 5143 in
1590 5089 1831 5160 gratiam

135 5196 394 5234 revocare
443 5179 756 5234 discordes.
812 5179 995 5232 Discat
1046 5178 1440 5250 unusquisque
1480 5194 1544 5231 ex
1588 5177 1833 5247 Scriptu-

136 5272 199 5319 ris
228 5270 448 5322 sanctis
481 5267 733 5321 ofﬁcium
765 5283 955 5321 suum.
990 5269 1227 5337 Moyses,
1282 5266 1491 5338 inquit,
1542 5270 1604 5319 ut
1651 5265 1725 5320 sit
1770 5266 1832 5320 in

138 5356 213 5407 his
242 5372 379 5428 quae
407 5357 478 5409 ad
517 5358 696 5409 Deum
728 5360 883 5419 sunt,
914 5361 969 5409 et
998 5357 1236 5410 verbum
1278 5356 1376 5409 Dei
1415 5354 1692 5409 edisserat
1726 5370 1829 5424 po-

138 5445 297 5509 pulis.
337 5445 537 5498 Ceteri
570 5460 707 5497 vero
743 5444 1049 5515 principes,
1103 5461 1246 5514 quos
1296 5443 1605 5514 appellavit
1648 5442 1830 5497 tribu-

142 5546 249 5593 nos,
284 5532 427 5603 quia
456 5533 634 5587 tribui
668 5536 945 5602 praesunt,
974 5534 1059 5587 vel
1099 5532 1479 5598 centuriones,
1532 5531 1618 5586 vel
1659 5532 1832 5602 quin-

1943 4300 2141 4352 menti.
2174 4297 2396 4351 Sciebat
2444 4296 2787 4366 quandoque
2833 4297 3091 4350 futurum
3133 4300 3197 4349 ut
3242 4295 3483 4366 gentiles
3528 4295 3631 4348 bo-

1944 4402 2082 4440 num
2113 4384 2417 4439 consilium
2448 4384 2782 4453 proferrent,
2837 4384 2990 4453 apud
3040 4385 3265 4453 Moysen
3318 4382 3534 4435 bonum
3579 4384 3635 4434 et

1939 4474 2293 4544 spiritualem
2329 4472 2677 4525 intellectum
2711 4472 3007 4525 afferentes
3038 4472 3105 4524 ad
3138 4472 3346 4540 legem,
3380 4474 3435 4523 et
3473 4469 3632 4523 audi-

1939 4568 2027 4616 ret
2054 4579 2149 4616 eos
2181 4563 2266 4614 lex
2298 4560 2511 4614 faciens
2553 4560 2746 4612 omnia
2775 4560 2923 4629 {qum
2974 4558 3243 4612 dicerent.
3299 4559 3424 4612 Non
3477 4556 3631 4610 enim

1939 4654 2128 4719 potest
2170 4649 2469 4702 facere-lex
2514 4648 2659 4701 sicut
2711 4646 2895 4701 Judaei
2926 4646 3144 4713 dicunt,
3194 4645 3327 4716 quia
3368 4644 3633 4699 inﬁrma—

1940 4743 2034 4792 tur
2062 4739 2151 4792 lex
2182 4738 2244 4791 in
2273 4753 2461 4803 carne,
2496 4737 2552 4789 id
2587 4741 2673 4789 est
2701 4736 2762 4788 in
2794 4736 2999 4797 littera,
3035 4739 3091 4787 et
3130 4735 3270 4787 nihil
3300 4738 3488 4803 potest
3538 4749 3632 4787 se-

1940 4827 2189 4879 cundum
2222 4826 2491 4879 litteram.
2528 4824 2677 4878 Nihil
2708 4823 2863 4877 enim
2907 4823 2978 4876 ad
3028 4822 3343 4892 perfectum
3392 4822 3633 4876 adduxit

1938 4915 2026 4969 lex
2055 4914 2239 4983 (Hebr.
2282 4915 2397 4983 vn).
2441 4913 2765 4967 Secundum
2796 4912 2901 4965 hoc
2932 4916 3122 4965 autem
3151 4910 3451 4965 consilium
3482 4910 3634 4980 quod

1938 5018 2041 5056 nos
2070 5001 2359 5056 efferimus
2389 5002 2459 5055 ad
2490 5001 2698 5070 legem,
2732 5005 2973 5071 possunt
3012 4999 3209 5052 omnia
3258 4999 3635 5069 spiritualiter

1938 5091 2083 5158 ﬁeri,
2113 5094 2169 5144 et
2197 5088 2469 5143 sacriﬁcia
2506 5086 2719 5150 offerri,
2770 5102 2898 5157 quae
2944 5087 3113 5139 modo
3161 5085 3467 5139 carnaliter
3517 5101 3635 5138 non

1940 5184 2211 5251 possunt;
2249 5182 2432 5248 potest
2457 5177 2547 5230 lex
2582 5176 2757 5245 leprai
2788 5174 3161 5245 spiritualiter
3200 5173 3431 5227 servari.
3482 5173 3637 5228 Sicut

1939 5283 2074 5335 ergo
2106 5265 2498 5336 intelligimus,
2534 5264 2814 5317 sentimus
2847 5267 2902 5316 et
2929 5261 3232 5315 consilium
3259 5261 3482 5325 damus,
3515 5277 3632 5313 om-

1939 5356 2035 5410 nia
2065 5355 2200 5409 facit
2240 5356 2369 5408 lex:
2421 5350 2737 5406 secundum
2777 5350 3027 5405 litteram
3075 5365 3206 5403 vero
3253 5365 3368 5403 non
3418 5350 3630 5413 omnia,

1943 5443 2039 5498 sed
2074 5458 2274 5514 pauca.

2012 5532 2175 5585 Vens.
2218 5529 2306 5583 2i.
2346 5558 2410 5566 —
2452 5528 2657 5595 Moyses
2703 5528 2833 5592 fecit
2880 5528 3061 5581 omnia
3110 5541 3228 5594 qua:
3274 5525 3363 5580 ille
3409 5538 3625 5589 sugges-
