4064 6186
221 295 301 348 249
1304 290 1558 347 GLOSSA
1595 290 1999 349 ORDINARIA.
2041 323 2108 331 —
2150 293 2279 348 LIB.
2323 292 2529 348 EXOD.

3566 297 3671 345 250

218 412 415 481 [iginem
450 407 605 472 dixit,
658 412 724 462 ut
779 409 1017 464 videntes
1072 424 1178 464 non
1226 409 1429 474 vident,
1484 415 1535 465 et
1569 410 1853 467 audientes
1891 414 1941 471 A
1976 412 2035 467 in
2064 412 2327 481 pedibus,
2369 412 2589 482 virgam
2618 415 2812 466 teneas
2864 410 2923 465 in
2980 426 3174 476 manu,
3228 418 3285 464 et
3322 426 3518 481 azyma
3546 428 3675 467 cum

216 516 297 553 non
336 498 626 565 intelligant
653 497 783 565 (Isa.
818 498 910 565 Vi).

268 588 410 640 Vens.
446 586 523 639 l2.
551 616 619 624 —
645 586 856 653 Cavete,
890 590 994 639 etc.
1019 586 1205 656 (ΗΑΒ.)
1250 586 1414 641 Prius
1466 587 1735 657 prohibet
1762 604 1864 658 po-

213 675 377 745 pulum
404 673 461 727 in
482 678 735 728 montem
782 675 1105 737 ascendere,
1158 678 1518 746 mortemque
1577 676 1860 731 minatur:

212 779 333 817 nunc
355 763 512 832 jubet
541 767 599 816 ut
622 763 919 831 clangente
952 763 1191 817 buccina
1233 765 1541 818 ascendant
1592 763 1653 818 in
1709 781 1867 819 mon-

1974 501 2353 557 amaritudine
2382 500 2664 555 comedas.
2704 500 2814 555 Sed
2863 515 2969 554 nec
3020 500 3082 554 iu
3139 498 3328 569 prima
3357 500 3674 568 mansione,

1971 607 2075 646 nec
2104 590 2166 645 in
2213 590 2479 652 secunda,
2532 605 2638 643 nec
2689 590 2749 643 in
2808 588 2993 655 tertia,
3039 603 3144 642 nec
3194 604 3328 642 cum
3383 588 3677 643 transieris

1974 696 2131 735 mare
2161 680 2441 747 Rubrum,
2498 677 2721 732 etiamsi
2771 678 2842 731 ad
2886 692 3044 731 mare
3098 677 3348 743 veneris,
3398 682 3454 731 et
3506 677 3678 731 fuerit

1973 767 2077 822 tibi
2131 767 2452 822 amaritudo
2482 766 2542 820 in
2592 766 2953 820 dulcedinem
3009 779 3190 831 versa,
3238 782 3346 820 nec
3395 766 3455 819 in
3510 766 3675 833 Elim,

212 858 318 916 tem,
356 851 657 903 humanam
696 851 909 904 scilicet
941 866 1307 921 compescens
1365 851 1681 918 audaciam,
1714 857 1769 906 et
1797 852 1865 907 ad
1970 857 2072 911 ubi
2096 861 2259 910 erant
2296 855 2594 909 duodecim
2644 855 2825 909 fontes
2883 869 3163 924 aquarum
3194 858 3250 907 et
3306 854 3673 925 septuaginta

208 939 545 993 obediendum
566 938 835 993 inivitans
869 956 881 992 :
916 940 1052 1009 quia
1083 940 1154 994 ad
1202 940 1618 1010 praedicationis
1670 956 1861 994 vocem

209 1027 442 1081 debemus
470 1043 570 1080 nos
625 1027 700 1081 ad
749 1044 997 1097 superna
1034 1028 1274 1098 erigere,
1329 1045 1431 1083 nec
1486 1034 1863 1083 sacramento-

209 1130 309 1169 rum
336 1114 762 1185 investigatione
796 1120 997 1185 sponte
1026 1132 1397 1187 praesumere,
1446 1117 1542 1172 sed
1574 1117 1674 1172 Dei
1703 1133 1863 1171 voca-

208 1203 383 1255 tionem
411 1202 585 1273 sequi.

1973 946 2200 1000 arbores
2256 944 2599 1014 palmarum,
2663 942 2885 997 etiamsi
2951 942 3257 1012 Raphidim
3325 942 3668 1012 praeterieris

1973 1039 2317 1104 ceterosque
2371 1032 2656 1101 profectus
2721 1030 3061 1097 ascenderis,
3104 1030 3358 1084 nondum
3433 1030 3672 1085 idoneus

1967 1122 2261 1198 judicaris,
2320 1121 2414 1175 sed
2475 1136 2604 1173 cum
2642 1118 2863 1173 veneris
2910 1119 2978 1173 ad
3035 1122 3291 1172 montem
3346 1118 3498 1173 Sina.
3579 1117 3680 1173 Vix

1975 1230 2112 1284 ergo
2144 1209 2453 1265 mereberis
2483 1208 2786 1279 aliquando
2842 1207 3129 1276 suscipere
3174 1210 3460 1275 praecepta
3500 1205 3679 1258 liber-

261 1291 397 1345 Vnns.
444 1294 524 1345 l3.
586 1321 654 1332 —
704 1295 960 1347 Buccina.
1011 1294 1181 1357 Quasi
1238 1294 1533 1350 vocinaza
1589 1311 1746 1363 voce,
1777 1297 1864 1351 vel
1972 1300 2125 1364 tatis,
2168 1302 2223 1351 et
2262 1297 2507 1351 audire:
2558 1300 2672 1365 Ego
2723 1312 2839 1351 sum
2886 1298 3135 1351 Dominus
3176 1298 3314 1349 Deus
3378 1300 3521 1361 tuus,
3577 1296 3676 1362 qui

206 1396 231 1431 a
254 1379 497 1445 vocando,
529 1380 615 1433 vel
642 1396 675 1433 a
704 1380 898 1436 bucca.

263 1468 401 1520 Vsns.
437 1468 611 1521 ili-l7.
674 1497 742 1508 —
797 1472 1031 1539 Cumque
1072 1471 1331 1526 lavissent
1382 1474 1697 1527 vestimenta
1739 1488 1864 1539 sua,

210 1560 291 1609 etc.
317 1556 427 1609 Non
457 1555 669 1610 suﬁicit
693 1556 763 1611 ad
816 1557 1085 1611 virtutem
1114 1558 1613 1629 contemplationis
1661 1575 1863 1613 emun-

208 1642 312 1696 dare
340 1659 505 1713 opera
534 1642 885 1713 pcenitentioe
916 1644 1199 1716 lacrymis,
1231 1645 1341 1698 nisi
1389 1651 1657 1716 sequatur
1706 1647 1869 1700 casti-

207 1732 479 1785 tasmentis
507 1738 566 1785 et
593 1732 868 1801 corporis.
907 1734 1061 1787 Unde
1118 1734 1312 1788 Matth.
1346 1750 1411 1788 v:
1463 1734 1625 1788 Beati
1672 1736 1870 1789 mundo

207 1820 345 1883 corde,
402 1827 504 1874 etc.
550 1822 616 1875 Et
668 1821 881 1892 Sap.i:
942 1824 1001 1876 ln
1066 1824 1385 1877 malevolam
1459 1825 1699 1878 animam
1764 1840 1870 1879 non

207 1907 417 1963 introibit
441 1911 742 1977 sapientia.

261 1996 399 2048 Vens.
440 1999 523 2060 18,
556 1999 641 2050 19.
670 2026 739 2036 -
784 1998 943 2051 Totus
994 2001 1171 2051 autem
1208 2013 1357 2053 mons
1396 2000 1554 2055 Sinai
1595 2000 1866 2066 fumabat,

203 2088 284 2137 etc.
332 2084 514 2154 (Gase.
544 2086 645 2140 lib.
682 2088 973 2153 viMoral.,
1006 2104 1130 2158 cap.
1189 2089 1304 2157 27.)
1367 2090 1575 2159 Legem
1631 2090 1867 2143 daturus

208 2172 444 2226 Dominus
474 2174 536 2227 in
562 2174 696 2244 igne
728 2173 1005 2246 fumoque
1053 2176 1371 2245 descendit,
1420 2182 1549 2244 etc.,
1603 2192 1771 2246 usque
1796 2179 1870 2233 ad

205 2260 400 2329 vincunt
423 2262 584 2332 quod
614 2268 769 2317 sunt.

259 2351 365 2419 (lu,
417 2352 512 2405 lib.
574 2368 614 2405 It
673 2353 893 2417 Moral.,
970 2368 1091 2423 cap.
1162 2352 1237 2423 2.)
1295 2352 1462 2407 Sacra
1528 2355 1758 2425 eloquia
1808 2356 1871 2409 in

205 2439 400 2493 exordio
428 2440 826 2494 narrationum
877 2441 1177 2511 qualitates
1208 2442 1556 2512 exprimunt,
1597 2444 1871 2498 terminos

207 2543 293 2596 que
339 2543 635 2583 causarum
666 2530 975 2601 aliquando
1002 2546 1032 2582 a
1062 2530 1341 2600 positione
1372 2532 1500 2598 loci,
1535 2531 1871 2602 aliquando-

205 2630 230 2667 a
282 2617 551 2686 positione
599 2618 873 2687 corporis,
942 2618 1250 2689 aliquando
1281 2635 1312 2671 a
1356 2619 1630 2690 qualitate
1701 2621 1866 2687 aeris,

204 2708 310 2770 etc.,
374 2721 537 2774 usque
596 2707 675 2762 ad
730 2706 986 2777 punituri
1035 2712 1227 2761 autem
1277 2707 1583 2762 Sodomam
1638 2723 1869 2779 vespere

203 2807 387 2847 venisse
416 2801 831 2849 memorantur.

257 2882 395 2935 Vens.
445 2885 639 2936 20-25.
670 2911 739 2923 —
798 2882 1183 2951 Descenditque
1237 2885 1514 2949 Dominus,
1574 2886 1679 2937 etc.
1742 2884 1869 2953 (11).,

1973 1388 2140 1442 eduxi
2178 1391 2226 1442 te
2259 1387 2324 1440 de
2349 1390 2496 1441 terra
2518 1386 2781 1455 JEgyptt',
2815 1385 2880 1438 de
2910 1386 3062 1439 domo
3110 1385 3408 1439 servitutis.
3462 1383 3561 1437 Hic
3592 1387 3672 1436 ta-

1977 1492 2108 1531 men
2137 1491 2252 1529 non
2282 1481 2369 1529 est
2400 1490 2587 1529 sermo
2612 1473 2888 1541 mandati,
2919 1473 3018 1527 sed
3056 1472 3185 1543 quis
3224 1473 3297 1525 sit
3358 1471 3457 1542 qui
3515 1486 3675 1524 man-

1977 1565 2074 1620 dat
2102 1564 2367 1619 ostendit.
2397 1564 2650 1620 Primum
2675 1562 3011 1617 mandatum
3044 1576 3178 1631 ergo
3209 1565 3295 1614 est
3328 1576 3340 1614 :
3390 1563 3676 1617 Nonerunt

1982 1654 2083 1708 tibi
2108 1653 2191 1707 dii
2220 1654 2319 1706 alii
2362 1657 2564 1722 praeter
2589 1668 2687 1706 me.

2050 1742 2211 1811 (Anc.
2242 1745 2413 1811 quast
2455 1743 2515 1794 in
2550 1740 2755 1809 Exod.)
2808 1738 3094 1803 Quaeritur
3129 1735 3419 1807 quomodo
3478 1737 3673 1791 decem

1978 1835 2261 1901 praecepta
2310 1830 2451 1899 legis
2485 1828 2791 1883 dividenda
2820 1828 2933 1881 sint
2958 1826 2986 1881 ‘i‘
3013 1830 3141 1892 etc.,
3176 1840 3344 1893 usque
3377 1823 3486 1877 nisi
3516 1825 3587 1878 ad
3617 1825 3676 1879 id

1978 1919 2133 1988 quod
2165 1918 2379 1972 dictum
2406 1922 2525 1971 est:
2561 1918 2678 1972 Non
2702 1921 2857 1970 erunt
2888 1915 2989 1970 tibi
3038 1915 3120 1969 dii
3173 1915 3276 1970 alii
3310 1918 3507 1983 praeter
3543 1929 3624 1969 me
3646 1913 3674 1968 ‘P

2049 2006 2223 2077 (1310.)
2248 2007 2350 2061 Dat
2396 2007 2542 2060 Deus
2585 2004 2757 2075 Moysi
2812 2006 2999 2075 legem
3051 2003 3392 2057 innocentiae
3442 2006 3673 2068 nostrae,

1978 2100 2035 2149 et
2063 2094 2373 2166 agnitionis
2404 2110 2541 2157 suae,
2600 2110 2730 2164 quse
2786 2093 2845 2147 in
2892 2093 3087 2147 decem
3140 2091 3328 2146 verbis
3396 2090 3674 2159 consistit,

1977 2183 2186 2252 scripta
2212 2183 2274 2236 in
2298 2183 2503 2237 tabulis
2533 2182 2773 2251 lapideis
2813 2180 2992 2251 digito
3017 2179 3133 2234 Dei.
3183 2180 3311 2234 Tria
3369 2182 3503 2232 sunt
3547 2193 3676 2248 qum

1977 2272 2266 2343 pertinent
2292 2270 2364 2325 ad
2419 2269 2782 2324 dilectionem
2826 2274 2882 2322 et
2929 2267 3317 2339 cognitionem
3366 2266 3673 2333 Trinitatis,

1976 2365 2193 2431 septem
2232 2359 2306 2413 ad
2336 2358 2699 2413 dilectionem
2721 2356 2987 2428 proximi,
3021 2356 3229 2427 quibus
3280 2356 3534 2409 humana
3582 2371 3677 2409 so-

1978 2450 2150 2503 cietas
2179 2464 2297 2502 non
2326 2448 2572 2502 laeditur.
2608 2446 2863 2501 Primum
2905 2445 3153 2515 pertinet
3210 2444 3280 2498 ad
3333 2446 3515 2497 Deum
3564 2445 3670 2497 Pa-

1977 2543 2160 2591 trem:
2215 2539 2469 2591 Dominus
2500 2538 2635 2590 Deus
2657 2541 2779 2589 tuus
2816 2537 2954 2589 Deus
3003 2548 3142 2587 unus
3182 2538 3281 2599 est,
3312 2536 3376 2585 ut
3431 2532 3536 2586 hoc
3573 2547 3674 2585 au-

1977 2626 2137 2680 diens
2170 2642 2347 2679 unum
2381 2627 2559 2679 Deum
2592 2625 2741 2678 colas
2789 2625 3034 2689 Patrem,
3076 2627 3129 2676 et
3160 2622 3219 2675 in
3278 2621 3489 2675 multos
3520 2621 3678 2673 ﬁctos

1977 2716 2109 2768 deos
2140 2714 2578 2768 fornicationem
2610 2729 2727 2766 non
2758 2712 3034 2766 eifundas.
3086 2710 3414 2765 Secundum
3465 2709 3533 2761 ad
3588 2707 3676 2762 Fi-

1976 2802 2120 2857 lium
2154 2819 2166 2856 :
2200 2805 2320 2858 Non
2356 2817 2593 2857 assumes
2622 2816 2810 2856 nomen
2849 2802 3067 2855 Domini
3108 2802 3202 2854 Dei
3233 2800 3320 2853 tui
3360 2799 3419 2852 in
3455 2812 3675 2862 vanum;

1977 2892 2035 2945 id
2068 2895 2171 2957 est,
2212 2907 2328 2944 non
2349 2895 2514 2961 putes
2558 2895 2876 2944 creaturam
2927 2905 3048 2942 esse
3092 2887 3379 2942 Christum
3440 2886 3542 2940 Dei
3590 2886 3678 2940 Fi-

202 2966 260 3020 ih.
286 2986 312 3021 v
336 2972 546 3033 Morat.,
580 2986 705 3041 cap.
747 2970 860 3041 26.)
922 2973 1136 3043 Moyses
1185 2973 1454 3039 ascendit,
1510 2977 1650 3039 etc.,
1702 2986 1869 3041 usque
1900 2980 1941 3037 α
1982 2978 2144 3046 lium,
2170 2978 2305 3049 quia
2335 2978 2515 3032 omnis
2546 2981 2807 3031 creatura
2845 2974 3081 3030 vanitati
3134 2976 3388 3045 subjecta
3443 2977 3547 3039 est,
3580 2972 3675 3026 sed

200 3056 256 3108 ad
278 3074 396 3113 eum
423 3060 793 3131 aliquatenus
832 3060 1201 3115 balbutiendo
1258 3077 1609 3116 resonamus.

842 3194 1063 3250 CAPUT
1120 3194 1221 3249 XX.

256 3324 393 3377 Vens.
420 3326 472 3377 2.
507 3354 580 3364 -—
613 3326 727 3393 Ego
778 3339 896 3378 sum
952 3326 1219 3380 Dominus
1262 3328 1400 3380 Deus
1458 3332 1599 3381 tuus.
1652 3326 1866 3397 (01110.,

202 3412 310 3467 hom.
340 3416 370 3468 8
400 3417 457 3468 in
478 3414 691 3485 Exod.)
726 3415 833 3479 Qui
883 3415 1199 3469 contemnit
1263 3431 1515 3485 prmsens
1573 3417 1867 3480 saeculum,

200 3502 376 3555 scilicet
441 3504 776 3572 Egyptum,
840 3506 895 3556 et
965 3518 1067 3573 per
1111 3503 1349 3557 verbum
1407 3504 1508 3558 Dei
1565 3505 1871 3558 translatus

201 3604 291 3643 non
316 3590 606 3645 invenitur
631 3590 767 3661 quia
794 3592 863 3645 ad
893 3591 1152 3646 futurum
1183 3593 1454 3646 saeculum
1506 3593 1748 3660 festinet,
1800 3594 1868 3648 de

198 3693 251 3729 eo
295 3679 417 3733 dicit
466 3682 667 3733 Deus:
730 3682 841 3747 Ego
896 3696 1015 3734 sum
1070 3683 1327 3735 Dominus
1384 3685 1519 3736 Deus
1566 3686 1708 3748 tuus,
1758 3687 1863 3736 etc.

200 3766 300 3820 Non
322 3770 383 3822 ad
414 3769 542 3822 illos
600 3772 821 3822 tantum
852 3768 951 3839 qui
996 3770 1067 3823 de
1122 3768 1368 3840 IEgypto
1421 3769 1661 3840 profecti
1712 3775 1866 3837 sunt,

199 3854 274 3906 sed
318 3856 382 3909 ad
436 3872 537 3911 eos
602 3856 703 3926 qui
764 3858 913 3911 ultra
963 3858 1239 3929 Egyptiis
1292 3874 1408 3912 non
1466 3859 1740 3923 serviunt,
1799 3860 1867 3914 de

198 3942 399 4014 rEgypto
454 3944 656 3999 educti
711 3944 782 3997 de
853 3945 1022 3998 domo
1080 3945 1363 3999 servitutis
1430 3944 1595 4013 (Psal.
1682 3950 1865 4018 Lxxx).

201 4031 399 4101 Negotia
428 4032 647 4097 seaculi,
702 4038 861 4086 actus
894 4033 1100 4099 carnis,
1142 4034 1345 4088 domus
1400 4035 1686 4089 servitutis
1734 4042 1865 4090 est:

199 4118 313 4173 sicut
355 4122 687 4192 relinquere
730 4122 1041 4187 saecularia,
1094 4127 1152 4176 et
1205 4123 1519 4177 secundum
1552 4125 1730 4178 Deum
1788 4124 1869 4178 vi-

197 4223 314 4275 vere,
340 4210 544 4265 domus
592 4210 873 4264 libertatis
915 4216 1017 4264 est.
1057 4211 1213 4265 Unde
1264 4213 1428 4265 Joan.
1480 4228 1601 4266 vni:
1635 4214 1697 4268 Si
1740 4228 1869 4283 per-

197 4301 466 4353 manseritis
532 4302 595 4353 in
624 4314 865 4353 sermone
918 4314 1051 4366 meo,
1106 4302 1409 4366 agnoscetis
1485 4304 1786 4369 veritatem,
1819 4306 1871 4355 et

196 4390 361 4441 ueritas
388 4387 647 4442 liberabit
667 4402 786 4443 vos.
824 4388 972 4458 Ergo
1029 4389 1303 4459 :Egyptus
1358 4394 1448 4443 est
1499 4390 1701 4444 domus
1752 4406 1877 4445 ser-

197 4473 397 4542 vitutis;
462 4476 667 4531 Iudaea
705 4480 761 4529 et
806 4476 1185 4542 Hierusalem,
1236 4477 1441 4532 domus
1495 4477 1871 4533 liberalitatis.

201 4562 325 4618 Unde
349 4566 466 4619 Gal.
501 4582 591 4619 iv:
626 4564 753 4629 Quae
774 4579 991 4619 sursum
1020 4568 1098 4619 est
1144 4566 1515 4634 Hierusalem,
1577 4568 1747 4621 libera
1775 4572 1870 4621 est.

196 4649 321 4705 Sicut
345 4669 479 4725 ergo
508 4657 742 4708 terrena
769 4654 1043 4723 Egyptus
1074 4654 1207 4707 iiliis
1254 4655 1423 4708 Israel
1483 4655 1687 4709 domus
1727 4655 1874 4709 dici—

194 4743 266 4792 tur
290 4742 567 4796 servitutis
600 4741 669 4795 ad
714 4742 1200 4812 comparationem
1245 4743 1457 4797 Judaeae
1495 4748 1552 4797 et
1609 4744 1869 4798 Hierusa-

194 4825 301 4892 lem,
333 4845 457 4899 qnse
487 4829 575 4883 eis
601 4832 687 4884 est
716 4830 922 4883 domus
968 4830 1244 4885 libertatis
1273 4848 1284 4885 :
1342 4831 1419 4885 ita
1455 4832 1526 4885 ad
1576 4847 1872 4901 compara-

189 4914 368 4972 tionem
388 4917 637 4973 caalestis
672 4918 1039 4982 Hierusalem,
1071 4936 1201 4990 qua:
1256 4924 1343 4974 est
1398 4924 1579 4974 mater
1635 4920 1870 4974 liberta-

190 5002 258 5069 tis,
283 5010 427 5061 totus
459 5007 714 5061 mundus
744 5011 800 5062 et
826 5024 955 5079 qua;
992 5007 1053 5061 in
1082 5023 1150 5062 eo
1195 5013 1350 5073 sunt,
1406 5009 1609 5063 domus
1666 5008 1873 5062 dicitur

189 5094 470 5150 servitutis:
534 5101 593 5150 et
623 5095 755 5166 quia
791 5096 859 5149 de
897 5096 1168 5166 paradiso
1228 5096 1505 5151 libertatis
1536 5113 1638 5167 per
1675 5112 1872 5167 pecca-

189 5184 527 5238 minventum
560 5189 645 5238 est
668 5184 740 5238 ad
770 5186 1107 5239 servitutem
1136 5185 1361 5251 mundi,
1417 5185 1639 5255 primus
1686 5202 1871 5239 sermo

189 5266 404 5342 decalogi
453 5274 524 5328 de
581 5274 847 5328 libertate
900 5277 1026 5328 est:
1081 5277 1195 5342 Ego
1251 5288 1369 5328 sum
1413 5277 1670 5329 Dominus
1734 5277 1871 5329 Deus

190 5359 285 5412 tuus
310 5364 401 5429 qui
427 5363 608 5417 edumi
627 5366 676 5417 te
702 5363 768 5416 de
793 5367 939 5416 terra
969 5364 1231 5431 Egypti,
1263 5367 1368 5417 etc.
1392 5383 1406 5428 ;
1437 5364 1584 5416 hanc
1602 5379 1794 5417 vocem
1810 5362 1871 5416 in

194 5444 392 5519 AEgypto
421 5450 625 5505 audire
660 5466 781 5504 non
808 5452 1038 5520 poteris.
1092 5453 1158 5505 Et
1186 5451 1233 5504 si
1288 5450 1390 5505 tibi
1447 5451 1781 5522 injungatur
1811 5457 1875 5508 ut

190 5530 328 5590 facias
379 5540 615 5609 pascha,
673 5538 939 5608 accingas
992 5539 1242 5608 lumbos,
1316 5538 1559 5611 accipias
1612 5538 1872 5595 sandalia

1979 3066 2259 3136 aequalem
2290 3067 2461 3132 Patri,
2496 3068 2675 3121 Deum
2705 3066 2775 3119 de
2810 3066 2947 3133 Deo,
2977 3065 3169 3119 lumen
3206 3064 3274 3117 de
3329 3062 3566 3117 lumine.

2050 3157 2216 3210 Vens.
2249 3158 2301 3210 3.
2340 3186 2398 3194 —
2432 3158 2550 3211 Non
2582 3155 2797 3208 habebit
2849 3154 2971 3208 deos
3017 3154 3238 3218 alienos,
3292 3157 3398 3205 etc.
3459 3151 3675 3221 (Omc.,

1982 3244 2239 3298 Primum
2272 3244 2603 3298 mandatum
2634 3249 2719 3297 est
2749 3263 2762 3297 :
2799 3244 2916 3299 Non
2944 3246 3101 3296 erunt
3139 3243 3239 3295 tibi
3270 3242 3353 3295 dii
3402 3242 3503 3295 alii
3534 3255 3677 3309 pra:-

1987 3338 2068 3387 ter
2097 3349 2179 3386 me
2207 3350 2220 3399 ;
2257 3337 2313 3387 et
2342 3332 2600 3403 sequitur
2627 3348 2638 3385 :
2670 3334 2789 3388 Non
2842 3333 3010 3399 facies
3078 3332 3177 3384 tibi
3230 3331 3454 3397 idolum,
3512 3343 3680 3396 neque

1981 3424 2149 3475 ullam
2222 3420 2654 3485 similitudinem,
2687 3430 2791 3474 etc.
2830 3422 2957 3473 Haec
2989 3419 3181 3473 omnia
3213 3418 3447 3488 quidam
3504 3418 3677 3470 simul

1978 3514 2182 3581 putant
2212 3526 2333 3563 esse
2358 3525 2539 3562 unum
2568 3508 2903 3562 mandatum
2931 3523 2944 3561 :
2975 3507 3127 3577 quod
3171 3508 3216 3559 si
3263 3507 3340 3560 ita
3387 3508 3677 3575 compute-

1980 3605 2092 3663 tur,
2115 3614 2230 3652 non
2260 3597 2638 3668 complebitur
2676 3612 2950 3650 numerus
3006 3596 3200 3650 decem
3254 3595 3670 3648 mandatorum.

1982 3688 2074 3741 Est
2102 3702 2237 3757 ergo
2268 3685 2519 3756 primum
2551 3684 2882 3738 mandatum
2916 3687 3071 3739 :Non
3100 3690 3255 3737 erunt
3297 3684 3397 3736 tibi
3434 3684 3518 3736 dii
3574 3681 3683 3737 alii

1972 3780 2175 3846 prater
2202 3791 2300 3838 me,
2334 3779 2441 3828 etc.
2492 3773 2838 3841 Secundum,
2900 3775 3018 3828 Non
3074 3775 3245 3839 facies
3304 3773 3405 3825 tibi
3454 3772 3677 3837 idolum,

1977 3880 2146 3933 neque
2198 3865 2368 3917 ullam
2412 3862 2846 3928 similitudinem,
2900 3866 3001 3914 etc.
3062 3860 3406 3931 Incipiamus
3464 3875 3601 3930 ergo
3647 3876 3681 3912 a

1980 3954 2166 4024 primo
2216 3951 2480 4006 mandato
2516 3966 2528 4003 :
2561 3952 2681 4006 Non
2725 3953 2883 4003 erunt
2922 3950 3023 4002 tibi
3059 3950 3144 4002 dii
3179 3950 3282 4002 alii
3334 3953 3533 4017 praeter
3575 3964 3675 4001 me.

1981 4042 2036 4097 Si
2085 4040 2340 4106 dixisset,
2396 4040 2519 4093 Non
2559 4041 2714 4105 sunt,
2769 4036 3081 4090 absolutior
3120 4052 3305 4089 sermo
3338 4037 3628 4090 videretur
3661 4053 3678 4101 -,

1978 4130 2077 4185 sed
2110 4130 2246 4200 quia
2283 4127 2441 4193 dicit,
2495 4128 2615 4183 Non
2671 4132 2848 4191 erunt,
2894 4142 3011 4179 non
3067 4124 3297 4193 negavit
3346 4124 3481 4195 quia
3541 4124 3675 4189 sint,

1978 4219 2072 4272 sed
2103 4234 2174 4271 ne
2200 4216 2284 4271 illi
2310 4215 2445 4281 sint,
2491 4215 2582 4268 cui
2630 4213 2751 4268 haec
2800 4218 3082 4286 praecepta
3125 4214 3355 4281 dantur,
3406 4211 3676 4267 inhibuit.

1984 4307 2125 4362 Hinc
2156 4306 2396 4360 Paulum
2428 4304 2709 4374 sumpisse
2752 4304 2933 4374 putol
2983 4303 3100 4357 Col.
3156 4319 3299 4357 vm:
3349 4302 3410 4357 Si
3465 4301 3680 4369 quidem

1982 4399 2107 4449 sunt
2137 4395 2233 4462 qui
2256 4393 2515 4447 dicuntur
2530 4392 2615 4446 dii
2642 4394 2754 4445 sive
2782 4393 2840 4444 in
2862 4392 3007 4455 oculo,
3039 4393 3150 4445 sive
3164 4392 3223 4444 in
3245 4394 3409 4444 terra.
3445 4390 3508 4442 In
3530 4387 3679 4441 aliis-

1983 4499 2095 4553 que
2153 4483 2288 4536 locis
2342 4480 2596 4535 invenies
2654 4479 2791 4533 deos
2841 4478 3129 4533 nominari
3198 4478 3342 4531 sicut
3399 4476 3479 4529 ibi
3512 4492 3525 4529 :
3557 4475 3678 4530 Rea:

1980 4586 2210 4638 magnus
2262 4585 2425 4639 super
2485 4582 2662 4623 omnes
2707 4568 2851 4633 deos,
2903 4572 2954 4621 et
3006 4570 3141 4622 Deus
3194 4569 3297 4620 Deo
3339 4566 3543 4619 locutus
3599 4567 3678 4617 est

1983 4664 2090 4713 etc.
2124 4661 2201 4712 De
2231 4657 2481 4712 dominis
2511 4656 2663 4711 idem
2703 4656 3001 4727 Apostolus
3058 4654 3194 4710 dicit
3224 4670 3236 4707 :
3297 4654 3419 4709 Sive
3476 4653 3674 4706 throni.

1980 4749 2093 4802 sive
2140 4746 2546 4807 dominationes,
2617 4748 2721 4798 etc.
2786 4745 2918 4812 (Col.
2954 4742 3014 4813 ι.)
3072 4742 3498 4796 Dominatioues
3544 4754 3677 4791 vero

1981 4851 2100 4889 non
2128 4835 2285 4889 aliud
2331 4839 2464 4888 sunt
2485 4849 2660 4905 quam
2712 4833 2852 4887 ordo
2921 4831 3152 4902 quidam
3221 4828 3587 4883 dominorum
3620 4832 3674 4880 et

1980 4923 2307 4979 multitudo.
2341 4924 2404 4977 In
2435 4938 2549 4993 quo
2579 4921 2805 4975 videtur
2831 4934 3061 4973 sensum
3091 4916 3232 4988 legis
3274 4916 3496 4987 aperire
3524 4917 3676 4985 Apo-

1980 5013 2197 5078 stolus;
2227 5027 2292 5065 ac
2315 5009 2362 5064 si
2392 5009 2544 5064 dicat
2574 5026 2588 5063 :
2625 5008 2775 5063 Licet
2804 5006 2917 5060 sint
2944 5006 3163 5060 domini
3200 5004 3386 5065 multi.
3423 5003 3523 5073 qui
3551 5002 3676 5055 aliis

1980 5099 2246 5171 gentibus
2275 5097 2664 5161 dominentur,
2694 5099 2749 5148 et
2777 5093 2858 5148 dii
2878 5092 3045 5147 multi
3077 5092 3177 5163 qui
3205 5093 3274 5147 ab
3325 5091 3450 5145 aliis
3482 5091 3675 5144 colan-

1976 5191 2099 5241 tur:
2134 5187 2230 5241 sed
2285 5190 2477 5239 tamen
2532 5199 2679 5236 unus
2729 5183 2879 5237 Deus
2931 5186 3015 5235 est
3062 5181 3248 5248 nobis,
3296 5184 3353 5234 et
3396 5194 3541 5233 unus
3594 5180 3679 5231 est

1981 5275 2274 5329 Dominus.
2311 5273 2467 5328 Unde
2495 5274 2653 5325 Deut.
2681 5287 2830 5324 χχιιι
2864 5286 2876 5323 :
2909 5272 3050 5324 Cum
3113 5270 3378 5324 divideret
3418 5268 3675 5323 Eatcelsus

1978 5368 2157 5432 gentes
2216 5367 2267 5416 et
2321 5359 2611 5430 separabat
2659 5357 2804 5427 ﬁlius
2861 5357 3065 5424 Adam,
3146 5359 3340 5412 statuit
3424 5357 3675 5409 terminos

1977 5453 2217 5521 gentium
2274 5447 2565 5504 secundum
2617 5461 2899 5501 numerum
2924 5447 3234 5515 angelorum
3281 5446 3394 5500 Dei.
3427 5443 3675 5514 Angelos

1980 5555 2131 5609 ergo,
2192 5537 2399 5608 quibus
2443 5538 2640 5605 gentes
2700 5533 2984 5589 commisit
3058 5534 3337 5599 Excelsus,
3408 5532 3673 5586 dominos
