4052 6180
277 297 372 347 251
921 297 1318 352 WALAFRIDI
1357 298 1598 353 STRABI
1642 299 1839 354 FULD.
1884 299 1977 353 ΜΟ

2158 299 2233 352 Ῥ.
2280 297 2454 352 PARS
2493 297 2537 351 I.
2581 324 2649 334 —
2688 293 3142 351 THEOLOGICA.

3696 295 3804 347 252

276 410 366 464 vel
395 409 535 466 deos
558 412 809 482 appellat
836 412 1160 483 Scriptura:
1195 414 1332 470 deos
1379 416 1538 486 quasi
1573 433 1604 470 a
1636 417 1750 471 Deo
1791 415 1975 483 datos,
2007 421 2052 475 A
2090 432 2251 484 num,
2285 415 2394 472 hoc
2424 420 2508 472 est
2536 416 2754 472 bellum
2786 415 3125 472 denuntiare
3151 415 3422 470 omnibus
3469 415 3615 481 aliis,
3675 416 3810 487 qui-

274 501 332 553 et
360 497 628 553 dominos
659 516 690 553 a
749 501 988 555 Domino
1042 507 1381 573 potestatem
1419 504 1667 558 sortitos.
1717 505 1876 560 Unde
1897 505 1978 559 eis

274 585 484 641 dicitur
509 588 652 658 psal.
685 604 841 642 Lxxxi
874 604 888 642 :
922 591 1036 658 Ego
1064 591 1188 645 dimi
1219 607 1232 646 :
1289 594 1377 646 Dii
1430 595 1556 647 estis
1617 596 1668 646 et
1717 595 1823 662 ﬁlii
1855 594 1977 647 Ea:-

275 676 404 744 celsi
449 691 645 730 omnes.
687 679 790 731 Vos
851 684 1030 732 autem
1085 681 1224 733 sicut
1280 681 1516 734 homines
1563 683 1883 748 moriemini,
1926 687 1978 737 et

273 764 581 818 sicut-unus
635 765 702 818 de
727 766 1081 834 principibus
1127 767 1376 833 cadetis;
1438 768 1726 823 imitantes
1765 770 1978 824 scilicet

277 851 590 917 diabolum,
624 853 723 924 qui
752 852 1017 924 princeps
1068 855 1325 909 omnium
1382 855 1561 910 factus
1607 863 1691 911 est
1733 857 1802 911 ad
1857 859 1977 911 rui-

275 955 430 995 nam.
465 943 621 998 Unde
654 946 871 996 constat
897 942 1049 1014 quod
1093 945 1466 998 exsecrabiles
1514 944 1645 1000 fecit
1697 962 1794 1000 eos
1829 963 1976 1017 pra:-

276 1029 560 1096 varicatio,
596 1047 713 1086 non
739 1037 962 1085 natura.
992 1031 1115 1087 Tibi
1151 1047 1308 1103 ergo.
1365 1049 1397 1087 ο
1451 1034 1639 1100 Israel,
1701 1035 1800 1107 qui
1846 1051 1978 1106 pars

279 1118 380 1172 Dei
405 1121 462 1172 et
491 1118 780 1173 funiculus
817 1119 940 1189 ejus
989 1135 1070 1187 es,
1128 1135 1235 1175 non
1290 1126 1467 1186 erunt,
1513 1121 1720 1193 inquit,
1753 1124 1856 1178 tibi
1896 1123 1978 1177 dii

275 1207 379 1261 alii
403 1212 601 1276 praeter
625 1223 742 1261 me:
775 1207 909 1278 quia
929 1222 1058 1262 vere
1103 1209 1274 1277 Deus,
1325 1224 1476 1262 unus
1533 1215 1620 1264 est
1697 1212 1862 1277 Deus,
1923 1215 1980 1266 et

279 1311 408 1349 vere
442 1295 736 1362 Dominus,
786 1311 939 1350 unus
979 1300 1064 1350 est
1111 1297 1383 1351 Dominus
1418 1314 1432 1363 ;
1481 1298 1699 1352 caeteris
1741 1315 1873 1354 vero
1907 1299 1976 1354 ab

276 1382 400 1454 ipso
467 1383 668 1438 creatis
740 1383 985 1438 contulit
1057 1384 1164 1438 hoc
1264 1401 1477 1440 nomen
1549 1402 1664 1442 non
1748 1394 1974 1458 natura,

278 1470 377 1526 sed
435 1472 637 1541 gratia.
695 1473 818 1526 Nou
877 1472 999 1527 huic
1066 1477 1290 1528 tantum
1342 1475 1610 1529 dicuntur
1675 1476 1746 1530 ad
1805 1477 1978 1531 Israel

278 1559 592 1614 secundum
647 1575 897 1622 carnem.
951 1561 1068 1616 imo
1118 1562 1190 1616 ad
1246 1567 1302 1618 te
1357 1563 1456 1636 qui
1520 1565 1692 1619 Israel
1747 1564 1978 1620 effectus

280 1660 340 1700 es
362 1651 553 1701 mente
583 1647 766 1702 Deum
797 1647 1058 1714 videndo,
1093 1653 1152 1706 et
1199 1650 1562 1706 circumcisus
1621 1653 1807 1719 corde,
1863 1668 1978 1706 non

279 1749 489 1802 carne;
524 1734 570 1788 si
623 1739 816 1789 tamen
857 1735 937 1790 ita
996 1753 1132 1808 agas
1178 1743 1244 1793 ut
1298 1739 1504 1810 dignus
1554 1740 1629 1794 sis
1672 1758 1792 1796 esse
1848 1757 1978 1812 pars

282 1822 404 1890 Dei,
436 1827 494 1878 et
531 1823 591 1877 in
612 1824 864 1879 funiculo
914 1825 1260 1882 hereditatis
1293 1828 1414 1898 ejus
1449 1829 1636 1883 metiri
1671 1847 1683 1884 :
1719 1830 1978 1901 alioquin

279 1911 542 1983 exemplo
572 1912 676 1967 tibi
704 1914 816 1968 sint
839 1915 938 1985 qui
968 1915 1037 1969 ad
1069 1915 1176 1970 hoc
1194 1917 1373 1970 vocati
1427 1917 1654 1971 fuerant
1700 1922 1764 1972 ut
1794 1922 1980 1972 essent

277 2015 410 2070 pars
459 2000 582 2069 Dei,
614 2006 672 2055 et
715 2002 1072 2073 exigentibus
1125 2005 1371 2075 peccatis
1421 2005 1663 2077 dispersi
1715 2010 1848 2060 sunt
1877 2021 1980 2076 per

279 2103 477 2144 omnes
506 2094 727 2160 gentes,
768 2095 823 2145 et
847 2092 1035 2146 educti
1067 2093 1136 2147 de
1167 2094 1335 2148 domo
1367 2093 1653 2149 servitutis
1695 2095 1816 2165 jam
1863 2110 1978 2148 non

278 2178 554 2249 Egyptiis
583 2179 736 2246 solis,
769 2180 867 2235 sed
905 2182 1174 2236 omnibus
1230 2181 1498 2254 gentibus
1545 2183 1818 2237 serviunt.
1874 2183 1979 2250 Qui

280 2267 422 2320 enim
439 2272 642 2335 peccat,
664 2284 853 2323 servus
883 2273 961 2324 est
987 2273 1198 2339 peccati
1228 2271 1412 2342 (Joan.
1445 2271 1520 2340 v).

378 2354 542 2409 Vens.
592 2357 645 2410 4.
696 2386 766 2397 -
809 2359 925 2415 Νοη
973 2361 1166 2426 facies,
1216 2364 1322 2414 etc.
1380 2359 1591 2429 (Οῐιιρ.)
1646 2361 1763 2415 Non
1811 2360 1979 2426 facies

281 2440 382 2495 tibi
420 2443 530 2511 ipsi
584 2443 811 2514 idolum,
865 2460 1050 2514 neque
1103 2462 1308 2501 omnem
1372 2447 1802 2512 similitudinem,
1872 2452 1977 2503 etc.

279 2528 449 2584 Aliud
475 2535 609 2586 sunt
640 2532 812 2598 idola,
848 2535 1001 2588 aliud
1030 2534 1130 2589 dii.
1173 2537 1251 2589 De
1301 2535 1409 2590 diis
1467 2536 1622 2590 enim
1661 2535 1797 2592 dicit
1825 2539 1980 2606 Apo-

280 2618 482 2684 stolus,
512 2619 674 2674 ICor.
712 2638 806 2675 vin
841 2637 854 2675 :
883 2623 943 2677 Si
980 2623 1197 2691 quidem
1217 2628 1343 2678 sunt
1371 2623 1454 2678 dii
1499 2626 1676 2690 multi,
1700 2629 1750 2678 et
1775 2625 1982 2679 domini

279 2707 457 2773 multi,
507 2711 611 2762 etc.
669 2709 747 2763 De
795 2709 962 2764 idolis
1005 2727 1156 2778 vero,
1227 2715 1358 2782 quia
1424 2714 1506 2767 nil
1533 2718 1615 2767 est
1679 2713 1879 2768 idolum
1922 2716 1982 2768 in

279 2795 479 2850 mundo
507 2813 520 2862 ;
550 2796 618 2851 de
648 2797 1120 2856 similitudinibus
1166 2805 1358 2855 autem
1410 2817 1525 2855 non
1582 2802 1818 2866 addidit,
1846 2802 1982 2872 quia

279 2882 361 2936 nil
387 2887 536 2938 sunt.
575 2885 672 2939 Hic
701 2892 894 2942 autem
943 2888 1185 2943 dicitur:
1239 2891 1356 2947 Non
1391 2891 1560 2956 facies
1617 2891 1718 2944 tibi
1756 2891 1978 2956 idolum,

2083 506 2189 560 bus
2226 505 2286 560 in
2313 505 2602 575 baptismo
2654 504 3014 572 renuntiasti,
3068 505 3256 558 solum
3304 505 3483 558 Deum
3529 504 3812 559 conﬁtens

2088 595 2306 648 Patrem
2342 598 2399 648 et
2429 593 2635 648 Filium
2661 597 2717 647 et
2753 593 3029 664 Spiritum
3059 597 3336 648 sanctum.
3371 593 3477 648 Sed
3509 592 3616 646 hoc
3657 607 3806 645 con-

2083 683 2308 736 ﬁtentes
2339 682 2448 735 nisi
2503 685 2622 736 toto
2664 682 2833 736 corde
2885 681 3190 753 diligamus
3260 669 3572 736 Dominum
3621 683 3808 735 Deum

2083 773 2361 835 nostrum,
2421 774 2540 824 tota
2592 770 2803 839 anima,
2869 775 2986 824 tota
3054 770 3263 824 virtute
3322 770 3373 824 ei
3444 770 3807 824 adhaerentes

2084 874 2199 914 non
2230 875 2427 913 sumus
2453 857 2636 913 effecti
2666 874 2800 929 pars
2857 857 3096 920 Domini.
3134 858 3233 913 sed
3288 858 3347 912 in
3391 857 3639 912 confinio
3687 874 3793 928 po-

2085 947 2179 1001 siti
2226 947 2357 1002 illos
2413 947 2667 1018 patimur
2722 946 2971 1001 offensos
3036 962 3177 1017 quos
3234 945 3508 1016 fugimus,
3577 949 3633 1000 et
3716 944 3788 999 ad

2083 1051 2254 1105 quem
2287 1035 2555 1106 fugimus,
2589 1033 2900 1106 prapitium
2937 1049 3056 1088 non
3089 1032 3385 1088 efﬁcimus.
3414 1033 3629 1098 Quibus
3657 1049 3787 1103 pro-

2084 1124 2254 1194 pheta
2281 1123 2414 1178 dicit
2445 1140 2458 1179 :
2501 1125 2590 1178 Vae
2610 1122 2821 1192 duplici
2842 1125 3022 1177 animo
3054 1123 3240 1191 (Eccli.
3293 1122 3374 1193 ιι).
3413 1123 3477 1175 Et
3524 1121 3737 1174 iterum
3772 1137 3786 1173 :

2089 1214 2368 1282 Usquequo
2399 1212 2729 1268 claudicatis
2786 1217 3011 1280 utroque
3055 1211 3236 1280 pede?
3291 1210 3382 1278 (III
3427 1212 3556 1278 Reg.
3604 1208 3789 1270 xvm.)

2083 1301 2167 1355 Ab
2189 1300 2302 1355 illis
2331 1317 2467 1372 ergo
2496 1301 2657 1372 quasi
2677 1300 2907 1371 fugaces
2933 1299 3226 1365 caedimur,
3258 1303 3313 1353 et
3344 1315 3376 1352 a
3411 1297 3650 1352 Domino
3680 1313 3789 1351 no-

2085 1393 2204 1442 stro
2227 1388 2390 1458 quasi
2414 1388 2708 1444 instabiles
2743 1404 2863 1442 non
2883 1387 3262 1453 defendimur,
3321 1386 3473 1441 unde
3508 1386 3618 1440 Jer.
3683 1401 3737 1438 iv
3773 1402 3788 1439 :

2088 1476 2370 1531 Amatores
2399 1478 2482 1530 tui
2510 1479 2720 1531 inimici
2747 1478 2889 1543 facti
2917 1481 3044 1531 sunt
3075 1476 3191 1530 tibi.
3228 1474 3386 1530 Multi
3407 1478 3540 1528 sunt
3581 1473 3797 1529 animae

2087 1571 2390 1632 amatores,
2437 1564 2586 1635 capti
2626 1565 2828 1619 decore
2885 1564 3026 1634 ejus,
3085 1579 3214 1618 cum
3273 1563 3483 1634 quibus
3531 1561 3795 1616 meretri-

2087 1657 2208 1708 cata
2266 1657 2368 1721 est,
2417 1653 2630 1708 dicens.
2691 1655 2815 1708 Post
2871 1656 3135 1708 amatores
3201 1666 3342 1706 meos
3389 1651 3477 1706 ibo
3533 1653 3630 1720 qui
3658 1650 3798 1704 dant

2086 1743 2222 1796 mihi
2265 1745 2452 1796 vinum
2507 1757 2698 1807 meum,
2751 1745 2860 1794 etc.
2895 1736 3046 1811 (OseQ
3099 1749 3153 1805 ii)
3213 1739 3354 1794 :hos
3410 1738 3649 1793 offendit
3687 1736 3818 1793 re-’

2089 1847 2249 1885 versa
2277 1831 2347 1885 ad
2376 1830 2560 1885 virum
2586 1829 2856 1902 priorem.
2891 1827 3010 1883 Nisi
3035 1844 3170 1899 ergo
3219 1832 3340 1882 tota
3398 1827 3510 1882 ﬁde
3563 1842 3796 1898 perma-

2089 1935 2224 1972 neas
2255 1933 2386 1971 cum
2433 1917 2552 1971 viro
2601 1922 2718 1981 tuo,
2781 1932 2884 1987 pro
2942 1915 3252 1970 sceleribus
3294 1931 3421 1986 quae
3453 1913 3791 1968 commisisti

2088 2010 2387 2076 suspectus
2411 2021 2470 2060 es
2499 2025 2514 2073 ;
2545 2021 2742 2060 omnes
2773 2008 2963 2058 motus
3013 2007 3164 2062 tuos,
3225 2007 3481 2074 aspectus
3513 2006 3568 2057 et
3612 2001 3799 2056 inces-

2089 2110 2184 2148 sus
2223 2099 2410 2165 notat;
2435 2094 2514 2148 nil
2544 2095 2692 2148 ultra
2724 2093 2785 2147 in
2815 2097 2870 2147 te
2919 2091 3191 2146 lascivum
3222 2091 3437 2160 videre,
3491 2090 3633 2145 nihil
3681 2089 3798 2144 dis-

2087 2183 2341 2238 solutum
2370 2183 2456 2237 vel
2485 2182 2796 2253 prodigum
2834 2184 3041 2250 potest.
3077 2179 3137 2235 Si
3166 2196 3302 2251 ergo
3333 2184 3621 2250 acceptam
3659 2195 3794 2249 gra-

2089 2269 2227 2325 tiam
2273 2271 2540 2342 negligis,
2601 2275 2659 2325 et
2707 2270 2965 2340 implicas
3020 2273 3075 2323 te
3101 2268 3466 2323 saecularibus
3523 2267 3792 2338 negotiis,

2089 2360 2360 2414 continuo
2399 2359 2732 2414 immundus
2780 2357 3017 2428 spiritus
3066 2356 3215 2412 redit
3263 2373 3393 2411 cum
3429 2363 3647 2427 septem
3681 2371 3794 2408 ne-

2090 2449 2388 2520 quioribus
2449 2447 2664 2518 (Matth.
2739 2446 2864 2514 xu),
2913 2461 2982 2500 ne
3026 2444 3239 2499 iterum
3299 2443 3502 2514 expelli
3590 2441 3796 2513 possit,

2091 2542 2146 2591 et
2167 2536 2313 2591 ﬁunt
2357 2534 2666 2589 novissima
2709 2534 2907 2604 pejora
2957 2532 3266 2604 prioribus.
3312 2533 3478 2587 Nulla
3527 2548 3662 2602 ergo
3693 2548 3787 2584 so-

2090 2625 2261 2680 cietas
2291 2624 2505 2694 templo
2533 2621 2633 2677 Dei
2658 2637 2788 2676 cum
2818 2621 3002 2676 idolis.
3029 2621 3087 2676 Si
3121 2620 3218 2675 Dei
3245 2635 3461 2688 sumus,
3491 2621 3630 2674 tales
3670 2635 3800 2673 esse

2092 2713 2364 2768 debemus
2396 2711 2454 2768 in
2484 2711 2692 2783 quibus
2719 2710 2938 2764 habitet
2959 2713 3014 2764 et
3066 2708 3384 2764 inambulet
3437 2709 3580 2763 Deus
3603 2725 3616 2772 ;
3639 2707 3801 2762 unde

2093 2803 2324 2856 Isa.Ln:
2377 2801 2485 2866 Qui
2511 2801 2745 2869 portatis
2791 2813 2926 2853 vasa
2981 2799 3219 2862 Domini,
3265 2799 3409 2850 emite
3452 2801 3502 2850 et
3555 2798 3796 2850 immun-

2091 2889 2221 2943 dum
2257 2889 2418 2942 nolite
2472 2892 2707 2955 tangere,
2777 2890 2829 2940 et
2865 2900 2958 2954 ego
3005 2887 3267 2954 recipiam
3323 2899 3436 2952 vos,
3491 2888 3599 2938 etc.
3647 2883 3803 2937 Dicit

280 2987 450 3040 neque
507 2975 922 3031 similitudinem
977 2991 1200 3032 omnem.
1250 2977 1421 3032 Aliud
1461 2983 1547 3032 est
1603 2993 1742 3048 ergo
1801 2978 1982 3031 facere
2021 2979 2060 3034 C
2085 2992 2260 3048 ergo:
2315 2978 2434 3033 Non
2462 2979 2618 3030 erunt
2648 2974 2750 3030 tibi
2777 2973 2862 3029 dii
2892 2975 2996 3028 alii
3011 2979 3213 3042 prater
3245 2988 3342 3027 me.

281 3058 521 3129 idolum,
555 3061 710 3117 aliud
739 3063 1194 3120 similitudinem.
1231 3066 1397 3119 Verbi
1426 3081 1612 3130 causa,
1648 3066 1694 3119 si
1742 3065 1869 3136 quis
1917 3065 1976 3118 in

281 3162 421 3201 auro
452 3154 510 3203 et
537 3154 793 3220 argento,
824 3152 981 3222 ligno
1009 3155 1096 3207 vel
1120 3153 1328 3224 lapide,
1368 3153 1533 3208 faciat
1561 3154 1804 3224 speciem
1835 3169 1977 3224 qua-

283 3234 574 3305 drupedis,
610 3239 697 3292 vel
728 3240 1027 3310 serpentis,
1060 3241 1145 3295 vel
1179 3241 1315 3306 avis,
1367 3246 1422 3294 et
1479 3246 1688 3296 statuat
1735 3241 1976 3295 adoran-

283 3322 442 3390 dum,
475 3339 589 3378 non
617 3325 836 3381 idolum
866 3329 964 3383 sed
993 3329 1427 3383 similitudinem
1483 3329 1635 3384 facit.
1687 3330 1796 3395 Qui
1845 3345 1978 3384 vero

283 3410 418 3465 facit
446 3413 599 3482 quod
625 3430 740 3468 non
764 3419 867 3482 est,
907 3417 1154 3486 speciem
1184 3417 1396 3471 scilicet
1426 3432 1602 3488 quam
1634 3417 1833 3470 oculus
1860 3433 1977 3470 non

283 3499 446 3568 vidit,
503 3501 600 3555 sed
639 3502 864 3558 animus
913 3505 1019 3560 sibi
1065 3505 1277 3575 ﬁngit;
1310 3510 1373 3559 ut
1431 3506 1477 3559 si
1535 3505 1661 3576 quis
1711 3505 1980 3559 humanis

284 3587 557 3642 membris
585 3595 756 3660 caput
791 3591 948 3646 canis
980 3597 1077 3646 aut
1107 3593 1301 3647 arietis
1357 3593 1589 3661 formet,
1619 3592 1709 3647 vel
1765 3592 1825 3646 in
1863 3609 1979 3647 uno

283 3674 531 3731 hominis
560 3678 760 3734 habitu
788 3680 930 3735 duas
958 3681 1147 3747 facies,
1182 3686 1278 3735 aut
1327 3681 1581 3736 humano
1631 3682 1844 3752 pectori
1877 3699 1978 3751 po-

285 3766 522 3818 stremas
548 3771 737 3837 partes
761 3769 893 3838 equi
923 3773 1024 3824 aut
1059 3769 1228 3840 piscis
1261 3770 1398 3840 ;qui
1448 3771 1555 3824 hoc
1583 3769 1733 3838 facit,
1767 3787 1879 3823 non
1905 3770 1978 3823 si-

285 3850 694 3920 militudinem,
718 3855 816 3910 sed
846 3856 1062 3911 idolum
1089 3856 1224 3911 facit
1255 3873 1269 3912 :
1305 3858 1437 3913 facit
1465 3857 1620 3912 enim
1669 3858 1819 3928 quod
1865 3874 1978 3911 non

287 3944 392 4005 est,
413 3955 518 3994 nec
546 3939 720 3995 habet
750 3943 966 4014 aliquid
995 3945 1178 3999 simile
1203 3946 1310 4000 sui.
1338 3947 1469 4001 Ideo
1517 3946 1654 4001 dicit
1681 3948 1981 4017 Apostolus

286 4028 418 4096 quia
443 4027 646 4084 idolum
672 4032 814 4086 nihil
832 4038 911 4087 est
938 4035 996 4086 in
1009 4035 1218 4089 mundo
1244 4035 1290 4103 (I
1325 4037 1452 4090 Cor.
1486 4037 1627 4104 VIII).
1663 4035 1785 4089 Non
1826 4035 1978 4087 enim

286 4115 481 4186 aliqua
501 4133 566 4171 ex
605 4119 774 4173 rebus
802 4123 1194 4176 constantibus
1242 4124 1552 4177 assumitur
1604 4123 1843 4193 species,
1885 4123 1979 4178 sed

285 4204 439 4275 quod
469 4221 630 4260 mens
649 4208 832 4263 otiosa
859 4214 916 4263 et
951 4211 1172 4265 curiosa
1200 4212 1433 4282 reperit.
1483 4211 1806 4267 Similitudo
1847 4228 1982 4266 vero

286 4296 371 4347 est
389 4307 519 4347 cum
545 4294 761 4365 aliquid
790 4312 855 4351 ex
880 4297 968 4353 his
997 4314 1126 4369 quae
1173 4304 1308 4354 sunt
1361 4301 1449 4354 vel
1479 4300 1541 4354 in
1589 4301 1750 4368 caelo,
1807 4301 1894 4354 vel
1924 4301 1982 4354 in

286 4384 456 4444 terra,
488 4381 576 4436 vel
606 4381 666 4436 in
704 4385 869 4455 aquis
925 4386 1374 4442 formatur:sed
1423 4404 1535 4442 non
1585 4389 1731 4443 sicut
1779 4389 1847 4444 de
1898 4389 1983 4443 his

288 4485 418 4541 qua:
448 4469 509 4524 in
532 4474 684 4526 terra
703 4477 838 4526 sunt
860 4475 944 4528 vel
991 4475 1053 4528 in
1107 4475 1253 4529 mari
1291 4475 1758 4530 similitudinibus
1787 4493 1980 4548 prom-

285 4563 448 4630 ptum
478 4564 564 4615 est
590 4561 964 4630 pronuntiare
995 4576 1014 4613 :
1034 4562 1114 4617 ita
1142 4564 1313 4618 etiam
1343 4563 1412 4618 de
1455 4564 1780 4618 caelestibus
1811 4581 1825 4630 ;
1871 4566 1982 4619 nisi

285 4646 414 4721 quis
435 4647 586 4702 dicat
611 4648 681 4702 de
707 4649 846 4716 sole,
895 4653 952 4704 et
981 4651 1138 4717 luna,
1192 4656 1249 4706 et
1302 4652 1480 4706 stellis
1503 4652 1610 4706 hoc
1653 4668 1822 4722 posse
1855 4669 1982 4706 sen-

290 4735 404 4800 tiri,
433 4752 683 4807 quorum
725 4735 944 4793 formas
961 4739 1232 4810 exprimit
1267 4739 1577 4811 gentilitas.
1638 4740 1746 4795 Sed
1805 4742 1983 4796 Moses

288 4823 545 4878 eruditur
563 4826 722 4880 omni
751 4827 1034 4897 sapientia
1060 4828 1457 4899 Egyptiorum
1480 4829 1652 4900 etiam
1676 4845 1805 4901 quae
1830 4831 1983 4900 apud

286 4912 414 4967 illos
445 4919 607 4970 erant
637 4915 698 4970 in
723 4917 958 4972 occultis
1002 4917 1309 4988 prohibere
1365 4917 1650 4988 cupiebat,
1707 4917 1852 4972 sicut
1889 4919 1980 4972 He-

287 5005 470 5056 catem
496 5002 722 5074 aliaque
753 5006 1082 5060 daemonum
1115 5006 1345 5072 formas,
1369 5022 1497 5076 quae
1527 5005 1830 5074 Apostolus
1867 5009 1982 5076 spi-

292 5089 528 5143 ritualia
569 5093 824 5160 nequitiae
855 5096 912 5148 in
967 5094 1262 5149 calestibus
1311 5098 1475 5147 vocat
1533 5094 1733 5163 Ephes.
1789 5109 1841 5148 vx
1875 5095 1984 5158 ;de

297 5175 508 5247 quibus
549 5176 693 5232 forte
752 5179 957 5234 dicitur
986 5197 999 5234 :
1032 5182 1338 5236 Inebriatus
1378 5185 1457 5237 est
1514 5181 1732 5250 gladius
1770 5185 1986 5236 meusin

295 5265 419 5318 casio
445 5265 576 5333 (Isa.
607 5271 808 5335 xxxrv).
836 5267 936 5321 His
981 5269 1140 5323 enim
1198 5269 1395 5323 formis
1417 5273 1470 5324 et
1516 5268 1985 5323 similitudinibus

292 5351 630 5406 invocabant
656 5353 941 5409 daemonia
978 5357 1050 5410 ad
1080 5357 1408 5428 repellenda
1433 5359 1518 5412 vel
1552 5357 1786 5412 vitanda
1814 5357 1980 5410 mala.

293 5440 600 5496 Sciendum
638 5447 832 5497 tamen
888 5443 1023 5514 quia
1081 5461 1213 5500 cum
1259 5446 1573 5501 decreveris
1607 5448 1714 5501 hoc
1760 5460 1986 5500 servare

296 5529 649 5600 mandatum,
683 5535 739 5586 et
766 5531 975 5588 habere
1004 5549 1186 5589 unum
1219 5539 1441 5591 tantum
1477 5537 1653 5590 Deum
1683 5539 1740 5589 et
1791 5533 1987 5590 Domi-

2158 3067 2318 3120 Vaas.
2375 3066 2534 3119 5-H.
2576 3093 2644 3103 —
2704 3064 2825 3120 Non
2857 3061 3136 3128 adorabis,
3195 3064 3301 3116 etc.
3358 3059 3523 3116 Aliud
3574 3064 3658 3115 est
3694 3077 3802 3114 co-

2086 3140 2218 3217 lere,
2245 3153 2400 3206 aliud
2426 3152 2679 3206 adorare.
2734 3153 2923 3205 Potest
2971 3149 3100 3222 quis
3145 3149 3358 3204 invitus
3405 3150 3662 3214 adorare,
3707 3151 3802 3204 vel

2086 3241 2370 3294 adulando
2393 3240 2620 3310 regibus
2641 3237 2978 3305 idololatris,
3015 3239 3100 3292 vel
3124 3239 3424 3293 tormentis
3444 3238 3643 3301 victus,
3660 3253 3800 3293 cum

2086 3328 2224 3383 sciat
2256 3328 2391 3400 quia
2409 3327 2629 3382 idolum
2660 3327 2739 3381 nil
2763 3331 2866 3382 est.
2899 3327 3100 3382 Colere
3131 3342 3267 3380 vero
3298 3331 3384 3381 est
3432 3331 3550 3380 toto
3592 3325 3680 3380 his
3711 3327 3800 3382 af-

2085 3417 2232 3471 fectu
2267 3422 2324 3471 et
2355 3416 2542 3471 studio
2593 3414 2929 3486 mancipari.
2985 3415 3303 3486 Utrumque
3360 3431 3497 3485 ergo
3556 3420 3798 3484 resecat,

2090 3511 2150 3558 ut
2176 3521 2279 3559 nec
2309 3504 2515 3559 affectu
2546 3503 2717 3568 colas,
2747 3518 2852 3557 nec
2880 3502 3067 3573 specie
3092 3503 3315 3557 adores.

2158 3596 2270 3663 Ego
2321 3608 2439 3647 sum
2490 3594 2773 3660 Dominus,
2824 3597 2930 3647 etc.
3001 3592 3136 3646 Vide
3180 3590 3591 3662 benignitatem
3653 3590 3798 3646 Dei:

2089 3687 2151 3736 ut
2182 3699 2286 3736 nos
2314 3681 2514 3736 doceat
2533 3685 2589 3734 et
2617 3680 2896 3751 perfectos
2940 3679 3128 3744 faciat,
3179 3679 3549 3751 fragilitatem
3581 3680 3800 3735 huma-

2088 3787 2296 3826 norum
2323 3770 2630 3824 affectuum
2661 3785 2777 3824 non
2804 3775 3061 3836 recusat;
3095 3769 3290 3822 omnia
3314 3768 3433 3839 agit
3474 3772 3530 3820 et
3573 3768 3803 3837 patitur

2087 3863 2323 3931 propter
2347 3875 2472 3921 nos,
2498 3857 2646 3912 notis
2676 3861 2730 3912 et
2759 3857 2984 3912 usitatts
3013 3857 3179 3910 nobis
3199 3856 3455 3927 loquitur
3475 3855 3796 3910 affectibus.

2159 3949 2364 4016 (Omo.,
2427 3947 2523 4000 ubi
2579 3945 2796 4015 supra.)
2846 3944 3043 4000 Omnis
3100 3944 3309 3998 mulier
3371 3948 3470 3997 aut
3520 3943 3624 3997 sub
3674 3944 3800 3997 viro

2089 4041 2194 4104 est,
2222 4041 2278 4090 et
2322 4035 2577 4104 subjecta
2624 4039 2710 4088 est
2763 4034 2989 4102 legibus
3024 4032 3130 4087 viri
3168 4034 3417 4101 (Eph.v),
3461 4036 3560 4086 aut
3599 4047 3796 4086 mere-

2087 4124 2200 4178 trix
2228 4129 2333 4192 est,
2363 4127 2420 4178 et
2466 4122 2643 4177 utitur
2692 4121 2951 4176 libertate
2994 4120 3285 4192 peccandi.
3326 4120 3435 4185 Qui
3473 4120 3804 4190 ingreditur

2089 4213 2160 4266 ad
2190 4211 2568 4279 meretricem,
2623 4209 2728 4264 scit
2771 4210 2927 4281 quod
2979 4210 3050 4265 ad
3082 4210 3443 4281 prostitutam
3483 4213 3539 4263 et
3575 4209 3800 4262 cunctis

2092 4303 2382 4372 patentem
2411 4298 2700 4369 ingressus
2732 4304 2835 4364 est,
2887 4297 3018 4352 ideo
3052 4298 3121 4352 de
3169 4297 3295 4351 aliis
3347 4296 3632 4366 indignari
3671 4312 3800 4350 non

2091 4392 2299 4460 potest.
2323 4387 2431 4452 Qui
2457 4385 2716 4458 legitimo
2764 4385 2947 4439 utitur
2993 4385 3384 4451 matrimonio,
3426 4401 3543 4438 non
3574 4385 3802 4455 patitur

2092 4491 2327 4530 uxorem
2357 4490 2613 4546 peccare,
2657 4474 2758 4529 sed
2807 4473 3136 4528 accenditur
3175 4474 3295 4528 zelo
3345 4474 3415 4528 ad
3454 4473 3797 4527 servandam

2090 4563 2405 4619 castitatem
2436 4562 2811 4630 matrimonii,
2861 4566 2924 4618 ut
2954 4561 3131 4632 possit
3185 4561 3478 4632 legitimus
3524 4560 3647 4614 fieri
3689 4576 3799 4631 pa-

2091 4657 2195 4707 ter.
2229 4652 2318 4708 Sic
2347 4650 2533 4705 omnis
2561 4650 2754 4704 anima
2785 4655 2884 4704 aut
2913 4649 3216 4721 prostituta
3258 4654 3342 4703 est
3390 4664 3518 4702 cum
3567 4648 3801 4703 daemo-

2096 4741 2282 4806 nibus,
2315 4745 2373 4794 et
2416 4739 2588 4794 habet
2617 4739 2808 4809 plures
2836 4741 3117 4792 amatores
3166 4740 3230 4791 ut
3273 4736 3490 4792 intrent
3517 4735 3588 4790 ad
3638 4752 3799 4802 eam,

2093 4829 2262 4884 modo
2330 4827 2564 4898 spiritus
2610 4825 3022 4891 fornicationis,
3099 4823 3271 4879 modo
3337 4823 3594 4889 avaritia,
3659 4827 3805 4891 post

2091 4919 2245 4973 hunc
2274 4915 2463 4970 veniet
2492 4914 2724 4986 spiritus
2773 4913 3053 4984 superbia:
3097 4918 3154 4967 et
3200 4912 3298 4966 alii
3331 4911 3606 4983 plurimi;
3649 4912 3806 4966 alter

2090 5013 2283 5062 tamen
2327 5003 2491 5058 alteri
2539 5018 2656 5057 non
2716 5001 2968 5068 invidet;
3019 5017 3123 5055 nec
3183 5001 3461 5071 zelotypia
3509 5004 3800 5066 movetur,

2093 5095 2189 5149 sed
2220 5107 2341 5146 sese
2367 5091 2609 5145 invicem
2653 5089 2896 5143 invitant
2923 5105 2937 5155 ;
2976 5088 3152 5154 unde,
3193 5087 3422 5142 adducit
3451 5102 3627 5142 secum
3654 5088 3804 5142 alios

2092 5187 2292 5251 septem
2355 5179 2581 5249 spiritus
2620 5178 2902 5246 nequiores
2922 5190 2992 5240 se,
3041 5181 3147 5230 etc.
3196 5177 3342 5244 (Luc.
3381 5176 3482 5244 χι.)
3524 5175 3614 5229 Sic
3669 5177 3804 5229 nul-

2095 5273 2205 5325 lam
2237 5267 2575 5338 zelotypiam
2607 5267 2929 5318 amatorum
2954 5279 3187 5318 suorum
3212 5262 3428 5333 patitur
3449 5263 3642 5316 anima
3661 5279 3804 5332 quae

2094 5356 2447 5412 daemonibus
2479 5358 2565 5409 est
2604 5352 2946 5424 prostituta;
2990 5352 3037 5405 si
3079 5367 3210 5405 vero
3270 5351 3575 5421 conjuncta
3617 5350 3804 5405 fuerit

2094 5447 2216 5500 viro
2248 5443 2524 5515 legitimo,
2556 5441 2612 5496 id
2641 5445 2725 5495 est
2767 5439 3011 5505 Christo,
3061 5439 3284 5494 etiamsi
3326 5438 3636 5509 aliquando
3666 5438 3801 5493 fue-

2097 5533 2169 5587 rit
2215 5529 2510 5603 peccatrix,
2575 5528 2722 5582 ultra
2777 5542 2903 5580 eam
2949 5542 3184 5597 peccare
3240 5542 3356 5582 non
3398 5526 3633 5596 patitur,
3691 5541 3805 5580 nec
