4064 6186
182 302 251 354 253
1246 293 1507 351 GLOSSA
1546 294 1803 350 0RDINA

1943 333 1955 346 .
1995 320 2068 333 -
2102 291 2236 348 LIB.
2279 293 2482 349 axon.
2514 272 2529 283 ’

3494 295 3598 346 254

177 419 282 473 terre
298 414 461 484 potest
487 413 551 463 ut
588 410 808 464 alludat
838 411 1150 480 adulteris;
1179 410 1457 467 excitatur
1478 427 1650 482 super
1670 427 1795 466 eam
1828 411 1876 466 Α
1913 410 2064 464 latur
2090 427 2192 483 pro
2233 415 2461 482 peccato
2488 428 2501 478 ;
2533 410 2727 465 omnia
2756 412 2909 465 enim
2960 412 3013 465 ei
3066 417 3364 465 servantur
3407 411 3467 464 in
3519 412 3609 465 fu.

180 506 288 560 zelus
312 502 435 570 ejus,
467 502 521 551 et
548 497 807 552 defendit
834 499 1090 569 conjugii
1120 499 1436 554 castitatem
1468 517 1482 567 ;
1517 501 1565 553 si
1612 504 1804 553 autem

180 590 331 647 viderit
359 602 474 641 eam
520 591 897 641 temerantem
940 587 1195 659 conjugii
1246 588 1397 657 jura,
1458 592 1514 642 et
1563 587 1804 642 occasio-

183 694 272 734 nem
303 690 539 747 quierere
609 675 904 743 peccandi,
977 676 1073 729 dat
1122 674 1175 729 ei
1232 676 1491 730 libellum
1538 676 1798 745 repudii;

180 768 286 821 unde
308 766 398 818 lsa.
430 778 459 816 ι
490 778 502 816 :
534 762 766 832 Propter
810 765 1127 831 iniquitates
1172 768 1379 818 vestras
1428 764 1639 818 dimisit
1687 780 1802 817 ma-

182 864 272 909 trem
292 857 537 915 vestram;
569 851 691 904 haec
720 851 819 922 qui
852 852 1107 922 loquitur
1140 856 1195 907 et
1224 853 1413 907 zelans
1443 857 1529 907 est
1583 856 1639 905 et
1682 852 1802 905 zelo

178 944 428 993 commotus
475 938 586 991 hoc
651 938 804 992 dicit.
865 939 956 993 Est
1004 939 1174 994 etiam
1219 956 1430 994 novum
1475 955 1658 1011 genus
1698 939 1805 993 hoc

178 1027 389 1083 bonitatis
414 1026 555 1096 ejus,
606 1032 666 1079 ut
715 1027 886 1079 etiam
941 1032 1070 1097 post
1120 1026 1466 1082 adulterium
1509 1030 1804 1082 reverten—

176 1124 258 1172 tem
298 1119 343 1169 et
389 1119 500 1167 toto
555 1114 721 1168 corde
788 1115 1182 1185 paenitentiam
1247 1116 1537 1187 suscipiat.
1599 1114 1800 1183 UndeI:

178 1204 381 1273 Nunquid
404 1205 595 1258 mulier
622 1209 672 1257 si
700 1206 893 1258 emierit
915 1221 949 1258 a
976 1207 1114 1271 viro,
1148 1210 1197 1258 et
1229 1206 1509 1260 dormierit
1537 1222 1657 1260 cum
1696 1208 1805 1261 alio

177 1297 275 1359 tiro,
316 1298 569 1346 revertens
620 1298 918 1347 revertetur
964 1292 1042 1347 ad
1091 1296 1266 1348 virum
1310 1294 1513 1349 suum?
1572 1298 1676 1347 etc.
1740 1295 1805 1349 Et

176 1379 325 1432 alibi:
374 1380 439 1432 Et
497 1383 791 1447 postquam
844 1381 1123 1445 fornicata
1177 1395 1229 1435 es
1285 1383 1343 1434 in
1395 1382 1478 1435 his
1536 1382 1801 1449 omnibus,

176 1468 281 1521 dixit
308 1482 319 1519 :
346 1469 631 1533 Revertere,
663 1471 768 1519 etc.
806 1467 943 1535 (Jer.
988 1470 1092 1536 ιιι.)
1126 1469 1223 1522 llic
1254 1484 1389 1539 ergo
1422 1470 1568 1523 Deus
1617 1470 1805 1524 zelans

176 1556 208 1609 si
226 1553 426 1626 requirit
451 1557 512 1607 et
539 1553 822 1607 desiderat
851 1553 1102 1608 animam
1132 1560 1289 1609 tuam
1332 1555 1438 1609 sibi
1489 1557 1801 1623 adhaerere,

174 1644 206 1696 si
229 1647 394 1708 servat,
425 1642 662 1713 corripit
691 1647 747 1696 et
775 1641 1127 1712 indignatur,
1161 1644 1315 1697 velut
1345 1644 1627 1714 zelotypia
1659 1660 1801 1715 qua—

173 1731 267 1785 dam
293 1747 411 1801 erga
453 1735 510 1783 te
563 1746 717 1796 usus,
766 1746 925 1801 spem
976 1730 1079 1785 tibi
1124 1748 1244 1785 esse
1288 1732 1486 1785 salutis
1538 1748 1798 1803 agnosce.

172 1818 212 1872 Si
233 1834 337 1872 vero
366 1817 783 1887 correptionem
812 1818 1152 1880 contemnis,
1186 1819 1427 1873 discedit
1464 1836 1498 1873 a
1547 1824 1600 1873 te
1650 1821 1805 1874 zelus

172 1905 605 1976 ejus,fsecundum
635 1905 778 1959 illud
812 1922 824 1960 :
876 1908 1163 1976 Propterea
1200 1908 1427 1962 discedit
1469 1910 1613 1962 zelus
1659 1924 1806 1964 meus

171 2000 269 2060 ate,
294 2000 384 2049 etc.
434 1994 645 2063 (Ezech.
696 1993 835 2064 χιιι.)
888 1994 1023 2048 Vide
1072 1996 1521 2051 misericordiam
1574 2002 1629 2050 et
1680 1997 1802 2067 pie-

171 2088 303 2136 tatem
327 2082 415 2136 Dei
446 2102 460 2148 ;
488 2082 722 2151 quando
750 2084 867 2135 vult
904 2083 1182 2148 misereri,
1214 2084 1517 2155 Zindignari
1565 2101 1622 2138 se
1671 2086 1807 2140 dicit

172 2177 211 2224 et
233 2170 386 2232 irasci,
420 2170 565 2223 sicut
610 2186 713 2239 per
762 2171 1068 2224 Jeremiam
1123 2170 1302 2225 dicit:
1356 2174 1543 2227 Dolore
1596 2178 1645 2227 et
1698 2176 1803 2242 ﬂa-

168 2260 268 2325 gello
291 2257 649 2325 castigaberis,
688 2259 1043 2324 Hierusalem,
1087 2264 1145 2312 ut
1184 2276 1289 2313 non
1322 2261 1575 2315 abscedat
1620 2265 1807 2315 anima

170 2363 254 2399 mea
288 2363 317 2399 α
345 2352 388 2399 te
415 2347 541 2415 (Jer.
572 2345 683 2412 γι.)
712 2346 991 2415 (ﬂagellas:
1040 2350 1181 2400 enim
1203 2363 1406 2401 omnem
1443 2349 1623 2418 ﬁlium
1652 2366 1807 2419 quem

170 2436 317 2501 recipit
352 2433 524 2503 (Hebr.
581 2433 701 2501 xu.)
749 2435 862 2487 Hoc
901 2439 1094 2488 autem
1144 2436 1416 2504 terribile,
1471 2439 1577 2491 hoc
1622 2442 1806 2491 extre-

170 2537 306 2586 mum,
349 2522 391 2575 si
432 2538 549 2576 non
599 2522 941 2592 corripimur
992 2539 1096 2593 pro
1124 2524 1381 2594 peccatis
1419 2542 1431 2578 :
1474 2542 1607 2580 cum
1653 2526 1808 2580 enim

171 2609 356 2661 modum
383 2609 658 2679 peccandi
692 2610 1033 2676 excedimus,
1063 2611 1357 2667 auferetur
1386 2630 1418 2666 a
1440 2614 1606 2668 nobis
1634 2615 1807 2668 etiam

170 2698 286 2749 zelus
314 2698 421 2763 Dei,
452 2714 559 2752 nec
591 2699 743 2752 ultra
772 2698 1055 2753 irascitur.

223 2787 429 2840 Visitans
460 2774 832 2856 iniquitatem,
875 2792 978 2841 etc.
1034 2786 1232 2857 (Οιιιρ.)
1276 2788 1537 2843 Reddens
1580 2796 1806 2859 peccata

168 2878 344 2940 patrum
373 2875 427 2928 in
455 2875 631 2941 ﬁlios,
664 2882 769 2929 etc.
804 2876 979 2929 Aiunt
1017 2876 1283 2944 haeretici,
1313 2877 1463 2947 quod
1514 2894 1627 2931 non
1670 2880 1808 2933 boni

1914 504 2131 567 turum,
2166 500 2314 554 unde
2348 501 2563 567 (Matth.
2615 500 2733 567 vin)
2768 517 2781 553 :
2834 500 2978 566 Quid
3022 503 3221 555 venisti
3243 505 3369 554 ante
3395 504 3603 569 tempus

1913 593 2157 659 torquere
2205 590 2345 643 nos?
2411 588 2748 643 Redduntur
2794 592 2986 641 autem
3047 593 3274 657 peccata
3339 588 3399 641 in
3450 589 3599 643 ﬁlios

1911 692 2055 747 quos
2084 677 2283 747 genuit
2315 692 2417 745 per
2461 682 2776 746 peccatum,
2821 677 2918 747 qui
2965 676 3025 730 in
3062 692 3231 729 carne
3280 676 3449 746 positi
3497 677 3600 731 fla-

1913 765 2213 835 gellantur.
2257 766 2375 819 Non
2428 766 2544 818 vult
2590 767 2729 818 Deus
2770 769 2993 818 mortem
3044 766 3360 831 peccatoris,
3409 765 3502 818 sed
3548 770 3609 819 ut

1911 854 2087 920 magis
2144 857 2485 907 convertatur
2540 858 2590 907 et
2644 855 2795 907 vivat
2851 852 3061 921 (Ezech.
3117 854 3345 915 χχχιιι).
3400 852 3611 906 Miseri-

1912 958 2037 995 cors
2062 957 2198 1012 ergo
2230 942 2417 995 reddit
2446 946 2672 1011 peccata
2697 946 2929 1011 patrum
2976 940 3034 994 in
3075 939 3245 1008 ﬁlios,
3292 938 3424 1010 quia
3478 938 3606 991 dia-

1912 1031 2077 1085 bolus
2106 1035 2161 1083 et
2211 1030 2399 1099 angeli
2443 1031 2585 1100 ejus,
2632 1030 2731 1100 qui
2771 1030 2942 1084 etiam
2980 1029 3193 1100 peccati
3242 1032 3433 1099 patres
3481 1029 3604 1080 eiii-

1912 1118 2160 1182 ciuntur,
2194 1118 2417 1187 indigni
2448 1124 2583 1171 sunt
2614 1119 2765 1189 quod
2799 1118 2854 1171 in
2886 1118 3153 1187 prmsenti
3183 1116 3596 1186 corripiantur:

1913 1207 2015 1261 ﬁlii
2046 1223 2262 1272 eorum,
2298 1212 2354 1261 et
2386 1206 2484 1278 qui
2530 1222 2632 1277 per
2686 1207 2834 1277 ipsos
2888 1206 2958 1259 ad
3008 1205 3337 1259 societatem
3386 1204 3601 1273 peccati

1914 1294 2074 1349 asciti
2115 1301 2269 1361 sunt,
2322 1294 2606 1366 recipiunt
2660 1295 2717 1347 in
2766 1294 3033 1364 praesenti
3082 1293 3233 1364 quod
3285 1297 3603 1362 gesserunt,

1916 1387 1996 1450 ut,
2031 1384 2281 1453 purgati,
2307 1383 2532 1437 diabolo
2576 1382 2637 1435 in
2683 1398 2851 1451 poena
2900 1382 3039 1435 socii
3083 1398 3197 1435 non
3254 1380 3599 1434 efﬁciantur.

1916 1470 2073 1525 Unde
2106 1471 2323 1542 psalmo
2353 1486 2590 1525 Lxxxvm
2626 1486 2638 1523 :
2678 1470 2921 1525 Visitabo
2974 1472 3031 1523 in
3072 1472 3233 1538 virga
3278 1470 3600 1536 iniquitates

1914 1576 2121 1625 eorum,
2179 1565 2309 1625 etc.,
2364 1559 2786 1613 misericordiam
2844 1564 3020 1612 autem
3064 1574 3235 1613 meam
3293 1574 3397 1612 non
3444 1560 3606 1624 aufe-

1912 1664 2033 1702 ram
2062 1648 2129 1702 ab
2159 1651 2252 1701 eis.
2301 1649 2449 1702 Deus
2500 1648 2651 1701 enim
2694 1648 2881 1701 zelans
2912 1652 3016 1715 est,
3048 1652 3102 1701 et
3141 1648 3392 1700 animam
3431 1661 3604 1716 quam

1914 1737 2020 1791 sibi
2058 1736 2373 1805 despondet
2412 1735 2472 1788 in
2516 1735 2629 1789 ﬁde
2678 1751 2796 1788 non
2841 1735 2963 1788 vult
3004 1735 3062 1787 in
3112 1733 3601 1787 contaminatione

1912 1824 2128 1896 peccati
2158 1838 2515 1894 permanere,
2561 1823 2658 1876 sed
2707 1823 2817 1876 cito
2865 1822 3121 1893 purgari.
3170 1822 3228 1877 Si
3274 1826 3463 1875 autem
3506 1836 3604 1874 no-

1913 1914 2085 1968 luerit
2112 1912 2369 1983 purgari,
2400 1912 2460 1965 in
2491 1912 2728 1965 interitu
2755 1927 2953 1965 eorum
2991 1910 3221 1975 ridebit,
3280 1910 3475 1965 dicens
3524 1909 3605 1963 eis

1915 2001 2107 2057 Matth.
2167 2015 2322 2055 xxv:
2377 2000 2643 2054 Discedite
2694 2016 2729 2053 a
2782 2015 2884 2065 me,
2938 2000 3234 2065 maledicti,
3284 2002 3341 2052 in
3420 2000 3607 2064 ignem

1911 2095 2186 2155 aeternum,
2224 2093 2327 2143 etc.
2361 2088 2615 2144 Sciamus
2646 2103 2781 2159 ergo
2813 2104 2915 2140 nos
2955 2087 3013 2141 in
3048 2086 3317 2157 praesenti
3366 2084 3601 2155 corripi,

1914 2184 1977 2232 ut
2031 2178 2092 2232 in
2146 2178 2337 2232 futuro
2388 2177 2766 2248 quiescamus.
2816 2177 3017 2231 Unde:
3071 2178 3200 2233 Cum
3250 2177 3603 2242 castigamur,

1914 2282 1948 2319 a
1981 2268 2203 2320 Domino
2258 2266 2607 2334 corripimur,
2664 2279 2729 2318 ne
2762 2279 2902 2348 ocum
2959 2265 3053 2317 hoc
3106 2262 3305 2317 mundo
3374 2262 3604 2316 damne-

1913 2370 2053 2408 mur.

1987 2443 2109 2513 (11).)
2142 2443 2205 2495 In
2236 2442 2345 2495 hoc
2387 2456 2651 2495 sermone
2698 2440 2882 2494 solent
2936 2456 3039 2493 nos
3097 2438 3349 2493 haeretici
3391 2436 3606 2507 suggil-

1913 2531 2053 2591 lare,
2086 2529 2237 2601 quod
2268 2544 2382 2582 non
2412 2528 2485 2581 sit
2523 2529 2657 2583 boni
2686 2528 2785 2582 Dei
2808 2544 3016 2594 sermo,
3057 2527 3157 2598 qui
3208 2544 3310 2597 pro
3360 2525 3606 2597 peccatis

1916 2618 2150 2672 alterius
2199 2618 2371 2671 alium
2415 2617 2647 2687 judicat.
2706 2617 2816 2671 Sed
2866 2617 2965 2686 qui
3023 2618 3200 2671 Deum
3248 2616 3390 2685 legis
3438 2630 3604 2668 man-

1915 2707 2141 2761 dantem
2174 2705 2294 2759 haec
2322 2705 2509 2759 dicent
2555 2721 2673 2759 non
2723 2705 2960 2770 bonum,
3008 2705 3227 2775 justum
3275 2708 3466 2756 tamen
3516 2702 3601 2756 di-

1916 2798 2050 2847 cunt
2084 2810 2096 2846 :
2130 2809 2234 2847 nec
2263 2793 2372 2862 ipsi
2412 2792 2643 2863 quidem
2687 2797 2923 2862 possunt
2970 2792 3265 2845 ostendere
3312 2791 3602 2860 quomodo

1908 2880 2147 2951 justitiaa
2185 2879 2444 2935 videatur
2472 2880 2773 2934 convenire
2803 2878 2848 2932 si
2878 2878 2989 2932 alio
3020 2882 3285 2949 peccante
3315 2877 3457 2931 alius
3496 2894 3602 2948 pu-

170 2961 240 3013 Dei
264 2978 429 3017 sermo
456 2964 552 3029 sit,
583 2964 683 3035 qui
715 2980 818 3034 pro
848 2964 1090 3033 peccatis
1136 2964 1367 3018 alterius
1417 2965 1661 3020 alterum
1709 2968 1800 3022 di-
1841 2973 1880 3028 C
1916 2968 2123 3022 niatur.

168 3052 229 3101 cat
268 3050 462 3119 plecti;
508 3054 694 3106 Deum
748 3057 937 3106 tamen
982 3052 1126 3122 legis
1165 3052 1387 3123 justum
1433 3054 1647 3120 dicunt,
1698 3072 1803 3111 nec

168 3144 353 3204 possunt
400 3139 703 3194 ostendere
759 3139 1048 3210 quomodo
1105 3140 1349 3211 injustus
1397 3140 1487 3205 sit,
1532 3142 1578 3195 si
1624 3142 1802 3197 alium

168 3224 247 3277 alio
272 3233 521 3295 peccante
565 3228 753 3297 punit.
804 3228 909 3282 Sed
961 3227 1204 3281 interior
1252 3228 1421 3283 homo
1470 3235 1662 3284 noster
1707 3236 1806 3286 aut

169 3310 325 3367 dicitur
368 3316 577 3369 habere
648 3317 824 3370 Deum
888 3317 1134 3382 Patrem,
1180 3316 1226 3370 si
1268 3318 1581 3372 secundum
1624 3320 1801 3373 Deum

168 3400 289 3467 vivit;
335 3409 427 3458 aut
456 3405 776 3469 diabolum,
810 3404 856 3457 si
886 3406 1233 3458 voluntatem
1264 3404 1419 3458 illius
1446 3406 1579 3460 facit
1605 3427 1619 3473 ;
1650 3409 1802 3462 unde

165 3488 433 3545 loan.vni:
487 3495 597 3569 Vos
645 3492 709 3545 de
764 3497 920 3561 patre
970 3492 1183 3547 diabolo
1230 3496 1377 3559 estis,
1434 3499 1484 3549 et
1532 3496 1806 3551 desideria

159 3580 299 3644 patris
320 3585 476 3635 vestri
504 3584 692 3647 facere
731 3583 912 3636 vultis.
960 3582 1115 3636 Sicut
1162 3597 1297 3652 ergo
1346 3598 1540 3637 semen
1594 3584 1696 3637 Dei
1744 3585 1805 3639 in

164 3665 287 3719 nobis
311 3674 404 3732 est,
454 3686 594 3723 curn
647 3670 881 3723 verbum
932 3670 1031 3724 Dei
1080 3677 1388 3737 servantes,
1440 3688 1554 3727 non
1607 3689 1804 3743 pecca-

166 3766 275 3820 mus,
300 3758 606 3812 secundum
642 3757 783 3811 illud
839 3758 858 3811 l
907 3759 1068 3812 Joan.
1120 3775 1201 3825 ιιι,
1255 3759 1363 3824 Qui
1420 3776 1487 3813 ea:
1543 3764 1647 3815 Deo
1702 3767 1803 3829 est,

164 3856 240 3894 non
257 3850 441 3913 peccat,
481 3847 625 3915 quia
664 3862 837 3900 semen
876 3849 972 3901 Dei
1005 3853 1187 3903 manet
1225 3848 1282 3901 in
1330 3863 1419 3915 eo;
1473 3848 1553 3903 ita
1598 3865 1728 3904 cum
1772 3868 1807 3905 a

166 3927 335 3985 diabolo
364 3935 677 3988 suademur
701 3935 772 3988 ad
805 3935 1176 4005 peccandum,
1214 3952 1408 3990 semen
1461 3938 1582 4007 ejus
1629 3939 1804 3993 susci-

165 4020 339 4091 pimus;
394 4040 525 4077 cum
558 4023 801 4078 facimus
857 4025 1008 4094 quod
1049 4025 1267 4087 suadet,
1290 4026 1413 4095 jam
1440 4026 1638 4093 genuit
1670 4043 1797 4097 nos,

168 4109 398 4165 nascimur
444 4112 605 4166 enim
660 4113 783 4183 ejus
830 4112 933 4166 ﬁlii
989 4129 1089 4183 per
1130 4120 1441 4183 peccatum.
1496 4116 1603 4169 Sed
1671 4116 1807 4187 quia

165 4193 247 4248 fere
270 4198 378 4253 sine
412 4200 699 4271 adjutorio
732 4217 845 4254 non
886 4216 1206 4271 peccamus,
1256 4201 1401 4254 sicut
1439 4202 1802 4271 adulterium,

166 4296 291 4337 nemo
317 4288 462 4342 solus
511 4287 846 4354 committit,
902 4305 1127 4342 necesse
1172 4292 1255 4342 est
1301 4288 1616 4343 adulteram
1669 4306 1803 4345 con-

164 4376 324 4426 sortem
350 4375 492 4443 ﬁeri,
548 4380 606 4429 et
644 4375 691 4429 si
730 4392 844 4429 non
893 4377 1107 4445 plures,
1156 4390 1381 4431 necesse
1425 4381 1509 4431 est
1558 4377 1806 4448 aliquem

166 4458 223 4509 vel
246 4461 474 4533 aliquam
506 4464 831 4518 ministerio
863 4464 1091 4518 sceleris
1116 4465 1353 4535 adjungi
1386 4481 1398 4519 :
1434 4465 1532 4536 qui
1582 4483 1802 4535 omnes,

162 4544 276 4602 velut
298 4566 439 4606 unus
490 4568 564 4607 ex
618 4553 816 4619 altero,
856 4552 1170 4607 secundum
1227 4554 1611 4623 persuasionis
1651 4556 1803 4611 ordi-

163 4645 275 4697 nem,
303 4640 573 4705 generati,
610 4654 677 4693 ex
709 4639 935 4693 diabolo
971 4640 1302 4711 progeniem
1336 4641 1588 4707 ducunt;
1648 4643 1805 4697 velut

160 4718 199 4772 in
224 4724 499 4781 traditione
530 4728 763 4782 Domini
805 4728 1063 4782 diabolus
1094 4729 1324 4783 intravit
1370 4729 1427 4783 in
1477 4745 1576 4782 cor
1622 4732 1798 4799 ludas,

160 4814 197 4859 et
219 4813 438 4878 primum
471 4816 659 4870 ﬁlium
707 4816 921 4886 peccati
962 4817 1179 4887 genuit,
1224 4817 1325 4888 qui
1374 4818 1527 4871 solus
1574 4818 1683 4873 hoc
1719 4819 1803 4874 fa-

160 4911 248 4952 cere
270 4916 372 4957 non
399 4905 628 4974 potuit;
662 4904 802 4959 abiit
832 4921 967 4975 ergo
995 4906 1064 4959 ad
1102 4906 1325 4961 Scribas
1379 4910 1433 4959 et
1487 4907 1803 4962 Pharismos

159 4990 195 5037 et
215 4992 485 5057 pontiﬁces
511 5013 527 5059 ;
558 4992 815 5047 nascitur
839 5010 975 5063 ergo
1002 5011 1070 5048 ex
1095 4995 1242 5049 Juda
1284 4996 1577 5065 generatio
1615 4997 1799 5062 tertia,

162 5078 195 5125 et
216 5084 390 5146 quarta
416 5082 658 5150 peccati.
696 5081 997 5135 Videamus
1047 5098 1183 5153 ergo
1238 5083 1527 5153 quomodo
1575 5090 1804 5155 peccata

162 5169 334 5227 patrum
362 5170 551 5223 reddit
584 5170 729 5222 Deus
760 5170 817 5224 in
848 5170 998 5224 ﬁlios
1049 5171 1109 5224 in
1164 5171 1389 5225 tertiam
1441 5176 1496 5225 et
1539 5177 1802 5243 quartam

162 5257 463 5325 progeniem,
492 5262 551 5313 et
573 5274 692 5311 non
736 5258 794 5313 in
841 5259 989 5330 ipso.
1031 5261 1107 5313 De
1148 5260 1407 5330 patribus
1457 5260 1610 5314 enim
1657 5260 1801 5315 nihil

164 5337 334 5397 dicitur.
382 5346 657 5400 Diabolus
706 5363 862 5418 ergo,
914 5348 1049 5419 quia
1085 5348 1205 5418 jam
1248 5349 1516 5419 peccandi
1566 5348 1801 5404 modum

165 5432 363 5498 Excessit,
406 5439 689 5505 tanquam
732 5435 1135 5490 vestimentum
1182 5441 1511 5491 concretum
1564 5437 1621 5490 in
1675 5454 1799 5492 san-

167 5517 291 5581 guine
316 5538 425 5579 non
475 5524 590 5579 erit
636 5524 883 5580 mundus
927 5524 985 5580 in
1033 5525 1140 5580 hoc
1170 5525 1411 5592 saeculo;
1464 5540 1579 5580 non
1610 5525 1800 5597 ﬂagel-

1980 3056 2157 3126 (Ism.)
2190 3055 2443 3110 Primum
2480 3055 2811 3110 mandatum
2842 3055 3107 3126 prohibet
3132 3054 3558 3125 subreptionem
3585 3069 3598 3119 ;

1913 3142 2247 3209 secundum,
2282 3158 2573 3206 errorem;
2608 3141 2838 3195 tertium
2886 3141 3155 3196 interﬁcit
3202 3140 3393 3195 saeculi
3436 3156 3603 3195 amo-

1912 3246 2034 3285 rem
2060 3247 2073 3295 ;
2102 3235 2391 3301 quartum,
2421 3228 2812 3300 impietatem;
2842 3229 3129 3299 quintum,
3166 3230 3558 3283 crudelitatem
3584 3246 3597 3295 ;

1914 3325 2157 3384 sextum,
2243 3319 2719 3385 fornicationem;
2784 3319 3110 3388 septimum,
3195 3318 3599 3389 rapacitatem;

1914 3412 2179 3461 octavum
2210 3406 2442 3478 perimit
2479 3406 2825 3473 falsitatem;
2857 3422 3096 3471 nonum,
3137 3406 3337 3459 mundi
3381 3405 3602 3477 cupidi-
3658 3403 3679 3424 ’

1913 3501 2126 3561 tatem;
2171 3495 2479 3561 decimum,
2515 3494 2782 3548 adulterii
2807 3494 3230 3564 cogitationem.
3288 3496 3352 3548 Et
3403 3500 3605 3547 notan-

1915 3586 2050 3639 dum
2082 3585 2233 3655 quod
2268 3584 2411 3637 sicut
2438 3584 2633 3638 decem
2662 3583 2845 3653 plagis
2894 3583 3293 3653 percutiuntur
3338 3578 3602 3648 zEgyptii,

1914 3674 1991 3727 sic
2021 3674 2215 3727 decem
2248 3673 2543 3743 praeceptis
2572 3672 2897 3725 scribuntur
2927 3671 3155 3735 tabulae,
3189 3669 3395 3741 quibus
3424 3683 3608 3736 popu-

1912 3761 2000 3815 lus
2034 3761 2131 3815 Dei
2161 3766 2391 3831 regatur
2420 3766 2478 3814 et
2525 3760 2814 3813 daemones
2860 3758 3216 3812 occidantur.
3276 3758 3338 3810 In
3384 3755 3605 3808 duabus

1914 3849 2068 3903 enim
2098 3849 2305 3903 tabulis
2334 3848 2543 3918 scripta
2571 3853 2655 3901 est
2686 3848 2773 3900 lex
2805 3852 3042 3916 propter
3081 3847 3193 3899 duo
3247 3847 3607 3899 Testamenta

1916 3937 2289 4008 signiﬁcanda
2321 3952 2333 3989 :
2366 3938 2451 3990 vel
2477 3936 2611 4007 quia
2644 3940 2772 3987 sunt
2804 3940 3085 4004 praecepta
3125 3935 3236 3988 duo
3268 3932 3607 4000 [dilectionis

1918 4025 2015 4080 Dei
2037 4030 2094 4079 et
2124 4024 2387 4095 proximi,
2420 4026 2476 4077 in
2506 4024 2699 4091 quibus
2742 4028 2851 4077 tota
2882 4024 2966 4075 lea:
3010 4022 3207 4090 pendet
3236 4027 3285 4074 et
3330 4021 3605 4089 proﬂictas

1912 4115 2111 4185 (Matii.
2166 4116 2316 4182 xvn).
2368 4114 2431 4166 In
2480 4127 2593 4165 una
2640 4111 2793 4165 enim
2846 4111 2955 4165 tria
3004 4113 3304 4180 prmcepta,
3352 4123 3479 4179 quas
3537 4107 3606 4161 ad

1916 4201 2280 4256 dilectionem
2312 4200 2411 4255 Dei
2459 4199 2783 4271 pertinent;
2840 4199 2900 4253 in
2952 4200 3129 4253 altera
3182 4213 3311 4251 vero
3360 4200 3601 4265 septem,

1914 4307 2041 4362 qua:
2072 4291 2141 4345 ad
2172 4290 2499 4345 societatem
2556 4287 2821 4359 proximi.
2884 4288 3145 4359 Lapidem
3195 4302 3328 4341 vero
3375 4286 3608 4339 fuerunt

1914 4379 2143 4446 tabulae,
2173 4378 2308 4450 quia
2338 4393 2436 4432 cor
2464 4377 2794 4432 Judaeorum
2820 4382 2939 4431 erat
2973 4377 3262 4448 lapideum
3307 4380 3363 4430 et
3412 4374 3603 4428 insen-

1888 4467 2095 4531 sibile,
2124 4468 2333 4521 durum
2364 4472 2419 4521 et
2448 4466 2755 4533 stolidum;
2811 4468 2959 4521 unde
3010 4467 3204 4520 Ezech.
3256 4481 3380 4519 χχιιι
3415 4480 3426 4517 :
3484 4464 3604 4518 Au-

1912 4559 2091 4623 feram
2119 4571 2208 4609 cor
2231 4555 2526 4625 lapideum,
2560 4560 2609 4609 et
2636 4555 2775 4610 dabo
2804 4558 2878 4610 eis
2904 4572 2994 4611 cor
3021 4571 3290 4610 carneum.
3344 4557 3407 4609 Et
3453 4555 3603 4625 Apo-

1913 4646 2085 4698 stolus
2113 4643 2193 4697 ait
2226 4644 2291 4713 (ΙΙ
2334 4643 2451 4700 Cor.
2507 4646 2588 4712 ιιι)
2624 4660 2636 4697 :
2686 4646 2804 4700 Non
2862 4646 2919 4697 in
2966 4644 3165 4697 tabulis
3198 4643 3452 4712 lapideis,
3508 4641 3603 4695 sed

1935 4735 1991 4785 in
2017 4732 2217 4786 tabulis
2248 4730 2424 4785 cordis
2456 4732 2791 4801 carnalibus,
2832 4746 2961 4803 quas
2995 4732 3242 4785 sentiant
3292 4730 3502 4784 scilicet
3548 4736 3605 4785 et

1913 4820 2258 4889 intelligant.

1979 4909 2141 4961 Vens.
2178 4909 2261 4961 l2.
2296 4934 2358 4946 —
2392 4908 2606 4961 Honora
2633 4912 2865 4976 patrem,
2898 4911 3002 4961 etc.
3051 4907 3166 4960 Hoc
3216 4911 3301 4959 est
3351 4905 3600 4975 primum

1911 5001 2128 5066 septem
2162 4995 2565 5050 mandatorum
2616 5012 2744 5066 quas
2791 4995 3081 5067 pertinent
3131 4996 3200 5048 ad
3250 4994 3599 5064 proximum.

1915 5086 2059 5140 Bene
2088 5089 2279 5139 autem
2311 5088 2527 5154 septem
2554 5090 2703 5138 sunt.
2756 5084 3121 5155 Septenarins
3164 5084 3319 5137 enim
3368 5100 3431 5137 ex
3481 5088 3603 5138 ter-

1910 5174 2071 5227 nario
2104 5178 2327 5227 constat
2355 5178 2411 5226 et
2450 5174 2833 5243 qnaternario.
2874 5172 3179 5227 Ternarius
3210 5188 3342 5226 vero
3390 5172 3599 5227 animas

1910 5264 2193 5333 congruit,
2219 5278 2347 5332 quas
2385 5265 2469 5315 est
2506 5260 2822 5328 irascibilis,
2857 5262 3308 5332 concupiscilibis
3348 5266 3405 5316 et
3431 5262 3605 5316 ratio-

1912 5350 2073 5403 nalis.
2106 5349 2510 5415 Quaternarius
2540 5349 2788 5421 corpori.

1981 5440 2142 5492 Vens.
2180 5442 2263 5492 l3.
2295 5467 2365 5478 —
2393 5440 2509 5493 Non
2538 5438 2761 5506 occides,
2808 5442 2912 5493 etc.
2966 5441 3148 5509 (Aue.,
3198 5444 3386 5508 quaest.
3441 5442 3497 5492 6|
3548 5444 3604 5494 in

1910 5527 2107 5595 Exod.)
2144 5530 2204 5581 Et
2234 5527 2383 5599 quod
2417 5528 2629 5583 dictum
2663 5532 2745 5581 est
2779 5545 2927 5585 :non
2973 5531 3199 5599 occides,
3241 5548 3354 5585 non
3396 5536 3601 5600 putan-
