4064 6186
413 303 512 352 253

1156 303 1548 360 WALAFRIDI
1589 305 1832 360 STRABI
1872 306 2073 362 FULD.
2118 309 2274 364 MON.
2320 310 2493 366 PARS
2532 312 2572 364 Ι.
2655 341 2685 350 -
2724 312 3189 370 THEOLOGICA.

3791 327 3903 378 256

564 427 648 478 est
671 422 798 515 ﬁeri
847 428 1056 515 contra
1089 424 1196 478 hoc
1239 428 1590 515 praeceptum
1639 425 1792 515 quod
1852 427 1938 481 lex
1991 443 2084 480 oc-
2124 431 2168 484 Α
2200 431 2306 485 hoc
2362 431 2757 503 accipiendum
2814 438 2900 488 est
2948 434 3291 508 intelligere,
3353 455 3481 492 cum
3537 440 3648 495 sibi
3737 444 3906 515 loqui

389 510 546 575 cidit,
602 512 691 566 vel
747 511 929 566 occidi
989 511 1239 582 aliquem
1296 513 1442 566 Deus
1495 512 1707 583 jubet:
1765 513 1859 568 ille
1930 515 2088 569 enim

390 599 543 666 facit,
599 599 700 670 qui
746 599 910 670 jubet
966 600 1121 670 quod
1175 599 1503 654 ministrum
1559 616 1770 671 negare
1851 618 1963 656 non
2019 603 2083 656 li-

394 692 500 744 cet.

463 777 623 831 Vsus.
662 778 746 830 14.
777 805 844 817 -
873 775 992 833 Non
1019 777 1382 831 mmehaberis.
1419 777 1595 845 (ῐειο.)
1625 778 1912 842 Quaeritur
1945 794 2086 850 quo-

393 881 505 936 que
542 864 830 936 quomodo
879 864 1108 919 differat
1156 880 1262 919 non
1315 867 1660 920 mmo/iuberis
1711 867 1778 920 ab
1826 883 1892 921 eo
1935 867 2089 937 quod

391 954 564 1024 paulo
591 957 718 1024 post
747 953 956 1007 dicitur
987 969 1000 1007 :
1036 955 1152 1010 Non
1178 957 1518 1023 concupisces
1575 970 1795 1009 umorem
1843 956 2088 1025 promimi

397 1043 518 1096 tui?
548 1043 611 1096 In
642 1058 708 1095 eo
747 1041 902 1095 enim
934 1041 1088 1112 quod
1127 1041 1340 1096 dictum
1362 1047 1464 1108 est,
1481 1058 1586 1096 non
1605 1044 1968 1108 meae/laberis,
1994 1059 2090 1112 po-

392 1133 540 1184 terat
593 1135 651 1183 et
701 1129 844 1183 illud
887 1129 1166 1200 intelligi;
1228 1130 1338 1184 nisi
1384 1130 1530 1185 forte
1586 1131 1647 1184 in
1699 1131 1810 1185 illis
1867 1132 2090 1186 duobus

395 1217 694 1288 praeceptis
723 1234 843 1272 non
871 1218 1217 1286 moechandi,
1245 1222 1444 1273 etnon
1474 1219 1722 1284 furandi,
1756 1219 1881 1289 ipsa
1917 1235 2090 1290 Opera

393 1310 588 1361 notata
613 1306 746 1373 sint,
777 1306 838 1361 in
868 1307 957 1360 his
987 1322 1121 1362 vero
1143 1307 1412 1362 extremis
1440 1307 1894 1378 concupiscentia
1924 1309 2046 1378 ipsa
2071 1325 2084 1362 :

393 1411 522 1466 quae
545 1398 766 1450 tantum
791 1395 1081 1462 differunt,
1104 1399 1169 1450 ut
1187 1395 1494 1467 aliquando
1516 1397 1830 1452 mcechetur
1851 1397 1949 1468 qui
1974 1411 2088 1451 non

393 1483 742 1553 concupiscit
769 1500 1006 1538 uxorem
1037 1484 1303 1555 proximi,
1338 1501 1466 1539 eum
1509 1486 1702 1556 aliqua
1758 1486 1868 1540 alia
1920 1501 2090 1540 causa

395 1571 505 1644 ipsi
533 1572 821 1627 miscetur.
853 1572 1175 1644 Aliquando
1205 1589 1339 1628 vero
1365 1574 1748 1644 concupiscat,
1779 1590 1884 1628 nec
1914 1574 1966 1627 ei
1987 1572 2089 1626 mi-

396 1664 620 1715 sceatur
647 1676 877 1731 pcenam
906 1661 1162 1718 timens:
1207 1666 1265 1716 et
1318 1661 1424 1716 hoc
1471 1662 1706 1717 fortasse
1761 1663 1847 1717 lex
1896 1666 2086 1717 osten-

399 1749 534 1803 dere
566 1749 765 1818 voluit,
799 1749 946 1820 quod
977 1754 1218 1821 utraque
1257 1756 1486 1821 peccata
1514 1755 1664 1805 sunt.

464 1836 591 1905 (10.)
618 1837 758 1890 Item
777 1836 1324 1906 quaerisoletutrum
1350 1838 1581 1891 nomine
1623 1838 1881 1892 maechize
1913 1839 2087 1893 etiam

393 1923 692 1978 fornicatio
717 1929 1002 1991 teneatur,
1035 1929 1164 1992 etc.,
1186 1941 1355 1994 usque
1375 1927 1448 1980 ad
1467 1931 1638 1997 atque
1660 1927 1889 1981 illorum
1912 1943 2089 1981 mem-

393 2011 631 2066 brorum
662 2029 776 2067 non
808 2013 1096 2083 legitimus
1117 2030 1256 2068 usus
1276 2015 1599 2084 prohibitus
1619 2015 1788 2070 debet
1817 2013 2086 2084 intelligi.

471 2101 634 2156 Vens.
678 2105 761 2156 15.
803 2131 870 2142 -
904 2104 1020 2160 Νοη
1047 2105 1261 2169 furtum
1289 2103 1476 2170 facies,
1515 2108 1620 2158 etc.
1657 2105 1840 2171 (AUG.,
1897 2107 2087 2172 quaest.

393 2193 456 2244 '7l
494 2191 552 2243 in
582 2188 784 2260 Exod.)
811 2190 920 2245 Sed
950 2206 1182 2245 rursum
1212 2191 1492 2261 quaeritur
1517 2192 1810 2262 quomodo
1841 2192 2086 2260 differat,

396 2292 501 2332 non
528 2279 740 2344 furtum
785 2279 984 2344 facias,
1017 2279 1088 2332 ab
1147 2294 1238 2349 eoA
1269 2277 1425 2349 quod
1479 2279 1653 2349 paulo
1702 2284 1832 2349 post
1883 2278 2092 2334 dicitur

395 2365 466 2420 de
491 2382 607 2420 non
637 2366 1104 2436 concupiscendis
1133 2345 1303 2420 relics
1329 2367 1623 2436 proximi?
1644 2368 1764 2422 Non
1785 2368 1938 2438 quod
1965 2383 2088 2421 om-

397 2454 486 2509 nis
514 2455 614 2526 qui
643 2455 995 2525 concupiscit
1021 2471 1142 2509 rem
1174 2455 1440 2525 proximi,
1474 2456 1735 2520 furatur;
1772 2455 1868 2509 sed
1906 2456 2091 2510 omnis

395 2543 495 2614 qui
541 2542 782 2605 furatur,
835 2559 957 2598 rem
1003 2543 1244 2614 proximi
1300 2543 1668 2614 concupiscit.
1724 2546 1950 2598 Poterat
1992 2544 2092 2598 illa

395 2630 792 2703 generalitate,
827 2631 924 2686 ubi
953 2631 1022 2687 de
1073 2647 1191 2686 non
1240 2631 1689 2702 concupiscenda
1737 2647 1795 2685 re
1846 2632 2091 2701 proximi

395 2721 746 2792 praecipitur,
778 2721 948 2774 etiam
979 2720 1120 2774 illud
1153 2721 1308 2790 quod
1340 2721 1410 2774 ad
1437 2721 1652 2774 furtum
1686 2720 1931 2790 pertinet
1963 2736 2092 2774 con-

397 2809 587 2864 tineri.

441 2889 627 2952 ‘Veas.
665 2900 748 2964 16,
781 2902 865 2952 l7.
903 2925 964 2937 -
996 2898 1110 2953 Non
1136 2898 1369 2966 loqueris
1399 2901 1586 2951 contra
1613 2900 1947 2966 proximum,
1979 2901 2087 2951 etc.

2198 520 2378 575 Deum
2409 521 2653 577 timeant
2679 539 2750 577 ne
2783 523 3125 592 moriantur,
3159 542 3278 580 non
3307 528 3443 582 satis
3466 529 3674 586 elucet.

2267 609 2430 664 Vens.
2464 613 2551 665 20.
2585 641 2653 651 —
2679 611 2854 667 Nolite
2885 615 3087 681 timere,
3125 619 3230 669 etc.
3267 615 3483 686 (GREG.,
3526 625 3718 687 quaest.
3783 624 3869 677 74.

2195 696 2284 752 Sic
2310 698 2396 752 illi
2426 699 2730 754 cohibendi
2762 707 2921 754 erant
2966 719 2999 756 a
3053 705 3316 773 peccatis,
3373 706 3631 762 timendo
3680 692 3904 764 scilicet

2196 803 2268 841 ne
2293 803 2490 857 poenas
2529 789 2824 844 sensibiles
2877 795 3245 862 paterentur;
3298 793 3434 864 quia
3480 797 3735 851 nondum
3786 815 3894 868 po-

2195 880 2384 931 terant
2414 891 2606 930 amare
2627 877 2930 947 justitiam,
2984 883 3038 932 et
3093 881 3463 935 tentabantur
3519 900 3552 936 a
3626 884 3892 952 Domino,

2195 967 2260 1018 ut
2313 967 2613 1034 appareret
2667 965 2990 1035 cujusmodi
3046 971 3269 1035 essent;
3323 985 3441 1023 non
3487 975 3549 1023 ut
3597 973 3708 1027 Deo
3762 975 3887 1027 noti

2196 1053 2399 1108 ﬁerent
2426 1053 2856 1125 qualescunque
2891 1059 3098 1124 essent,
3148 1072 3322 1127 quem
3362 1073 3474 1112 non
3520 1059 3748 1126 latebat,
3795 1063 3897 1116 sed

2197 1145 2261 1195 ut
2286 1141 2437 1194 inter
2469 1158 2528 1196 se
2562 1147 2617 1196 et
2646 1142 3038 1214 sibimetipsis.

2269 1229 2429 1282 Vens.
2489 1232 2579 1296 2t,
2618 1233 2706 1284 2'2.
2742 1259 2813 1270 —
2863 1232 3127 1299 Stetitque
3176 1233 3439 1302 populus,
3490 1237 3597 1288 etc.
3662 1235 3899 1305 (Gaac.,

2199 1315 2383 1372 homil.
2420 1318 2494 1381 6.)
2556 1318 2620 1371 In
2649 1316 2992 1388 quibusdam
3021 1319 3158 1372 locis
3187 1319 3495 1390 Scriptura;
3519 1321 3760 1376 historia
3782 1339 3904 1378 ser-

2198 1404 2380 1458 vanda
2409 1412 2512 1472 est,
2544 1409 2677 1474 etc.,
2709 1421 2880 1476 usque
2932 1406 3006 1461 ad
3063 1408 3238 1462 Moses
3293 1409 3527 1464 accessit
3573 1411 3644 1465 ad
3696 1411 3899 1483 caligi-

2200 1507 2352 1557 nem,
2387 1492 2446 1546 in
2485 1509 2598 1563 qua
2623 1499 2746 1547 erat
2779 1496 2947 1549 Deus.

2269 1583 2390 1635 Non
2447 1582 2664 1647 facietis
2695 1583 2838 1645 deos,
2881 1588 2988 1638 etc.
3050 1583 3240 1652 (Auc.,
3295 1591 3484 1654 quzest.
3537 1585 3653 1656 76.)
3706 1587 3896 1658 Repe-

2199 1667 2344 1722 ritur
2373 1669 2524 1740 quod
2559 1670 2620 1724 in
2652 1670 2838 1741 primo
2867 1678 3153 1743 praecepto
3184 1671 3397 1726 dictum
3435 1678 3518 1727 est
3544 1692 3558 1740 ;
3591 1676 3648 1727 et
3678 1689 3778 1743 per
3808 1689 3902 1727 ar-

2199 1761 2404 1827 gentea
2433 1762 2488 1811 et
2521 1773 2714 1826 aurea,
2750 1759 2945 1814 omnia
2973 1759 3276 1815 simulacra
3307 1760 3729 1832 intelliguntur,
3753 1761 3906 1815 sicut

2198 1847 2259 1901 in
2282 1847 2506 1918 psalmo
2540 1865 2665 1902 cxm
2700 1865 2712 1902 :
2747 1849 3060 1907 Simulacra
3089 1851 3329 1919 gentium
3355 1857 3641 1919 argentum
3690 1855 3742 1904 et
3787 1867 3897 1904 au-

2199 1951 2340 2002 rum,
2373 1938 2535 2005 opera
2566 1953 2824 1991 manuum
2855 1939 3151 1992 hominum.

2271 2025 2430 2078 Vens.
2460 2024 2548 2079 24.
2581 2056 2649 2066 -
2686 2026 2876 2080 Altare
2925 2026 2990 2080 de
3048 2031 3215 2094 terra,
3271 2031 3378 2082 etc.
3425 2027 3682 2082 Ostendit
3739 2027 3899 2096 ideo,

2199 2111 2512 2166 interdictis
2566 2112 2902 2179 simulacris,
2965 2113 3141 2168 altare
3203 2113 3272 2168 de
3355 2118 3584 2168 terrena
3656 2116 3904 2170 materia

2199 2201 2452 2268 concedi,
2486 2205 2550 2255 ut
2577 2201 2678 2255 uni
2709 2203 2821 2256 Deo
2842 2201 3030 2256 hostia
3085 2206 3142 2257 et
3190 2201 3466 2258 sacriﬁcia
3511 2203 3571 2256 in
3621 2219 3686 2257 eo
3744 2203 3894 2258 oﬂ‘e-

2198 2293 2420 2343 rantur.

2270 2377 2952 2448 (Gaes.,lib.mMoral.,
3011 2394 3133 2449 cap.
3193 2379 3302 2447 20.)
3365 2381 3556 2434 Altare
3615 2380 3683 2434 de
3741 2388 3897 2434 terra

2202 2467 2315 2520 Deo
2346 2466 2550 2534 facere,
2583 2470 2667 2521 est
2699 2466 3152 2521 incarnationem
3197 2466 3402 2521 Christi
3449 2467 3697 2538 sperare.
3738 2469 3903 2521 Tunc

2200 2553 2353 2609 enim
2385 2571 2415 2608 a
2447 2556 2560 2608 Deo
2596 2558 2860 2608 nostrum
2890 2555 3117 2623 imunus
3174 2555 3465 2626 accipitur,
3519 2571 3647 2609 cum
3687 2556 3744 2608 in
3789 2556 3902 2610 hoc

2201 2643 2365 2696 altari
2395 2647 2589 2696 nostra
2628 2642 2942 2708 humilitas,
2974 2642 3031 2696 id
3063 2647 3146 2697 est
3177 2659 3351 2708 super
3369 2642 3679 2697 Domiuieas
3706 2643 3902 2696 incar-

2201 2730 2449 2785 nationis
2478 2731 2651 2785 ﬁdem
2683 2731 2938 2802 posuerit
2976 2731 3254 2802 quidquid
3286 2735 3576 2801 operatur.
3624 2733 3688 2785 In
3727 2731 3900 2786 altari

2201 2835 2337 2889 ergo
2368 2819 2437 2873 de
2467 2823 2618 2874 terra
2651 2820 2907 2874 oblatum
2937 2834 3149 2873 munus
3180 2820 3468 2890 ponimus,
3504 2820 3553 2873 si
3585 2823 3744 2874 actus
3781 2836 3896 2874 no-

2201 2912 2345 2960 stros
2376 2906 2680 2960 Dominices
2710 2907 3116 2960 incarnationis
3146 2907 3259 2960 ﬁde
3289 2907 3624 2962 solidamus.

397 2986 580 3055 (Ana,
609 2986 703 3039 ubi
739 2989 951 3055 supra.)
988 2987 1050 3040 ln
1081 3001 1147 3039 eo
1170 2985 1342 3039 etiam
1370 2985 1523 3055 quod
1545 2985 1760 3040 dictum
1799 2990 1902 3052 est,
1953 2991 2083 3053 etc.,
2123 2999 2161 3054 ο
2273 2995 2434 3049 νεεδ,
2466 2997 2555 3060 25,
2588 2997 2676 3048 26.
2713 3024 2780 3034 —
2836 2995 2916 3048 De
2964 2997 3124 3049 sectis
3172 2994 3466 3064 lapidibus.
3523 2994 3696 3066 (1310.)
3745 2995 3900 3049 Secti

402 3089 570 3142 usque
593 3073 668 3128 ad
694 3078 750 3127 et
772 3073 1126 3144 hujusmodi.

466 3163 630 3216 Vsas.
675 3165 757 3216 l8.
789 3193 858 3202 —
911 3163 1144 3219 Cunctas
1203 3167 1382 3216 autem
1438 3163 1670 3231 populus
1723 3161 1944 3215 videbat
1993 3177 2085 3215 vo-

397 3264 499 3314 ces,
532 3253 637 3303 etc.
670 3249 852 3318 (AUG.,
884 3256 1070 3318 quasi.
1105 3253 1175 3303 72
1205 3253 1264 3303 in
1293 3250 1489 3319 Exod.)
1517 3250 1670 3304 Solet
1709 3249 1890 3320 quaeri
1944 3265 2092 3320 quo-

398 3337 568 3390 modo
594 3337 836 3407 populus
861 3337 1084 3391 videbat
1110 3353 1320 3402 vocem,
1345 3353 1474 3390 cum
1501 3353 1605 3390 vox
1635 3353 1755 3390 non
1777 3337 1848 3390 ad
1875 3337 2082 3402 visum,

398 3425 495 3480 sed
526 3425 596 3478 ad
630 3425 887 3479 auditum
905 3424 1191 3495 pertinere
1217 3425 1495 3490 videatur,
1521 3430 1648 3492 etc.,
1674 3440 1844 3495 usque
1865 3426 1938 3478 ad
1959 3427 2092 3480 audi

398 3513 536 3584 quid
565 3513 768 3578 luceat,
798 3529 916 3566 non
947 3513 1196 3566 solemus
1227 3513 1436 3568 dicere.

470 3602 632 3654 Vsus.
671 3604 754 3654 19.
788 3631 857 3640 -
887 3602 1125 3668 Loquere
1140 3607 1198 3654 tu
1213 3601 1386 3662 nobis,
1409 3604 1512 3654 etc.
1550 3602 1734 3669 (Aea,
1761 3605 1950 3668 quast.
1975 3601 2089 3670 73.)

397 3686 760 3757 Signiﬁcatur
780 3690 846 3742 ad
868 3693 1026 3742 vetus
1046 3693 1450 3743 testamentum
1471 3688 1736 3742 timorem
1756 3688 1946 3759 potius
1967 3705 2094 3759 per-

398 3773 600 3841 tinere,
631 3775 776 3829 sicut
798 3775 868 3829 ad
900 3791 1112 3830 novum
1141 3775 1502 3830 dilectionem
1528 3795 1542 3841 ;
1573 3775 1832 3846 quamvis
1884 3776 1944 3828 in
1990 3792 2088 3829 ve-

398 3862 504 3917 teri
531 3879 740 3917 novum
771 3865 958 3931 lateat,
992 3868 1050 3918 et
1077 3864 1136 3918 in
1168 3880 1314 3918 novo
1347 3868 1506 3917 vetus
1534 3868 1744 3935 pateat.
1791 3863 2088 3928 Quomodo

398 3956 590 4006 autem
633 3952 734 4006 tali
783 3953 994 4024 populo
1034 3952 1321 4007 tribuatur
1367 3953 1558 4008 videre
1611 3968 1808 4006 vocem
1858 3952 1979 4018 Dei,
2042 3953 2088 4006 si

470 4103 494 4128 ι
534 4076 597 4129 In
629 4075 928 4146 praeceptis
957 4075 1213 4146 decalogi
1269 4075 1673 4130 enumerandis
1727 4075 2002 4146 Origenes
2033 4081 2089 4131 et

399 4147 752 4216 Augustinus
803 4147 866 4200 in
913 4147 1250 4200 testimoniis
1295 4147 1504 4201 Glosses
1545 4146 1708 4201 initio
1760 4147 1959 4216 capitis
2003 4147 2084 4200 al-

400 4217 528 4271 latis
556 4217 821 4272 videntur
846 4217 1156 4271 contrarias
1193 4217 1355 4287 sequi
1392 4218 1718 4272 sententias.
1771 4219 1911 4271 Nam
1959 4217 2083 4272 Ori-

2201 3083 2420 3153 lapides
2452 3088 2586 3137 sunt
2627 3082 2725 3153 qui
2757 3082 3031 3138 unitatem
3065 3083 3347 3148 scindunt,
3401 3088 3456 3137 et
3491 3083 3704 3154 seipsos
3748 3083 3901 3137 divi—

2202 3172 2345 3226 dunt
2372 3189 2403 3225 a
2435 3170 2699 3226 societate
2742 3172 3028 3226 fratrum:
3074 3171 3180 3226 hos
3223 3171 3283 3225 in
3330 3187 3566 3242 corpore
3616 3189 3719 3226 suo
3775 3189 3896 3226 non

2204 3259 2405 3330 recipit
2436 3259 2710 3324 Christus,
2742 3260 2904 3329 cujus
2924 3259 3176 3331 corporis
3213 3259 3458 3331 ﬁguram
3511 3261 3704 3314 altaris
3755 3278 3895 3314 con-

2201 3349 2434 3402 structio
2466 3347 2765 3418 signiﬁcat.
2791 3348 3030 3417 Lapides
3058 3365 3174 3402 non
3203 3348 3342 3403 secti
3367 3365 3431 3402 ex
3463 3348 3686 3420 lquibus
3717 3350 3899 3403 altare

2201 3436 2453 3490 construi
2479 3436 2736 3506 jubetur,
2767 3441 2901 3489 sunt
2930 3437 3030 3507 qui
3059 3453 3163 3508 per
3189 3437 3360 3491 ﬁdem
3397 3438 3455 3490 in
3488 3437 3706 3491 unitate
3759 3437 3898 3491 soli-

2201 3525 2444 3590 dantur;
2475 3525 2543 3579 de
2572 3525 2778 3595 quibus
2811 3525 3057 3579 diciturI
3088 3525 3236 3579 Petri
3261 3542 3300 3578 ιι
3330 3541 3343 3579 :
3399 3527 3500 3581 Vos
3531 3529 3658 3580 estis
3680 3527 3899 3595 lapides

2197 3617 2332 3679 vivi,
2360 3614 2674 3682 coaediﬁcati
2699 3615 2756 3667 in
2781 3614 2961 3668 domos
2990 3615 3322 3682 Spirituales.
3359 3614 3454 3669 His
3503 3631 3620 3668 non
3665 3621 3750 3668 est
3793 3615 3893 3669 in-

2193 3702 2409 3772 jectum
2441 3703 2676 3766 ferrum,
2711 3701 2845 3771 quia
2883 3701 3198 3772 incorrupti
3229 3706 3382 3766 sunt,
3424 3706 3481 3756 et
3518 3702 3709 3773 jacula
3763 3719 3897 3756 ma-

2199 3790 2339 3860 ligni
2365 3789 2555 3859 lignita
2610 3803 2726 3842 non
2780 3795 3160 3859 receperunt:
3216 3806 3415 3844 omnes
3473 3807 3653 3845 unum
3709 3791 3896 3847 altare

2197 3877 2411 3932 faciunt
2437 3877 2499 3931 in
2537 3877 2756 3932 unitate
2788 3877 2923 3932 fidei
2953 3883 3010 3932 et
3039 3877 3344 3932 concordia
3374 3878 3665 3933 charitatis
3686 3889 3730 3933 ⁸.

2197 4077 2256 4130 in
2281 4073 2501 4130 duabus
2532 4073 2643 4128 illis
2695 4073 3153 4146 concupiscentia
3207 4073 3602 4145 subjugandis,
3662 4075 3892 4129 videtur

2195 4146 2381 4227 potius
2431 4146 2720 4227 expetisse.
2751 4144 3175 4227 duo—distincta
3224 4144 3531 4227 praecepta1
3579 4161 3708 4227 cum
3773 4147 3895 4227 sint

2193 4217 2292 4288 qui
2331 4217 2731 4296 concupiscant
2777 4232 3022 4296 uxorem
3075 4217 3339 4296 alterius,
3388 4222 3446 4270 et
3499 4217 3893 4296 dedignantur

441 4303 575 4341 enes
612 4287 902 4358 existimat
928 4303 1046 4358 non
1087 4303 1251 4358 posse
1279 4286 1627 4358 computari
1675 4289 1870 4342 decem
1920 4303 2077 4358 man-
2114 4287 2156 4342 Ι)
2192 4286 2386 4343 tamen
2418 4286 2643 4341 divitias
2695 4291 2794 4340 aut
2840 4287 3126 4358 mancipia
3160 4286 3415 4358 alterius
3461 4287 3888 4358 concupiscere.

441 4361 531 4411 ata
589 4357 699 4410 nisi
757 4357 1242 4412 secundum’sit:
1308 4357 1441 4414 Non
1479 4360 1649 4425 facies
1705 4360 1807 4412 tibi
1878 4357 2084 4412 idolum

399 4443 569 4500 neque
591 4429 760 4500 ullam
815 4428 1247 4500 similitudinem,
1308 4432 1438 4500 etc.,
1470 4429 1820 4500 Augustinus
1870 4435 2080 4500 autem,

401 4499 536 4553 licet
593 4498 750 4552 illam
808 4498 1070 4568 Origenis
1126 4498 1621 4553 enumerationem
1674 4515 1789 4553 non
1851 4499 2088 4568 rejiciat,

402 4570 574 4623 aliam
605 4573 796 4624 tamen
819 4569 1101 4640 diversam
1147 4569 1366 4639 judicat
1415 4570 1718 4640 aptiorem,
1771 4575 1834 4624 ut
1890 4570 2090 4639 prohi-

403 4640 619 4694 tionem
684 4641 755 4695 de
804 4639 968 4694 idolis
1023 4656 1087 4694 ac
1139 4639 1467 4694 simulacris
1516 4640 1866 4696 adorationis
1923 4656 2093 4694 causa

404 4709 694 4792 faciendis,
722 4710 1024 4792 ‘existim‘et
1071 4727 1190 4765 esse
1235 4711 1725 4792 primi‘pra‘scepti
1771 4710 2091 4792 explicatio—

406 4797 536 4836 nem
571 4797 582 4834 :
621 4784 676 4835 et
707 4781 910 4835 deinde
938 4781 1051 4835 duo
1077 4786 1365 4852 praecepta
1393 4782 1589 4836 statuit
1629 4781 1699 4836 ad
1746 4781 1916 4835 vetita
1945 4781 2091 4835 desi-

403 4852 562 4906 deria
590 4851 925 4918 cohibenda,
985 4867 1165 4906 unum
1221 4851 1334 4922 quo
1386 4852 1846 4920 concupiscentia
1901 4852 2094 4904 uxoris

404 4922 626 4988 alienas,
656 4925 901 4977 alterum
933 4938 1046 4991 quo
1076 4923 1532 4986 concupiscentia
1561 4922 1822 4976 omnium
1851 4923 2095 4976 aliarum

405 5008 600 5046 rerum
632 5009 767 5064 quas
796 4992 1241 5064 proximisunt,
1278 4994 1614 5064 refrenetur.
1662 4993 1966 5063 Origenem
2015 5009 2095 5046 se-

405 5063 667 5134 quantur
688 5063 1027 5117 Athanasius
1054 5063 1115 5134 in
1157 5063 1397 5134 Synopsi
1449 5063 1872 5134 Scripturarum
1901 5081 1914 5129 ;
1949 5064 2094 5116 Gre-

407 5133 602 5203 gorius
625 5134 1009 5205 Nazianzenus
1047 5133 1107 5188 in
1136 5133 1386 5205 carmine
1426 5151 1539 5205 quo
1576 5133 1773 5188 decem
1815 5138 2096 5205 praecepta

407 5208 745 5258 enumerat:
806 5204 1243 5274 Chrysostomus
1294 5204 1353 5258 in
1433 5204 1682 5259 Secunda
1747 5204 2095 5274 expositione

407 5273 864 5346 Mattheuhom.
900 5273 1004 5340 49;
1048 5276 1426 5346 Hieronymus
1481 5281 1537 5330 et
1584 5273 1920 5330 Ambrosius
1968 5291 2089 5343 cap.

406 5361 459 5397 v1
491 5343 752 5414 Epistolas
782 5345 854 5398 ad
886 5346 1176 5415 Ephesios.
1209 5343 1518 5415 Augustini
1558 5352 1750 5400 autem
1795 5361 2094 5399 enumera-

407 5415 625 5487 tionem
654 5432 721 5468 eo
753 5432 922 5470 sensu
944 5423 1262 5487 sequuntur
1291 5415 1548 5472 doctores
1591 5417 1930 5484 scholastici,
1983 5432 2095 5487 quo

407 5486 650 5555 ipsemet
681 5486 1050 5558 Augustinus,
1105 5487 1183 5541 ita
1235 5487 1450 5542 scilicet
1497 5504 1620 5542 eam
1671 5487 1849 5557 priori
1889 5486 2094 5556 praefe-

407 5560 618 5628 rentes,
651 5561 712 5611 ut
743 5557 936 5611 tamen
965 5557 1219 5628 priorem
1251 5573 1368 5612 non
1398 5562 1667 5628 reputent
1695 5559 2091 5628 incongruam.

409 5627 473 5682 Et
505 5642 700 5682 revera
725 5627 1108 5700 repugnantia
1137 5644 1309 5699 quam
1342 5627 1558 5684 invenit
1606 5645 1814 5700 pravus
1863 5627 2096 5682 affectus

2195 4363 2252 4414 et
2276 4359 2393 4411 vice
2425 4373 2585 4411 versa
2607 4373 2629 4428 γε
2663 4369 2719 4411 at
2747 4373 2919 4428 nemo
2943 4355 3173 4412 est‘veri
3216 4357 3314 4411 Dei
3354 4359 3553 4428 cultor.
3595 4355 3693 4428 qui
3735 4358 3891 4411 difﬁ-

2201 4430 2474 4483 cultatem
2503 4427 2751 4499 patiatur
2780 4427 2842 4482 in
2871 4427 3039 4499 idolis
3064 4428 3416 4499 spernendis.
3447 4414 3729 4482 Craterum
3767 4429 3893 4482 haec

2201 4498 2514 4554 diversitas
2542 4498 2932 4552 enumerandi]
2967 4499 3026 4552 in
3086 4498 3145 4552 re
3197 4499 3320 4568 ipsa
3365 4499 3524 4552 nulla
3585 4504 3712 4552 est:
3774 4515 3895 4551 non

2201 4569 2356 4625 enim
2387 4569 2624 4640 ponitur
2660 4569 2892 4640 aliquod
2909 4573 3262 4640 praeceptum
3291 4569 3362 4622 ab
3389 4569 3708 4640 Augustino
3735 4571 3895 4638 quod

2203 4645 2444 4712 negatur
2480 4640 2552 4712 ab
2577 4639 2843 4712 Origene,
2870 4644 2969 4712 aut
2997 4639 3116 4712 vice
3159 4655 3320 4712 versa
3344 4639 3508 4712 {sed
3561 4656 3710 4712 unus
3748 4655 3898 4708 pres-

2202 4709 2368 4780 cepta
2415 4711 2638 4782 ratione
2686 4709 2990 4782 cujusdam
3037 4709 3522 4782 subordinationis
3573 4711 3895 4781 conjungit,

2202 4779 2332 4853 quas
2364 4781 2505 4836 alter
2529 4779 3024 4853 ratione'verbalis
3054 4779 3427 4853 connexionis
3457 4779 3700 4851 separat,
3757 4779 3814 4834 et
3869 4799 3900 4834 e

2202 4850 2491 4906 converso.
2555 4852 2695 4906 Nam
2749 4851 3046 4921 conjungit
3119 4850 3899 4922 Augustinusjprasceptum

2205 4939 2320 4976 non
2350 4922 2592 4976 faciendi
2617 4922 2772 4976 idola
2797 4926 3084 4991 praecepto
3124 4938 3240 4974 non
3293 4921 3520 4975 colendi
3537 4921 3669 4974 ‘nisi
3715 4937 3900 4974 unum

2207 4995 2408 5062 Deum,
2441 4993 2542 5063 qui
2586 4993 2728 5048 illud
2759 4992 2895 5048 huic
2943 4992 3352 5046 subordinatur
3407 4997 3464 5045 et
3515 4996 3600 5047 est
3651 4991 3902 5061 explica-

2204 5064 2315 5118 tior
2344 5065 2467 5133 ejus
2524 5063 2696 5117 etiam
2751 5064 2820 5117 ad
2873 5064 3240 5117 caeremonias
3283 5063 3588 5131 gentilium
3629 5063 3904 5116 vetandas

2205 5135 2454 5188 extensio
2490 5151 2502 5187 :
2534 5135 2806 5206 0rigenes
2846 5138 3037 5206 autem
3085 5151 3152 5188 ea
3191 5134 3248 5187 in
3296 5133 3903 5206 duo‘praaceptadis-

2204 5206 2466 5274 pertitur,
2509 5203 2657 5275 quia
2698 5209 2967 5258 contextu
3013 5205 3135 5275 ipso
3191 5203 3472 5257 sermonis
3523 5203 3768 5258 discerni
3819 5205 3905 5256 vi-

2203 5277 2428 5340 dentur,
2457 5276 2579 5329 sine
2608 5277 2725 5329 ulla
2755 5281 2892 5329 nota
2919 5275 3311 5340 conuexionis,
3368 5276 3513 5328 sicut
3560 5279 3766 5328 caetera
3814 5291 3904 5325 se-

2205 5347 2440 5416 quentia
2474 5363 2486 5400 :
2519 5348 2635 5402 Non
2666 5347 2887 5402 habebis
2919 5347 3043 5401 deos
3098 5348 3336 5411 alienos;
3399 5347 3519 5401 Non
3571 5347 3745 5409 facies
3803 5347 3906 5398 tibi

2205 5418 2638 5498 sculptile,.Nor‘i
2667 5432 2924 5498 assumes,
2972 5417 3366 5498 etennﬁursus
3418 5416 3542 5469 illas
3574 5416 3716 5470 duas
3769 5433 3905 5469 con-

2205 5485 2838 5559 cupiscentiasduplicis
2877 5486 3293 5559 prohibitiones
3346 5485 3405 5540 in
3458 5502 3637 5559 unum
3686 5503 3904 5556 praece-

2205 5557 2366 5628 ptum
2391 5558 2622 5628 conjicit
2651 5557 2940 5628 Origenes,
2981 5562 3213 5628 propter
3242 5557 3711 5628 consequentiam
3761 5574 3905 5611 con-

2206 5634 2413 5694 textus,
2447 5629 2583 5699 quia
2613 5629 2876 5684 videntur
2907 5629 2975 5683 ad
3007 5644 3180 5682 unam
3212 5629 3500 5700 pertinere
3537 5629 3903 5686 sententiam.
