  <div class='ocr_page' id='page_1' title='image "/cluster/home/n/w/nwhite01/storage/ocr_20150623/113/hvd.32044054759782/135.png"; bbox 0 0 4052 6180; ppageno 0'>
   <div class='ocr_carea' id='block_1_1' title="bbox 367 268 470 318">
    <p class='ocr_par' dir='ltr' id='par_1_1' title="bbox 367 268 470 318">
     <span class='ocr_line' id='line_1_1' title="bbox 367 268 470 318; baseline -0.019 0"><span class='ocrx_word' id='word_1_1' title='bbox 367 268 470 318; x_wconf 75' lang='grc' dir='ltr'><strong>2ὕ9</strong></span> 
     </span>
    </p>
   </div>
   <div class='ocr_carea' id='block_1_2' title="bbox 965 255 3194 334">
    <p class='ocr_par' dir='ltr' id='par_1_2' title="bbox 965 255 3194 334">
     <span class='ocr_line' id='line_1_2' title="bbox 965 255 3194 334; baseline -0.004 -16"><span class='ocrx_word' id='word_1_2' title='bbox 965 262 1371 334; x_wconf 76' lang='lat' dir='ltr'>[WALAFRIDI</span> <span class='ocrx_word' id='word_1_3' title='bbox 1411 261 1656 316; x_wconf 81' lang='lat' dir='ltr'>STRABI</span> <span class='ocrx_word' id='word_1_4' title='bbox 1697 259 1892 316; x_wconf 85' lang='lat' dir='ltr'>FULD.</span> <span class='ocrx_word' id='word_1_5' title='bbox 1936 257 2106 312; x_wconf 80' lang='lat' dir='ltr'>MON.</span> <span class='ocrx_word' id='word_1_6' title='bbox 2144 257 2295 316; x_wconf 86' lang='lat' dir='ltr'>OPP.</span> <span class='ocrx_word' id='word_1_7' title='bbox 2340 256 2512 312; x_wconf 74' lang='lat' dir='ltr'>PARS</span> <span class='ocrx_word' id='word_1_8' title='bbox 2551 258 2591 312; x_wconf 81' lang='grc' dir='ltr'>Ι.</span> <span class='ocrx_word' id='word_1_9' title='bbox 2635 284 2704 295; x_wconf 93' lang='grc'>--</span> <span class='ocrx_word' id='word_1_10' title='bbox 2742 255 3194 313; x_wconf 84' lang='lat' dir='ltr'>THEOLOGICA.</span> 
     </span>
    </p>
   </div>
   <div class='ocr_carea' id='block_1_3' title="bbox 3772 261 3879 311">
    <p class='ocr_par' dir='ltr' id='par_1_3' title="bbox 3772 261 3879 311">
     <span class='ocr_line' id='line_1_3' title="bbox 3772 261 3879 311; baseline 0 -1"><span class='ocrx_word' id='word_1_11' title='bbox 3772 261 3879 311; x_wconf 72' lang='lat'><strong>260</strong></span> 
     </span>
    </p>
   </div>
   <div class='ocr_carea' id='block_1_4' title="bbox 363 377 3877 453">
    <p class='ocr_par' dir='ltr' id='par_1_4' title="bbox 363 377 3877 453">
     <span class='ocr_line' id='line_1_4' title="bbox 363 377 3877 453; baseline -0.001 -15"><span class='ocrx_word' id='word_1_12' title='bbox 363 390 497 440; x_wconf 85' lang='lat' dir='ltr'>nata</span> <span class='ocrx_word' id='word_1_13' title='bbox 517 389 595 439; x_wconf 89' lang='lat' dir='ltr'>est</span> <span class='ocrx_word' id='word_1_14' title='bbox 623 400 748 453; x_wconf 83' lang='lat' dir='ltr'>gens</span> <span class='ocrx_word' id='word_1_15' title='bbox 779 384 866 439; x_wconf 84' lang='lat' dir='ltr'>die</span> <span class='ocrx_word' id='word_1_16' title='bbox 898 399 1004 438; x_wconf 78' lang='lat' dir='ltr'>una</span> <span class='ocrx_word' id='word_1_17' title='bbox 1031 384 1193 438; x_wconf 87' lang='lat' dir='ltr'>simul</span> <span class='ocrx_word' id='word_1_18' title='bbox 1236 385 1363 453; x_wconf 82' lang='lat' dir='ltr'>(Isa.</span> <span class='ocrx_word' id='word_1_19' title='bbox 1415 387 1585 451; x_wconf 83' lang='lat' dir='ltr'>var.)</span> <span class='ocrx_word' id='word_1_20' title='bbox 1627 381 1737 434; x_wconf 88' lang='lat' dir='ltr'>Ista</span> <span class='ocrx_word' id='word_1_21' title='bbox 1782 385 1864 434; x_wconf 90' lang='lat' dir='ltr'>est</span> <span class='ocrx_word' id='word_1_22' title='bbox 1912 394 2049 448; x_wconf 85' lang='lat' dir='ltr'>ergo</span> <span class='ocrx_word' id='word_1_23' title='bbox 2088 385 2132 438; x_wconf 79' lang='grc' dir='ltr'><strong>Α</strong></span> <span class='ocrx_word' id='word_1_24' title='bbox 2161 377 2317 433; x_wconf 80' lang='lat' dir='ltr'>verbi</span> <span class='ocrx_word' id='word_1_25' title='bbox 2350 377 2692 432; x_wconf 81' lang='lat' dir='ltr'>comminuit</span> <span class='ocrx_word' id='word_1_26' title='bbox 2721 383 2776 432; x_wconf 90' lang='lat' dir='ltr'>et</span> <span class='ocrx_word' id='word_1_27' title='bbox 2799 377 3020 434; x_wconf 77' lang='lat' dir='ltr'>dividit.</span> <span class='ocrx_word' id='word_1_28' title='bbox 3053 380 3293 450; x_wconf 76' lang='lat' dir='ltr'>Propter</span> <span class='ocrx_word' id='word_1_29' title='bbox 3322 381 3428 434; x_wconf 87' lang='lat' dir='ltr'>hoc</span> <span class='ocrx_word' id='word_1_30' title='bbox 3458 380 3614 435; x_wconf 91' lang='lat' dir='ltr'>enim</span> <span class='ocrx_word' id='word_1_31' title='bbox 3641 382 3877 436; x_wconf 57' lang='lat' dir='ltr'>fortasse</span> 
     </span>
    </p>
   </div>
   <div class='ocr_carea' id='block_1_5' title="bbox 363 467 2055 544">
    <p class='ocr_par' dir='ltr' id='par_1_5' title="bbox 363 467 2055 544">
     <span class='ocr_line' id='line_1_5' title="bbox 363 467 2055 544; baseline -0.004 -18"><span class='ocrx_word' id='word_1_32' title='bbox 363 473 656 544; x_wconf 78' lang='lat' dir='ltr'>generatio</span> <span class='ocrx_word' id='word_1_33' title='bbox 684 473 1085 544; x_wconf 78' lang='lat' dir='ltr'>perfecturum,</span> <span class='ocrx_word' id='word_1_34' title='bbox 1121 488 1248 543; x_wconf 65' lang='lat' dir='ltr'>quae</span> <span class='ocrx_word' id='word_1_35' title='bbox 1276 471 1335 525; x_wconf 92' lang='lat' dir='ltr'>in</span> <span class='ocrx_word' id='word_1_36' title='bbox 1365 471 1455 526; x_wconf 91' lang='lat' dir='ltr'>die</span> <span class='ocrx_word' id='word_1_37' title='bbox 1484 469 1686 524; x_wconf 89' lang='lat' dir='ltr'>eadem</span> <span class='ocrx_word' id='word_1_38' title='bbox 1734 467 2055 537; x_wconf 80' lang='lat' dir='ltr'>concipitur</span> 
     </span>
    </p>
   </div>
   <div class='ocr_carea' id='block_1_6' title="bbox 359 557 2050 617">
    <p class='ocr_par' dir='ltr' id='par_1_6' title="bbox 359 557 2050 617">
     <span class='ocr_line' id='line_1_6' title="bbox 359 557 2050 617; baseline -0.005 0"><span class='ocrx_word' id='word_1_39' title='bbox 359 567 416 617; x_wconf 89' lang='lat' dir='ltr'>et</span> <span class='ocrx_word' id='word_1_40' title='bbox 439 562 711 616; x_wconf 89' lang='lat' dir='ltr'>nascitur.</span> <span class='ocrx_word' id='word_1_41' title='bbox 739 561 973 616; x_wconf 81' lang='lat' dir='ltr'>Pariunt</span> <span class='ocrx_word' id='word_1_42' title='bbox 1001 566 1194 616; x_wconf 90' lang='lat' dir='ltr'>autem</span> <span class='ocrx_word' id='word_1_43' title='bbox 1229 560 1335 614; x_wconf 92' lang='lat' dir='ltr'>viri</span> <span class='ocrx_word' id='word_1_44' title='bbox 1369 558 1680 613; x_wconf 89' lang='lat' dir='ltr'>secundum</span> <span class='ocrx_word' id='word_1_45' title='bbox 1722 557 1876 611; x_wconf 87' lang='lat' dir='ltr'>illius</span> <span class='ocrx_word' id='word_1_46' title='bbox 1931 557 2050 610; x_wconf 88' lang='lat' dir='ltr'>Gal.</span> 
     </span>
    </p>
   </div>
   <div class='ocr_carea' id='block_1_7' title="bbox 364 646 2055 719">
    <p class='ocr_par' dir='ltr' id='par_1_7' title="bbox 364 646 2055 719">
     <span class='ocr_line' id='line_1_7' title="bbox 364 646 2055 719; baseline -0.005 -14"><span class='ocrx_word' id='word_1_47' title='bbox 364 667 414 705; x_wconf 83' lang='lat' dir='ltr'>1v</span> <span class='ocrx_word' id='word_1_48' title='bbox 447 668 460 704; x_wconf 90' lang='lat'>:</span> <span class='ocrx_word' id='word_1_49' title='bbox 494 649 675 704; x_wconf 75' lang='lat' dir='ltr'>Filioli</span> <span class='ocrx_word' id='word_1_50' title='bbox 700 652 824 716; x_wconf 74' lang='lat' dir='ltr'>mei,</span> <span class='ocrx_word' id='word_1_51' title='bbox 858 665 988 719; x_wconf 89' lang='lat' dir='ltr'>quos</span> <span class='ocrx_word' id='word_1_52' title='bbox 1024 652 1219 703; x_wconf 77' lang='lat' dir='ltr'>iterum</span> <span class='ocrx_word' id='word_1_53' title='bbox 1262 650 1540 717; x_wconf 84' lang='lat' dir='ltr'>parturio,</span> <span class='ocrx_word' id='word_1_54' title='bbox 1581 646 1745 700; x_wconf 88' lang='lat' dir='ltr'>donec</span> <span class='ocrx_word' id='word_1_55' title='bbox 1781 647 2055 711; x_wconf 79' lang='lat' dir='ltr'>formetur</span> 
     </span>
    </p>
   </div>
   <div class='ocr_carea' id='block_1_8' title="bbox 363 734 2051 806">
    <p class='ocr_par' dir='ltr' id='par_1_8' title="bbox 363 734 2051 806">
     <span class='ocr_line' id='line_1_8' title="bbox 363 734 2051 806; baseline -0.005 -13"><span class='ocrx_word' id='word_1_56' title='bbox 363 742 420 793; x_wconf 89' lang='lat' dir='ltr'>in</span> <span class='ocrx_word' id='word_1_57' title='bbox 447 739 599 794; x_wconf 80' lang='lat' dir='ltr'>vobis</span> <span class='ocrx_word' id='word_1_58' title='bbox 631 739 898 794; x_wconf 74' lang='lat' dir='ltr'>Christus.</span> <span class='ocrx_word' id='word_1_59' title='bbox 931 737 1168 791; x_wconf 88' lang='lat' dir='ltr'>Perfecti</span> <span class='ocrx_word' id='word_1_60' title='bbox 1197 752 1332 806; x_wconf 89' lang='lat' dir='ltr'>ergo</span> <span class='ocrx_word' id='word_1_61' title='bbox 1363 741 1421 790; x_wconf 90' lang='lat' dir='ltr'>et</span> <span class='ocrx_word' id='word_1_62' title='bbox 1451 734 1556 788; x_wconf 91' lang='lat' dir='ltr'>viri</span> <span class='ocrx_word' id='word_1_63' title='bbox 1577 734 1767 788; x_wconf 84' lang='lat' dir='ltr'>statim</span> <span class='ocrx_word' id='word_1_64' title='bbox 1799 734 2051 804; x_wconf 87' lang='lat' dir='ltr'>pariunt,</span> 
     </span>
    </p>
   </div>
   <div class='ocr_carea' id='block_1_9' title="bbox 363 821 2051 896">
    <p class='ocr_par' dir='ltr' id='par_1_9' title="bbox 363 821 2051 896">
     <span class='ocr_line' id='line_1_9' title="bbox 363 821 2051 896; baseline -0.004 -15"><span class='ocrx_word' id='word_1_65' title='bbox 363 828 422 882; x_wconf 90' lang='lat' dir='ltr'>id</span> <span class='ocrx_word' id='word_1_66' title='bbox 451 832 552 895; x_wconf 90' lang='lat' dir='ltr'>est,</span> <span class='ocrx_word' id='word_1_67' title='bbox 581 832 916 896; x_wconf 90' lang='lat' dir='ltr'>conceptum</span> <span class='ocrx_word' id='word_1_68' title='bbox 947 825 1080 879; x_wconf 85' lang='lat' dir='ltr'>ﬁdei</span> <span class='ocrx_word' id='word_1_69' title='bbox 1107 825 1341 878; x_wconf 85' lang='lat' dir='ltr'>verbum</span> <span class='ocrx_word' id='word_1_70' title='bbox 1375 823 1436 877; x_wconf 93' lang='lat' dir='ltr'>in</span> <span class='ocrx_word' id='word_1_71' title='bbox 1469 838 1644 894; x_wconf 83' lang='lat' dir='ltr'>opera</span> <span class='ocrx_word' id='word_1_72' title='bbox 1688 821 2006 892; x_wconf 89' lang='lat' dir='ltr'>perducunt</span> <span class='ocrx_word' id='word_1_73' title='bbox 2040 837 2051 874; x_wconf 94' lang='lat'>:</span> 
     </span>
    </p>
   </div>
   <div class='ocr_carea' id='block_1_10' title="bbox 363 909 2057 985">
    <p class='ocr_par' dir='ltr' id='par_1_10' title="bbox 363 909 2057 985">
     <span class='ocr_line' id='line_1_10' title="bbox 363 909 2057 985; baseline -0.005 -15"><span class='ocrx_word' id='word_1_74' title='bbox 363 915 556 970; x_wconf 89' lang='lat' dir='ltr'>anima</span> <span class='ocrx_word' id='word_1_75' title='bbox 587 919 777 968; x_wconf 88' lang='lat' dir='ltr'>autem</span> <span class='ocrx_word' id='word_1_76' title='bbox 821 930 950 985; x_wconf 70' lang='lat' dir='ltr'>qum</span> <span class='ocrx_word' id='word_1_77' title='bbox 979 913 1248 983; x_wconf 89' lang='lat' dir='ltr'>concipit,</span> <span class='ocrx_word' id='word_1_78' title='bbox 1286 917 1343 966; x_wconf 90' lang='lat' dir='ltr'>et</span> <span class='ocrx_word' id='word_1_79' title='bbox 1374 913 1434 965; x_wconf 93' lang='lat' dir='ltr'>in</span> <span class='ocrx_word' id='word_1_80' title='bbox 1483 916 1678 965; x_wconf 83' lang='lat' dir='ltr'>ventre</span> <span class='ocrx_word' id='word_1_81' title='bbox 1734 909 1943 962; x_wconf 85' lang='lat' dir='ltr'>retinet</span> <span class='ocrx_word' id='word_1_82' title='bbox 2000 913 2057 962; x_wconf 90' lang='lat' dir='ltr'>et</span> 
     </span>
    </p>
   </div>
   <div class='ocr_carea' id='block_1_11' title="bbox 365 997 2056 1074">
    <p class='ocr_par' dir='ltr' id='par_1_11' title="bbox 365 997 2056 1074">
     <span class='ocr_line' id='line_1_11' title="bbox 365 997 2056 1074; baseline -0.005 -16"><span class='ocrx_word' id='word_1_83' title='bbox 365 1020 482 1059; x_wconf 90' lang='lat' dir='ltr'>non</span> <span class='ocrx_word' id='word_1_84' title='bbox 513 1003 682 1074; x_wconf 83' lang='lat' dir='ltr'>parit,</span> <span class='ocrx_word' id='word_1_85' title='bbox 716 1002 923 1056; x_wconf 83' lang='lat' dir='ltr'>mulier</span> <span class='ocrx_word' id='word_1_86' title='bbox 953 1001 1185 1056; x_wconf 92' lang='lat' dir='ltr'>dicitur.</span> <span class='ocrx_word' id='word_1_87' title='bbox 1242 1001 1401 1056; x_wconf 89' lang='lat' dir='ltr'>Unde</span> <span class='ocrx_word' id='word_1_88' title='bbox 1435 1001 1539 1054; x_wconf 92' lang='lat' dir='ltr'>Isa.</span> <span class='ocrx_word' id='word_1_89' title='bbox 1573 1013 1761 1051; x_wconf 81' lang='lat' dir='ltr'>xxxvu</span> <span class='ocrx_word' id='word_1_90' title='bbox 1796 1011 1810 1050; x_wconf 86' lang='lat'>:</span> <span class='ocrx_word' id='word_1_91' title='bbox 1845 997 2056 1050; x_wconf 86' lang='lat' dir='ltr'>Dolores</span> 
     </span>
    </p>
   </div>
   <div class='ocr_carea' id='block_1_12' title="bbox 361 1085 2052 1164">
    <p class='ocr_par' dir='ltr' id='par_1_12' title="bbox 361 1085 2052 1164">
     <span class='ocr_line' id='line_1_12' title="bbox 361 1085 2052 1164; baseline -0.006 -16"><span class='ocrx_word' id='word_1_92' title='bbox 361 1096 554 1164; x_wconf 83' lang='lat' dir='ltr'>partus</span> <span class='ocrx_word' id='word_1_93' title='bbox 585 1093 916 1146; x_wconf 87' lang='lat' dir='ltr'>advenerunt</span> <span class='ocrx_word' id='word_1_94' title='bbox 944 1093 994 1144; x_wconf 89' lang='lat' dir='ltr'>ei</span> <span class='ocrx_word' id='word_1_95' title='bbox 1023 1107 1036 1144; x_wconf 90' lang='lat'>:</span> <span class='ocrx_word' id='word_1_96' title='bbox 1070 1095 1120 1143; x_wconf 92' lang='lat' dir='ltr'>et</span> <span class='ocrx_word' id='word_1_97' title='bbox 1148 1091 1322 1142; x_wconf 83' lang='lat' dir='ltr'>virtus</span> <span class='ocrx_word' id='word_1_98' title='bbox 1353 1086 1605 1156; x_wconf 85' lang='lat' dir='ltr'>pariendi</span> <span class='ocrx_word' id='word_1_99' title='bbox 1629 1100 1733 1139; x_wconf 87' lang='lat' dir='ltr'>non</span> <span class='ocrx_word' id='word_1_100' title='bbox 1761 1088 1838 1138; x_wconf 89' lang='lat' dir='ltr'>est</span> <span class='ocrx_word' id='word_1_101' title='bbox 1884 1085 1942 1138; x_wconf 83' lang='lat' dir='ltr'>in</span> <span class='ocrx_word' id='word_1_102' title='bbox 1971 1099 2052 1138; x_wconf 88' lang='lat' dir='ltr'>ea.</span> 
     </span>
    </p>
   </div>
   <div class='ocr_carea' id='block_1_13' title="bbox 367 1171 2057 1251">
    <p class='ocr_par' dir='ltr' id='par_1_13' title="bbox 367 1171 2057 1251">
     <span class='ocr_line' id='line_1_13' title="bbox 367 1171 2057 1251; baseline -0.007 -16"><span class='ocrx_word' id='word_1_103' title='bbox 367 1182 494 1234; x_wconf 67' lang='lat' dir='ltr'>Haac</span> <span class='ocrx_word' id='word_1_104' title='bbox 519 1196 654 1251; x_wconf 90' lang='lat' dir='ltr'>ergo</span> <span class='ocrx_word' id='word_1_105' title='bbox 698 1180 845 1234; x_wconf 88' lang='lat' dir='ltr'>inter</span> <span class='ocrx_word' id='word_1_106' title='bbox 891 1195 949 1233; x_wconf 91' lang='lat' dir='ltr'>se</span> <span class='ocrx_word' id='word_1_107' title='bbox 1000 1177 1221 1232; x_wconf 90' lang='lat' dir='ltr'>duobus</span> <span class='ocrx_word' id='word_1_108' title='bbox 1278 1174 1631 1246; x_wconf 80' lang='lat' dir='ltr'>litigantibus</span> <span class='ocrx_word' id='word_1_109' title='bbox 1679 1178 1737 1226; x_wconf 90' lang='lat' dir='ltr'>et.</span> <span class='ocrx_word' id='word_1_110' title='bbox 1792 1171 2057 1225; x_wconf 86' lang='lat' dir='ltr'>scandala</span> 
     </span>
    </p>
   </div>
   <div class='ocr_carea' id='block_1_14' title="bbox 351 1259 2049 1340">
    <p class='ocr_par' dir='ltr' id='par_1_14' title="bbox 351 1259 2049 1340">
     <span class='ocr_line' id='line_1_14' title="bbox 351 1259 2049 1340; baseline -0.007 -16"><span class='ocrx_word' id='word_1_111' title='bbox 351 1269 791 1340; x_wconf 85' lang='lat' dir='ltr'>proferentibus,</span> <span class='ocrx_word' id='word_1_112' title='bbox 821 1267 1136 1336; x_wconf 82' lang='lat' dir='ltr'>percutitur</span> <span class='ocrx_word' id='word_1_113' title='bbox 1163 1269 1217 1318; x_wconf 91' lang='lat' dir='ltr'>et</span> <span class='ocrx_word' id='word_1_114' title='bbox 1247 1263 1697 1318; x_wconf 77' lang='lat' dir='ltr'>scandalizatur:</span> <span class='ocrx_word' id='word_1_115' title='bbox 1727 1263 1786 1314; x_wconf 90' lang='lat' dir='ltr'>ut</span> <span class='ocrx_word' id='word_1_116' title='bbox 1808 1259 2049 1313; x_wconf 87' lang='lat' dir='ltr'>verbum</span> 
     </span>
    </p>
   </div>
   <div class='ocr_carea' id='block_1_15' title="bbox 358 1349 2058 1427">
    <p class='ocr_par' dir='ltr' id='par_1_15' title="bbox 358 1349 2058 1427">
     <span class='ocr_line' id='line_1_15' title="bbox 358 1349 2058 1427; baseline -0.006 -15"><span class='ocrx_word' id='word_1_117' title='bbox 358 1357 491 1412; x_wconf 74' lang='lat' dir='ltr'>fidei</span> <span class='ocrx_word' id='word_1_118' title='bbox 522 1357 673 1427; x_wconf 91' lang='lat' dir='ltr'>quod</span> <span class='ocrx_word' id='word_1_119' title='bbox 705 1355 954 1413; x_wconf 81' lang='lat' dir='ltr'>tenuiter</span> <span class='ocrx_word' id='word_1_120' title='bbox 983 1357 1316 1423; x_wconf 90' lang='lat' dir='ltr'>conceperat</span> <span class='ocrx_word' id='word_1_121' title='bbox 1348 1351 1602 1406; x_wconf 89' lang='lat' dir='ltr'>nondum</span> <span class='ocrx_word' id='word_1_122' title='bbox 1634 1350 1942 1402; x_wconf 90' lang='lat' dir='ltr'>formatum</span> <span class='ocrx_word' id='word_1_123' title='bbox 1964 1349 2058 1402; x_wconf 49' lang='lat' dir='ltr'>ab.</span> 
     </span>
    </p>
   </div>
   <div class='ocr_carea' id='block_1_16' title="bbox 351 1437 2055 1514">
    <p class='ocr_par' dir='ltr' id='par_1_16' title="bbox 351 1437 2055 1514">
     <span class='ocr_line' id='line_1_16' title="bbox 351 1437 2055 1514; baseline -0.006 -15"><span class='ocrx_word' id='word_1_124' title='bbox 351 1445 534 1514; x_wconf 88' lang='lat' dir='ltr'>jiciat.</span> <span class='ocrx_word' id='word_1_125' title='bbox 569 1445 661 1498; x_wconf 86' lang='lat' dir='ltr'>Est</span> <span class='ocrx_word' id='word_1_126' title='bbox 689 1444 842 1497; x_wconf 92' lang='lat' dir='ltr'>enim</span> <span class='ocrx_word' id='word_1_127' title='bbox 867 1442 926 1496; x_wconf 93' lang='lat' dir='ltr'>in</span> <span class='ocrx_word' id='word_1_128' title='bbox 979 1441 1267 1512; x_wconf 82' lang='lat' dir='ltr'>aliquibus</span> <span class='ocrx_word' id='word_1_129' title='bbox 1322 1440 1634 1494; x_wconf 82' lang='lat' dir='ltr'>formatum</span> <span class='ocrx_word' id='word_1_130' title='bbox 1691 1437 1950 1502; x_wconf 87' lang='lat' dir='ltr'>verbum,</span> <span class='ocrx_word' id='word_1_131' title='bbox 1997 1437 2055 1490; x_wconf 89' lang='lat' dir='ltr'>in</span> 
     </span>
    </p>
   </div>
   <div class='ocr_carea' id='block_1_17' title="bbox 363 1527 2058 1601">
    <p class='ocr_par' dir='ltr' id='par_1_17' title="bbox 363 1527 2058 1601">
     <span class='ocr_line' id='line_1_17' title="bbox 363 1527 2058 1601; baseline -0.004 -17"><span class='ocrx_word' id='word_1_132' title='bbox 363 1531 648 1601; x_wconf 88' lang='lat' dir='ltr'>aliquibus</span> <span class='ocrx_word' id='word_1_133' title='bbox 681 1546 793 1583; x_wconf 92' lang='lat' dir='ltr'>non</span> <span class='ocrx_word' id='word_1_134' title='bbox 822 1530 1132 1582; x_wconf 87' lang='lat' dir='ltr'>formatum</span> <span class='ocrx_word' id='word_1_135' title='bbox 1159 1545 1172 1595; x_wconf 92' lang='lat'><strong>;</strong></span> <span class='ocrx_word' id='word_1_136' title='bbox 1202 1528 1351 1582; x_wconf 91' lang='lat' dir='ltr'>unde</span> <span class='ocrx_word' id='word_1_137' title='bbox 1377 1543 1388 1579; x_wconf 95' lang='lat'>:</span> <span class='ocrx_word' id='word_1_138' title='bbox 1415 1529 1582 1580; x_wconf 85' lang='lat' dir='ltr'>Donec</span> <span class='ocrx_word' id='word_1_139' title='bbox 1601 1527 1868 1591; x_wconf 80' lang='lat' dir='ltr'>formetur</span> <span class='ocrx_word' id='word_1_140' title='bbox 1891 1527 1948 1576; x_wconf 86' lang='lat' dir='ltr'>in</span> <span class='ocrx_word' id='word_1_141' title='bbox 1971 1539 2058 1578; x_wconf 81' lang='lat' dir='ltr'>vo—</span> 
     </span>
    </p>
   </div>
   <div class='ocr_carea' id='block_1_18' title="bbox 361 1613 2047 1690">
    <p class='ocr_par' dir='ltr' id='par_1_18' title="bbox 361 1613 2047 1690">
     <span class='ocr_line' id='line_1_18' title="bbox 361 1613 2047 1690; baseline -0.006 -14"><span class='ocrx_word' id='word_1_142' title='bbox 361 1623 440 1676; x_wconf 89' lang='lat' dir='ltr'>bis</span> <span class='ocrx_word' id='word_1_143' title='bbox 469 1623 715 1678; x_wconf 83' lang='lat' dir='ltr'>Christus</span> <span class='ocrx_word' id='word_1_144' title='bbox 747 1620 896 1690; x_wconf 86' lang='lat' dir='ltr'>(Gal.</span> <span class='ocrx_word' id='word_1_145' title='bbox 925 1621 997 1686; x_wconf 81' lang='lat' dir='ltr'>Iv)</span> <span class='ocrx_word' id='word_1_146' title='bbox 1024 1635 1036 1684; x_wconf 90' lang='lat'>;</span> <span class='ocrx_word' id='word_1_147' title='bbox 1072 1617 1324 1673; x_wconf 89' lang='lat' dir='ltr'>Christus</span> <span class='ocrx_word' id='word_1_148' title='bbox 1354 1615 1509 1669; x_wconf 91' lang='lat' dir='ltr'>enim</span> <span class='ocrx_word' id='word_1_149' title='bbox 1542 1620 1627 1668; x_wconf 89' lang='lat' dir='ltr'>est</span> <span class='ocrx_word' id='word_1_150' title='bbox 1657 1613 1895 1667; x_wconf 88' lang='lat' dir='ltr'>verbum</span> <span class='ocrx_word' id='word_1_151' title='bbox 1929 1613 2047 1667; x_wconf 90' lang='lat' dir='ltr'>Dei.</span> 
     </span>
    </p>
   </div>
   <div class='ocr_carea' id='block_1_19' title="bbox 2164 466 3880 536">
    <p class='ocr_par' dir='ltr' id='par_1_19' title="bbox 2164 466 3880 536">
     <span class='ocr_line' id='line_1_19' title="bbox 2164 466 3880 536; baseline 0.003 -16"><span class='ocrx_word' id='word_1_152' title='bbox 2164 467 2233 520; x_wconf 92' lang='lat' dir='ltr'>de</span> <span class='ocrx_word' id='word_1_153' title='bbox 2311 467 2556 521; x_wconf 89' lang='lat' dir='ltr'>Domino</span> <span class='ocrx_word' id='word_1_154' title='bbox 2607 466 2855 520; x_wconf 91' lang='lat' dir='ltr'>dicitur:</span> <span class='ocrx_word' id='word_1_155' title='bbox 2912 469 3102 522; x_wconf 85' lang='lat' dir='ltr'>Dentes</span> <span class='ocrx_word' id='word_1_156' title='bbox 3151 472 3489 536; x_wconf 76' lang='lat' dir='ltr'>peccatorum</span> <span class='ocrx_word' id='word_1_157' title='bbox 3567 471 3880 525; x_wconf 77' lang='lat' dir='ltr'>contrivisti</span> 
     </span>
    </p>
   </div>
   <div class='ocr_carea' id='block_1_20' title="bbox 2166 555 3875 626">
    <p class='ocr_par' dir='ltr' id='par_1_20' title="bbox 2166 555 3875 626">
     <span class='ocr_line' id='line_1_20' title="bbox 2166 555 3875 626; baseline 0.001 -16"><span class='ocrx_word' id='word_1_158' title='bbox 2166 556 2296 626; x_wconf 88' lang='lat' dir='ltr'>(Psl.</span> <span class='ocrx_word' id='word_1_159' title='bbox 2331 556 2429 625; x_wconf 84' lang='lat' dir='ltr'>Ill).</span> <span class='ocrx_word' id='word_1_160' title='bbox 2483 555 2547 610; x_wconf 87' lang='lat' dir='ltr'>Et</span> <span class='ocrx_word' id='word_1_161' title='bbox 2595 555 2776 608; x_wconf 83' lang='lat' dir='ltr'>alibi:</span> <span class='ocrx_word' id='word_1_162' title='bbox 2831 556 3002 610; x_wconf 82' lang='lat' dir='ltr'>Melas</span> <span class='ocrx_word' id='word_1_163' title='bbox 3057 556 3268 609; x_wconf 90' lang='lat' dir='ltr'>leonum</span> <span class='ocrx_word' id='word_1_164' title='bbox 3321 558 3633 622; x_wconf 68' lang='lat' dir='ltr'>confringet</span> <span class='ocrx_word' id='word_1_165' title='bbox 3689 560 3875 612; x_wconf 85' lang='lat' dir='ltr'>Domi—</span> 
     </span>
    </p>
   </div>
   <div class='ocr_carea' id='block_1_21' title="bbox 2163 643 3873 714">
    <p class='ocr_par' dir='ltr' id='par_1_21' title="bbox 2163 643 3873 714">
     <span class='ocr_line' id='line_1_21' title="bbox 2163 643 3873 714; baseline 0.002 -16"><span class='ocrx_word' id='word_1_166' title='bbox 2163 659 2264 699; x_wconf 87' lang='lat' dir='ltr'>nus</span> <span class='ocrx_word' id='word_1_167' title='bbox 2295 643 2464 714; x_wconf 88' lang='lat' dir='ltr'>(Psal.</span> <span class='ocrx_word' id='word_1_168' title='bbox 2493 645 2650 712; x_wconf 86' lang='lat' dir='ltr'>Lvu.)</span> <span class='ocrx_word' id='word_1_169' title='bbox 2682 643 2771 698; x_wconf 89' lang='lat' dir='ltr'>Sic</span> <span class='ocrx_word' id='word_1_170' title='bbox 2818 659 2956 713; x_wconf 91' lang='lat' dir='ltr'>ergo</span> <span class='ocrx_word' id='word_1_171' title='bbox 3009 659 3116 713; x_wconf 89' lang='lat' dir='ltr'>per</span> <span class='ocrx_word' id='word_1_172' title='bbox 3166 643 3427 698; x_wconf 90' lang='lat' dir='ltr'>membra</span> <span class='ocrx_word' id='word_1_173' title='bbox 3484 645 3694 699; x_wconf 90' lang='lat' dir='ltr'>dicitur</span> <span class='ocrx_word' id='word_1_174' title='bbox 3741 647 3873 701; x_wconf 79' lang='lat' dir='ltr'>laedi</span> 
     </span>
    </p>
   </div>
   <div class='ocr_carea' id='block_1_22' title="bbox 2164 732 3865 804">
    <p class='ocr_par' dir='ltr' id='par_1_22' title="bbox 2164 732 3865 804">
     <span class='ocr_line' id='line_1_22' title="bbox 2164 732 3865 804; baseline 0.002 -18"><span class='ocrx_word' id='word_1_175' title='bbox 2164 732 2358 787; x_wconf 89' lang='lat' dir='ltr'>anima</span> <span class='ocrx_word' id='word_1_176' title='bbox 2386 737 2442 787; x_wconf 88' lang='lat' dir='ltr'>et</span> <span class='ocrx_word' id='word_1_177' title='bbox 2471 732 2711 802; x_wconf 91' lang='lat' dir='ltr'>percuti.</span> <span class='ocrx_word' id='word_1_178' title='bbox 2738 732 2964 786; x_wconf 90' lang='lat' dir='ltr'>Manum</span> <span class='ocrx_word' id='word_1_179' title='bbox 2984 747 3215 804; x_wconf 87' lang='lat' dir='ltr'>quoque</span> <span class='ocrx_word' id='word_1_180' title='bbox 3237 748 3340 804; x_wconf 91' lang='lat' dir='ltr'>pro</span> <span class='ocrx_word' id='word_1_181' title='bbox 3363 749 3559 799; x_wconf 89' lang='lat' dir='ltr'>manu,</span> <span class='ocrx_word' id='word_1_182' title='bbox 3582 739 3637 787; x_wconf 89' lang='lat' dir='ltr'>et</span> <span class='ocrx_word' id='word_1_183' title='bbox 3663 735 3865 803; x_wconf 86' lang='lat' dir='ltr'>pedem</span> 
     </span>
    </p>
   </div>
   <div class='ocr_carea' id='block_1_23' title="bbox 2166 820 3868 893">
    <p class='ocr_par' dir='ltr' id='par_1_23' title="bbox 2166 820 3868 893">
     <span class='ocr_line' id='line_1_23' title="bbox 2166 820 3868 893; baseline 0.002 -19"><span class='ocrx_word' id='word_1_184' title='bbox 2166 837 2270 890; x_wconf 88' lang='lat' dir='ltr'>pro</span> <span class='ocrx_word' id='word_1_185' title='bbox 2295 821 2440 891; x_wconf 90' lang='lat' dir='ltr'>pede</span> <span class='ocrx_word' id='word_1_186' title='bbox 2482 820 2757 892; x_wconf 89' lang='lat' dir='ltr'>deposcit.</span> <span class='ocrx_word' id='word_1_187' title='bbox 2784 821 2980 874; x_wconf 86' lang='lat' dir='ltr'>Manus</span> <span class='ocrx_word' id='word_1_188' title='bbox 3018 820 3246 887; x_wconf 88' lang='lat' dir='ltr'>animae,</span> <span class='ocrx_word' id='word_1_189' title='bbox 3296 821 3474 875; x_wconf 87' lang='lat' dir='ltr'>virtus</span> <span class='ocrx_word' id='word_1_190' title='bbox 3521 838 3634 893; x_wconf 85' lang='lat' dir='ltr'>qua</span> <span class='ocrx_word' id='word_1_191' title='bbox 3672 829 3868 877; x_wconf 88' lang='lat' dir='ltr'>tenere</span> 
     </span>
    </p>
   </div>
   <div class='ocr_carea' id='block_1_24' title="bbox 2165 909 3864 980">
    <p class='ocr_par' dir='ltr' id='par_1_24' title="bbox 2165 909 3864 980">
     <span class='ocr_line' id='line_1_24' title="bbox 2165 909 3864 980; baseline 0.002 -17"><span class='ocrx_word' id='word_1_192' title='bbox 2165 910 2386 980; x_wconf 90' lang='lat' dir='ltr'>aliquid</span> <span class='ocrx_word' id='word_1_193' title='bbox 2417 913 2474 964; x_wconf 89' lang='lat' dir='ltr'>et</span> <span class='ocrx_word' id='word_1_194' title='bbox 2505 925 2604 964; x_wconf 93' lang='lat' dir='ltr'>cor</span> <span class='ocrx_word' id='word_1_195' title='bbox 2633 909 2912 979; x_wconf 81' lang='lat' dir='ltr'>stringere</span> <span class='ocrx_word' id='word_1_196' title='bbox 2943 913 3150 980; x_wconf 89' lang='lat' dir='ltr'>potest,</span> <span class='ocrx_word' id='word_1_197' title='bbox 3180 914 3242 964; x_wconf 90' lang='lat' dir='ltr'>ut</span> <span class='ocrx_word' id='word_1_198' title='bbox 3284 915 3445 964; x_wconf 90' lang='lat' dir='ltr'>actus</span> <span class='ocrx_word' id='word_1_199' title='bbox 3483 911 3605 980; x_wconf 89' lang='lat' dir='ltr'>ejus</span> <span class='ocrx_word' id='word_1_200' title='bbox 3653 917 3706 966; x_wconf 89' lang='lat' dir='ltr'>et</span> <span class='ocrx_word' id='word_1_201' title='bbox 3748 913 3864 966; x_wconf 90' lang='lat' dir='ltr'>for-</span> 
     </span>
    </p>
   </div>
   <div class='ocr_carea' id='block_1_25' title="bbox 2167 997 3868 1069">
    <p class='ocr_par' dir='ltr' id='par_1_25' title="bbox 2167 997 3868 1069">
     <span class='ocr_line' id='line_1_25' title="bbox 2167 997 3868 1069; baseline 0.001 -18"><span class='ocrx_word' id='word_1_202' title='bbox 2167 997 2393 1067; x_wconf 87' lang='lat' dir='ltr'>titudo;</span> <span class='ocrx_word' id='word_1_203' title='bbox 2427 1002 2483 1052; x_wconf 92' lang='lat' dir='ltr'>et</span> <span class='ocrx_word' id='word_1_204' title='bbox 2506 1014 2605 1068; x_wconf 86' lang='lat' dir='ltr'>pes</span> <span class='ocrx_word' id='word_1_205' title='bbox 2639 1014 2753 1069; x_wconf 91' lang='lat' dir='ltr'>quo</span> <span class='ocrx_word' id='word_1_206' title='bbox 2786 997 3001 1052; x_wconf 89' lang='lat' dir='ltr'>incedit</span> <span class='ocrx_word' id='word_1_207' title='bbox 3033 998 3103 1052; x_wconf 92' lang='lat' dir='ltr'>ad</span> <span class='ocrx_word' id='word_1_208' title='bbox 3134 999 3286 1053; x_wconf 90' lang='lat' dir='ltr'>bona</span> <span class='ocrx_word' id='word_1_209' title='bbox 3315 1000 3400 1052; x_wconf 91' lang='lat' dir='ltr'>vel</span> <span class='ocrx_word' id='word_1_210' title='bbox 3433 999 3502 1052; x_wconf 90' lang='lat' dir='ltr'>ad</span> <span class='ocrx_word' id='word_1_211' title='bbox 3535 1001 3701 1054; x_wconf 88' lang='lat' dir='ltr'>mala.</span> <span class='ocrx_word' id='word_1_212' title='bbox 3725 1000 3868 1064; x_wconf 83' lang='lat' dir='ltr'>Quia</span> 
     </span>
    </p>
   </div>
   <div class='ocr_carea' id='block_1_26' title="bbox 2168 1085 3868 1155">
    <p class='ocr_par' dir='ltr' id='par_1_26' title="bbox 2168 1085 3868 1155">
     <span class='ocr_line' id='line_1_26' title="bbox 2168 1085 3868 1155; baseline 0.002 -17"><span class='ocrx_word' id='word_1_213' title='bbox 2168 1101 2304 1155; x_wconf 88' lang='lat' dir='ltr'>ergo</span> <span class='ocrx_word' id='word_1_214' title='bbox 2336 1086 2714 1140; x_wconf 89' lang='lat' dir='ltr'>scandalizata</span> <span class='ocrx_word' id='word_1_215' title='bbox 2747 1085 2942 1140; x_wconf 90' lang='lat' dir='ltr'>anima</span> <span class='ocrx_word' id='word_1_216' title='bbox 2971 1102 3087 1141; x_wconf 92' lang='lat' dir='ltr'>non</span> <span class='ocrx_word' id='word_1_217' title='bbox 3117 1088 3303 1141; x_wconf 91' lang='lat' dir='ltr'>solum</span> <span class='ocrx_word' id='word_1_218' title='bbox 3336 1087 3396 1142; x_wconf 91' lang='lat' dir='ltr'>in</span> <span class='ocrx_word' id='word_1_219' title='bbox 3427 1088 3540 1142; x_wconf 83' lang='lat' dir='ltr'>tide</span> <span class='ocrx_word' id='word_1_220' title='bbox 3570 1089 3670 1142; x_wconf 86' lang='lat' dir='ltr'>sed</span> <span class='ocrx_word' id='word_1_221' title='bbox 3693 1089 3868 1142; x_wconf 89' lang='lat' dir='ltr'>etiam</span> 
     </span>
    </p>
   </div>
   <div class='ocr_carea' id='block_1_27' title="bbox 2167 1173 3864 1246">
    <p class='ocr_par' dir='ltr' id='par_1_27' title="bbox 2167 1173 3864 1246">
     <span class='ocr_line' id='line_1_27' title="bbox 2167 1173 3864 1246; baseline 0.002 -19"><span class='ocrx_word' id='word_1_222' title='bbox 2167 1173 2227 1226; x_wconf 93' lang='lat' dir='ltr'>in</span> <span class='ocrx_word' id='word_1_223' title='bbox 2259 1174 2476 1228; x_wconf 89' lang='lat' dir='ltr'>actibus</span> <span class='ocrx_word' id='word_1_224' title='bbox 2532 1174 2816 1244; x_wconf 90' lang='lat' dir='ltr'>dejicitur,</span> <span class='ocrx_word' id='word_1_225' title='bbox 2880 1175 2981 1246; x_wconf 86' lang='lat' dir='ltr'>qui</span> <span class='ocrx_word' id='word_1_226' title='bbox 3033 1192 3137 1246; x_wconf 90' lang='lat' dir='ltr'>per</span> <span class='ocrx_word' id='word_1_227' title='bbox 3191 1192 3394 1230; x_wconf 89' lang='lat' dir='ltr'>manus</span> <span class='ocrx_word' id='word_1_228' title='bbox 3442 1176 3864 1246; x_wconf 82' lang='lat' dir='ltr'>signiﬁcantur,</span> 
     </span>
    </p>
   </div>
   <div class='ocr_carea' id='block_1_28' title="bbox 2170 1263 3860 1336">
    <p class='ocr_par' dir='ltr' id='par_1_28' title="bbox 2170 1263 3860 1336">
     <span class='ocr_line' id='line_1_28' title="bbox 2170 1263 3860 1336; baseline 0.001 -20"><span class='ocrx_word' id='word_1_229' title='bbox 2170 1278 2372 1316; x_wconf 89' lang='lat' dir='ltr'>manus</span> <span class='ocrx_word' id='word_1_230' title='bbox 2411 1263 2752 1316; x_wconf 90' lang='lat' dir='ltr'>auferuntur</span> <span class='ocrx_word' id='word_1_231' title='bbox 2783 1263 2958 1332; x_wconf 90' lang='lat' dir='ltr'>illius,</span> <span class='ocrx_word' id='word_1_232' title='bbox 2992 1264 3202 1335; x_wconf 89' lang='lat' dir='ltr'>quibus</span> <span class='ocrx_word' id='word_1_233' title='bbox 3232 1281 3348 1319; x_wconf 92' lang='lat' dir='ltr'>non</span> <span class='ocrx_word' id='word_1_234' title='bbox 3378 1265 3522 1319; x_wconf 89' lang='lat' dir='ltr'>bene</span> <span class='ocrx_word' id='word_1_235' title='bbox 3569 1270 3860 1336; x_wconf 87' lang='lat' dir='ltr'>operatur,</span> 
     </span>
    </p>
   </div>
   <div class='ocr_carea' id='block_1_29' title="bbox 2169 1351 3861 1423">
    <p class='ocr_par' dir='ltr' id='par_1_29' title="bbox 2169 1351 3861 1423">
     <span class='ocr_line' id='line_1_29' title="bbox 2169 1351 3861 1423; baseline 0.001 -19"><span class='ocrx_word' id='word_1_236' title='bbox 2169 1356 2225 1404; x_wconf 90' lang='lat' dir='ltr'>et</span> <span class='ocrx_word' id='word_1_237' title='bbox 2253 1351 2443 1421; x_wconf 88' lang='lat' dir='ltr'>pedes,</span> <span class='ocrx_word' id='word_1_238' title='bbox 2478 1351 2687 1422; x_wconf 87' lang='lat' dir='ltr'>quibus</span> <span class='ocrx_word' id='word_1_239' title='bbox 2728 1367 2845 1405; x_wconf 91' lang='lat' dir='ltr'>non</span> <span class='ocrx_word' id='word_1_240' title='bbox 2895 1352 3042 1406; x_wconf 89' lang='lat' dir='ltr'>bene</span> <span class='ocrx_word' id='word_1_241' title='bbox 3096 1352 3329 1406; x_wconf 89' lang='lat' dir='ltr'>incedit.</span> <span class='ocrx_word' id='word_1_242' title='bbox 3391 1353 3646 1423; x_wconf 83' lang='lat' dir='ltr'>Recipiet</span> <span class='ocrx_word' id='word_1_243' title='bbox 3689 1353 3861 1407; x_wconf 86' lang='lat' dir='ltr'>etiam</span> 
     </span>
    </p>
   </div>
   <div class='ocr_carea' id='block_1_30' title="bbox 2168 1439 3865 1510">
    <p class='ocr_par' dir='ltr' id='par_1_30' title="bbox 2168 1439 3865 1510">
     <span class='ocr_line' id='line_1_30' title="bbox 2168 1439 3865 1510; baseline 0.002 -19"><span class='ocrx_word' id='word_1_244' title='bbox 2168 1439 2616 1502; x_wconf 87' lang='lat' dir='ltr'>combusturam,</span> <span class='ocrx_word' id='word_1_245' title='bbox 2649 1439 2785 1509; x_wconf 83' lang='lat' dir='ltr'>quia</span> <span class='ocrx_word' id='word_1_246' title='bbox 2842 1440 3154 1494; x_wconf 84' lang='lat' dir='ltr'>combussit</span> <span class='ocrx_word' id='word_1_247' title='bbox 3209 1443 3264 1493; x_wconf 92' lang='lat' dir='ltr'>et</span> <span class='ocrx_word' id='word_1_248' title='bbox 3308 1439 3582 1510; x_wconf 74' lang='lat' dir='ltr'>gehennae.</span> <span class='ocrx_word' id='word_1_249' title='bbox 3626 1441 3865 1495; x_wconf 87' lang='lat' dir='ltr'>tradidit</span> 
     </span>
    </p>
   </div>
   <div class='ocr_carea' id='block_1_31' title="bbox 2169 1525 3864 1599">
    <p class='ocr_par' dir='ltr' id='par_1_31' title="bbox 2169 1525 3864 1599">
     <span class='ocr_line' id='line_1_31' title="bbox 2169 1525 3864 1599; baseline 0.002 -20"><span class='ocrx_word' id='word_1_250' title='bbox 2169 1525 2441 1581; x_wconf 86' lang='lat' dir='ltr'>animam.</span> <span class='ocrx_word' id='word_1_251' title='bbox 2487 1529 2592 1581; x_wconf 91' lang='lat' dir='ltr'>Per</span> <span class='ocrx_word' id='word_1_252' title='bbox 2644 1527 2870 1597; x_wconf 86' lang='lat' dir='ltr'>singula</span> <span class='ocrx_word' id='word_1_253' title='bbox 2898 1529 3022 1581; x_wconf 61' lang='lat' dir='ltr'>hinc</span> <span class='ocrx_word' id='word_1_254' title='bbox 3066 1529 3407 1598; x_wconf 88' lang='lat' dir='ltr'>ostenditur,</span> <span class='ocrx_word' id='word_1_255' title='bbox 3441 1534 3504 1582; x_wconf 89' lang='lat' dir='ltr'>ut</span> <span class='ocrx_word' id='word_1_256' title='bbox 3542 1545 3864 1599; x_wconf 87' lang='lat' dir='ltr'>percussor,</span> 
     </span>
    </p>
   </div>
   <div class='ocr_carea' id='block_1_32' title="bbox 2169 1614 3863 1688">
    <p class='ocr_par' dir='ltr' id='par_1_32' title="bbox 2169 1614 3863 1688">
     <span class='ocr_line' id='line_1_32' title="bbox 2169 1614 3863 1688; baseline 0.003 -21"><span class='ocrx_word' id='word_1_257' title='bbox 2169 1615 2446 1668; x_wconf 81' lang='lat' dir='ltr'>truncatis</span> <span class='ocrx_word' id='word_1_258' title='bbox 2473 1614 2742 1669; x_wconf 90' lang='lat' dir='ltr'>omnibus</span> <span class='ocrx_word' id='word_1_259' title='bbox 2771 1615 3061 1682; x_wconf 88' lang='lat' dir='ltr'>membris,</span> <span class='ocrx_word' id='word_1_260' title='bbox 3095 1632 3129 1670; x_wconf 91' lang='lat' dir='ltr'>a</span> <span class='ocrx_word' id='word_1_261' title='bbox 3157 1632 3391 1688; x_wconf 90' lang='lat' dir='ltr'>corpore</span> <span class='ocrx_word' id='word_1_262' title='bbox 3423 1617 3683 1672; x_wconf 64' lang='lat' dir='ltr'>Ecclesia:</span> <span class='ocrx_word' id='word_1_263' title='bbox 3714 1619 3863 1672; x_wconf 83' lang='lat' dir='ltr'>exci-</span> 
     </span>
    </p>
   </div>
   <div class='ocr_carea' id='block_1_33' title="bbox 362 1685 3860 1778">
    <p class='ocr_par' dir='ltr' id='par_1_33' title="bbox 362 1685 3860 1778">
     <span class='ocr_line' id='line_1_33' title="bbox 362 1685 3860 1778; baseline -0.001 -13"><span class='ocrx_word' id='word_1_264' title='bbox 362 1711 645 1766; x_wconf 87' lang='lat' dir='ltr'>Damnum</span> <span class='ocrx_word' id='word_1_265' title='bbox 677 1685 813 1778; x_wconf 84' lang='lat' dir='ltr'>ergo</span> <span class='ocrx_word' id='word_1_266' title='bbox 845 1685 1107 1778; x_wconf 90' lang='lat' dir='ltr'>patietur,</span> <span class='ocrx_word' id='word_1_267' title='bbox 1141 1705 1240 1776; x_wconf 91' lang='lat' dir='ltr'>qui</span> <span class='ocrx_word' id='word_1_268' title='bbox 1268 1703 1528 1758; x_wconf 83' lang='lat' dir='ltr'>excussit.</span> <span class='ocrx_word' id='word_1_269' title='bbox 1565 1704 1641 1757; x_wconf 90' lang='lat' dir='ltr'>De</span> <span class='ocrx_word' id='word_1_270' title='bbox 1664 1702 1885 1756; x_wconf 88' lang='lat' dir='ltr'>damnis</span> <span class='ocrx_word' id='word_1_271' title='bbox 1910 1717 2047 1772; x_wconf 89' lang='lat' dir='ltr'>ergo</span> <span class='ocrx_word' id='word_1_272' title='bbox 2085 1685 2125 1740; x_wconf 79' lang='lat' dir='ltr'>B</span> <span class='ocrx_word' id='word_1_273' title='bbox 2163 1703 2350 1768; x_wconf 90' lang='lat' dir='ltr'>datur,</span> <span class='ocrx_word' id='word_1_274' title='bbox 2382 1707 2447 1757; x_wconf 90' lang='lat' dir='ltr'>ut</span> <span class='ocrx_word' id='word_1_275' title='bbox 2477 1703 2668 1758; x_wconf 65' lang='lat' dir='ltr'>caeteri</span> <span class='ocrx_word' id='word_1_276' title='bbox 2699 1703 2951 1759; x_wconf 89' lang='lat' dir='ltr'>videntes</span> <span class='ocrx_word' id='word_1_277' title='bbox 2982 1685 3274 1760; x_wconf 39' lang='lat' dir='ltr'>timorem-</span> <span class='ocrx_word' id='word_1_278' title='bbox 3310 1705 3576 1772; x_wconf 88' lang='lat' dir='ltr'>habeant,</span> <span class='ocrx_word' id='word_1_279' title='bbox 3629 1711 3686 1760; x_wconf 90' lang='lat' dir='ltr'>et</span> <span class='ocrx_word' id='word_1_280' title='bbox 3740 1723 3860 1760; x_wconf 90' lang='lat' dir='ltr'>non</span> 
     </span>
    </p>
   </div>
   <div class='ocr_carea' id='block_1_34' title="bbox 363 1790 2053 1864">
    <p class='ocr_par' dir='ltr' id='par_1_34' title="bbox 363 1790 2053 1864">
     <span class='ocr_line' id='line_1_34' title="bbox 363 1790 2053 1864; baseline -0.005 -13"><span class='ocrx_word' id='word_1_281' title='bbox 363 1797 652 1852; x_wconf 91' lang='lat' dir='ltr'>doctorem</span> <span class='ocrx_word' id='word_1_282' title='bbox 681 1795 815 1850; x_wconf 88' lang='lat' dir='ltr'>dicit</span> <span class='ocrx_word' id='word_1_283' title='bbox 845 1795 1142 1864; x_wconf 77' lang='lat' dir='ltr'>Apostolus</span> <span class='ocrx_word' id='word_1_284' title='bbox 1172 1795 1194 1847; x_wconf 94' lang='grc' dir='ltr'><strong>Ι</strong></span> <span class='ocrx_word' id='word_1_285' title='bbox 1223 1793 1347 1848; x_wconf 91' lang='lat' dir='ltr'>Cor.</span> <span class='ocrx_word' id='word_1_286' title='bbox 1381 1808 1440 1846; x_wconf 85' lang='grc' dir='ltr'>ιιι</span> <span class='ocrx_word' id='word_1_287' title='bbox 1475 1808 1488 1846; x_wconf 91' lang='lat'><strong>:</strong></span> <span class='ocrx_word' id='word_1_288' title='bbox 1525 1792 1586 1847; x_wconf 97' lang='lat' dir='ltr'>Si</span> <span class='ocrx_word' id='word_1_289' title='bbox 1613 1790 1768 1858; x_wconf 87' lang='lat' dir='ltr'>cujus</span> <span class='ocrx_word' id='word_1_290' title='bbox 1798 1805 1930 1858; x_wconf 89' lang='lat' dir='ltr'>opus</span> <span class='ocrx_word' id='word_1_291' title='bbox 1962 1805 2053 1843; x_wconf 88' lang='lat' dir='ltr'>ar-</span> 
     </span>
    </p>
   </div>
   <div class='ocr_carea' id='block_1_35' title="bbox 359 1876 2056 1951">
    <p class='ocr_par' dir='ltr' id='par_1_35' title="bbox 359 1876 2056 1951">
     <span class='ocr_line' id='line_1_35' title="bbox 359 1876 2056 1951; baseline -0.006 -13"><span class='ocrx_word' id='word_1_292' title='bbox 359 1887 494 1938; x_wconf 85' lang='lat' dir='ltr'>serit</span> <span class='ocrx_word' id='word_1_293' title='bbox 522 1883 780 1937; x_wconf 84' lang='lat' dir='ltr'>damnum</span> <span class='ocrx_word' id='word_1_294' title='bbox 815 1883 1078 1951; x_wconf 86' lang='lat' dir='ltr'>patietur,</span> <span class='ocrx_word' id='word_1_295' title='bbox 1117 1885 1223 1934; x_wconf 92' lang='lat' dir='ltr'>etc.</span> <span class='ocrx_word' id='word_1_296' title='bbox 1258 1881 1324 1932; x_wconf 88' lang='lat' dir='ltr'>Et</span> <span class='ocrx_word' id='word_1_297' title='bbox 1351 1878 1469 1948; x_wconf 88' lang='lat' dir='ltr'>ipse</span> <span class='ocrx_word' id='word_1_298' title='bbox 1503 1877 1777 1931; x_wconf 91' lang='lat' dir='ltr'>Dominus</span> <span class='ocrx_word' id='word_1_299' title='bbox 1800 1876 1858 1929; x_wconf 91' lang='lat' dir='ltr'>in</span> <span class='ocrx_word' id='word_1_300' title='bbox 1883 1877 2056 1930; x_wconf 87' lang='lat' dir='ltr'>Evan-</span> 
     </span>
    </p>
   </div>
   <div class='ocr_carea' id='block_1_36' title="bbox 361 1965 2054 2040">
    <p class='ocr_par' dir='ltr' id='par_1_36' title="bbox 361 1965 2054 2040">
     <span class='ocr_line' id='line_1_36' title="bbox 361 1965 2054 2040; baseline -0.005 -15"><span class='ocrx_word' id='word_1_301' title='bbox 361 1971 534 2040; x_wconf 88' lang='lat' dir='ltr'>gelio,</span> <span class='ocrx_word' id='word_1_302' title='bbox 568 1969 758 2025; x_wconf 84' lang='lat' dir='ltr'>Matth.</span> <span class='ocrx_word' id='word_1_303' title='bbox 812 1985 902 2023; x_wconf 79' lang='lat' dir='ltr'>xvi</span> <span class='ocrx_word' id='word_1_304' title='bbox 935 1985 948 2022; x_wconf 91' lang='lat'><strong>:</strong></span> <span class='ocrx_word' id='word_1_305' title='bbox 983 1968 1124 2039; x_wconf 82' lang='lat' dir='ltr'>Quid</span> <span class='ocrx_word' id='word_1_306' title='bbox 1153 1965 1386 2036; x_wconf 78' lang='lat' dir='ltr'>prodest]</span> <span class='ocrx_word' id='word_1_307' title='bbox 1414 1966 1618 2019; x_wconf 84' lang='lat' dir='ltr'>homini</span> <span class='ocrx_word' id='word_1_308' title='bbox 1650 1966 1700 2020; x_wconf 91' lang='lat' dir='ltr'>si</span> <span class='ocrx_word' id='word_1_309' title='bbox 1746 1965 2054 2017; x_wconf 88' lang='lat' dir='ltr'>universum</span> 
     </span>
    </p>
   </div>
   <div class='ocr_carea' id='block_1_37' title="bbox 356 2049 2052 2121">
    <p class='ocr_par' dir='ltr' id='par_1_37' title="bbox 356 2049 2052 2121">
     <span class='ocr_line' id='line_1_37' title="bbox 356 2049 2052 2121; baseline -0.005 -11"><span class='ocrx_word' id='word_1_310' title='bbox 356 2056 617 2110; x_wconf 85' lang='lat' dir='ltr'>mundum</span> <span class='ocrx_word' id='word_1_311' title='bbox 647 2055 902 2119; x_wconf 88' lang='lat' dir='ltr'>lucretur,</span> <span class='ocrx_word' id='word_1_312' title='bbox 935 2056 1174 2108; x_wconf 88' lang='lat' dir='ltr'>animam</span> <span class='ocrx_word' id='word_1_313' title='bbox 1202 2058 1380 2106; x_wconf 89' lang='lat' dir='ltr'>autem</span> <span class='ocrx_word' id='word_1_314' title='bbox 1404 2065 1560 2106; x_wconf 90' lang='lat' dir='ltr'>suam</span> <span class='ocrx_word' id='word_1_315' title='bbox 1595 2050 1836 2121; x_wconf 85' lang='lat' dir='ltr'>perdat?</span> <span class='ocrx_word' id='word_1_316' title='bbox 1890 2049 2052 2104; x_wconf 91' lang='lat' dir='ltr'>Unde</span> 
     </span>
    </p>
   </div>
   <div class='ocr_carea' id='block_1_38' title="bbox 359 2138 2050 2211">
    <p class='ocr_par' dir='ltr' id='par_1_38' title="bbox 359 2138 2050 2211">
     <span class='ocr_line' id='line_1_38' title="bbox 359 2138 2050 2211; baseline -0.005 -15"><span class='ocrx_word' id='word_1_317' title='bbox 359 2142 584 2197; x_wconf 89' lang='lat' dir='ltr'>videtur</span> <span class='ocrx_word' id='word_1_318' title='bbox 610 2142 832 2196; x_wconf 88' lang='lat' dir='ltr'>ostendi</span> <span class='ocrx_word' id='word_1_319' title='bbox 870 2140 1020 2211; x_wconf 91' lang='lat' dir='ltr'>quod</span> <span class='ocrx_word' id='word_1_320' title='bbox 1063 2140 1324 2210; x_wconf 62' lang='lat' dir='ltr'>quaedam</span> <span class='ocrx_word' id='word_1_321' title='bbox 1372 2144 1602 2210; x_wconf 87' lang='lat' dir='ltr'>peccata</span> <span class='ocrx_word' id='word_1_322' title='bbox 1655 2138 1724 2192; x_wconf 91' lang='lat' dir='ltr'>ad</span> <span class='ocrx_word' id='word_1_323' title='bbox 1777 2139 2050 2192; x_wconf 89' lang='lat' dir='ltr'>damnum</span> 
     </span>
    </p>
   </div>
   <div class='ocr_carea' id='block_1_39' title="bbox 360 2226 2052 2303">
    <p class='ocr_par' dir='ltr' id='par_1_39' title="bbox 360 2226 2052 2303">
     <span class='ocr_line' id='line_1_39' title="bbox 360 2226 2052 2303; baseline -0.005 -17"><span class='ocrx_word' id='word_1_324' title='bbox 360 2231 670 2303; x_wconf 89' lang='lat' dir='ltr'>pertinent,</span> <span class='ocrx_word' id='word_1_325' title='bbox 699 2246 812 2284; x_wconf 91' lang='lat' dir='ltr'>non</span> <span class='ocrx_word' id='word_1_326' title='bbox 850 2235 1041 2284; x_wconf 89' lang='lat' dir='ltr'>tamen</span> <span class='ocrx_word' id='word_1_327' title='bbox 1089 2229 1157 2283; x_wconf 91' lang='lat' dir='ltr'>ad</span> <span class='ocrx_word' id='word_1_328' title='bbox 1203 2228 1519 2288; x_wconf 88' lang='lat' dir='ltr'>interitum,</span> <span class='ocrx_word' id='word_1_329' title='bbox 1571 2226 1708 2298; x_wconf 86' lang='lat' dir='ltr'>quia</span> <span class='ocrx_word' id='word_1_330' title='bbox 1754 2226 1853 2297; x_wconf 90' lang='lat' dir='ltr'>qui</span> <span class='ocrx_word' id='word_1_331' title='bbox 1894 2226 2052 2280; x_wconf 91' lang='lat' dir='ltr'>dam-</span> 
     </span>
    </p>
   </div>
   <div class='ocr_carea' id='block_1_40' title="bbox 360 2314 2050 2390">
    <p class='ocr_par' dir='ltr' id='par_1_40' title="bbox 360 2314 2050 2390">
     <span class='ocr_line' id='line_1_40' title="bbox 360 2314 2050 2390; baseline -0.004 -16"><span class='ocrx_word' id='word_1_332' title='bbox 360 2335 502 2374; x_wconf 90' lang='lat' dir='ltr'>num</span> <span class='ocrx_word' id='word_1_333' title='bbox 532 2335 732 2390; x_wconf 84' lang='lat' dir='ltr'>passus</span> <span class='ocrx_word' id='word_1_334' title='bbox 761 2317 952 2382; x_wconf 90' lang='lat' dir='ltr'>fuerit,</span> <span class='ocrx_word' id='word_1_335' title='bbox 987 2317 1192 2370; x_wconf 88' lang='lat' dir='ltr'>salvari</span> <span class='ocrx_word' id='word_1_336' title='bbox 1221 2316 1447 2382; x_wconf 92' lang='lat' dir='ltr'>dicitur,</span> <span class='ocrx_word' id='word_1_337' title='bbox 1495 2315 1626 2369; x_wconf 89' lang='lat' dir='ltr'>licet</span> <span class='ocrx_word' id='word_1_338' title='bbox 1667 2331 1770 2384; x_wconf 92' lang='lat' dir='ltr'>per</span> <span class='ocrx_word' id='word_1_339' title='bbox 1811 2314 2004 2385; x_wconf 85' lang='lat' dir='ltr'>ignem</span> <span class='ocrx_word' id='word_1_340' title='bbox 2036 2329 2050 2367; x_wconf 71' lang='grc' dir='ltr'>ε</span> 
     </span>
    </p>
   </div>
   <div class='ocr_carea' id='block_1_41' title="bbox 360 2403 2054 2476">
    <p class='ocr_par' dir='ltr' id='par_1_41' title="bbox 360 2403 2054 2476">
     <span class='ocr_line' id='line_1_41' title="bbox 360 2403 2054 2476; baseline -0.004 -14"><span class='ocrx_word' id='word_1_341' title='bbox 360 2409 511 2462; x_wconf 91' lang='lat' dir='ltr'>unde</span> <span class='ocrx_word' id='word_1_342' title='bbox 535 2409 779 2462; x_wconf 86' lang='lat' dir='ltr'>Joannes</span> <span class='ocrx_word' id='word_1_343' title='bbox 811 2406 950 2460; x_wconf 89' lang='lat' dir='ltr'>dicit</span> <span class='ocrx_word' id='word_1_344' title='bbox 978 2405 1239 2476; x_wconf 66' lang='lat' dir='ltr'>quaedam</span> <span class='ocrx_word' id='word_1_345' title='bbox 1266 2408 1494 2475; x_wconf 87' lang='lat' dir='ltr'>peccata</span> <span class='ocrx_word' id='word_1_346' title='bbox 1524 2420 1644 2457; x_wconf 90' lang='lat' dir='ltr'>esse</span> <span class='ocrx_word' id='word_1_347' title='bbox 1676 2403 1745 2456; x_wconf 88' lang='lat' dir='ltr'>ad</span> <span class='ocrx_word' id='word_1_348' title='bbox 1791 2410 2054 2472; x_wconf 86' lang='lat' dir='ltr'>mortem,</span> 
     </span>
    </p>
   </div>
   <div class='ocr_carea' id='block_1_42' title="bbox 361 2491 2049 2569">
    <p class='ocr_par' dir='ltr' id='par_1_42' title="bbox 361 2491 2049 2569">
     <span class='ocr_line' id='line_1_42' title="bbox 361 2491 2049 2569; baseline -0.005 -18"><span class='ocrx_word' id='word_1_349' title='bbox 361 2497 628 2569; x_wconf 75' lang='lat' dir='ltr'>quaedam</span> <span class='ocrx_word' id='word_1_350' title='bbox 649 2511 766 2549; x_wconf 92' lang='lat' dir='ltr'>non</span> <span class='ocrx_word' id='word_1_351' title='bbox 798 2496 841 2564; x_wconf 85' lang='grc' dir='ltr'>(ι</span> <span class='ocrx_word' id='word_1_352' title='bbox 867 2497 1022 2549; x_wconf 82' lang='lat' dir='ltr'>Joan.</span> <span class='ocrx_word' id='word_1_353' title='bbox 1052 2495 1129 2564; x_wconf 89' lang='lat' dir='ltr'>v).</span> <span class='ocrx_word' id='word_1_354' title='bbox 1161 2493 1298 2557; x_wconf 60' lang='lat' dir='ltr'>Quae</span> <span class='ocrx_word' id='word_1_355' title='bbox 1323 2497 1515 2564; x_wconf 87' lang='lat' dir='ltr'>autem</span> <span class='ocrx_word' id='word_1_356' title='bbox 1545 2491 1660 2545; x_wconf 91' lang='lat' dir='ltr'>sint</span> <span class='ocrx_word' id='word_1_357' title='bbox 1680 2491 1751 2545; x_wconf 91' lang='lat' dir='ltr'>ad</span> <span class='ocrx_word' id='word_1_358' title='bbox 1783 2494 2049 2556; x_wconf 90' lang='lat' dir='ltr'>mortem,</span> 
     </span>
    </p>
   </div>
   <div class='ocr_carea' id='block_1_43' title="bbox 359 2580 2050 2652">
    <p class='ocr_par' dir='ltr' id='par_1_43' title="bbox 359 2580 2050 2652">
     <span class='ocr_line' id='line_1_43' title="bbox 359 2580 2050 2652; baseline -0.004 -13"><span class='ocrx_word' id='word_1_359' title='bbox 359 2601 473 2640; x_wconf 91' lang='lat' dir='ltr'>non</span> <span class='ocrx_word' id='word_1_360' title='bbox 498 2584 658 2638; x_wconf 83' lang='lat' dir='ltr'>facile</span> <span class='ocrx_word' id='word_1_361' title='bbox 697 2581 942 2636; x_wconf 90' lang='lat' dir='ltr'>discerni</span> <span class='ocrx_word' id='word_1_362' title='bbox 972 2585 1178 2652; x_wconf 90' lang='lat' dir='ltr'>potest,</span> <span class='ocrx_word' id='word_1_363' title='bbox 1213 2581 1438 2651; x_wconf 75' lang='lat' dir='ltr'>[Delicta</span> <span class='ocrx_word' id='word_1_364' title='bbox 1478 2581 1620 2633; x_wconf 86' lang='lat' dir='ltr'>enim</span> <span class='ocrx_word' id='word_1_365' title='bbox 1668 2581 1798 2646; x_wconf 83' lang='lat' dir='ltr'>quis</span> <span class='ocrx_word' id='word_1_366' title='bbox 1844 2580 2050 2633; x_wconf 85' lang='lat' dir='ltr'>intelli-</span> 
     </span>
    </p>
   </div>
   <div class='ocr_carea' id='block_1_44' title="bbox 360 2667 2049 2742">
    <p class='ocr_par' dir='ltr' id='par_1_44' title="bbox 360 2667 2049 2742">
     <span class='ocr_line' id='line_1_44' title="bbox 360 2667 2049 2742; baseline -0.002 -16"><span class='ocrx_word' id='word_1_367' title='bbox 360 2673 485 2741; x_wconf 82' lang='lat' dir='ltr'>git?</span> <span class='ocrx_word' id='word_1_368' title='bbox 516 2672 688 2742; x_wconf 86' lang='lat' dir='ltr'>(Psal.</span> <span class='ocrx_word' id='word_1_369' title='bbox 722 2672 900 2740; x_wconf 86' lang='lat' dir='ltr'>xvm.)</span> <span class='ocrx_word' id='word_1_370' title='bbox 935 2669 1044 2725; x_wconf 92' lang='lat' dir='ltr'>Sed</span> <span class='ocrx_word' id='word_1_371' title='bbox 1075 2685 1205 2724; x_wconf 90' lang='lat' dir='ltr'>cum</span> <span class='ocrx_word' id='word_1_372' title='bbox 1232 2669 1559 2724; x_wconf 85' lang='lat' dir='ltr'>referuntur</span> <span class='ocrx_word' id='word_1_373' title='bbox 1586 2683 1759 2738; x_wconf 85' lang='lat' dir='ltr'>super</span> <span class='ocrx_word' id='word_1_374' title='bbox 1794 2667 2049 2739; x_wconf 90' lang='lat' dir='ltr'>quinque</span> 
     </span>
    </p>
   </div>
   <div class='ocr_carea' id='block_1_45' title="bbox 362 2754 2049 2828">
    <p class='ocr_par' dir='ltr' id='par_1_45' title="bbox 362 2754 2049 2828">
     <span class='ocr_line' id='line_1_45' title="bbox 362 2754 2049 2828; baseline -0.004 -16"><span class='ocrx_word' id='word_1_375' title='bbox 362 2775 523 2813; x_wconf 91' lang='lat' dir='ltr'>mnas</span> <span class='ocrx_word' id='word_1_376' title='bbox 579 2757 866 2828; x_wconf 67' lang='lat' dir='ltr'>acquisitaa</span> <span class='ocrx_word' id='word_1_377' title='bbox 919 2757 1044 2811; x_wconf 51' lang='lat' dir='ltr'>alia).</span> <span class='ocrx_word' id='word_1_378' title='bbox 1086 2755 1364 2827; x_wconf 87' lang='lat' dir='ltr'>quinque,</span> <span class='ocrx_word' id='word_1_379' title='bbox 1412 2760 1468 2808; x_wconf 91' lang='lat' dir='ltr'>et</span> <span class='ocrx_word' id='word_1_380' title='bbox 1526 2770 1698 2824; x_wconf 89' lang='lat' dir='ltr'>super</span> <span class='ocrx_word' id='word_1_381' title='bbox 1741 2754 1881 2808; x_wconf 91' lang='lat' dir='ltr'>duas</span> <span class='ocrx_word' id='word_1_382' title='bbox 1921 2754 2049 2808; x_wconf 67' lang='lat' dir='ltr'>duas</span> 
     </span>
    </p>
   </div>
   <div class='ocr_carea' id='block_1_46' title="bbox 363 2843 2045 2916">
    <p class='ocr_par' dir='ltr' id='par_1_46' title="bbox 363 2843 2045 2916">
     <span class='ocr_line' id='line_1_46' title="bbox 363 2843 2045 2916; baseline -0.002 -16"><span class='ocrx_word' id='word_1_383' title='bbox 363 2846 509 2915; x_wconf 89' lang='lat' dir='ltr'>(Luc.</span> <span class='ocrx_word' id='word_1_384' title='bbox 541 2845 674 2916; x_wconf 69' lang='lat' dir='ltr'>xxx),</span> <span class='ocrx_word' id='word_1_385' title='bbox 707 2845 808 2916; x_wconf 91' lang='lat' dir='ltr'>qui</span> <span class='ocrx_word' id='word_1_386' title='bbox 838 2844 1158 2899; x_wconf 87' lang='lat' dir='ltr'>mercedem</span> <span class='ocrx_word' id='word_1_387' title='bbox 1183 2845 1353 2914; x_wconf 88' lang='lat' dir='ltr'>hujus</span> <span class='ocrx_word' id='word_1_388' title='bbox 1405 2843 1792 2914; x_wconf 76' lang='lat' dir='ltr'>acquisitionis</span> <span class='ocrx_word' id='word_1_389' title='bbox 1839 2844 2045 2914; x_wconf 90' lang='lat' dir='ltr'>perdit,</span> 
     </span>
    </p>
   </div>
   <div class='ocr_carea' id='block_1_47' title="bbox 361 2932 2120 3022">
    <p class='ocr_par' dir='ltr' id='par_1_47' title="bbox 361 2932 2120 3022">
     <span class='ocr_line' id='line_1_47' title="bbox 361 2932 2120 3022; baseline -0.002 -34"><span class='ocrx_word' id='word_1_390' title='bbox 361 2933 572 2988; x_wconf 90' lang='lat' dir='ltr'>damno</span> <span class='ocrx_word' id='word_1_391' title='bbox 603 2933 808 2988; x_wconf 90' lang='lat' dir='ltr'>dicitur</span> <span class='ocrx_word' id='word_1_392' title='bbox 838 2932 1078 3003; x_wconf 90' lang='lat' dir='ltr'>percuti,</span> <span class='ocrx_word' id='word_1_393' title='bbox 1112 2932 1254 2986; x_wconf 89' lang='lat' dir='ltr'>sicut</span> <span class='ocrx_word' id='word_1_394' title='bbox 1283 2932 1382 3008; x_wconf 86' lang='lat' dir='ltr'>qui</span> <span class='ocrx_word' id='word_1_395' title='bbox 1413 2948 1642 2986; x_wconf 91' lang='lat' dir='ltr'>causam</span> <span class='ocrx_word' id='word_1_396' title='bbox 1674 2932 1923 2987; x_wconf 89' lang='lat' dir='ltr'>scandali</span> <span class='ocrx_word' id='word_1_397' title='bbox 1965 2932 2050 2986; x_wconf 88' lang='lat' dir='ltr'>in-</span> <span class='ocrx_word' id='word_1_398' title='bbox 2080 2967 2120 3022; x_wconf 67' lang='grc' dir='ltr'>Ο</span> 
     </span>
    </p>
   </div>
   <div class='ocr_carea' id='block_1_48' title="bbox 360 3019 2049 3090">
    <p class='ocr_par' dir='ltr' id='par_1_48' title="bbox 360 3019 2049 3090">
     <span class='ocr_line' id='line_1_48' title="bbox 360 3019 2049 3090; baseline -0.002 -13"><span class='ocrx_word' id='word_1_399' title='bbox 360 3021 604 3077; x_wconf 83' lang='lat' dir='ltr'>ﬁrmiori</span> <span class='ocrx_word' id='word_1_400' title='bbox 633 3028 688 3076; x_wconf 90' lang='lat' dir='ltr'>et</span> <span class='ocrx_word' id='word_1_401' title='bbox 743 3020 1010 3075; x_wconf 86' lang='lat' dir='ltr'>muliebri</span> <span class='ocrx_word' id='word_1_402' title='bbox 1067 3020 1275 3074; x_wconf 83' lang='lat' dir='ltr'>animae</span> <span class='ocrx_word' id='word_1_403' title='bbox 1322 3019 1584 3090; x_wconf 80' lang='lat' dir='ltr'>praebuit.</span> <span class='ocrx_word' id='word_1_404' title='bbox 1649 3021 1811 3074; x_wconf 85' lang='lat' dir='ltr'>Dabit</span> <span class='ocrx_word' id='word_1_405' title='bbox 1860 3024 2049 3074; x_wconf 89' lang='lat' dir='ltr'>autem</span> 
     </span>
    </p>
   </div>
   <div class='ocr_carea' id='block_1_49' title="bbox 360 3109 2049 3181">
    <p class='ocr_par' dir='ltr' id='par_1_49' title="bbox 360 3109 2049 3181">
     <span class='ocr_line' id='line_1_49' title="bbox 360 3109 2049 3181; baseline -0.002 -16"><span class='ocrx_word' id='word_1_406' title='bbox 360 3111 675 3165; x_wconf 89' lang='lat' dir='ltr'>secundum</span> <span class='ocrx_word' id='word_1_407' title='bbox 706 3110 858 3181; x_wconf 91' lang='lat' dir='ltr'>quod</span> <span class='ocrx_word' id='word_1_408' title='bbox 888 3109 1159 3163; x_wconf 82' lang='lat' dir='ltr'>indixerit</span> <span class='ocrx_word' id='word_1_409' title='bbox 1185 3109 1271 3162; x_wconf 89' lang='lat' dir='ltr'>vir</span> <span class='ocrx_word' id='word_1_410' title='bbox 1299 3109 1440 3178; x_wconf 85' lang='lat' dir='ltr'>ejus,</span> <span class='ocrx_word' id='word_1_411' title='bbox 1475 3113 1530 3162; x_wconf 91' lang='lat' dir='ltr'>et</span> <span class='ocrx_word' id='word_1_412' title='bbox 1559 3109 1716 3163; x_wconf 88' lang='lat' dir='ltr'>dabit</span> <span class='ocrx_word' id='word_1_413' title='bbox 1761 3124 1893 3162; x_wconf 91' lang='lat' dir='ltr'>cum</span> <span class='ocrx_word' id='word_1_414' title='bbox 1941 3109 2049 3162; x_wconf 91' lang='lat' dir='ltr'>ho-</span> 
     </span>
    </p>
   </div>
   <div class='ocr_carea' id='block_1_50' title="bbox 361 3195 2050 3267">
    <p class='ocr_par' dir='ltr' id='par_1_50' title="bbox 361 3195 2050 3267">
     <span class='ocr_line' id='line_1_50' title="bbox 361 3195 2050 3267; baseline -0.004 -13"><span class='ocrx_word' id='word_1_415' title='bbox 361 3216 498 3254; x_wconf 91' lang='lat' dir='ltr'>nore</span> <span class='ocrx_word' id='word_1_416' title='bbox 527 3199 733 3253; x_wconf 78' lang='lat' dir='ltr'>animae</span> <span class='ocrx_word' id='word_1_417' title='bbox 764 3197 1052 3252; x_wconf 89' lang='lat' dir='ltr'>discentis.</span> <span class='ocrx_word' id='word_1_418' title='bbox 1087 3196 1180 3250; x_wconf 88' lang='lat' dir='ltr'>Vir</span> <span class='ocrx_word' id='word_1_419' title='bbox 1210 3197 1482 3267; x_wconf 88' lang='lat' dir='ltr'>magister</span> <span class='ocrx_word' id='word_1_420' title='bbox 1529 3202 1613 3250; x_wconf 89' lang='lat' dir='ltr'>est</span> <span class='ocrx_word' id='word_1_421' title='bbox 1639 3195 1912 3261; x_wconf 88' lang='lat' dir='ltr'>Christus,</span> <span class='ocrx_word' id='word_1_422' title='bbox 1963 3195 2050 3248; x_wconf 89' lang='lat' dir='ltr'>vel</span> 
     </span>
    </p>
   </div>
   <div class='ocr_carea' id='block_1_51' title="bbox 361 3285 2050 3362">
    <p class='ocr_par' dir='ltr' id='par_1_51' title="bbox 361 3285 2050 3362">
     <span class='ocr_line' id='line_1_51' title="bbox 361 3285 2050 3362; baseline -0.005 -18"><span class='ocrx_word' id='word_1_423' title='bbox 361 3290 461 3362; x_wconf 91' lang='lat' dir='ltr'>qui</span> <span class='ocrx_word' id='word_1_424' title='bbox 490 3305 595 3360; x_wconf 90' lang='lat' dir='ltr'>pro</span> <span class='ocrx_word' id='word_1_425' title='bbox 626 3288 848 3344; x_wconf 88' lang='lat' dir='ltr'>Christo</span> <span class='ocrx_word' id='word_1_426' title='bbox 878 3288 1200 3340; x_wconf 89' lang='lat' dir='ltr'>animarum</span> <span class='ocrx_word' id='word_1_427' title='bbox 1231 3287 1432 3340; x_wconf 91' lang='lat' dir='ltr'>doctor</span> <span class='ocrx_word' id='word_1_428' title='bbox 1463 3289 1564 3339; x_wconf 90' lang='lat' dir='ltr'>est.</span> <span class='ocrx_word' id='word_1_429' title='bbox 1610 3285 1867 3338; x_wconf 88' lang='lat' dir='ltr'>Patietur</span> <span class='ocrx_word' id='word_1_430' title='bbox 1915 3298 2050 3352; x_wconf 87' lang='lat' dir='ltr'>ergo</span> 
     </span>
    </p>
   </div>
   <div class='ocr_carea' id='block_1_52' title="bbox 361 3371 2049 3447">
    <p class='ocr_par' dir='ltr' id='par_1_52' title="bbox 361 3371 2049 3447">
     <span class='ocr_line' id='line_1_52' title="bbox 361 3371 2049 3447; baseline -0.005 -15"><span class='ocrx_word' id='word_1_431' title='bbox 361 3378 637 3432; x_wconf 88' lang='lat' dir='ltr'>damnum</span> <span class='ocrx_word' id='word_1_432' title='bbox 667 3376 766 3447; x_wconf 90' lang='lat' dir='ltr'>qui</span> <span class='ocrx_word' id='word_1_433' title='bbox 797 3375 1088 3429; x_wconf 89' lang='lat' dir='ltr'>contendit</span> <span class='ocrx_word' id='word_1_434' title='bbox 1115 3375 1184 3428; x_wconf 90' lang='lat' dir='ltr'>ad</span> <span class='ocrx_word' id='word_1_435' title='bbox 1214 3373 1640 3428; x_wconf 89' lang='lat' dir='ltr'>subversionem</span> <span class='ocrx_word' id='word_1_436' title='bbox 1674 3371 2049 3436; x_wconf 88' lang='lat' dir='ltr'>audientium,</span> 
     </span>
    </p>
   </div>
   <div class='ocr_carea' id='block_1_53' title="bbox 361 3461 2046 3537">
    <p class='ocr_par' dir='ltr' id='par_1_53' title="bbox 361 3461 2046 3537">
     <span class='ocr_line' id='line_1_53' title="bbox 361 3461 2046 3537; baseline -0.004 -17"><span class='ocrx_word' id='word_1_437' title='bbox 361 3482 466 3537; x_wconf 88' lang='lat' dir='ltr'>pro</span> <span class='ocrx_word' id='word_1_438' title='bbox 500 3465 690 3520; x_wconf 87' lang='lat' dir='ltr'>anima</span> <span class='ocrx_word' id='word_1_439' title='bbox 721 3480 849 3536; x_wconf 62' lang='lat' dir='ltr'>quas</span> <span class='ocrx_word' id='word_1_440' title='bbox 880 3463 1138 3518; x_wconf 90' lang='lat' dir='ltr'>nondum</span> <span class='ocrx_word' id='word_1_441' title='bbox 1168 3462 1371 3517; x_wconf 89' lang='lat' dir='ltr'>habuit</span> <span class='ocrx_word' id='word_1_442' title='bbox 1402 3461 1678 3516; x_wconf 87' lang='lat' dir='ltr'>infantem</span> <span class='ocrx_word' id='word_1_443' title='bbox 1708 3461 2046 3514; x_wconf 87' lang='lat' dir='ltr'>formatum:</span> 
     </span>
    </p>
   </div>
   <div class='ocr_carea' id='block_1_54' title="bbox 363 3548 2054 3625">
    <p class='ocr_par' dir='ltr' id='par_1_54' title="bbox 363 3548 2054 3625">
     <span class='ocr_line' id='line_1_54' title="bbox 363 3548 2054 3625; baseline -0.004 -17"><span class='ocrx_word' id='word_1_444' title='bbox 363 3555 519 3625; x_wconf 91' lang='lat' dir='ltr'>quod</span> <span class='ocrx_word' id='word_1_445' title='bbox 549 3557 732 3625; x_wconf 88' lang='lat' dir='ltr'>potest</span> <span class='ocrx_word' id='word_1_446' title='bbox 763 3554 833 3608; x_wconf 91' lang='lat' dir='ltr'>de</span> <span class='ocrx_word' id='word_1_447' title='bbox 867 3551 1152 3618; x_wconf 70' lang='lat' dir='ltr'>seandalo}</span> <span class='ocrx_word' id='word_1_448' title='bbox 1179 3549 1574 3605; x_wconf 89' lang='lat' dir='ltr'>catechumeni</span> <span class='ocrx_word' id='word_1_449' title='bbox 1621 3548 1819 3618; x_wconf 88' lang='lat' dir='ltr'>accipi.</span> <span class='ocrx_word' id='word_1_450' title='bbox 1865 3550 2054 3602; x_wconf 86' lang='lat' dir='ltr'>Potest</span> 
     </span>
    </p>
   </div>
   <div class='ocr_carea' id='block_1_55' title="bbox 364 3636 2050 3712">
    <p class='ocr_par' dir='ltr' id='par_1_55' title="bbox 364 3636 2050 3712">
     <span class='ocr_line' id='line_1_55' title="bbox 364 3636 2050 3712; baseline -0.005 -15"><span class='ocrx_word' id='word_1_451' title='bbox 364 3643 537 3697; x_wconf 83' lang='lat' dir='ltr'>etiam</span> <span class='ocrx_word' id='word_1_452' title='bbox 567 3642 692 3696; x_wconf 74' lang='lat' dir='ltr'>fieri</span> <span class='ocrx_word' id='word_1_453' title='bbox 723 3646 787 3696; x_wconf 90' lang='lat' dir='ltr'>ut</span> <span class='ocrx_word' id='word_1_454' title='bbox 815 3641 916 3712; x_wconf 91' lang='lat' dir='ltr'>qui</span> <span class='ocrx_word' id='word_1_455' title='bbox 953 3641 1120 3707; x_wconf 69' lang='lat' dir='ltr'>laesit,</span> <span class='ocrx_word' id='word_1_456' title='bbox 1177 3639 1420 3694; x_wconf 90' lang='lat' dir='ltr'>instruat</span> <span class='ocrx_word' id='word_1_457' title='bbox 1473 3643 1529 3693; x_wconf 90' lang='lat' dir='ltr'>et</span> <span class='ocrx_word' id='word_1_458' title='bbox 1575 3642 1800 3707; x_wconf 88' lang='lat' dir='ltr'>reparet</span> <span class='ocrx_word' id='word_1_459' title='bbox 1845 3636 2050 3690; x_wconf 70' lang='lat' dir='ltr'>animai</span> 
     </span>
    </p>
   </div>
   <div class='ocr_carea' id='block_1_56' title="bbox 365 3723 2049 3802">
    <p class='ocr_par' dir='ltr' id='par_1_56' title="bbox 365 3723 2049 3802">
     <span class='ocr_line' id='line_1_56' title="bbox 365 3723 2049 3802; baseline -0.005 -18"><span class='ocrx_word' id='word_1_460' title='bbox 365 3747 494 3802; x_wconf 68' lang='lat' dir='ltr'>quae</span> <span class='ocrx_word' id='word_1_461' title='bbox 521 3729 790 3800; x_wconf 91' lang='lat' dir='ltr'>perdidit,</span> <span class='ocrx_word' id='word_1_462' title='bbox 818 3734 875 3783; x_wconf 93' lang='lat' dir='ltr'>et</span> <span class='ocrx_word' id='word_1_463' title='bbox 903 3744 1033 3782; x_wconf 92' lang='lat' dir='ltr'>cum</span> <span class='ocrx_word' id='word_1_464' title='bbox 1061 3728 1294 3794; x_wconf 88' lang='lat' dir='ltr'>honore,</span> <span class='ocrx_word' id='word_1_465' title='bbox 1329 3742 1459 3780; x_wconf 90' lang='lat' dir='ltr'>cum</span> <span class='ocrx_word' id='word_1_466' title='bbox 1489 3724 1766 3779; x_wconf 86' lang='lat' dir='ltr'>modestia</span> <span class='ocrx_word' id='word_1_467' title='bbox 1817 3723 2049 3794; x_wconf 87' lang='lat' dir='ltr'>scilicet,</span> 
     </span>
    </p>
   </div>
   <div class='ocr_carea' id='block_1_57' title="bbox 364 3813 2048 3886">
    <p class='ocr_par' dir='ltr' id='par_1_57' title="bbox 364 3813 2048 3886">
     <span class='ocr_line' id='line_1_57' title="bbox 364 3813 2048 3886; baseline -0.005 -12"><span class='ocrx_word' id='word_1_468' title='bbox 364 3835 495 3874; x_wconf 91' lang='lat' dir='ltr'>cum</span> <span class='ocrx_word' id='word_1_469' title='bbox 526 3817 983 3886; x_wconf 89' lang='lat' dir='ltr'>mansuetudine,</span> <span class='ocrx_word' id='word_1_470' title='bbox 1014 3833 1132 3871; x_wconf 91' lang='lat' dir='ltr'>non</span> <span class='ocrx_word' id='word_1_471' title='bbox 1163 3832 1298 3870; x_wconf 91' lang='lat' dir='ltr'>cum</span> <span class='ocrx_word' id='word_1_472' title='bbox 1341 3815 1464 3882; x_wconf 88' lang='lat' dir='ltr'>lite,</span> <span class='ocrx_word' id='word_1_473' title='bbox 1519 3813 1663 3867; x_wconf 90' lang='lat' dir='ltr'>sicut</span> <span class='ocrx_word' id='word_1_474' title='bbox 1712 3828 1843 3867; x_wconf 90' lang='lat' dir='ltr'>cum</span> <span class='ocrx_word' id='word_1_475' title='bbox 1892 3829 2048 3866; x_wconf 87' lang='lat' dir='ltr'>scan-</span> 
     </span>
    </p>
   </div>
   <div class='ocr_carea' id='block_1_58' title="bbox 363 3896 2054 3970">
    <p class='ocr_par' dir='ltr' id='par_1_58' title="bbox 363 3896 2054 3970">
     <span class='ocr_line' id='line_1_58' title="bbox 363 3896 2054 3970; baseline -0.006 -5"><span class='ocrx_word' id='word_1_476' title='bbox 363 3896 559 3965; x_wconf 86' lang='lat' dir='ltr'>dalum</span> <span class='ocrx_word' id='word_1_477' title='bbox 595 3908 806 3962; x_wconf 89' lang='lat' dir='ltr'>intulit.</span> <span class='ocrx_word' id='word_1_478' title='bbox 843 3906 951 3962; x_wconf 90' lang='lat' dir='ltr'>Sed</span> <span class='ocrx_word' id='word_1_479' title='bbox 981 3922 1112 3960; x_wconf 89' lang='lat' dir='ltr'>cum</span> <span class='ocrx_word' id='word_1_480' title='bbox 1141 3905 1420 3960; x_wconf 89' lang='lat' dir='ltr'>formatus</span> <span class='ocrx_word' id='word_1_481' title='bbox 1453 3903 1638 3956; x_wconf 80' lang='lat' dir='ltr'>infans</span> <span class='ocrx_word' id='word_1_482' title='bbox 1675 3902 1866 3970; x_wconf 87' lang='lat' dir='ltr'>fuerit,</span> <span class='ocrx_word' id='word_1_483' title='bbox 1897 3901 2054 3956; x_wconf 90' lang='lat' dir='ltr'>dabit</span> 
     </span>
    </p>
   </div>
   <div class='ocr_carea' id='block_1_59' title="bbox 366 3990 2052 4068">
    <p class='ocr_par' dir='ltr' id='par_1_59' title="bbox 366 3990 2052 4068">
     <span class='ocr_line' id='line_1_59' title="bbox 366 3990 2052 4068; baseline -0.006 -15"><span class='ocrx_word' id='word_1_484' title='bbox 366 3999 614 4053; x_wconf 85' lang='lat' dir='ltr'>animam</span> <span class='ocrx_word' id='word_1_485' title='bbox 646 4013 748 4068; x_wconf 92' lang='lat' dir='ltr'>pro</span> <span class='ocrx_word' id='word_1_486' title='bbox 790 3996 1000 4050; x_wconf 89' lang='lat' dir='ltr'>anima.</span> <span class='ocrx_word' id='word_1_487' title='bbox 1059 3995 1352 4049; x_wconf 84' lang='lat' dir='ltr'>Formatus</span> <span class='ocrx_word' id='word_1_488' title='bbox 1395 3991 1584 4046; x_wconf 85' lang='lat' dir='ltr'>infans</span> <span class='ocrx_word' id='word_1_489' title='bbox 1629 3995 1814 4062; x_wconf 81' lang='lat' dir='ltr'>potest</span> <span class='ocrx_word' id='word_1_490' title='bbox 1872 3990 2052 4044; x_wconf 92' lang='lat' dir='ltr'>videri</span> 
     </span>
    </p>
   </div>
   <div class='ocr_carea' id='block_1_60' title="bbox 364 4079 2048 4153">
    <p class='ocr_par' dir='ltr' id='par_1_60' title="bbox 364 4079 2048 4153">
     <span class='ocr_line' id='line_1_60' title="bbox 364 4079 2048 4153; baseline -0.005 -13"><span class='ocrx_word' id='word_1_491' title='bbox 364 4102 552 4140; x_wconf 88' lang='lat' dir='ltr'>sermo</span> <span class='ocrx_word' id='word_1_492' title='bbox 582 4085 681 4140; x_wconf 90' lang='lat' dir='ltr'>Dei</span> <span class='ocrx_word' id='word_1_493' title='bbox 713 4085 771 4139; x_wconf 94' lang='lat' dir='ltr'>in</span> <span class='ocrx_word' id='word_1_494' title='bbox 801 4083 972 4137; x_wconf 90' lang='lat' dir='ltr'>corde</span> <span class='ocrx_word' id='word_1_495' title='bbox 997 4084 1205 4137; x_wconf 68' lang='lat' dir='ltr'>anima:</span> <span class='ocrx_word' id='word_1_496' title='bbox 1233 4098 1362 4153; x_wconf 67' lang='lat' dir='ltr'>quae</span> <span class='ocrx_word' id='word_1_497' title='bbox 1391 4081 1638 4151; x_wconf 88' lang='lat' dir='ltr'>suscepit</span> <span class='ocrx_word' id='word_1_498' title='bbox 1677 4079 1920 4150; x_wconf 89' lang='lat' dir='ltr'>gratiam</span> <span class='ocrx_word' id='word_1_499' title='bbox 1951 4079 2048 4133; x_wconf 90' lang='lat' dir='ltr'>ba-</span> 
     </span>
    </p>
   </div>
   <div class='ocr_carea' id='block_1_61' title="bbox 364 4167 2053 4245">
    <p class='ocr_par' dir='ltr' id='par_1_61' title="bbox 364 4167 2053 4245">
     <span class='ocr_line' id='line_1_61' title="bbox 364 4167 2053 4245; baseline -0.004 -17"><span class='ocrx_word' id='word_1_500' title='bbox 364 4173 666 4245; x_wconf 90' lang='lat' dir='ltr'>ptismatis,</span> <span class='ocrx_word' id='word_1_501' title='bbox 697 4171 783 4225; x_wconf 89' lang='lat' dir='ltr'>vel</span> <span class='ocrx_word' id='word_1_502' title='bbox 815 4171 916 4240; x_wconf 88' lang='lat' dir='ltr'>qui</span> <span class='ocrx_word' id='word_1_503' title='bbox 945 4170 1264 4225; x_wconf 88' lang='lat' dir='ltr'>evidentius</span> <span class='ocrx_word' id='word_1_504' title='bbox 1306 4174 1362 4223; x_wconf 82' lang='lat' dir='ltr'>et</span> <span class='ocrx_word' id='word_1_505' title='bbox 1418 4170 1623 4223; x_wconf 88' lang='lat' dir='ltr'>clarius</span> <span class='ocrx_word' id='word_1_506' title='bbox 1670 4169 1904 4223; x_wconf 88' lang='lat' dir='ltr'>verbum</span> <span class='ocrx_word' id='word_1_507' title='bbox 1956 4167 2053 4222; x_wconf 89' lang='lat' dir='ltr'>Dei</span> 
     </span>
    </p>
   </div>
   <div class='ocr_carea' id='block_1_62' title="bbox 2164 1789 3860 1863">
    <p class='ocr_par' dir='ltr' id='par_1_62' title="bbox 2164 1789 3860 1863">
     <span class='ocr_line' id='line_1_62' title="bbox 2164 1789 3860 1863; baseline 0.004 -21"><span class='ocrx_word' id='word_1_508' title='bbox 2164 1789 2430 1843; x_wconf 86' lang='lat' dir='ltr'>similiter</span> <span class='ocrx_word' id='word_1_509' title='bbox 2459 1789 2686 1847; x_wconf 87' lang='lat' dir='ltr'>faciant.</span> <span class='ocrx_word' id='word_1_510' title='bbox 2725 1792 2857 1846; x_wconf 91' lang='lat' dir='ltr'>Ideo</span> <span class='ocrx_word' id='word_1_511' title='bbox 2904 1793 3207 1863; x_wconf 86' lang='lat' dir='ltr'>Apostolus</span> <span class='ocrx_word' id='word_1_512' title='bbox 3254 1809 3382 1847; x_wconf 91' lang='lat' dir='ltr'>cum</span> <span class='ocrx_word' id='word_1_513' title='bbox 3430 1794 3719 1848; x_wconf 86' lang='lat' dir='ltr'>doctorem</span> <span class='ocrx_word' id='word_1_514' title='bbox 3757 1795 3860 1849; x_wconf 90' lang='lat' dir='ltr'>de-</span> 
     </span>
    </p>
   </div>
   <div class='ocr_carea' id='block_1_63' title="bbox 2165 1876 3862 1951">
    <p class='ocr_par' dir='ltr' id='par_1_63' title="bbox 2165 1876 3862 1951">
     <span class='ocr_line' id='line_1_63' title="bbox 2165 1876 3862 1951; baseline 0.004 -21"><span class='ocrx_word' id='word_1_515' title='bbox 2165 1876 2359 1930; x_wconf 87' lang='lat' dir='ltr'>scribit</span> <span class='ocrx_word' id='word_1_516' title='bbox 2412 1877 2692 1944; x_wconf 62' lang='lat' dir='ltr'>Ecclesiae,</span> <span class='ocrx_word' id='word_1_517' title='bbox 2726 1878 2875 1932; x_wconf 83' lang='lat' dir='ltr'>inter</span> <span class='ocrx_word' id='word_1_518' title='bbox 2905 1884 3111 1933; x_wconf 67' lang='lat' dir='ltr'>caetera</span> <span class='ocrx_word' id='word_1_519' title='bbox 3167 1880 3449 1951; x_wconf 65' lang='lat' dir='ltr'>praecipit,</span> <span class='ocrx_word' id='word_1_520' title='bbox 3499 1897 3605 1935; x_wconf 88' lang='lat' dir='ltr'>non</span> <span class='ocrx_word' id='word_1_521' title='bbox 3641 1897 3862 1951; x_wconf 82' lang='lat' dir='ltr'>percus-</span> 
     </span>
    </p>
   </div>
   <div class='ocr_carea' id='block_1_64' title="bbox 2161 1964 3862 2038">
    <p class='ocr_par' dir='ltr' id='par_1_64' title="bbox 2161 1964 3862 2038">
     <span class='ocr_line' id='line_1_64' title="bbox 2161 1964 3862 2038; baseline 0.003 -21"><span class='ocrx_word' id='word_1_522' title='bbox 2161 1979 2332 2018; x_wconf 88' lang='lat' dir='ltr'>sorem</span> <span class='ocrx_word' id='word_1_523' title='bbox 2362 1964 2413 2031; x_wconf 87' lang='grc' dir='ltr'>(ι</span> <span class='ocrx_word' id='word_1_524' title='bbox 2445 1967 2586 2019; x_wconf 86' lang='lat' dir='ltr'>Tim.</span> <span class='ocrx_word' id='word_1_525' title='bbox 2619 1966 2695 2034; x_wconf 83' lang='lat' dir='ltr'>Ill)</span> <span class='ocrx_word' id='word_1_526' title='bbox 2730 1983 2742 2020; x_wconf 93' lang='lat'><strong>:</strong></span> <span class='ocrx_word' id='word_1_527' title='bbox 2775 1981 2846 2020; x_wconf 90' lang='lat' dir='ltr'>ne</span> <span class='ocrx_word' id='word_1_528' title='bbox 2878 1966 3200 2037; x_wconf 89' lang='lat' dir='ltr'>percutiens</span> <span class='ocrx_word' id='word_1_529' title='bbox 3245 1973 3610 2038; x_wconf 66' lang='lat' dir='ltr'>praegnantes</span> <span class='ocrx_word' id='word_1_530' title='bbox 3659 1969 3862 2022; x_wconf 86' lang='lat' dir='ltr'>mulie-</span> 
     </span>
    </p>
   </div>
   <div class='ocr_carea' id='block_1_65' title="bbox 2160 2051 3858 2126">
    <p class='ocr_par' dir='ltr' id='par_1_65' title="bbox 2160 2051 3858 2126">
     <span class='ocr_line' id='line_1_65' title="bbox 2160 2051 3858 2126; baseline 0.004 -23"><span class='ocrx_word' id='word_1_531' title='bbox 2160 2066 2273 2119; x_wconf 91' lang='lat' dir='ltr'>res,</span> <span class='ocrx_word' id='word_1_532' title='bbox 2313 2051 2370 2104; x_wconf 91' lang='lat' dir='ltr'>id</span> <span class='ocrx_word' id='word_1_533' title='bbox 2402 2056 2487 2104; x_wconf 91' lang='lat' dir='ltr'>est</span> <span class='ocrx_word' id='word_1_534' title='bbox 2525 2052 2746 2106; x_wconf 89' lang='lat' dir='ltr'>animas</span> <span class='ocrx_word' id='word_1_535' title='bbox 2802 2053 3158 2123; x_wconf 87' lang='lat' dir='ltr'>insipientes,</span> <span class='ocrx_word' id='word_1_536' title='bbox 3209 2061 3389 2125; x_wconf 89' lang='lat' dir='ltr'>ponat</span> <span class='ocrx_word' id='word_1_537' title='bbox 3443 2055 3696 2110; x_wconf 89' lang='lat' dir='ltr'>animam</span> <span class='ocrx_word' id='word_1_538' title='bbox 3748 2072 3858 2126; x_wconf 90' lang='lat' dir='ltr'>pro</span> 
     </span>
    </p>
   </div>
   <div class='ocr_carea' id='block_1_66' title="bbox 2161 2138 3857 2212">
    <p class='ocr_par' dir='ltr' id='par_1_66' title="bbox 2161 2138 3857 2212">
     <span class='ocr_line' id='line_1_66' title="bbox 2161 2138 3857 2212; baseline 0.004 -22"><span class='ocrx_word' id='word_1_539' title='bbox 2161 2138 2374 2206; x_wconf 88' lang='lat' dir='ltr'>anima,</span> <span class='ocrx_word' id='word_1_540' title='bbox 2410 2141 2638 2194; x_wconf 90' lang='lat' dir='ltr'>oculum</span> <span class='ocrx_word' id='word_1_541' title='bbox 2672 2157 2774 2211; x_wconf 90' lang='lat' dir='ltr'>pro</span> <span class='ocrx_word' id='word_1_542' title='bbox 2821 2142 3009 2210; x_wconf 91' lang='lat' dir='ltr'>oculo,</span> <span class='ocrx_word' id='word_1_543' title='bbox 3056 2143 3286 2196; x_wconf 88' lang='lat' dir='ltr'>dentem</span> <span class='ocrx_word' id='word_1_544' title='bbox 3333 2159 3438 2212; x_wconf 91' lang='lat' dir='ltr'>pro</span> <span class='ocrx_word' id='word_1_545' title='bbox 3497 2143 3684 2205; x_wconf 88' lang='lat' dir='ltr'>dente,</span> <span class='ocrx_word' id='word_1_546' title='bbox 3743 2151 3857 2198; x_wconf 88' lang='lat' dir='ltr'>etc.</span> 
     </span>
    </p>
   </div>
   <div class='ocr_carea' id='block_1_67' title="bbox 2160 2227 3851 2300">
    <p class='ocr_par' dir='ltr' id='par_1_67' title="bbox 2160 2227 3851 2300">
     <span class='ocr_line' id='line_1_67' title="bbox 2160 2227 3851 2300; baseline 0.004 -20"><span class='ocrx_word' id='word_1_547' title='bbox 2160 2227 2235 2280; x_wconf 91' lang='lat' dir='ltr'>De</span> <span class='ocrx_word' id='word_1_548' title='bbox 2269 2227 2537 2298; x_wconf 87' lang='lat' dir='ltr'>qualibus</span> <span class='ocrx_word' id='word_1_549' title='bbox 2568 2228 2780 2283; x_wconf 89' lang='lat' dir='ltr'>dicitur</span> <span class='ocrx_word' id='word_1_550' title='bbox 2802 2230 2993 2284; x_wconf 86' lang='lat' dir='ltr'>Matth.</span> <span class='ocrx_word' id='word_1_551' title='bbox 3023 2247 3152 2284; x_wconf 76' lang='lat' dir='ltr'>xxrv</span> <span class='ocrx_word' id='word_1_552' title='bbox 3183 2247 3196 2286; x_wconf 88' lang='lat'><strong>:</strong></span> <span class='ocrx_word' id='word_1_553' title='bbox 3236 2233 3330 2287; x_wconf 76' lang='lat' dir='ltr'>Vae</span> <span class='ocrx_word' id='word_1_554' title='bbox 3355 2233 3766 2300; x_wconf 61' lang='lat' dir='ltr'>praegnantibus</span> <span class='ocrx_word' id='word_1_555' title='bbox 3798 2237 3851 2286; x_wconf 86' lang='lat' dir='ltr'>et</span> 
     </span>
    </p>
   </div>
   <div class='ocr_carea' id='block_1_68' title="bbox 2158 2316 3858 2389">
    <p class='ocr_par' dir='ltr' id='par_1_68' title="bbox 2158 2316 3858 2389">
     <span class='ocr_line' id='line_1_68' title="bbox 2158 2316 3858 2389; baseline 0.004 -21"><span class='ocrx_word' id='word_1_556' title='bbox 2158 2316 2524 2371; x_wconf 85' lang='lat' dir='ltr'>nutrientibus</span> <span class='ocrx_word' id='word_1_557' title='bbox 2551 2320 2609 2371; x_wconf 90' lang='lat' dir='ltr'>in</span> <span class='ocrx_word' id='word_1_558' title='bbox 2663 2319 2776 2372; x_wconf 88' lang='lat' dir='ltr'>illis</span> <span class='ocrx_word' id='word_1_559' title='bbox 2805 2318 3013 2380; x_wconf 88' lang='lat' dir='ltr'>diebus,</span> <span class='ocrx_word' id='word_1_560' title='bbox 3065 2321 3124 2372; x_wconf 90' lang='lat' dir='ltr'>in</span> <span class='ocrx_word' id='word_1_561' title='bbox 3153 2319 3350 2389; x_wconf 86' lang='lat' dir='ltr'>quibus</span> <span class='ocrx_word' id='word_1_562' title='bbox 3394 2320 3858 2374; x_wconf 81' lang='lat' dir='ltr'>scandalizabun-</span> 
     </span>
    </p>
   </div>
   <div class='ocr_carea' id='block_1_69' title="bbox 2160 2406 3860 2479">
    <p class='ocr_par' dir='ltr' id='par_1_69' title="bbox 2160 2406 3860 2479">
     <span class='ocr_line' id='line_1_69' title="bbox 2160 2406 3860 2479; baseline 0.002 -20"><span class='ocrx_word' id='word_1_563' title='bbox 2160 2408 2272 2473; x_wconf 85' lang='lat' dir='ltr'>tur,</span> <span class='ocrx_word' id='word_1_564' title='bbox 2303 2406 2354 2459; x_wconf 92' lang='lat' dir='ltr'>si</span> <span class='ocrx_word' id='word_1_565' title='bbox 2378 2407 2500 2474; x_wconf 79' lang='lat' dir='ltr'>fieri</span> <span class='ocrx_word' id='word_1_566' title='bbox 2525 2409 2717 2475; x_wconf 88' lang='lat' dir='ltr'>potest,</span> <span class='ocrx_word' id='word_1_567' title='bbox 2745 2409 2910 2461; x_wconf 88' lang='lat' dir='ltr'>etiam</span> <span class='ocrx_word' id='word_1_568' title='bbox 2934 2409 3099 2462; x_wconf 85' lang='lat' dir='ltr'>electi.</span> <span class='ocrx_word' id='word_1_569' title='bbox 3130 2407 3436 2462; x_wconf 89' lang='lat' dir='ltr'>Sciendum</span> <span class='ocrx_word' id='word_1_570' title='bbox 3471 2412 3662 2462; x_wconf 90' lang='lat' dir='ltr'>tamen</span> <span class='ocrx_word' id='word_1_571' title='bbox 3705 2409 3860 2479; x_wconf 88' lang='lat' dir='ltr'>quod</span> 
     </span>
    </p>
   </div>
   <div class='ocr_carea' id='block_1_70' title="bbox 2158 2495 3866 2564">
    <p class='ocr_par' dir='ltr' id='par_1_70' title="bbox 2158 2495 3866 2564">
     <span class='ocr_line' id='line_1_70' title="bbox 2158 2495 3866 2564; baseline 0.003 -18"><span class='ocrx_word' id='word_1_572' title='bbox 2158 2507 2277 2548; x_wconf 91' lang='lat' dir='ltr'>non</span> <span class='ocrx_word' id='word_1_573' title='bbox 2305 2498 2391 2548; x_wconf 89' lang='lat' dir='ltr'>est</span> <span class='ocrx_word' id='word_1_574' title='bbox 2424 2495 2822 2564; x_wconf 82' lang='lat' dir='ltr'>&#39;perfectorum</span> <span class='ocrx_word' id='word_1_575' title='bbox 2857 2495 3243 2563; x_wconf 88' lang='lat' dir='ltr'>scandalizari,</span> <span class='ocrx_word' id='word_1_576' title='bbox 3278 2496 3376 2550; x_wconf 90' lang='lat' dir='ltr'>sed</span> <span class='ocrx_word' id='word_1_577' title='bbox 3405 2497 3709 2551; x_wconf 91' lang='lat' dir='ltr'>mulierum</span> <span class='ocrx_word' id='word_1_578' title='bbox 3761 2502 3866 2551; x_wconf 89' lang='lat' dir='ltr'>aut</span> 
     </span>
    </p>
   </div>
   <div class='ocr_carea' id='block_1_71' title="bbox 2157 2582 3861 2654">
    <p class='ocr_par' dir='ltr' id='par_1_71' title="bbox 2157 2582 3861 2654">
     <span class='ocr_line' id='line_1_71' title="bbox 2157 2582 3861 2654; baseline 0.002 -19"><span class='ocrx_word' id='word_1_579' title='bbox 2157 2582 2568 2652; x_wconf 86' lang='lat' dir='ltr'>parvulorum;</span> <span class='ocrx_word' id='word_1_580' title='bbox 2599 2583 2748 2638; x_wconf 89' lang='lat' dir='ltr'>unde</span> <span class='ocrx_word' id='word_1_581' title='bbox 2781 2585 2972 2639; x_wconf 85' lang='lat' dir='ltr'>Matth.</span> <span class='ocrx_word' id='word_1_582' title='bbox 3007 2601 3141 2638; x_wconf 86' lang='lat' dir='ltr'>xvm</span> <span class='ocrx_word' id='word_1_583' title='bbox 3171 2601 3185 2640; x_wconf 89' lang='lat'><strong>:</strong></span> <span class='ocrx_word' id='word_1_584' title='bbox 3241 2585 3302 2641; x_wconf 88' lang='lat' dir='ltr'>Si</span> <span class='ocrx_word' id='word_1_585' title='bbox 3352 2587 3474 2654; x_wconf 87' lang='lat' dir='ltr'>quis</span> <span class='ocrx_word' id='word_1_586' title='bbox 3513 2583 3861 2640; x_wconf 81' lang='lat' dir='ltr'>scandaliza-</span> 
     </span>
    </p>
   </div>
   <div class='ocr_carea' id='block_1_72' title="bbox 2156 2672 3110 2741">
    <p class='ocr_par' dir='ltr' id='par_1_72' title="bbox 2156 2672 3110 2741">
     <span class='ocr_line' id='line_1_72' title="bbox 2156 2672 3110 2741; baseline 0.003 -18"><span class='ocrx_word' id='word_1_587' title='bbox 2156 2672 2295 2724; x_wconf 80' lang='lat' dir='ltr'>verit</span> <span class='ocrx_word' id='word_1_588' title='bbox 2317 2686 2482 2725; x_wconf 89' lang='lat' dir='ltr'>unum</span> <span class='ocrx_word' id='word_1_589' title='bbox 2507 2672 2573 2726; x_wconf 87' lang='lat' dir='ltr'>de</span> <span class='ocrx_word' id='word_1_590' title='bbox 2598 2673 2816 2741; x_wconf 83' lang='lat' dir='ltr'>pusillis</span> <span class='ocrx_word' id='word_1_591' title='bbox 2837 2675 2977 2740; x_wconf 67' lang='lat' dir='ltr'>istis,</span> <span class='ocrx_word' id='word_1_592' title='bbox 3008 2677 3110 2726; x_wconf 91' lang='lat' dir='ltr'>etc.</span> 
     </span>
    </p>
   </div>
   <div class='ocr_carea' id='block_1_73' title="bbox 2233 2759 3858 2831">
    <p class='ocr_par' dir='ltr' id='par_1_73' title="bbox 2233 2759 3858 2831">
     <span class='ocr_line' id='line_1_73' title="bbox 2233 2759 3858 2831; baseline 0.002 -20"><span class='ocrx_word' id='word_1_593' title='bbox 2233 2759 2391 2813; x_wconf 74' lang='lat' dir='ltr'>Vens.</span> <span class='ocrx_word' id='word_1_594' title='bbox 2425 2763 2605 2815; x_wconf 82' lang='lat'>29-36.</span> <span class='ocrx_word' id='word_1_595' title='bbox 2649 2791 2717 2800; x_wconf 91' lang='lat'>-—-</span> <span class='ocrx_word' id='word_1_596' title='bbox 2753 2761 2910 2826; x_wconf 84' lang='lat' dir='ltr'>Quod</span> <span class='ocrx_word' id='word_1_597' title='bbox 2959 2763 3008 2815; x_wconf 89' lang='lat' dir='ltr'>si</span> <span class='ocrx_word' id='word_1_598' title='bbox 3049 2761 3140 2816; x_wconf 87' lang='lat' dir='ltr'>bos</span> <span class='ocrx_word' id='word_1_599' title='bbox 3182 2767 3497 2831; x_wconf 80' lang='lat' dir='ltr'>cornupeta,</span> <span class='ocrx_word' id='word_1_600' title='bbox 3530 2765 3634 2816; x_wconf 92' lang='lat' dir='ltr'>etc.</span> <span class='ocrx_word' id='word_1_601' title='bbox 3668 2761 3858 2830; x_wconf 75' lang='grc' dir='ltr'>(ΗΑΒ.)</span> 
     </span>
    </p>
   </div>
   <div class='ocr_carea' id='block_1_74' title="bbox 2159 2847 3865 2920">
    <p class='ocr_par' dir='ltr' id='par_1_74' title="bbox 2159 2847 3865 2920">
     <span class='ocr_line' id='line_1_74' title="bbox 2159 2847 3865 2920; baseline 0.002 -20"><span class='ocrx_word' id='word_1_602' title='bbox 2159 2847 2273 2900; x_wconf 85' lang='lat' dir='ltr'>Hoc</span> <span class='ocrx_word' id='word_1_603' title='bbox 2299 2853 2402 2912; x_wconf 90' lang='lat' dir='ltr'>est,</span> <span class='ocrx_word' id='word_1_604' title='bbox 2436 2849 2484 2902; x_wconf 90' lang='lat' dir='ltr'>si</span> <span class='ocrx_word' id='word_1_605' title='bbox 2513 2850 2826 2920; x_wconf 88' lang='lat' dir='ltr'>superbum</span> <span class='ocrx_word' id='word_1_606' title='bbox 2854 2855 3074 2904; x_wconf 90' lang='lat' dir='ltr'>motum</span> <span class='ocrx_word' id='word_1_607' title='bbox 3102 2851 3278 2905; x_wconf 89' lang='lat' dir='ltr'>animi</span> <span class='ocrx_word' id='word_1_608' title='bbox 3324 2851 3610 2917; x_wconf 89' lang='lat' dir='ltr'>dominus,</span> <span class='ocrx_word' id='word_1_609' title='bbox 3667 2851 3723 2904; x_wconf 92' lang='lat' dir='ltr'>id</span> <span class='ocrx_word' id='word_1_610' title='bbox 3773 2855 3865 2904; x_wconf 88' lang='lat' dir='ltr'>est</span> 
     </span>
    </p>
   </div>
   <div class='ocr_carea' id='block_1_75' title="bbox 2159 2935 3861 3008">
    <p class='ocr_par' dir='ltr' id='par_1_75' title="bbox 2159 2935 3861 3008">
     <span class='ocr_line' id='line_1_75' title="bbox 2159 2935 3861 3008; baseline 0.003 -21"><span class='ocrx_word' id='word_1_611' title='bbox 2159 2935 2412 3003; x_wconf 88' lang='lat' dir='ltr'>spiritus,</span> <span class='ocrx_word' id='word_1_612' title='bbox 2440 2953 2556 2990; x_wconf 91' lang='lat' dir='ltr'>non</span> <span class='ocrx_word' id='word_1_613' title='bbox 2587 2937 2943 3008; x_wconf 89' lang='lat' dir='ltr'>constringit,</span> <span class='ocrx_word' id='word_1_614' title='bbox 2978 2944 3031 2992; x_wconf 89' lang='lat' dir='ltr'>et</span> <span class='ocrx_word' id='word_1_615' title='bbox 3062 2938 3360 2992; x_wconf 90' lang='lat' dir='ltr'>animabus</span> <span class='ocrx_word' id='word_1_616' title='bbox 3403 2938 3719 3002; x_wconf 89' lang='lat' dir='ltr'>interitum,</span> <span class='ocrx_word' id='word_1_617' title='bbox 3766 2938 3861 2992; x_wconf 86' lang='lat' dir='ltr'>vel</span> 
     </span>
    </p>
   </div>
   <div class='ocr_carea' id='block_1_76' title="bbox 2158 3025 3863 3098">
    <p class='ocr_par' dir='ltr' id='par_1_76' title="bbox 2158 3025 3863 3098">
     <span class='ocr_line' id='line_1_76' title="bbox 2158 3025 3863 3098; baseline 0.002 -21"><span class='ocrx_word' id='word_1_618' title='bbox 2158 3025 2491 3094; x_wconf 92' lang='lat' dir='ltr'>corporibus</span> <span class='ocrx_word' id='word_1_619' title='bbox 2515 3026 2725 3098; x_wconf 89' lang='lat' dir='ltr'>ingerit</span> <span class='ocrx_word' id='word_1_620' title='bbox 2780 3027 3228 3094; x_wconf 90' lang='lat' dir='ltr'>incommodum,</span> <span class='ocrx_word' id='word_1_621' title='bbox 3269 3031 3457 3082; x_wconf 86' lang='lat' dir='ltr'>reatus</span> <span class='ocrx_word' id='word_1_622' title='bbox 3481 3026 3764 3081; x_wconf 87' lang='lat' dir='ltr'>redundat</span> <span class='ocrx_word' id='word_1_623' title='bbox 3796 3027 3863 3080; x_wconf 89' lang='lat' dir='ltr'>in</span> 
     </span>
    </p>
   </div>
   <div class='ocr_carea' id='block_1_77' title="bbox 2158 3114 3863 3185">
    <p class='ocr_par' dir='ltr' id='par_1_77' title="bbox 2158 3114 3863 3185">
     <span class='ocr_line' id='line_1_77' title="bbox 2158 3114 3863 3185; baseline 0.002 -19"><span class='ocrx_word' id='word_1_624' title='bbox 2158 3114 2472 3169; x_wconf 90' lang='lat' dir='ltr'>custodem.</span> <span class='ocrx_word' id='word_1_625' title='bbox 2506 3116 2664 3170; x_wconf 90' lang='lat' dir='ltr'>Unde</span> <span class='ocrx_word' id='word_1_626' title='bbox 2694 3117 3134 3170; x_wconf 87' lang='lat' dir='ltr'>Proverbiorum</span> <span class='ocrx_word' id='word_1_627' title='bbox 3195 3115 3416 3170; x_wconf 89' lang='lat' dir='ltr'>decimo</span> <span class='ocrx_word' id='word_1_628' title='bbox 3479 3120 3634 3170; x_wconf 85' lang='lat' dir='ltr'>sexto</span> <span class='ocrx_word' id='word_1_629' title='bbox 3689 3115 3863 3185; x_wconf 88' lang='lat' dir='ltr'>capi-</span> 
     </span>
    </p>
   </div>
   <div class='ocr_carea' id='block_1_78' title="bbox 2158 3202 3866 3274">
    <p class='ocr_par' dir='ltr' id='par_1_78' title="bbox 2158 3202 3866 3274">
     <span class='ocr_line' id='line_1_78' title="bbox 2158 3202 3866 3274; baseline 0.002 -20"><span class='ocrx_word' id='word_1_630' title='bbox 2158 3202 2279 3255; x_wconf 90' lang='lat' dir='ltr'>tulo</span> <span class='ocrx_word' id='word_1_631' title='bbox 2315 3219 2327 3256; x_wconf 93' lang='lat'>:</span> <span class='ocrx_word' id='word_1_632' title='bbox 2362 3205 2472 3257; x_wconf 82' lang='lat' dir='ltr'>Cor</span> <span class='ocrx_word' id='word_1_633' title='bbox 2502 3205 2734 3260; x_wconf 83' lang='lat' dir='ltr'>hominis</span> <span class='ocrx_word' id='word_1_634' title='bbox 2763 3205 2974 3260; x_wconf 87' lang='lat' dir='ltr'>erudiet</span> <span class='ocrx_word' id='word_1_635' title='bbox 3001 3220 3058 3260; x_wconf 92' lang='lat' dir='ltr'>os</span> <span class='ocrx_word' id='word_1_636' title='bbox 3087 3206 3223 3274; x_wconf 64' lang='lat' dir='ltr'>ejus,</span> <span class='ocrx_word' id='word_1_637' title='bbox 3255 3210 3306 3259; x_wconf 88' lang='lat' dir='ltr'>et</span> <span class='ocrx_word' id='word_1_638' title='bbox 3349 3205 3516 3261; x_wconf 87' lang='lat' dir='ltr'>labiis</span> <span class='ocrx_word' id='word_1_639' title='bbox 3563 3206 3714 3260; x_wconf 88' lang='lat' dir='ltr'>illius</span> <span class='ocrx_word' id='word_1_640' title='bbox 3759 3203 3866 3258; x_wconf 85' lang='lat' dir='ltr'>ad-</span> 
     </span>
    </p>
   </div>
   <div class='ocr_carea' id='block_1_79' title="bbox 2160 3287 2538 3356">
    <p class='ocr_par' dir='ltr' id='par_1_79' title="bbox 2160 3287 2538 3356">
     <span class='ocr_line' id='line_1_79' title="bbox 2160 3287 2538 3356; baseline 0.011 -16"><span class='ocrx_word' id='word_1_641' title='bbox 2160 3287 2250 3341; x_wconf 87' lang='lat' dir='ltr'>det</span> <span class='ocrx_word' id='word_1_642' title='bbox 2278 3292 2538 3356; x_wconf 89' lang='lat' dir='ltr'>gratiam.</span> 
     </span>
    </p>
   </div>
   <div class='ocr_carea' id='block_1_80' title="bbox 2233 3377 3860 3450">
    <p class='ocr_par' dir='ltr' id='par_1_80' title="bbox 2233 3377 3860 3450">
     <span class='ocr_line' id='line_1_80' title="bbox 2233 3377 3860 3450; baseline 0.004 -22"><span class='ocrx_word' id='word_1_643' title='bbox 2233 3377 2483 3442; x_wconf 84' lang='lat' dir='ltr'>Triginta</span> <span class='ocrx_word' id='word_1_644' title='bbox 2506 3379 2682 3434; x_wconf 87' lang='lat' dir='ltr'>siclos.</span> <span class='ocrx_word' id='word_1_645' title='bbox 2718 3380 2832 3434; x_wconf 87' lang='lat' dir='ltr'>Hoc</span> <span class='ocrx_word' id='word_1_646' title='bbox 2857 3384 2943 3433; x_wconf 90' lang='lat' dir='ltr'>est</span> <span class='ocrx_word' id='word_1_647' title='bbox 2981 3380 3294 3435; x_wconf 90' lang='lat' dir='ltr'>secundum</span> <span class='ocrx_word' id='word_1_648' title='bbox 3352 3379 3496 3450; x_wconf 90' lang='lat' dir='ltr'>legis</span> <span class='ocrx_word' id='word_1_649' title='bbox 3555 3380 3860 3448; x_wconf 86' lang='lat' dir='ltr'>mandata,</span> 
     </span>
    </p>
   </div>
   <div class='ocr_carea' id='block_1_81' title="bbox 2157 3462 3561 3537">
    <p class='ocr_par' dir='ltr' id='par_1_81' title="bbox 2157 3462 3561 3537">
     <span class='ocr_line' id='line_1_81' title="bbox 2157 3462 3561 3537; baseline 0.005 -22"><span class='ocrx_word' id='word_1_650' title='bbox 2157 3478 2260 3534; x_wconf 90' lang='lat' dir='ltr'>per</span> <span class='ocrx_word' id='word_1_651' title='bbox 2286 3462 2456 3518; x_wconf 79' lang='lat' dir='ltr'>fidem</span> <span class='ocrx_word' id='word_1_652' title='bbox 2486 3469 2542 3520; x_wconf 90' lang='lat' dir='ltr'>et</span> <span class='ocrx_word' id='word_1_653' title='bbox 2571 3483 2730 3537; x_wconf 90' lang='lat' dir='ltr'>spem</span> <span class='ocrx_word' id='word_1_654' title='bbox 2760 3473 2818 3522; x_wconf 88' lang='lat' dir='ltr'>et</span> <span class='ocrx_word' id='word_1_655' title='bbox 2847 3468 3186 3523; x_wconf 82' lang='lat' dir='ltr'>charitatem</span> <span class='ocrx_word' id='word_1_656' title='bbox 3213 3468 3561 3523; x_wconf 87' lang='lat' dir='ltr'>emendabit.</span> 
     </span>
    </p>
   </div>
   <div class='ocr_carea' id='block_1_82' title="bbox 2229 3554 3864 3628">
    <p class='ocr_par' dir='ltr' id='par_1_82' title="bbox 2229 3554 3864 3628">
     <span class='ocr_line' id='line_1_82' title="bbox 2229 3554 3864 3628; baseline 0.004 -23"><span class='ocrx_word' id='word_1_657' title='bbox 2229 3554 2480 3619; x_wconf 81' lang='lat' dir='ltr'>Argenti.</span> <span class='ocrx_word' id='word_1_658' title='bbox 2511 3555 2763 3610; x_wconf 89' lang='lat' dir='ltr'>Nitcrem</span> <span class='ocrx_word' id='word_1_659' title='bbox 2794 3556 2972 3611; x_wconf 90' lang='lat' dir='ltr'>divini</span> <span class='ocrx_word' id='word_1_660' title='bbox 3003 3557 3183 3620; x_wconf 89' lang='lat' dir='ltr'>verbi,</span> <span class='ocrx_word' id='word_1_661' title='bbox 3222 3573 3338 3628; x_wconf 89' lang='lat' dir='ltr'>quo</span> <span class='ocrx_word' id='word_1_662' title='bbox 3382 3557 3442 3611; x_wconf 94' lang='lat' dir='ltr'>in</span> <span class='ocrx_word' id='word_1_663' title='bbox 3472 3557 3583 3611; x_wconf 85' lang='lat' dir='ltr'>ﬁde</span> <span class='ocrx_word' id='word_1_664' title='bbox 3611 3555 3864 3612; x_wconf 86' lang='lat' dir='ltr'>Trinita-</span> 
     </span>
    </p>
   </div>
   <div class='ocr_carea' id='block_1_83' title="bbox 2157 3639 3863 3716">
    <p class='ocr_par' dir='ltr' id='par_1_83' title="bbox 2157 3639 3863 3716">
     <span class='ocr_line' id='line_1_83' title="bbox 2157 3639 3863 3716; baseline 0.005 -24"><span class='ocrx_word' id='word_1_665' title='bbox 2157 3639 2230 3692; x_wconf 89' lang='lat' dir='ltr'>tis</span> <span class='ocrx_word' id='word_1_666' title='bbox 2279 3645 2336 3695; x_wconf 90' lang='lat' dir='ltr'>et</span> <span class='ocrx_word' id='word_1_667' title='bbox 2384 3641 2625 3698; x_wconf 90' lang='lat' dir='ltr'>scientia</span> <span class='ocrx_word' id='word_1_668' title='bbox 2667 3644 2922 3716; x_wconf 89' lang='lat' dir='ltr'>decalogi</span> <span class='ocrx_word' id='word_1_669' title='bbox 2968 3644 3232 3700; x_wconf 89' lang='lat' dir='ltr'>instructi</span> <span class='ocrx_word' id='word_1_670' title='bbox 3271 3650 3448 3708; x_wconf 82' lang='lat' dir='ltr'>erant,</span> <span class='ocrx_word' id='word_1_671' title='bbox 3515 3660 3863 3716; x_wconf 89' lang='lat' dir='ltr'>compensa-</span> 
     </span>
    </p>
   </div>
   <div class='ocr_carea' id='block_1_84' title="bbox 2162 3725 2264 3782">
    <p class='ocr_par' dir='ltr' id='par_1_84' title="bbox 2162 3725 2264 3782">
     <span class='ocr_line' id='line_1_84' title="bbox 2162 3725 2264 3782; baseline -0.02 0"><span class='ocrx_word' id='word_1_672' title='bbox 2162 3725 2264 3782; x_wconf 89' lang='lat' dir='ltr'>bit.</span> 
     </span>
    </p>
   </div>
   <div class='ocr_carea' id='block_1_85' title="bbox 2238 3816 3860 3891">
    <p class='ocr_par' dir='ltr' id='par_1_85' title="bbox 2238 3816 3860 3891">
     <span class='ocr_line' id='line_1_85' title="bbox 2238 3816 3860 3891; baseline 0.004 -20"><span class='ocrx_word' id='word_1_673' title='bbox 2238 3816 2301 3872; x_wconf 89' lang='lat' dir='ltr'>Si</span> <span class='ocrx_word' id='word_1_674' title='bbox 2339 3821 2462 3885; x_wconf 87' lang='lat' dir='ltr'>quis</span> <span class='ocrx_word' id='word_1_675' title='bbox 2517 3823 2813 3890; x_wconf 84' lang='lat' dir='ltr'>aperuerit,</span> <span class='ocrx_word' id='word_1_676' title='bbox 2877 3826 2980 3876; x_wconf 91' lang='lat' dir='ltr'>etc.</span> <span class='ocrx_word' id='word_1_677' title='bbox 3038 3823 3248 3891; x_wconf 66' lang='lat'>(61130.,</span> <span class='ocrx_word' id='word_1_678' title='bbox 3308 3823 3407 3878; x_wconf 89' lang='lat' dir='ltr'>lib.</span> <span class='ocrx_word' id='word_1_679' title='bbox 3462 3838 3570 3876; x_wconf 85' lang='lat' dir='ltr'>xvu</span> <span class='ocrx_word' id='word_1_680' title='bbox 3629 3824 3860 3888; x_wconf 85' lang='lat' dir='ltr'>Moral.,</span> 
     </span>
    </p>
   </div>
   <div class='ocr_carea' id='block_1_86' title="bbox 2159 3908 3861 3982">
    <p class='ocr_par' dir='ltr' id='par_1_86' title="bbox 2159 3908 3861 3982">
     <span class='ocr_line' id='line_1_86' title="bbox 2159 3908 3861 3982; baseline -0.001 -16"><span class='ocrx_word' id='word_1_681' title='bbox 2159 3927 2288 3982; x_wconf 89' lang='lat' dir='ltr'>cap.</span> <span class='ocrx_word' id='word_1_682' title='bbox 2334 3908 2441 3979; x_wconf 77' lang='lat' dir='ltr'>t3.)</span> <span class='ocrx_word' id='word_1_683' title='bbox 2474 3908 2790 3964; x_wconf 88' lang='lat' dir='ltr'>Cisternam</span> <span class='ocrx_word' id='word_1_684' title='bbox 2819 3911 3041 3981; x_wconf 89' lang='lat' dir='ltr'>aperire</span> <span class='ocrx_word' id='word_1_685' title='bbox 3067 3915 3153 3964; x_wconf 89' lang='lat' dir='ltr'>est</span> <span class='ocrx_word' id='word_1_686' title='bbox 3178 3910 3362 3965; x_wconf 89' lang='lat' dir='ltr'>valido</span> <span class='ocrx_word' id='word_1_687' title='bbox 3391 3911 3682 3966; x_wconf 89' lang='lat' dir='ltr'>intellectu</span> <span class='ocrx_word' id='word_1_688' title='bbox 3705 3911 3861 3966; x_wconf 89' lang='lat' dir='ltr'>Scri-</span> 
     </span>
    </p>
   </div>
   <div class='ocr_carea' id='block_1_87' title="bbox 2159 3999 3864 4070">
    <p class='ocr_par' dir='ltr' id='par_1_87' title="bbox 2159 3999 3864 4070">
     <span class='ocr_line' id='line_1_87' title="bbox 2159 3999 3864 4070; baseline 0 -16"><span class='ocrx_word' id='word_1_689' title='bbox 2159 4003 2344 4070; x_wconf 69' lang='lat' dir='ltr'>ptum</span> <span class='ocrx_word' id='word_1_690' title='bbox 2373 4013 2546 4052; x_wconf 61' lang='lat' dir='ltr'>sacrae</span> <span class='ocrx_word' id='word_1_691' title='bbox 2588 4013 2794 4052; x_wconf 88' lang='lat' dir='ltr'>arcana</span> <span class='ocrx_word' id='word_1_692' title='bbox 2843 4004 3167 4068; x_wconf 82' lang='lat' dir='ltr'>penetrare.</span> <span class='ocrx_word' id='word_1_693' title='bbox 3227 4003 3358 4067; x_wconf 89' lang='lat' dir='ltr'>etc.,</span> <span class='ocrx_word' id='word_1_694' title='bbox 3391 4014 3563 4068; x_wconf 88' lang='lat' dir='ltr'>usque</span> <span class='ocrx_word' id='word_1_695' title='bbox 3599 3999 3674 4054; x_wconf 86' lang='lat' dir='ltr'>ad</span> <span class='ocrx_word' id='word_1_696' title='bbox 3721 3999 3864 4054; x_wconf 91' lang='lat' dir='ltr'>inde</span> 
     </span>
    </p>
   </div>
   <div class='ocr_carea' id='block_1_88' title="bbox 2160 4084 3402 4142">
    <p class='ocr_par' dir='ltr' id='par_1_88' title="bbox 2160 4084 3402 4142">
     <span class='ocr_line' id='line_1_88' title="bbox 2160 4084 3402 4142; baseline 0 -1"><span class='ocrx_word' id='word_1_697' title='bbox 2160 4085 2464 4142; x_wconf 82' lang='lat' dir='ltr'>inﬁrmitas</span> <span class='ocrx_word' id='word_1_698' title='bbox 2493 4084 2823 4140; x_wconf 90' lang='lat' dir='ltr'>auditorum</span> <span class='ocrx_word' id='word_1_699' title='bbox 2853 4086 2924 4140; x_wconf 91' lang='lat' dir='ltr'>ad</span> <span class='ocrx_word' id='word_1_700' title='bbox 2956 4086 3071 4140; x_wconf 91' lang='lat' dir='ltr'>ima</span> <span class='ocrx_word' id='word_1_701' title='bbox 3101 4085 3402 4142; x_wconf 89' lang='lat' dir='ltr'>dilabatur.</span> 
     </span>
    </p>
   </div>
   <div class='ocr_carea' id='block_1_89' title="bbox 2231 4173 3863 4245">
    <p class='ocr_par' dir='ltr' id='par_1_89' title="bbox 2231 4173 3863 4245">
     <span class='ocr_line' id='line_1_89' title="bbox 2231 4173 3863 4245; baseline 0.001 -16"><span class='ocrx_word' id='word_1_702' title='bbox 2231 4175 2292 4230; x_wconf 87' lang='lat' dir='ltr'>Si</span> <span class='ocrx_word' id='word_1_703' title='bbox 2320 4174 2409 4228; x_wconf 90' lang='lat' dir='ltr'>bos</span> <span class='ocrx_word' id='word_1_704' title='bbox 2434 4174 2662 4240; x_wconf 85' lang='lat' dir='ltr'>alienus,</span> <span class='ocrx_word' id='word_1_705' title='bbox 2699 4177 2809 4228; x_wconf 92' lang='lat' dir='ltr'>etc.</span> <span class='ocrx_word' id='word_1_706' title='bbox 2858 4173 3045 4245; x_wconf 83' lang='lat' dir='ltr'>(Auc.)</span> <span class='ocrx_word' id='word_1_707' title='bbox 3079 4175 3202 4228; x_wconf 85' lang='lat' dir='ltr'>Non</span> <span class='ocrx_word' id='word_1_708' title='bbox 3262 4175 3370 4228; x_wconf 90' lang='lat' dir='ltr'>hoc</span> <span class='ocrx_word' id='word_1_709' title='bbox 3419 4174 3481 4229; x_wconf 90' lang='lat' dir='ltr'>in</span> <span class='ocrx_word' id='word_1_710' title='bbox 3538 4175 3657 4229; x_wconf 91' lang='lat' dir='ltr'>solo</span> <span class='ocrx_word' id='word_1_711' title='bbox 3711 4175 3863 4230; x_wconf 82' lang='lat' dir='ltr'>bove</span> 
     </span>
    </p>
   </div>
   <div class='ocr_carea' id='block_1_90' title="bbox 365 4250 3860 4334">
    <p class='ocr_par' dir='ltr' id='par_1_90' title="bbox 365 4250 3860 4334">
     <span class='ocr_line' id='line_1_90' title="bbox 365 4250 3860 4334; baseline 0.001 -18"><span class='ocrx_word' id='word_1_712' title='bbox 365 4260 632 4331; x_wconf 90' lang='lat' dir='ltr'>suscepit.</span> <span class='ocrx_word' id='word_1_713' title='bbox 692 4259 908 4314; x_wconf 85' lang='lat' dir='ltr'>Reddet</span> <span class='ocrx_word' id='word_1_714' title='bbox 961 4274 1096 4328; x_wconf 90' lang='lat' dir='ltr'>ergo</span> <span class='ocrx_word' id='word_1_715' title='bbox 1135 4257 1234 4329; x_wconf 92' lang='lat' dir='ltr'>qui</span> <span class='ocrx_word' id='word_1_716' title='bbox 1291 4257 1592 4328; x_wconf 89' lang='lat' dir='ltr'>percussit,</span> <span class='ocrx_word' id='word_1_717' title='bbox 1650 4257 1902 4310; x_wconf 90' lang='lat' dir='ltr'>animam</span> <span class='ocrx_word' id='word_1_718' title='bbox 1949 4271 2052 4326; x_wconf 90' lang='lat' dir='ltr'>pro</span> <span class='ocrx_word' id='word_1_719' title='bbox 2092 4250 2510 4317; x_wconf 81' lang='lat' dir='ltr'>Dservandum</span> <span class='ocrx_word' id='word_1_720' title='bbox 2537 4264 2641 4326; x_wconf 92' lang='lat' dir='ltr'>est,</span> <span class='ocrx_word' id='word_1_721' title='bbox 2673 4260 2769 4315; x_wconf 90' lang='lat' dir='ltr'>sed</span> <span class='ocrx_word' id='word_1_722' title='bbox 2800 4260 2860 4314; x_wconf 93' lang='lat' dir='ltr'>in</span> <span class='ocrx_word' id='word_1_723' title='bbox 2880 4261 3036 4316; x_wconf 91' lang='lat' dir='ltr'>omni</span> <span class='ocrx_word' id='word_1_724' title='bbox 3088 4278 3334 4332; x_wconf 89' lang='lat' dir='ltr'>pecore;</span> <span class='ocrx_word' id='word_1_725' title='bbox 3394 4278 3428 4317; x_wconf 91' lang='lat' dir='ltr'>a</span> <span class='ocrx_word' id='word_1_726' title='bbox 3475 4269 3638 4334; x_wconf 85' lang='lat' dir='ltr'>parte</span> <span class='ocrx_word' id='word_1_727' title='bbox 3696 4264 3860 4318; x_wconf 90' lang='lat' dir='ltr'>enim</span> 
     </span>
    </p>
   </div>
   <div class='ocr_carea' id='block_1_91' title="bbox 364 4343 2052 4416">
    <p class='ocr_par' dir='ltr' id='par_1_91' title="bbox 364 4343 2052 4416">
     <span class='ocr_line' id='line_1_91' title="bbox 364 4343 2052 4416; baseline -0.004 -13"><span class='ocrx_word' id='word_1_728' title='bbox 364 4348 560 4403; x_wconf 90' lang='lat' dir='ltr'>anima</span> <span class='ocrx_word' id='word_1_729' title='bbox 580 4347 642 4401; x_wconf 91' lang='lat' dir='ltr'>in</span> <span class='ocrx_word' id='word_1_730' title='bbox 671 4347 762 4400; x_wconf 91' lang='lat' dir='ltr'>die</span> <span class='ocrx_word' id='word_1_731' title='bbox 785 4345 1010 4416; x_wconf 91' lang='lat' dir='ltr'>judicii,</span> <span class='ocrx_word' id='word_1_732' title='bbox 1041 4345 1253 4399; x_wconf 86' lang='lat' dir='ltr'>scilicet</span> <span class='ocrx_word' id='word_1_733' title='bbox 1279 4345 1429 4414; x_wconf 90' lang='lat' dir='ltr'>apud</span> <span class='ocrx_word' id='word_1_734' title='bbox 1476 4360 1609 4398; x_wconf 92' lang='lat' dir='ltr'>eum</span> <span class='ocrx_word' id='word_1_735' title='bbox 1650 4343 1904 4414; x_wconf 91' lang='lat' dir='ltr'>judicem</span> <span class='ocrx_word' id='word_1_736' title='bbox 1951 4343 2052 4414; x_wconf 92' lang='lat' dir='ltr'>qui</span> 
     </span>
    </p>
   </div>
   <div class='ocr_carea' id='block_1_92' title="bbox 364 4431 2051 4507">
    <p class='ocr_par' dir='ltr' id='par_1_92' title="bbox 364 4431 2051 4507">
     <span class='ocr_line' id='line_1_92' title="bbox 364 4431 2051 4507; baseline -0.005 -15"><span class='ocrx_word' id='word_1_737' title='bbox 364 4440 551 4507; x_wconf 88' lang='lat' dir='ltr'>potest</span> <span class='ocrx_word' id='word_1_738' title='bbox 581 4434 833 4489; x_wconf 86' lang='lat' dir='ltr'>animam</span> <span class='ocrx_word' id='word_1_739' title='bbox 867 4438 924 4488; x_wconf 91' lang='lat' dir='ltr'>et</span> <span class='ocrx_word' id='word_1_740' title='bbox 951 4449 1157 4504; x_wconf 91' lang='lat' dir='ltr'>corpus</span> <span class='ocrx_word' id='word_1_741' title='bbox 1191 4432 1428 4503; x_wconf 85' lang='lat' dir='ltr'>perdere</span> <span class='ocrx_word' id='word_1_742' title='bbox 1457 4431 1516 4485; x_wconf 91' lang='lat' dir='ltr'>in</span> <span class='ocrx_word' id='word_1_743' title='bbox 1562 4431 1903 4501; x_wconf 87' lang='lat' dir='ltr'>gehennam.</span> <span class='ocrx_word' id='word_1_744' title='bbox 1955 4431 2051 4484; x_wconf 89' lang='lat' dir='ltr'>Vel</span> 
     </span>
    </p>
   </div>
   <div class='ocr_carea' id='block_1_93' title="bbox 363 4519 2050 4595">
    <p class='ocr_par' dir='ltr' id='par_1_93' title="bbox 363 4519 2050 4595">
     <span class='ocr_line' id='line_1_93' title="bbox 363 4519 2050 4595; baseline -0.002 -17"><span class='ocrx_word' id='word_1_745' title='bbox 363 4528 427 4578; x_wconf 88' lang='lat' dir='ltr'>ut</span> <span class='ocrx_word' id='word_1_746' title='bbox 454 4523 555 4595; x_wconf 92' lang='lat' dir='ltr'>qui</span> <span class='ocrx_word' id='word_1_747' title='bbox 583 4522 692 4578; x_wconf 87' lang='lat' dir='ltr'>sibi</span> <span class='ocrx_word' id='word_1_748' title='bbox 720 4521 981 4576; x_wconf 90' lang='lat' dir='ltr'>conscius</span> <span class='ocrx_word' id='word_1_749' title='bbox 1010 4520 1184 4575; x_wconf 90' lang='lat' dir='ltr'>fuerit</span> <span class='ocrx_word' id='word_1_750' title='bbox 1209 4519 1355 4574; x_wconf 88' lang='lat' dir='ltr'>tanti</span> <span class='ocrx_word' id='word_1_751' title='bbox 1384 4521 1652 4586; x_wconf 88' lang='lat' dir='ltr'>scandali,</span> <span class='ocrx_word' id='word_1_752' title='bbox 1701 4525 1881 4590; x_wconf 90' lang='lat' dir='ltr'>ponat</span> <span class='ocrx_word' id='word_1_753' title='bbox 1928 4520 2050 4575; x_wconf 87' lang='lat' dir='ltr'>aui-</span> 
     </span>
    </p>
   </div>
   <div class='ocr_carea' id='block_1_94' title="bbox 365 4609 2047 4682">
    <p class='ocr_par' dir='ltr' id='par_1_94' title="bbox 365 4609 2047 4682">
     <span class='ocr_line' id='line_1_94' title="bbox 365 4609 2047 4682; baseline -0.003 -15"><span class='ocrx_word' id='word_1_754' title='bbox 365 4627 520 4667; x_wconf 89' lang='lat' dir='ltr'>mam</span> <span class='ocrx_word' id='word_1_755' title='bbox 544 4627 706 4666; x_wconf 91' lang='lat' dir='ltr'>suam</span> <span class='ocrx_word' id='word_1_756' title='bbox 738 4626 842 4682; x_wconf 91' lang='lat' dir='ltr'>pro</span> <span class='ocrx_word' id='word_1_757' title='bbox 874 4610 1067 4664; x_wconf 88' lang='lat' dir='ltr'>anima</span> <span class='ocrx_word' id='word_1_758' title='bbox 1096 4609 1480 4674; x_wconf 89' lang='lat' dir='ltr'>scandalizati,</span> <span class='ocrx_word' id='word_1_759' title='bbox 1507 4613 1564 4663; x_wconf 91' lang='lat' dir='ltr'>et</span> <span class='ocrx_word' id='word_1_760' title='bbox 1592 4626 1772 4681; x_wconf 90' lang='lat' dir='ltr'>usque</span> <span class='ocrx_word' id='word_1_761' title='bbox 1802 4609 1869 4664; x_wconf 89' lang='lat' dir='ltr'>ad</span> <span class='ocrx_word' id='word_1_762' title='bbox 1903 4624 2047 4664; x_wconf 86' lang='lat' dir='ltr'>mor-</span> 
     </span>
    </p>
   </div>
   <div class='ocr_carea' id='block_1_95' title="bbox 362 4697 2050 4770">
    <p class='ocr_par' dir='ltr' id='par_1_95' title="bbox 362 4697 2050 4770">
     <span class='ocr_line' id='line_1_95' title="bbox 362 4697 2050 4770; baseline -0.003 -15"><span class='ocrx_word' id='word_1_763' title='bbox 362 4705 480 4755; x_wconf 88' lang='lat' dir='ltr'>tem</span> <span class='ocrx_word' id='word_1_764' title='bbox 509 4700 604 4755; x_wconf 90' lang='lat' dir='ltr'>det</span> <span class='ocrx_word' id='word_1_765' title='bbox 632 4714 864 4770; x_wconf 88' lang='lat' dir='ltr'>operam</span> <span class='ocrx_word' id='word_1_766' title='bbox 893 4697 1182 4769; x_wconf 91' lang='lat' dir='ltr'>quomodo</span> <span class='ocrx_word' id='word_1_767' title='bbox 1214 4697 1286 4752; x_wconf 88' lang='lat' dir='ltr'>ad</span> <span class='ocrx_word' id='word_1_768' title='bbox 1333 4697 1502 4752; x_wconf 85' lang='lat' dir='ltr'>ﬁdem</span> <span class='ocrx_word' id='word_1_769' title='bbox 1544 4698 1899 4752; x_wconf 86' lang='lat' dir='ltr'>restituatur.</span> <span class='ocrx_word' id='word_1_770' title='bbox 1941 4699 2050 4752; x_wconf 91' lang='lat' dir='ltr'>Po-</span> 
     </span>
    </p>
   </div>
   <div class='ocr_carea' id='block_1_96' title="bbox 365 4785 2051 4859">
    <p class='ocr_par' dir='ltr' id='par_1_96' title="bbox 365 4785 2051 4859">
     <span class='ocr_line' id='line_1_96' title="bbox 365 4785 2051 4859; baseline -0.002 -15"><span class='ocrx_word' id='word_1_771' title='bbox 365 4793 464 4844; x_wconf 89' lang='lat' dir='ltr'>nat</span> <span class='ocrx_word' id='word_1_772' title='bbox 489 4789 718 4844; x_wconf 91' lang='lat' dir='ltr'>oculum</span> <span class='ocrx_word' id='word_1_773' title='bbox 747 4804 852 4859; x_wconf 91' lang='lat' dir='ltr'>pro</span> <span class='ocrx_word' id='word_1_774' title='bbox 879 4788 1043 4842; x_wconf 92' lang='lat' dir='ltr'>oculo</span> <span class='ocrx_word' id='word_1_775' title='bbox 1078 4803 1090 4842; x_wconf 93' lang='lat'>:</span> <span class='ocrx_word' id='word_1_776' title='bbox 1125 4786 1172 4840; x_wconf 90' lang='lat' dir='ltr'>si</span> <span class='ocrx_word' id='word_1_777' title='bbox 1229 4787 1456 4841; x_wconf 90' lang='lat' dir='ltr'>oculum</span> <span class='ocrx_word' id='word_1_778' title='bbox 1511 4787 1716 4840; x_wconf 63' lang='lat' dir='ltr'>animae</span> <span class='ocrx_word' id='word_1_779' title='bbox 1768 4786 1936 4855; x_wconf 81' lang='lat' dir='ltr'>laesit,</span> <span class='ocrx_word' id='word_1_780' title='bbox 1994 4785 2051 4841; x_wconf 90' lang='lat' dir='ltr'>id</span> 
     </span>
    </p>
   </div>
   <div class='ocr_carea' id='block_1_97' title="bbox 365 4875 2052 4948">
    <p class='ocr_par' dir='ltr' id='par_1_97' title="bbox 365 4875 2052 4948">
     <span class='ocr_line' id='line_1_97' title="bbox 365 4875 2052 4948; baseline -0.002 -16"><span class='ocrx_word' id='word_1_781' title='bbox 365 4881 469 4945; x_wconf 91' lang='lat' dir='ltr'>est,</span> <span class='ocrx_word' id='word_1_782' title='bbox 499 4877 850 4932; x_wconf 89' lang='lat' dir='ltr'>intellectum</span> <span class='ocrx_word' id='word_1_783' title='bbox 881 4876 1004 4948; x_wconf 90' lang='lat' dir='ltr'>ejus</span> <span class='ocrx_word' id='word_1_784' title='bbox 1033 4875 1302 4941; x_wconf 88' lang='lat' dir='ltr'>turbavit,</span> <span class='ocrx_word' id='word_1_785' title='bbox 1347 4875 1640 4930; x_wconf 89' lang='lat' dir='ltr'>auferatur</span> <span class='ocrx_word' id='word_1_786' title='bbox 1682 4876 1879 4929; x_wconf 88' lang='lat' dir='ltr'>oculus</span> <span class='ocrx_word' id='word_1_787' title='bbox 1930 4875 2052 4945; x_wconf 90' lang='lat' dir='ltr'>ejus</span> 
     </span>
    </p>
   </div>
   <div class='ocr_carea' id='block_1_98' title="bbox 365 4949 2050 5037">
    <p class='ocr_par' dir='ltr' id='par_1_98' title="bbox 365 4949 2050 5037">
     <span class='ocr_line' id='line_1_98' title="bbox 365 4949 2050 5037; baseline -0.003 -17"><span class='ocrx_word' id='word_1_788' title='bbox 365 4965 437 5020; x_wconf 87' lang='lat' dir='ltr'>ab</span> <span class='ocrx_word' id='word_1_789' title='bbox 468 4981 534 5019; x_wconf 88' lang='lat' dir='ltr'>eo</span> <span class='ocrx_word' id='word_1_790' title='bbox 566 4966 665 5037; x_wconf 89' lang='lat' dir='ltr'>qui</span> <span class='ocrx_word' id='word_1_791' title='bbox 693 4970 904 5036; x_wconf 66' lang='lat' dir='ltr'>praeest</span> <span class='ocrx_word' id='word_1_792' title='bbox 927 4949 1210 5031; x_wconf 65' lang='lat' dir='ltr'>Ecclesiae,</span> <span class='ocrx_word' id='word_1_793' title='bbox 1241 4963 1293 5017; x_wconf 90' lang='lat' dir='ltr'>id</span> <span class='ocrx_word' id='word_1_794' title='bbox 1327 4967 1411 5018; x_wconf 92' lang='lat' dir='ltr'>est</span> <span class='ocrx_word' id='word_1_795' title='bbox 1438 4963 1776 5018; x_wconf 86' lang='lat' dir='ltr'>intellectus.</span> <span class='ocrx_word' id='word_1_796' title='bbox 1810 4962 1866 5018; x_wconf 92' lang='lat' dir='ltr'>Si</span> <span class='ocrx_word' id='word_1_797' title='bbox 1911 4962 2050 5016; x_wconf 89' lang='lat' dir='ltr'>den-</span> 
     </span>
    </p>
   </div>
   <div class='ocr_carea' id='block_1_99' title="bbox 367 5049 2052 5123">
    <p class='ocr_par' dir='ltr' id='par_1_99' title="bbox 367 5049 2052 5123">
     <span class='ocr_line' id='line_1_99' title="bbox 367 5049 2052 5123; baseline -0.002 -17"><span class='ocrx_word' id='word_1_798' title='bbox 367 5057 483 5106; x_wconf 87' lang='lat' dir='ltr'>tem</span> <span class='ocrx_word' id='word_1_799' title='bbox 513 5053 676 5118; x_wconf 67' lang='lat' dir='ltr'>laasit,</span> <span class='ocrx_word' id='word_1_800' title='bbox 726 5053 826 5123; x_wconf 89' lang='lat' dir='ltr'>qui</span> <span class='ocrx_word' id='word_1_801' title='bbox 868 5052 1180 5122; x_wconf 90' lang='lat' dir='ltr'>suscipiens</span> <span class='ocrx_word' id='word_1_802' title='bbox 1223 5051 1414 5105; x_wconf 91' lang='lat' dir='ltr'>cibum</span> <span class='ocrx_word' id='word_1_803' title='bbox 1466 5052 1622 5106; x_wconf 90' lang='lat' dir='ltr'>verbi</span> <span class='ocrx_word' id='word_1_804' title='bbox 1673 5052 1770 5106; x_wconf 88' lang='lat' dir='ltr'>Dei</span> <span class='ocrx_word' id='word_1_805' title='bbox 1817 5049 2052 5105; x_wconf 89' lang='lat' dir='ltr'>commi-</span> 
     </span>
    </p>
   </div>
   <div class='ocr_carea' id='block_1_100' title="bbox 364 5139 2051 5211">
    <p class='ocr_par' dir='ltr' id='par_1_100' title="bbox 364 5139 2051 5211">
     <span class='ocr_line' id='line_1_100' title="bbox 364 5139 2051 5211; baseline -0.001 -17"><span class='ocrx_word' id='word_1_806' title='bbox 364 5155 542 5194; x_wconf 91' lang='lat' dir='ltr'>nuere</span> <span class='ocrx_word' id='word_1_807' title='bbox 569 5140 659 5194; x_wconf 90' lang='lat' dir='ltr'>vel</span> <span class='ocrx_word' id='word_1_808' title='bbox 691 5140 998 5194; x_wconf 88' lang='lat' dir='ltr'>molaribus</span> <span class='ocrx_word' id='word_1_809' title='bbox 1031 5145 1213 5194; x_wconf 89' lang='lat' dir='ltr'>terere</span> <span class='ocrx_word' id='word_1_810' title='bbox 1261 5139 1495 5206; x_wconf 90' lang='lat' dir='ltr'>solebat,</span> <span class='ocrx_word' id='word_1_811' title='bbox 1549 5144 1613 5211; x_wconf 87' lang='lat' dir='ltr'>ut</span> <span class='ocrx_word' id='word_1_812' title='bbox 1659 5139 1923 5194; x_wconf 89' lang='lat' dir='ltr'>subtilem</span> <span class='ocrx_word' id='word_1_813' title='bbox 1981 5139 2051 5193; x_wconf 91' lang='lat' dir='ltr'>ad</span> 
     </span>
    </p>
   </div>
   <div class='ocr_carea' id='block_1_101' title="bbox 365 5227 2053 5284">
    <p class='ocr_par' dir='ltr' id='par_1_101' title="bbox 365 5227 2053 5284">
     <span class='ocr_line' id='line_1_101' title="bbox 365 5227 2053 5284; baseline -0.001 -1"><span class='ocrx_word' id='word_1_814' title='bbox 365 5233 624 5284; x_wconf 87' lang='lat' dir='ltr'>ventrem</span> <span class='ocrx_word' id='word_1_815' title='bbox 659 5227 865 5282; x_wconf 71' lang='lat' dir='ltr'>animae</span> <span class='ocrx_word' id='word_1_816' title='bbox 901 5228 1312 5282; x_wconf 86' lang='lat' dir='ltr'>transmitteret</span> <span class='ocrx_word' id='word_1_817' title='bbox 1333 5243 1562 5282; x_wconf 90' lang='lat' dir='ltr'>sensum</span> <span class='ocrx_word' id='word_1_818' title='bbox 1597 5244 1608 5282; x_wconf 96' lang='lat'>:</span> <span class='ocrx_word' id='word_1_819' title='bbox 1642 5228 1688 5281; x_wconf 93' lang='lat' dir='ltr'>si</span> <span class='ocrx_word' id='word_1_820' title='bbox 1719 5229 1870 5281; x_wconf 91' lang='lat' dir='ltr'>hunc</span> <span class='ocrx_word' id='word_1_821' title='bbox 1919 5227 2053 5282; x_wconf 81' lang='lat' dir='ltr'>den-</span> 
     </span>
    </p>
   </div>
   <div class='ocr_carea' id='block_1_102' title="bbox 365 5315 2053 5387">
    <p class='ocr_par' dir='ltr' id='par_1_102' title="bbox 365 5315 2053 5387">
     <span class='ocr_line' id='line_1_102' title="bbox 365 5315 2053 5387; baseline -0.001 -15"><span class='ocrx_word' id='word_1_822' title='bbox 365 5322 483 5372; x_wconf 86' lang='lat' dir='ltr'>tem</span> <span class='ocrx_word' id='word_1_823' title='bbox 512 5318 606 5372; x_wconf 90' lang='lat' dir='ltr'>ille</span> <span class='ocrx_word' id='word_1_824' title='bbox 647 5316 931 5372; x_wconf 83' lang='lat' dir='ltr'>vexaverit</span> <span class='ocrx_word' id='word_1_825' title='bbox 977 5322 1034 5372; x_wconf 89' lang='lat' dir='ltr'>et</span> <span class='ocrx_word' id='word_1_826' title='bbox 1081 5317 1364 5380; x_wconf 90' lang='lat' dir='ltr'>evulserit,</span> <span class='ocrx_word' id='word_1_827' title='bbox 1419 5321 1484 5371; x_wconf 91' lang='lat' dir='ltr'>ut</span> <span class='ocrx_word' id='word_1_828' title='bbox 1533 5315 1877 5371; x_wconf 88' lang='lat' dir='ltr'>contritione</span> <span class='ocrx_word' id='word_1_829' title='bbox 1928 5316 2053 5387; x_wconf 88' lang='lat' dir='ltr'>ejus</span> 
     </span>
    </p>
   </div>
   <div class='ocr_carea' id='block_1_103' title="bbox 365 5402 2052 5475">
    <p class='ocr_par' dir='ltr' id='par_1_103' title="bbox 365 5402 2052 5475">
     <span class='ocr_line' id='line_1_103' title="bbox 365 5402 2052 5475; baseline -0.001 -17"><span class='ocrx_word' id='word_1_830' title='bbox 365 5419 485 5459; x_wconf 92' lang='lat' dir='ltr'>non</span> <span class='ocrx_word' id='word_1_831' title='bbox 511 5405 692 5475; x_wconf 87' lang='lat' dir='ltr'>possit</span> <span class='ocrx_word' id='word_1_832' title='bbox 719 5404 912 5458; x_wconf 90' lang='lat' dir='ltr'>anima</span> <span class='ocrx_word' id='word_1_833' title='bbox 940 5404 1222 5458; x_wconf 84' lang='lat' dir='ltr'>subtiliter</span> <span class='ocrx_word' id='word_1_834' title='bbox 1253 5409 1309 5458; x_wconf 94' lang='lat' dir='ltr'>et</span> <span class='ocrx_word' id='word_1_835' title='bbox 1345 5403 1719 5474; x_wconf 87' lang='lat' dir='ltr'>spiritualiter</span> <span class='ocrx_word' id='word_1_836' title='bbox 1764 5402 2052 5473; x_wconf 89' lang='lat' dir='ltr'>suscipere</span> 
     </span>
    </p>
   </div>
   <div class='ocr_carea' id='block_1_104' title="bbox 365 5487 2077 5562">
    <p class='ocr_par' dir='ltr' id='par_1_104' title="bbox 365 5487 2077 5562">
     <span class='ocr_line' id='line_1_104' title="bbox 365 5487 2077 5562; baseline -0.001 -16"><span class='ocrx_word' id='word_1_837' title='bbox 365 5492 604 5548; x_wconf 88' lang='lat' dir='ltr'>verbum</span> <span class='ocrx_word' id='word_1_838' title='bbox 630 5492 753 5561; x_wconf 90' lang='lat' dir='ltr'>Dei,</span> <span class='ocrx_word' id='word_1_839' title='bbox 785 5491 1075 5547; x_wconf 86' lang='lat' dir='ltr'>auferetur</span> <span class='ocrx_word' id='word_1_840' title='bbox 1095 5492 1234 5547; x_wconf 89' lang='lat' dir='ltr'>dens</span> <span class='ocrx_word' id='word_1_841' title='bbox 1263 5492 1404 5562; x_wconf 90' lang='lat' dir='ltr'>ejus,</span> <span class='ocrx_word' id='word_1_842' title='bbox 1437 5493 1536 5562; x_wconf 83' lang='lat' dir='ltr'>qui</span> <span class='ocrx_word' id='word_1_843' title='bbox 1561 5507 1678 5547; x_wconf 91' lang='lat' dir='ltr'>non</span> <span class='ocrx_word' id='word_1_844' title='bbox 1698 5487 1845 5546; x_wconf 88' lang='lat' dir='ltr'>bene</span> <span class='ocrx_word' id='word_1_845' title='bbox 1901 5490 2077 5546; x_wconf 88' lang='lat' dir='ltr'>cibos-</span> 
     </span>
    </p>
   </div>
   <div class='ocr_carea' id='block_1_105' title="bbox 2160 4347 3861 4422">
    <p class='ocr_par' dir='ltr' id='par_1_105' title="bbox 2160 4347 3861 4422">
     <span class='ocr_line' id='line_1_105' title="bbox 2160 4347 3861 4422; baseline 0.001 -17"><span class='ocrx_word' id='word_1_846' title='bbox 2160 4354 2342 4405; x_wconf 92' lang='lat' dir='ltr'>totum</span> <span class='ocrx_word' id='word_1_847' title='bbox 2374 4347 2734 4418; x_wconf 75' lang='lat' dir='ltr'>intelligitur.</span> <span class='ocrx_word' id='word_1_848' title='bbox 2768 4348 2877 4404; x_wconf 91' lang='lat' dir='ltr'>Sed</span> <span class='ocrx_word' id='word_1_849' title='bbox 2907 4350 3014 4404; x_wconf 89' lang='lat' dir='ltr'>hoc</span> <span class='ocrx_word' id='word_1_850' title='bbox 3043 4349 3111 4405; x_wconf 91' lang='lat' dir='ltr'>de</span> <span class='ocrx_word' id='word_1_851' title='bbox 3143 4351 3414 4404; x_wconf 90' lang='lat' dir='ltr'>carnibus</span> <span class='ocrx_word' id='word_1_852' title='bbox 3472 4351 3638 4406; x_wconf 90' lang='lat' dir='ltr'>occisi</span> <span class='ocrx_word' id='word_1_853' title='bbox 3680 4368 3861 4422; x_wconf 89' lang='lat' dir='ltr'>peco-</span> 
     </span>
    </p>
   </div>
   <div class='ocr_carea' id='block_1_106' title="bbox 2162 4435 3428 4507">
    <p class='ocr_par' dir='ltr' id='par_1_106' title="bbox 2162 4435 3428 4507">
     <span class='ocr_line' id='line_1_106' title="bbox 2162 4435 3428 4507; baseline 0 -15"><span class='ocrx_word' id='word_1_854' title='bbox 2162 4436 2240 4492; x_wconf 91' lang='lat' dir='ltr'>ris</span> <span class='ocrx_word' id='word_1_855' title='bbox 2269 4435 2393 4491; x_wconf 83' lang='lat' dir='ltr'>ﬁeri</span> <span class='ocrx_word' id='word_1_856' title='bbox 2423 4450 2536 4490; x_wconf 91' lang='lat' dir='ltr'>non</span> <span class='ocrx_word' id='word_1_857' title='bbox 2567 4438 2773 4505; x_wconf 86' lang='lat' dir='ltr'>potest,</span> <span class='ocrx_word' id='word_1_858' title='bbox 2805 4451 2921 4507; x_wconf 91' lang='lat' dir='ltr'>quo</span> <span class='ocrx_word' id='word_1_859' title='bbox 2952 4451 3072 4491; x_wconf 92' lang='lat' dir='ltr'>non</span> <span class='ocrx_word' id='word_1_860' title='bbox 3103 4442 3428 4492; x_wconf 88' lang='lat' dir='ltr'>vescuntur.</span> 
     </span>
    </p>
   </div>
   <div class='ocr_carea' id='block_1_107' title="bbox 2829 4567 3244 4624">
    <p class='ocr_par' dir='ltr' id='par_1_107' title="bbox 2829 4567 3244 4624">
     <span class='ocr_line' id='line_1_107' title="bbox 2829 4567 3244 4624; baseline -0.002 -1"><span class='ocrx_word' id='word_1_861' title='bbox 2829 4567 3060 4624; x_wconf 84' lang='lat' dir='ltr'><strong>CAPUT</strong></span> <span class='ocrx_word' id='word_1_862' title='bbox 3090 4570 3244 4624; x_wconf 87' lang='lat' dir='ltr'>XXII.</span> 
     </span>
    </p>
   </div>
   <div class='ocr_carea' id='block_1_108' title="bbox 2230 4699 3863 4774">
    <p class='ocr_par' dir='ltr' id='par_1_108' title="bbox 2230 4699 3863 4774">
     <span class='ocr_line' id='line_1_108' title="bbox 2230 4699 3863 4774; baseline 0.005 -22"><span class='ocrx_word' id='word_1_863' title='bbox 2230 4701 2393 4754; x_wconf 73' lang='lat' dir='ltr'>Vens.</span> <span class='ocrx_word' id='word_1_864' title='bbox 2453 4702 2501 4754; x_wconf 77' lang='grc'>1.</span> <span class='ocrx_word' id='word_1_865' title='bbox 2553 4729 2617 4740; x_wconf 89' lang='grc'><strong>-</strong></span> <span class='ocrx_word' id='word_1_866' title='bbox 2678 4699 2741 4756; x_wconf 88' lang='lat' dir='ltr'>Si</span> <span class='ocrx_word' id='word_1_867' title='bbox 2785 4701 2910 4768; x_wconf 86' lang='lat' dir='ltr'>quis</span> <span class='ocrx_word' id='word_1_868' title='bbox 2954 4701 3174 4772; x_wconf 82' lang='lat' dir='ltr'>furatus</span> <span class='ocrx_word' id='word_1_869' title='bbox 3199 4703 3392 4769; x_wconf 83' lang='lat' dir='ltr'>fuerit,</span> <span class='ocrx_word' id='word_1_870' title='bbox 3442 4705 3554 4757; x_wconf 90' lang='lat' dir='ltr'>etc.</span> <span class='ocrx_word' id='word_1_871' title='bbox 3613 4701 3863 4774; x_wconf 55' lang='lat' dir='ltr'>(Snus)</span> 
     </span>
    </p>
   </div>
   <div class='ocr_carea' id='block_1_109' title="bbox 2159 4787 3869 4861">
    <p class='ocr_par' dir='ltr' id='par_1_109' title="bbox 2159 4787 3869 4861">
     <span class='ocr_line' id='line_1_109' title="bbox 2159 4787 3869 4861; baseline 0.002 -17"><span class='ocrx_word' id='word_1_872' title='bbox 2159 4787 2480 4844; x_wconf 91' lang='lat' dir='ltr'>Secundum</span> <span class='ocrx_word' id='word_1_873' title='bbox 2511 4787 2763 4842; x_wconf 91' lang='lat' dir='ltr'>litteram</span> <span class='ocrx_word' id='word_1_874' title='bbox 2793 4788 3052 4860; x_wconf 90' lang='lat' dir='ltr'>quinque</span> <span class='ocrx_word' id='word_1_875' title='bbox 3098 4789 3272 4844; x_wconf 89' lang='lat' dir='ltr'>boves</span> <span class='ocrx_word' id='word_1_876' title='bbox 3309 4807 3414 4861; x_wconf 91' lang='lat' dir='ltr'>pro</span> <span class='ocrx_word' id='word_1_877' title='bbox 3444 4806 3559 4845; x_wconf 89' lang='lat' dir='ltr'>uno</span> <span class='ocrx_word' id='word_1_878' title='bbox 3598 4791 3757 4852; x_wconf 86' lang='lat' dir='ltr'>bove,</span> <span class='ocrx_word' id='word_1_879' title='bbox 3804 4799 3869 4848; x_wconf 88' lang='lat' dir='ltr'>et</span> 
     </span>
    </p>
   </div>
   <div class='ocr_carea' id='block_1_110' title="bbox 2161 4877 3865 4950">
    <p class='ocr_par' dir='ltr' id='par_1_110' title="bbox 2161 4877 3865 4950">
     <span class='ocr_line' id='line_1_110' title="bbox 2161 4877 3865 4950; baseline 0.003 -20"><span class='ocrx_word' id='word_1_880' title='bbox 2161 4881 2407 4948; x_wconf 88' lang='lat' dir='ltr'>quatuor</span> <span class='ocrx_word' id='word_1_881' title='bbox 2439 4892 2571 4930; x_wconf 89' lang='lat' dir='ltr'>oves</span> <span class='ocrx_word' id='word_1_882' title='bbox 2613 4893 2720 4947; x_wconf 93' lang='lat' dir='ltr'>pro</span> <span class='ocrx_word' id='word_1_883' title='bbox 2777 4892 2894 4930; x_wconf 92' lang='lat' dir='ltr'>uno</span> <span class='ocrx_word' id='word_1_884' title='bbox 2952 4877 3094 4931; x_wconf 87' lang='lat' dir='ltr'>bove</span> <span class='ocrx_word' id='word_1_885' title='bbox 3150 4878 3513 4934; x_wconf 90' lang='lat' dir='ltr'>redduntur:</span> <span class='ocrx_word' id='word_1_886' title='bbox 3562 4879 3702 4950; x_wconf 89' lang='lat' dir='ltr'>quia</span> <span class='ocrx_word' id='word_1_887' title='bbox 3750 4880 3865 4936; x_wconf 88' lang='lat' dir='ltr'>bos</span> 
     </span>
    </p>
   </div>
   <div class='ocr_carea' id='block_1_111' title="bbox 2160 4963 3867 5036">
    <p class='ocr_par' dir='ltr' id='par_1_111' title="bbox 2160 4963 3867 5036">
     <span class='ocr_line' id='line_1_111' title="bbox 2160 4963 3867 5036; baseline 0.004 -20"><span class='ocrx_word' id='word_1_888' title='bbox 2160 4963 2416 5035; x_wconf 87' lang='lat' dir='ltr'>quinque</span> <span class='ocrx_word' id='word_1_889' title='bbox 2440 4963 2718 5018; x_wconf 89' lang='lat' dir='ltr'>utilitates</span> <span class='ocrx_word' id='word_1_890' title='bbox 2757 4963 2951 5030; x_wconf 88' lang='lat' dir='ltr'>habet,</span> <span class='ocrx_word' id='word_1_891' title='bbox 2982 4964 3103 5018; x_wconf 89' lang='lat' dir='ltr'>ovis</span> <span class='ocrx_word' id='word_1_892' title='bbox 3130 4971 3395 5036; x_wconf 88' lang='lat' dir='ltr'>quatuor.</span> <span class='ocrx_word' id='word_1_893' title='bbox 3433 4967 3536 5020; x_wconf 89' lang='lat' dir='ltr'>Bos</span> <span class='ocrx_word' id='word_1_894' title='bbox 3563 4967 3719 5022; x_wconf 90' lang='lat' dir='ltr'>enim</span> <span class='ocrx_word' id='word_1_895' title='bbox 3750 4967 3867 5023; x_wconf 82' lang='lat' dir='ltr'>im-</span> 
     </span>
    </p>
   </div>
   <div class='ocr_carea' id='block_1_112' title="bbox 2160 5052 3870 5122">
    <p class='ocr_par' dir='ltr' id='par_1_112' title="bbox 2160 5052 3870 5122">
     <span class='ocr_line' id='line_1_112' title="bbox 2160 5052 3870 5122; baseline 0.003 -16"><span class='ocrx_word' id='word_1_896' title='bbox 2160 5053 2430 5121; x_wconf 89' lang='lat' dir='ltr'>molatur,</span> <span class='ocrx_word' id='word_1_897' title='bbox 2471 5056 2615 5121; x_wconf 89' lang='lat' dir='ltr'>arat,</span> <span class='ocrx_word' id='word_1_898' title='bbox 2644 5052 2843 5122; x_wconf 88' lang='lat' dir='ltr'>pascit,</span> <span class='ocrx_word' id='word_1_899' title='bbox 2876 5053 3068 5122; x_wconf 90' lang='lat' dir='ltr'>lactat,</span> <span class='ocrx_word' id='word_1_900' title='bbox 3102 5058 3160 5108; x_wconf 90' lang='lat' dir='ltr'>et</span> <span class='ocrx_word' id='word_1_901' title='bbox 3182 5054 3402 5109; x_wconf 90' lang='lat' dir='ltr'>corium</span> <span class='ocrx_word' id='word_1_902' title='bbox 3452 5054 3690 5109; x_wconf 87' lang='lat' dir='ltr'>diversis</span> <span class='ocrx_word' id='word_1_903' title='bbox 3728 5057 3870 5122; x_wconf 83' lang='lat' dir='ltr'>usi-</span> 
     </span>
    </p>
   </div>
   <div class='ocr_carea' id='block_1_113' title="bbox 2158 5139 3867 5212">
    <p class='ocr_par' dir='ltr' id='par_1_113' title="bbox 2158 5139 3867 5212">
     <span class='ocr_line' id='line_1_113' title="bbox 2158 5139 3867 5212; baseline 0.002 -18"><span class='ocrx_word' id='word_1_904' title='bbox 2158 5140 2264 5194; x_wconf 91' lang='lat' dir='ltr'>bus</span> <span class='ocrx_word' id='word_1_905' title='bbox 2296 5139 2619 5207; x_wconf 91' lang='lat' dir='ltr'>ministrat;</span> <span class='ocrx_word' id='word_1_906' title='bbox 2655 5140 2774 5194; x_wconf 87' lang='lat' dir='ltr'>ovis</span> <span class='ocrx_word' id='word_1_907' title='bbox 2805 5157 2939 5194; x_wconf 90' lang='lat' dir='ltr'>vero</span> <span class='ocrx_word' id='word_1_908' title='bbox 2993 5141 3348 5209; x_wconf 90' lang='lat' dir='ltr'>immolatur,</span> <span class='ocrx_word' id='word_1_909' title='bbox 3399 5147 3454 5197; x_wconf 92' lang='lat' dir='ltr'>et</span> <span class='ocrx_word' id='word_1_910' title='bbox 3506 5143 3714 5212; x_wconf 89' lang='lat' dir='ltr'>pascit,</span> <span class='ocrx_word' id='word_1_911' title='bbox 3769 5144 3867 5200; x_wconf 88' lang='lat' dir='ltr'>lac</span> 
     </span>
    </p>
   </div>
   <div class='ocr_carea' id='block_1_114' title="bbox 2161 5228 3868 5300">
    <p class='ocr_par' dir='ltr' id='par_1_114' title="bbox 2161 5228 3868 5300">
     <span class='ocr_line' id='line_1_114' title="bbox 2161 5228 3868 5300; baseline 0.004 -17"><span class='ocrx_word' id='word_1_912' title='bbox 2161 5233 2218 5283; x_wconf 91' lang='lat' dir='ltr'>et</span> <span class='ocrx_word' id='word_1_913' title='bbox 2247 5229 2440 5282; x_wconf 89' lang='lat' dir='ltr'>lanam</span> <span class='ocrx_word' id='word_1_914' title='bbox 2470 5229 2696 5284; x_wconf 90' lang='lat' dir='ltr'>tribuit.</span> <span class='ocrx_word' id='word_1_915' title='bbox 2736 5228 3050 5300; x_wconf 82' lang='lat' dir='ltr'>Allegorice</span> <span class='ocrx_word' id='word_1_916' title='bbox 3088 5246 3221 5284; x_wconf 90' lang='lat' dir='ltr'>vero</span> <span class='ocrx_word' id='word_1_917' title='bbox 3249 5246 3355 5300; x_wconf 89' lang='lat' dir='ltr'>per</span> <span class='ocrx_word' id='word_1_918' title='bbox 3381 5231 3582 5286; x_wconf 91' lang='lat' dir='ltr'>bovem</span> <span class='ocrx_word' id='word_1_919' title='bbox 3622 5231 3868 5288; x_wconf 65' lang='lat' dir='ltr'>Judeus</span> 
     </span>
    </p>
   </div>
   <div class='ocr_carea' id='block_1_115' title="bbox 2161 5315 3864 5390">
    <p class='ocr_par' dir='ltr' id='par_1_115' title="bbox 2161 5315 3864 5390">
     <span class='ocr_line' id='line_1_115' title="bbox 2161 5315 3864 5390; baseline 0.003 -19"><span class='ocrx_word' id='word_1_920' title='bbox 2161 5315 2404 5388; x_wconf 89' lang='lat' dir='ltr'>quilibet</span> <span class='ocrx_word' id='word_1_921' title='bbox 2428 5316 2789 5388; x_wconf 90' lang='lat' dir='ltr'>intelligitur,</span> <span class='ocrx_word' id='word_1_922' title='bbox 2823 5334 2995 5389; x_wconf 87' lang='lat' dir='ltr'>quem</span> <span class='ocrx_word' id='word_1_923' title='bbox 3027 5317 3074 5372; x_wconf 91' lang='lat' dir='ltr'>si</span> <span class='ocrx_word' id='word_1_924' title='bbox 3102 5319 3229 5390; x_wconf 90' lang='lat' dir='ltr'>quis</span> <span class='ocrx_word' id='word_1_925' title='bbox 3253 5319 3480 5373; x_wconf 66' lang='lat' dir='ltr'>Iudaeus</span> <span class='ocrx_word' id='word_1_926' title='bbox 3508 5319 3864 5390; x_wconf 89' lang='lat' dir='ltr'>vendiderit,</span> 
     </span>
    </p>
   </div>
   <div class='ocr_carea' id='block_1_116' title="bbox 2159 5404 3866 5480">
    <p class='ocr_par' dir='ltr' id='par_1_116' title="bbox 2159 5404 3866 5480">
     <span class='ocr_line' id='line_1_116' title="bbox 2159 5404 3866 5480; baseline 0.005 -23"><span class='ocrx_word' id='word_1_927' title='bbox 2159 5420 2346 5474; x_wconf 60' lang='lat' dir='ltr'>pinnas</span> <span class='ocrx_word' id='word_1_928' title='bbox 2371 5404 2515 5476; x_wconf 88' lang='lat' dir='ltr'>legis</span> <span class='ocrx_word' id='word_1_929' title='bbox 2546 5405 2882 5476; x_wconf 89' lang='lat' dir='ltr'>subjacebit,</span> <span class='ocrx_word' id='word_1_930' title='bbox 2932 5423 3060 5478; x_wconf 75' lang='lat' dir='ltr'>qua:</span> <span class='ocrx_word' id='word_1_931' title='bbox 3113 5405 3438 5462; x_wconf 88' lang='lat' dir='ltr'>continetur</span> <span class='ocrx_word' id='word_1_932' title='bbox 3477 5406 3539 5461; x_wconf 93' lang='lat' dir='ltr'>in</span> <span class='ocrx_word' id='word_1_933' title='bbox 3595 5407 3866 5480; x_wconf 88' lang='lat' dir='ltr'>quinque</span> 
     </span>
    </p>
   </div>
   <div class='ocr_carea' id='block_1_117' title="bbox 2161 5492 3864 5566">
    <p class='ocr_par' dir='ltr' id='par_1_117' title="bbox 2161 5492 3864 5566">
     <span class='ocr_line' id='line_1_117' title="bbox 2161 5492 3864 5566; baseline 0.004 -18"><span class='ocrx_word' id='word_1_934' title='bbox 2161 5492 2322 5549; x_wconf 89' lang='lat' dir='ltr'>libris</span> <span class='ocrx_word' id='word_1_935' title='bbox 2349 5492 2542 5565; x_wconf 81' lang='lat' dir='ltr'>Moysi.</span> <span class='ocrx_word' id='word_1_936' title='bbox 2596 5495 2704 5550; x_wconf 88' lang='lat' dir='ltr'>Per</span> <span class='ocrx_word' id='word_1_937' title='bbox 2759 5510 2926 5551; x_wconf 89' lang='lat' dir='ltr'>ovem</span> <span class='ocrx_word' id='word_1_938' title='bbox 2977 5495 3352 5565; x_wconf 87' lang='lat' dir='ltr'>Christianus,</span> <span class='ocrx_word' id='word_1_939' title='bbox 3409 5495 3509 5566; x_wconf 88' lang='lat' dir='ltr'>qui</span> <span class='ocrx_word' id='word_1_940' title='bbox 3561 5495 3864 5554; x_wconf 89' lang='lat' dir='ltr'>Christum</span> 
     </span>
    </p>
   </div>
  </div>
