4064 6186
224 254 305 309 25.
1329 249 1581 305 GLOSSA
1618 249 1902 306 0RDINAI

2080 280 2131 292 —
2172 253 2296 307 LIB.
2342 252 2543 307 EXOD.

3612 265 3713 315 262

224 371 473 435 imitatur,
522 369 589 424 de
630 384 746 440 quo
797 368 1005 423 dicitur
1046 385 1058 423 :
1104 370 1258 425 Sicut
1284 372 1400 424 ovis
1456 371 1530 425 ad
1584 373 1897 426 occisionem
1928 378 1973 431 Α
2007 372 2282 428 dicatores
2328 374 2615 444 Evangelii
2663 381 2862 430 monet
2903 392 2973 431 ne
3036 380 3489 447 superﬂuitatem
3532 398 3716 452 appe-

223 461 387 513 ductus
415 464 491 513 est
536 459 663 529 (Isa.
715 457 852 528 Lm).
893 457 948 512 Si
1000 457 1128 529 quis
1180 458 1327 512 hanc
1372 459 1710 523 vendiderit,
1761 476 1901 530 qua-

224 554 330 602 tuor
369 563 497 601 oves
548 546 770 612 reddat,
836 546 895 600 id
942 550 1027 599 est
1108 546 1423 601 secundum
1478 547 1899 602 institutionem

223 642 439 705 quatuor
471 635 903 705 Evangeliorum
935 634 1335 705 poenitentiam
1357 640 1504 705 agat.

277 725 418 778 Vens.
447 726 565 778 2-5.
605 754 673 765 —
718 724 780 779 Si
828 722 1121 791 e/fringens
1168 724 1267 789 fur
1322 722 1565 783 domum.
1637 726 1750 778 sive
1778 726 1899 791 suf-

219 812 427 877 Ῑοάὶεης,
461 817 564 865 etc.
596 812 782 881 (ΑυίςἼ
810 816 998 881 quaest.
1023 812 1091 865 84
1122 814 1183 865 in
1218 812 1431 880 Exod.)
1461 812 1517 866 Si
1569 812 1898 882 perfodiens

220 902 453 955 inventus
481 898 652 953 fuerit
678 898 770 952 fur
801 912 855 952 et
883 915 1183 969 percussus
1223 904 1483 954 mortuus
1525 900 1717 970 fuerit,
1766 906 1895 968 etc.,

220 1004 361 1056 usque
383 987 455 1041 ad
476 990 593 1057 jam
625 988 778 1041 enim
810 988 938 1058 plus
969 996 1053 1044 est
1083 1004 1255 1058 quam
1285 988 1395 1043 fur.

279 1077 423 1130 Vens.
454 1078 606 1130 6-13.
636 1105 703 1117 —
733 1077 794 1132 Si
821 1092 1063 1143 egressus
1090 1079 1255 1144 ignis,
1288 1081 1393 1131 etc.
1454 1076 1646 1147 (ΗΑΒ.)
1698 1078 1895 1148 Ignem

220 1165 596 1225 succcndimus,
655 1180 787 1218 cum
838 1165 1247 1219 correctionem
1312 1165 1554 1219 subditis
1604 1181 1894 1235 praepara-

222 1269 341 1314 mus,
364 1258 423 1306 ut
450 1253 643 1323 spinas
674 1254 944 1308 vitiorum
965 1270 1395 1308 consumamus.
1426 1254 1534 1309 Sed
1583 1254 1896 1309 videndum

2009 465 2151 527 tant,
2183 462 2277 515 sed
2310 461 2583 517 habentes
2626 463 2833 518 victum
2885 471 2941 518 et
2984 466 3276 534 vestitum,
3333 468 3422 521 his
3462 471 3717 525 contenti

2009 550 2143 616 sint,
2172 550 2483 605 secundum
2514 552 2656 607 illud
2682 552 2927 607 Matth.x
2959 569 2971 607 :
2997 555 3188 609 Gratis
3242 559 3545 627 accepistis,
3588 575 3717 626 gra-

2010 640 2081 692 tis
2105 637 2254 692 date.

2079 727 2236 780 Vens.
2286 729 2488 793 26,27.
2548 759 2617 767 —
2649 728 2712 784 Si
2755 730 2978 797 pignus,
3027 735 3133 785 etc.
3190 731 3370 799 (Ana,
3437 734 3531 789 loc.
3598 736 3715 805 99.)

2007 813 2194 868 Genus
2223 831 2327 884 pro
2353 815 2537 886 specie
2574 815 2795 885 posuit:
2833 816 2911 870 sic
2956 817 3113 871 enim
3161 818 3375 873 dictum
3432 825 3519 874 est
3581 836 3646 874 ac
3670 821 3718 875 si

2005 902 2073 956 de
2106 903 2264 956 omni
2294 909 2442 957 veste
2473 904 2681 974 pignus
2712 904 2952 972 dederit,
2987 922 3117 960 cum
3149 906 3218 959 de
3244 907 3339 960 illo
3395 925 3453 961 se
3486 908 3717 979 specia-

2003 989 2137 1044 liter
2191 991 2379 1045 dicere
2425 1009 2490 1045 ex
2549 994 3029 1063 consequentibus
3088 994 3378 1065 Scriptura
3453 1001 3714 1067 testatur,

2006 1079 2105 1148 qui
2127 1096 2245 1133 non
2275 1079 2445 1134 habet
2475 1080 2583 1134 nisi
2628 1096 2756 1135 eam
2801 1086 3015 1136 vestem
3074 1082 3224 1136 unde
3273 1089 3437 1138 nocte
3488 1086 3716 1156 operias

2003 1171 2128 1221 tur.

2072 1256 2287 1324 (Gneo.,
2324 1256 2419 1311 lib.
2468 1273 2559 1310 xv:
2612 1258 2831 1323 Moral.,
2887 1275 3011 1328 cap.
3066 1258 3143 1325 2.)
3196 1261 3419 1325 Pignus,
3497 1264 3715 1330 peccati

220 1348 290 1395 est
313 1358 376 1395 ne
406 1358 535 1395 cum
577 1342 718 1396 vitia
746 1342 1169 1413 persequimur,
1209 1341 1448 1396 virtutes
1496 1342 1791 1411 lasdamus,
1842 1348 1897 1396 et
2001 1344 2293 1398 confessio.
2322 1345 2619 1399 Proximus
2644 1345 2797 1399 enim
2819 1346 3043 1400 debitor
3076 1352 3269 1401 noster
3301 1348 3716 1431 efﬁcitur,etc.,

220 1430 283 1483 eis
305 1430 394 1500 qui
420 1430 672 1484 fructum
697 1431 977 1485 bonorum
1008 1447 1246 1502 operum
1276 1431 1531 1501 proferre
1583 1435 1891 1501 cceperant,

218 1523 326 1571 ante
361 1518 751 1573 maturitatem
780 1534 1105 1573 noceamus.
1151 1518 1259 1583 Qui
1299 1519 1408 1573 hoc
1463 1535 1600 1589 ergo
1655 1520 1892 1573 commi-

219 1606 350 1673 serit,
375 1608 607 1677 dignam
651 1607 1047 1677 pmnitentiam
1092 1612 1270 1678 gerat,
1305 1611 1361 1662 et
1403 1608 1556 1678 quod
1601 1624 1703 1679 per
1739 1608 1891 1663 iner-

219 1696 333 1749 tiam
359 1696 517 1757 laesit,
550 1695 802 1749 studiose
844 1696 1120 1750 restituat.

276 1785 468 1852 Spicas.
503 1784 756 1838 Teneros
788 1785 1079 1838 auditores
1097 1784 1356 1838 nondum
1406 1785 1474 1839 ad
1514 1784 1903 1839 maturitatem

221 1870 404 1925 fructus
450 1872 892 1943 pertingentes:
954 1888 1201 1943 quorum
1248 1872 1387 1926 vitia
1445 1872 1545 1943 qui
1614 1873 1813 1927 acerbe
1848 1879 1904 1928 et

221 1960 495 2019 indiscrete
547 1959 935 2030 reprehendit,
988 1960 1152 2031 quasi
1224 1963 1416 2029 ignem
1468 1948 1531 2013 in
1576 1961 1757 2032 spicas
1802 1962 1908 2016 im-

227 2048 397 2113 mittit,
430 2064 534 2102 nec
562 2048 635 2102 ad
666 2048 1057 2102 maturitatem
1086 2048 1387 2118 pervenire
1418 2048 1571 2104 sinit.

280 2137 423 2191 Vens.
484 2136 665 2191 14-16.
719 2166 788 2177 -
856 2137 1025 2203 Quia
1067 2140 1340 2206 proximo,
1388 2141 1494 2191 etc.
1545 2140 1591 2191 A
1644 2136 1908 2208 proximo

221 2230 455 2280 mutuum
488 2226 868 2296 postulamus,
898 2240 1028 2279 cum
1057 2241 1161 2295 pro
1188 2229 1404 2279 aeterna
1444 2226 1906 2281 remuneratione

222 2331 389 2368 curam
412 2314 699 2369 Dominici
743 2313 934 2385 gregis
971 2314 1335 2384 suscipimus.
1383 2314 1492 2369 Sed
1540 2314 1588 2369 si
1634 2314 1906 2369 timorem

223 2403 323 2469 Dei,
347 2403 506 2474 quasi
569 2403 872 2474 pecuniam
920 2402 1215 2473 exigentis,
1262 2418 1488 2474 semper
1528 2407 1659 2457 ante
1707 2403 1905 2456 oculos

220 2491 381 2543 cordis
409 2491 699 2561 ponimus,
727 2490 891 2561 quasi
922 2491 983 2545 in
1012 2491 1319 2561 praesentia
1372 2491 1496 2562 ejus
1543 2506 1770 2561 semper
1806 2507 1901 2545 su—

222 2592 344 2630 mus.
379 2578 533 2633 Unde
584 2579 632 2632 II
663 2579 789 2633 Cor.
824 2596 885 2633 v:
921 2580 1156 2635 Scientes
1212 2582 1456 2635 timorem
1518 2581 1755 2647 Domini,
1814 2579 1907 2633 lio-

221 2667 427 2721 mim'bus
456 2667 767 2722 suademus.
803 2668 867 2722 Et
898 2668 1053 2731 alibi,
1104 2669 1152 2723 II
1188 2669 1317 2723 Cor.
1358 2684 1470 2723 xu:
1523 2670 1697 2734 Quasi
1725 2682 1906 2722 coram

224 2756 324 2821 Deo,
368 2758 423 2809 in
462 2756 684 2811 Christo
750 2757 1031 2824 loquimur.
1085 2757 1230 2811 Mors
1296 2773 1434 2827 ergo
1493 2762 1593 2811 aut
1639 2756 1905 2811 debilitas

220 2844 413 2913 pecoris
458 2843 684 2914 pastori
739 2860 854 2899 non
893 2845 1232 2915 imputatur,
1291 2844 1339 2899 si
1372 2847 1495 2915 ejus
1532 2860 1728 2899 curam
1768 2849 1907 2898 stre-

2001 1446 2170 1500 usquc
2199 1433 2326 1487 ada
2361 1433 2528 1487 nobis
2567 1448 2695 1487 mox
2747 1434 3064 1499 relaxatum
3117 1435 3322 1489 sentiat
3368 1438 3519 1507 quod
3570 1438 3717 1493 deli-

2010 1521 2157 1589 quit.

2079 1609 2243 1663 Vens.
2286 1610 2375 1663 28.
2407 1638 2477 1649 —
2514 1609 2633 1664 Diis
2661 1625 2767 1664 non
2786 1609 3055 1676 detrahas,
3111 1614 3217 1666 etc.
3274 1612 3460 1683 (Aur...
3524 1621 3713 1684 quast,

2013 1699 2080 1751 86
2103 1698 2163 1750 in
2191 1697 2392 1767 Exod.)
2425 1698 2712 1762 Quaeritur
2767 1714 2908 1769 quos
2945 1698 3152 1754 dixerit
3198 1700 3352 1769 deos,
3391 1708 3518 1771 etc.,
3552 1718 3719 1773 usque

2013 1786 2087 1839 ad
2118 1786 2201 1839 vel
2233 1785 2416 1841 latriae
2451 1786 2740 1857 obsequiis
2760 1788 3049 1843 honorari.

2081 1874 2242 1927 Vens.
2275 1877 2465 1930 26-3l.
2495 1903 2569 1916 —
2596 1878 2840 1930 Decimus
2870 1881 3014 1945 tuas,
3076 1881 3183 1931 etc.
3218 1878 3364 1947 (lsm.
3426 1880 3485 1932 in
3553 1879 3711 1947 Gen.,

2012 1965 2153 2015 tom.
2184 1963 2264 2030 γ.)
2290 1963 2396 2015 Per
2434 1962 2717 2033 primitias
2770 1964 3003 2035 frugum
3050 1966 3137 2019 vel
3194 1965 3716 2037 primogenitorum

2011 2049 2304 2120 primitiva
2333 2050 2619 2105 bonorum
2650 2068 2889 2123 operum
2919 2054 3317 2121 ostenduntur,
3366 2060 3509 2123 etc.,
3547 2072 3717 2127 usque

2013 2137 2088 2192 ad
2113 2143 2169 2193 et
2196 2138 2559 2210 perfectionis
2580 2140 2824 2195 donatur
2852 2141 3111 2197 effectus.

2618 2272 2843 2327 CAPUT
2895 2274 3078 2328 XXIII.

2102 2407 2262 2463 Vens.
2298 2409 2356 2463 3.
2411 2435 2481 2447 —
2532 2407 2802 2477 Pauperis
2851 2423 3060 2477 quoque
3096 2424 3201 2463 non
3249 2410 3588 2467 miseresz
3652 2414 3712 2467 in

2005 2494 2236 2563 judicio.
2273 2494 2455 2565 (Ana)
2488 2495 2567 2549 Ne
2614 2495 2827 2549 scilicet
2891 2502 3091 2550 contra
3136 2497 3421 2567 justitiam
3474 2499 3717 2569 pauperi

2012 2581 2198 2636 faveas
2242 2598 2411 2636 causa
2466 2582 2888 2637 misericordias.
2952 2585 3107 2638 Bona
3162 2591 3247 2639 est
3292 2586 3706 2657 misericordia,

2012 2670 2108 2724 sed
2138 2685 2256 2723 non
2281 2669 2450 2723 debet
2469 2685 2591 2723 esse
2618 2675 2812 2723 contra
2844 2671 3144 2739 judicium.
3187 2671 3475 2727 Judicium
3523 2677 3716 2728 autem

2012 2757 2151 2812 dicit
2178 2757 2487 2828 Scriptura,
2521 2757 2678 2828 quod
2694 2758 2913 2827 justum
2943 2763 3046 2813 est.
3085 2760 3163 2813 Ne
3196 2760 3321 2830 quis
3348 2766 3541 2815 autem
3586 2778 3717 2831 pro-

2014 2852 2140 2918 pter
2168 2846 2314 2900 hanc
2344 2846 2687 2900 sententiam
2721 2847 2900 2900 Deum
2936 2851 3099 2917 putet
3134 2848 3440 2917 prohibere
3489 2848 3714 2904 miseri-

222 2947 313 2985 nue
340 2933 527 3002 gessit,
564 2937 624 2986 et
671 2932 834 3003 quasi
892 2934 1005 2987 Deo
1055 2938 1364 3004 praesente;
1423 2933 1589 2988 aliter
1631 2934 1907 2988 damnum
1944 2944 1982 3000 (ζ
2016 2934 2288 3001 cordiam,
2320 2938 2643 3004 opportune
2662 2933 2960 3004 sequitur:

222 3016 430 3071 reddere
462 3019 851 3090 compellitur.
888 3020 1047 3074 Unde
1077 3020 1272 3075 Matth.
1306 3038 1339 3073 v
1372 3037 1385 3076 :
1419 3022 1536 3079 Non
1581 3021 1752 3076 exibit
1775 3021 1900 3075 inde

223 3102 363 3160 donec
386 3106 587 3161 reddat
610 3108 966 3163 novissimum
995 3109 1374 3177 quadrantem.

282 3194 431 3249 Vens.
469 3199 555 3251 l7.
590 3225 659 3234 -
693 3197 755 3252 Si
794 3203 952 3266 pater
997 3198 1253 3267 virginis,
1302 3203 1409 3253 etc.
1463 3197 1653 3269 (ΗΑΒ.)
1693 3197 1901 3252 Sensus

226 3285 494 3337 sententiae
524 3283 849 3351 historicus,
876 3284 946 3338 de
976 3301 1089 3356 qua
1136 3285 1387 3340 nascitur
1423 3287 1626 3341 oratio.
1669 3286 1727 3342 Si
1764 3302 1900 3357 ergo

224 3368 498 3425 historicus
526 3386 731 3425 sensus
761 3387 1006 3443 regnum
1046 3373 1341 3427 charitatis
1379 3373 1641 3437 mdiﬁcat,
1674 3374 1899 3446 cupidi-

225 3458 333 3511 tatis
354 3459 611 3531 dissipat,
645 3475 761 3514 non
794 3466 878 3515 est
908 3475 1135 3515 necesse
1178 3461 1483 3531 allegorice
1535 3462 1758 3532 exponi.
1805 3462 1904 3517 Le-

226 3550 325 3600 ctor
341 3551 529 3602 tamen
550 3548 895 3602 sententiam
922 3548 1053 3603 dote
1072 3554 1241 3603 rectae
1264 3548 1397 3604 ﬁdei
1428 3550 1710 3605 honorare
1736 3549 1905 3605 debet

226 3641 272 3689 et
287 3637 544 3692 intactam
577 3654 681 3692 sua
703 3637 1054 3707 expositione
1082 3636 1431 3709 relinquere.

286 3724 427 3779 Vens.
465 3728 569 3781 l8—
597 3728 687 3779 20.
723 3756 785 3766 —
814 3726 1095 3794 Maleﬁcos
1130 3742 1235 3781 non
1284 3726 1515 3795 patieris
1569 3729 1772 3782 vivere.
1797 3727 1905 3791 Qui

224 3814 495 3885 prestigiis
515 3815 756 3885 magicas
788 3814 923 3868 artis
944 3818 1001 3868 et
1032 3812 1331 3868 diabolicis
1362 3814 1653 3884 ﬁgmentis
1701 3820 1900 3887 agunt,

224 3898 488 3957 hereticos
508 3903 792 3972 intellige,
823 3902 924 3973 qui
954 3918 987 3957 a
1015 3902 1301 3957 consortio
1331 3902 1590 3958 ﬁdelium
1634 3904 1733 3975 qui
1775 3920 1905 3959 vere

224 3991 413 4061 vivunt,
444 3991 984 4048 excommunicandi
1016 3996 1167 4060 sunt,
1197 3992 1380 4047 donec
1424 3992 1773 4048 maleﬁcium
1821 4009 1905 4048 er-

227 4080 348 4132 roris
374 4081 433 4134 in
462 4081 548 4137 eis
572 4080 859 4135 moriatur

284 4167 433 4223 Vens.
462 4171 556 4224 2t.
605 4196 676 4210 —
704 4168 991 4223 Advenam
1012 4183 1119 4223 non
1168 4168 1535 4224 contristabis.
1569 4169 1756 4239 (ΗΑΒ.)
1810 4170 1904 4224 Di-

228 4254 506 4312 lectionem
537 4257 789 4328 proximi
828 4273 932 4328 per
975 4257 1383 4313 misericordias
1450 4259 1907 4329 compassionem

229 4347 587 4412 commendat,
624 4361 698 4400 ne
744 4344 951 4399 furoris
1005 4349 1102 4399 aut
1157 4344 1409 4400 avaritias
1458 4346 1690 4401 stimulo
1749 4364 1903 4404 com-

229 4433 367 4499 moti,
381 4433 475 4503 jus
523 4437 749 4489 natura:
776 4432 1158 4504 negligemus.
1202 4434 1312 4489 Sed
1344 4449 1473 4504 quae
1531 4436 1797 4491 volumus
1840 4441 1907 4491 ut

228 4518 413 4577 faciant
439 4522 610 4577 nobis
638 4520 902 4576 homines
928 4521 1130 4576 eadem
1159 4522 1272 4577 illis
1319 4521 1614 4595 faciamus,
1667 4528 1726 4579 et
1777 4539 1907 4595 quae

230 4610 473 4665 nolumus
506 4610 654 4678 ﬁeri,
680 4626 799 4665 non
824 4610 1121 4665 faciamus.

288 4698 434 4756 Vens.
485 4701 593 4754 22-
641 4700 731 4753 24.
782 4728 849 4737 -—
894 4698 1083 4755 Vidua:
1112 4704 1162 4753 et
1204 4700 1418 4769 pupillo
1469 4714 1576 4755 non
1628 4701 1903 4756 nocebitis.

230 4784 386 4858 (Rm)
415 4788 478 4842 In
508 4786 699 4851 vidua,
734 4790 925 4841 sancta
956 4787 1219 4854 Ecclesia,
1275 4803 1406 4859 quae
1448 4786 1509 4842 in
1565 4788 1658 4843 die
1702 4788 1906 4859 judicii

228 4881 488 4946 exspectat
512 4876 823 4943 Christum,
854 4891 1027 4946 quem
1050 4875 1223 4930 modo
1245 4891 1364 4929 non
1406 4876 1580 4930 habet
1645 4893 1905 4946 prasen—

226 4965 323 5016 tem
350 4964 407 5018 in
434 4964 679 5037 pupillo,
712 4962 1065 5018 Christianus
1096 4965 1368 5035 populus,
1394 4964 1486 5019 cui
1512 4969 1777 5019 mortuus
1822 4968 1906 5020 est

230 5052 450 5106 mundus
496 5058 685 5123 pater,
731 5056 784 5105 et
838 5052 1149 5123 Babylonia
1200 5056 1403 5119 mater,
1446 5051 1625 5121 accipi
1668 5056 1901 5123 potest:

227 5152 375 5206 quam
396 5142 665 5212 prohibet
695 5141 1042 5215 constristari
1066 5158 1168 5212 per
1191 5141 1646 5212 persecutionem
1687 5142 1780 5195 vel
1823 5142 1907 5196 fa-

228 5231 351 5282 stum
380 5231 759 5295 mundanum,
790 5245 861 5283 ne
882 5229 1029 5283 forte
1056 5230 1185 5283 talis
1229 5228 1525 5283 insectatio
1578 5227 1648 5281 ad
1707 5230 1903 5299 perni-

228 5313 348 5371 ciem
390 5334 592 5373 eorum
639 5317 999 5388 spiritualem
1050 5317 1349 5388 perveniat
1402 5315 1501 5388 qui
1542 5331 1638 5371 eos
1692 5316 1905 5373 frustra

231 5402 350 5459 odiis
377 5411 433 5462 et
460 5405 823 5462 contumeliis
858 5407 1185 5462 molestant.

288 5493 435 5551 Vens.
465 5498 556 5551 25.
587 5526 656 5537 —
687 5496 751 5551 Si
781 5498 1017 5565 pecunia
1044 5499 1309 5565 mutuam,
1357 5498 1463 5552 etc.
1524 5495 1710 5566 (ΗΑΒ.)
1758 5496 1901 5550 Prae-

2082 3024 2247 3077 Vens.
2320 3024 2422 3077 4-6
2449 3051 2516 3061 --
2557 3022 2620 3078 Si
2682 3024 2977 3077 occurreris
3028 3022 3151 3077 bovi
3207 3026 3417 3079 inimici
3460 3028 3562 3094 tui,
3607 3030 3716 3081 etc.

2009 3111 2180 3175 Quasi
2206 3111 2293 3165 fac
2328 3109 2780 3164 misericordiam
2837 3111 3007 3165 etiam
3046 3126 3182 3181 erga
3228 3111 3525 3167 inimicos-
3565 3118 3716 3178 tuos,

2010 3213 2141 3252 cum
2169 3200 2413 3268 potestas
2443 3200 2527 3251 est
2574 3197 2929 3267 ajudicando
2968 3198 3146 3252 libera
3174 3215 3188 3265 ;
3241 3215 3355 3253 non
3402 3200 3557 3254 enim
3588 3216 3717 3254 cum

2011 3286 2234 3341 reducis
2260 3288 2549 3340 errantem
2578 3285 2782 3340 bovem
2810 3285 3032 3340 inimici
3062 3291 3120 3341 et
3160 3286 3375 3353 reddis,
3420 3287 3571 3342 inter
3607 3289 3715 3344 ali-

2011 3390 2157 3445 quos
2174 3373 2354 3445 judex
2383 3373 2620 3428 resides.

2083 3463 2242 3517 Vens.
2276 3465 2383 3517 7-9.
2409 3492 2479 3502 -
2522 3462 2867 3517 Mendacium
2926 3464 3125 3530 fugies.
3178 3462 3367 3535 (ΗΑΒ.)
3413 3463 3717 3521 Veritatem

2012 3555 2069 3606 et
2088 3551 2375 3621 judicium
2407 3555 2560 3605 amat
2593 3551 2869 3605 Dominus
2904 3566 2917 3605 :
2947 3556 3003 3605 et
3056 3551 3125 3605 ad
3176 3542 3297 3606 hinc
3353 3554 3721 3624 exsequenda

2009 3640 2291 3711 populum
2328 3654 2498 3695 suum
2527 3639 2813 3706 hortatur,
2858 3639 2995 3711 quia
3042 3655 3157 3694 non
3207 3645 3291 3695 est
3338 3657 3714 3711 personarum

2012 3732 2291 3799 acceptor.
2712 3724 2715 3727 “

2086 3819 2244 3873 Vens.
2276 3816 2454 3872 l0-l2.
2485 3847 2554 3859 —
2604 3819 2711 3874 Sea:
2754 3819 2914 3871 annis
2938 3818 3228 3872 seminabis
3277 3822 3479 3873 terram
3534 3822 3713 3873 tuam.

2032 3906 2217 3975 (AUG.)
2240 3905 2525 3969 Qumritur
2546 3906 2683 3976 quid
2699 3905 2971 3974 colligant
2992 3922 3296 3975 pauperes,
3321 3906 3365 3958 si
3389 3905 3448 3959 in
3470 3907 3715 3977 septimo

2014 4008 2165 4047 anno
2193 3992 2273 4047 ita
2326 3992 2578 4062 parcitur
2630 3996 2813 4058 terrae,
2873 3997 3004 4059 etc.,
3051 4008 3220 4060 usque
3257 3993 3333 4045 ad
3387 4008 3484 4047 sex
3537 4010 3719 4049 annos

2013 4096 2145 4135 cum
2176 4080 2524 4149 colliguntur
2547 4095 2677 4151 quia
2705 4078 3083 4134 seminantur.

2085 4169 2266 4240 (ΗΑΒ.)
2307 4169 2372 4223 In
2404 4168 2626 4223 senario
2656 4168 2927 4239 perfectio
2981 4184 3242 4239 operum.
3289 4172 3421 4237 etc.,
3450 4183 3621 4237 usque
3643 4171 3718 4226 ad

1948 4231 1990 4288 Ῑ)
2015 4231 2113 4326 qui
2164 4231 2394 4312 seniinat
2423 4260 2482 4312 in
2533 4231 3037 4325 benedictionibus;
3065 4259 3124 4312 in
3174 4231 3630 4313 benedictionibus
3668 4262 3718 4312 et

2013 4348 2193 4399 metet.

2085 4434 2246 4488 Vens.
2283 4435 2368 4488 l3.
2397 4462 2467 4474 —
2487 4435 2559 4488 Et
2581 4449 2681 4503 per
2708 4449 2897 4489 nomen
2936 4439 3276 4489 externorum
3327 4432 3567 4500 deorum,
3608 4436 3714 4487 etc.

2014 4523 2121 4576 Per
2152 4536 2368 4576 nomen
2407 4537 2575 4576 suum
2595 4522 2788 4593 jurare
2818 4523 3115 4593 permittit,
3158 4538 3274 4576 non
3308 4522 3458 4593 quod
3496 4522 3716 4576 bonum

2014 4610 2087 4664 sit
2105 4609 2304 4680 jurare
2335 4627 2349 4677 ;
2379 4610 2476 4665 sed
2506 4611 2644 4683 quia
2684 4610 2895 4665 sciebat
2933 4612 3194 4666 homines
3247 4626 3460 4682 pronos
3506 4610 3579 4665 ad
3624 4610 3716 4681 ju-

2012 4698 2259 4753 randum
2291 4714 2432 4767 esse,
2466 4715 2586 4754 non
2616 4699 2735 4753 vult
2764 4704 2827 4754 ut
2847 4700 3044 4769 jurent
3068 4716 3172 4769 per
3203 4700 3438 4755 nomina
3477 4699 3720 4754 exterio-

2014 4802 2141 4841 rum
2164 4787 2427 4857 deorum,
2459 4804 2531 4842 ne
2573 4787 2861 4858 frequenti
2886 4789 3207 4857 iuramento
3258 4787 3607 4842 inducantur
3645 4786 3720 4841 ad

2013 4875 2231 4930 cultum
2255 4890 2477 4931 eorum.
2522 4875 2612 4930 Sic
2651 4879 2708 4929 et
2763 4875 2979 4930 hostias
3037 4892 3153 4929 non
3212 4875 3498 4944 approbat
3544 4875 3718 4945 Deus,

2014 4964 2229 5019 mavult
2252 4968 2446 5019 tamen
2475 4962 2778 5019 sacriﬁcari
2804 4964 2912 5017 sibi
2944 4980 3115 5033 quam
3148 4963 3338 5018 idolis.

2083 5053 2245 5107 Vens.
2280 5055 2468 5108 14-18.
2499 5084 2566 5093 -
2622 5053 2816 5107 Tribus
2862 5053 3069 5107 vicibus
3108 5068 3209 5122 per
3252 5053 3491 5119 singulos
3546 5067 3718 5108 annos

2013 5142 2121 5194 etc.
2151 5141 2344 5195 Fidem
2375 5140 2586 5195 scilicet
2606 5146 2814 5195 sanctae
2846 5140 3140 5195 Trinitatis
3190 5141 3282 5195 hic
3312 5141 3489 5212 exigit
3536 5142 3716 5196 Deus;

2014 5228 2075 5282 in
2099 5229 2307 5283 Pascha
2326 5228 2481 5283 enim
2508 5229 2842 5283 immolatur
2867 5229 3060 5293 Filius,
3094 5229 3154 5283 in
3178 5231 3507 5284 Pentecoste
3549 5229 3719 5283 datur

2013 5316 2257 5387 Spiritus
2279 5322 2526 5384 sanctus,
2574 5317 2635 5372 in
2681 5316 3029 5389 Scenopegia
3093 5322 3347 5389 paternae
3405 5316 3718 5389 majestatis

2013 5405 2270 5477 potentia
2300 5406 2640 5461 declaratur.

2091 5497 2283 5553 Tribus
2322 5495 2531 5552 vicibus
2552 5509 2652 5565 per
2675 5495 2914 5563 singulos
2940 5510 3129 5562 annos,
3185 5498 3291 5551 etc.
3340 5495 3528 5564 (ΗΑΒ.)
3587 5494 3715 5548 Hoc
