4052 6180
318 278 419 330 263

930 275 1336 330 WALAFRIDI
1375 274 1626 330 STRABI
1666 272 1862 328 FULD.
1905 272 2075 326 MON.
2127 271 2280 326 OPP.
2327 271 2500 326 PARS
2541 271 2583 326 Ι.
2625 301 2692 310 ——
2731 272 3190 328 THEOLOGICA.

307 400 394 452 est
425 394 862 464 omnitempore
892 392 1190 464 prasentis
1219 391 1349 448 vita
1377 396 1436 446 et
1453 390 1514 446 in
1571 395 1779 446 sancta
1830 391 2023 445 Trini—
2053 392 2096 446 A
2131 405 2305 461 quam
2335 391 2445 445 sibi
2471 390 2784 458 vindicans,
2811 391 2873 447 in
2927 393 3136 447 anima
3192 397 3402 448 nostra
3457 411 3683 451 recessu
3727 412 3833 451 ex-

314 485 444 539 tatis
471 481 848 547 confessione,
897 495 1000 552 per
1052 481 1221 535 ﬁdem
1253 485 1311 535 et
1360 495 1522 550 spem
1573 485 1630 534 et
1676 479 2009 534 charitatem

310 575 595 630 bonorum
627 586 867 641 operum
895 569 1166 640 obsequia
1195 570 1308 624 Deo
1353 569 1592 623 creatori
1619 572 1803 622 vestro
1848 569 2008 623 exhi-

314 660 540 717 bebitis.
601 660 813 714 Pascha
868 659 1021 712 enim
1077 658 1429 712 celebramus
1466 674 1661 712 mense
1706 674 2009 725 novorum,

313 765 442 804 cum
479 763 584 818 per
619 746 958 815 sanguinem
1014 745 1164 816 Agni
1214 745 1565 799 immaculati
1623 745 1694 799 ab
1753 746 2015 814 Egyptia

307 836 575 892 servitute
605 834 850 900 liberati,
887 849 989 903 per
1018 833 1339 902 spirituales
1368 849 1544 904 aquas
1599 833 1666 887 de
1709 832 1884 886 veteri
1917 834 2015 886 lio-

310 927 462 980 mine
492 925 551 977 in
583 938 794 976 novum
824 922 1154 988 transimus,
1185 938 1301 975 non
1350 923 1408 975 in
1453 924 1734 975 vetustate
1782 921 2010 986 littera,

311 1012 407 1066 sed
432 1011 491 1065 in
517 1010 767 1064 novitate
798 1008 1044 1079 spiritus,
1087 1025 1201 1079 quo
1243 1009 1304 1062 in
1350 1012 1560 1061 terram
1616 1007 2013 1076 promissionis

310 1117 416 1172 per
445 1099 686 1170 gratiam
709 1097 913 1152 Christi
960 1096 1343 1166 pervenimus.
1405 1095 1830 1149 Solemnitatem
1882 1111 2014 1149 vero

313 1188 524 1243 mensis
545 1186 972 1257 primitivorum
1027 1184 1403 1251 celebramus,
1461 1199 1588 1236 cum
1636 1200 1872 1254 operum
1905 1200 2013 1237 no-

311 1284 579 1342 strorum,
603 1277 980 1342 voluntatum,
1009 1279 1065 1326 et
1108 1288 1436 1326 sermonum
1459 1271 1740 1340 primitias
1777 1272 2013 1326 Domino

311 1362 1198 1431 consecramus;solemnitatem
1256 1375 1484 1430 quoque
1527 1361 1586 1413 in
1636 1361 1790 1414 exitu
1848 1361 2003 1425 anni,

311 1454 539 1526 quando
563 1451 917 1523 congregatis
946 1450 1224 1519 frugibus,
1260 1448 1319 1502 id
1359 1453 1443 1502 est
1501 1448 1774 1503 virtutum
1824 1449 2016 1502 fructi-

311 1541 440 1609 bus,
471 1540 541 1594 ad
583 1539 756 1593 ﬁnem
787 1537 918 1590 vita
963 1541 1020 1590 et
1057 1536 1357 1589 introitum
1389 1536 1552 1606 regni
1599 1535 1841 1589 caelestis
1883 1553 2013 1606 per-

309 1629 505 1683 venire
533 1626 933 1681 contendimus
961 1641 974 1691 ;
1009 1623 1068 1676 in
1122 1624 1503 1677 tabernaculis
1551 1630 1769 1694 septem
1815 1623 2016 1679 diebus

311 1719 843 1780 commemorantes,
886 1711 1020 1783 quia
1050 1728 1152 1782 per
1190 1728 1358 1766 omne
1397 1717 1624 1784 tempus
1680 1714 1808 1768 vita
1869 1729 2015 1783 pra-

311 1805 484 1860 sentis
515 1803 846 1874 peregrinos
876 1817 978 1856 nos
1012 1817 1133 1854 esse
1162 1801 1543 1870 agnoscimus,
1601 1817 1705 1856 nec
1757 1803 2016 1873 requiem

311 1893 422 1958 hic,
460 1893 560 1946 sed
587 1893 647 1945 in
679 1891 874 1945 futura
898 1889 1267 1960 requirimus,
1299 1891 1494 1945 seculo
1542 1895 1805 1946 curantes
1836 1906 1907 1945 ne
1955 1891 2014 1945 in

313 1985 621 2051 conspectu
647 1979 747 2034 Dei
775 1979 938 2033 vacui
959 1994 1363 2049 appareamus.

385 2069 787 2126 Solemnitatem
816 2082 1046 2136 quoque,
1099 2073 1205 2121 etc.
1258 2068 1442 2136 (ΗΑΒ.)
1503 2067 1733 2122 Maturis
1780 2068 2015 2135 scilicet,

328 2157 608 2228 frugibus,
654 2157 882 2227 quando
919 2157 1135 2210 fructus
1182 2156 1353 2210 totius
1406 2156 1543 2210 anni
1599 2157 1818 2211 collecti
1865 2163 2013 2224 sunt,

315 2247 375 2300 in
418 2245 731 2317 septembri
769 2244 980 2300 scilicet
1028 2259 1201 2316 quem
1251 2245 1472 2300 Hebrai
1520 2246 1819 2300 Chaldaico
1851 2263 2015 2301 voca-

314 2335 449 2390 bulo
479 2334 659 2396 thisri,
703 2336 856 2394 main
913 2333 1236 2388 Macedones
1285 2331 1616 2407 ὑπερϐεραῐον
1673 2338 1891 2388 vocant.
1953 2335 2018 2387 In

314 2425 474 2493 cujus
504 2422 786 2495 principio
814 2422 995 2477 Judai
1025 2422 1295 2476 feriantes
1345 2422 1570 2491 amplus
1620 2423 1758 2476 tuba
1806 2427 2020 2476 canunt

315 2527 488 2583 quam
520 2512 578 2566 in
608 2511 825 2565 cateris
854 2511 1162 2574 mensibus,
1187 2515 1243 2564 et
1265 2511 1432 2581 plura
1460 2510 1724 2577 offerunt,
1782 2511 1844 2565 in
1905 2526 2018 2582 quo

317 2601 439 2655 dies
467 2600 876 2670 expiationum,
902 2604 959 2654 et
979 2599 1099 2654 dies
1146 2599 1502 2669 scenopegia
1558 2599 1758 2670 quinto
1797 2599 2017 2654 decimo

318 2688 428 2755 die,
460 2689 561 2758 qui
592 2693 676 2742 est
705 2687 1032 2742 solemnitas
1059 2687 1598 2741 Tabernaculorum.

417 2778 580 2833 Vsas.
641 2779 720 2831 l9.
778 2807 844 2817 —
907 2779 1027 2833 Non
1078 2791 1271 2844 coques
1348 2775 1582 2844 haedum,
1652 2780 1758 2830 etc.
1829 2777 2016 2845 (Ana,

318 2870 506 2935 quast.
536 2867 604 2920 90
623 2867 682 2920 in
736 2865 937 2936 Exod.)
995 2865 1290 2930 Quomodo
1336 2864 1708 2933 intelligatur,
1767 2865 1839 2919 ad
1893 2881 2018 2919 ver-

318 2953 524 3008 borum
565 2952 971 3025 proprietatem
1019 2952 1211 3007 nescio
1271 2957 1465 3008 utrum
1523 2955 1701 3023 possit
1761 2953 2020 3023 reperiri,
2050 2959 2089 3014 C

320 3045 451 3108 etc.,
483 3057 652 3110 usque
681 3041 754 3095 ad
782 3047 982 3112 postea
1018 3057 1151 3096 vero
1207 3041 1360 3112 passi
1416 3047 1550 3096 sunt
1606 3057 1719 3096 non
1773 3042 1908 3112 agni
1963 3041 2023 3096 in

319 3131 484 3198 lacte,
517 3131 614 3184 sed
652 3130 858 3184 arietes
885 3129 947 3183 in
976 3145 1168 3201 grege.

425 3210 661 3286 (smn)
742 3217 1054 3273 Moraliter.
1142 3217 1366 3283 Hadus,
1442 3216 1499 3272 id
1589 3222 1674 3271 est
1742 3222 2021 3288 peccator,

323 3321 441 3359 non
465 3305 634 3360 estin
665 3306 808 3359 lacte
862 3303 1061 3358 matris
1117 3303 1468 3374 coquendus,
1499 3304 1553 3358 id
1602 3307 1686 3358 est
1736 3304 2024 3358 blanditiis

324 3393 736 3462 dissolvendus,
805 3392 904 3446 sed
963 3407 1161 3462 aspere
1247 3390 1630 3462 increpandus
1691 3397 1747 3446 et
1825 3393 2022 3446 redar-

324 3482 606 3552 guendus.

395 3572 555 3625 Vens.
604 3571 694 3637 20,
749 3573 837 3623 21.
869 3599 936 3608 -
985 3571 1115 3624 Ecce
1170 3584 1296 3637 ergo
1337 3571 1548 3624 mittam
1599 3571 1869 3638 angelum,
1916 3574 2022 3625 etc.

324 3658 702 3729 (RAB.).Iosue
732 3657 1014 3727 signiﬁcat
1059 3658 1262 3712 ducem
1316 3658 1538 3733 populi,
1598 3659 1698 3728 qui
1749 3657 1877 3712 ideo
1927 3675 2026 3712 an-

323 3747 485 3816 gelus
521 3745 747 3811 dicitur,
797 3744 933 3815 quia
981 3745 1052 3799 ad
1104 3747 1452 3800 voluntatem
1504 3746 1727 3800 Domini
1804 3762 2026 3801 annun-

321 3833 572 3888 tiandam
603 3833 894 3900 mittitur;
927 3831 1144 3903 ἄγγελος
1189 3833 1344 3888 enim
1395 3835 1610 3900 Grace,
1668 3837 1897 3888 nuntius
1951 3835 2026 3889 di-

325 3921 496 3977 citur.

396 4012 552 4066 Vens.
599 4012 688 4064 22.
741 4039 809 4048 —-
849 4009 1117 4063 Inimicus
1186 4024 1293 4077 ero,
1368 4013 1470 4064 etc.
1578 4011 1784 4078 (Gneo)
1846 4010 2024 4066 Radix

327 4100 514 4154 cuncti
539 4098 675 4154 mali
714 4097 982 4167 superbia
1035 4103 1137 4165 est,
1201 4097 1272 4152 de
1325 4113 1439 4169 qua
1483 4099 1690 4153 dicitur
1738 4099 1900 4153 Eccli.
1951 4115 2022 4153 x:

326 4189 558 4242 Initium
605 4189 777 4242 omnis
818 4188 1030 4256 peccati
1089 4186 1364 4255 superbia.
1440 4187 1584 4242 Sunt
1640 4191 1832 4240 autem
1906 4187 2026 4256 ejus

327 4277 547 4330 soboles
577 4279 795 4345 septem
815 4274 1152 4344 principalia
1190 4273 1344 4336 vitia,
1395 4275 1582 4329 inanis
1639 4274 1835 4346 gloria,
1884 4275 2028 4329 invi-

326 4366 460 4429 dita,
494 4364 598 4428 ira,
628 4361 881 4430 tristitia,
921 4361 1177 4430 avaritia,
1198 4362 1410 4416 ventris
1446 4361 1744 4434 ingluvies,
1782 4361 2022 4416 luxuria.

328 4454 394 4507 Et
413 4451 548 4522 quia
577 4450 666 4504 his
696 4453 916 4519 septem
943 4449 1223 4518 superbia
1250 4449 1403 4504 vitiis
1436 4465 1539 4505 nos
1593 4453 1790 4519 captos
1842 4448 2028 4502 doluit

328 4541 676 4611 Redemptor
724 4541 934 4603 noster,
983 4539 1052 4591 ad
1102 4537 1397 4609 spirituale
1468 4537 1818 4594 liberationis
1878 4552 2025 4607 pra-

325 4630 468 4684 lium
489 4629 701 4700 Spiritu
734 4625 1077 4698 septiformis
1102 4628 1298 4697 gratia
1329 4629 1532 4699 plenus
1560 4627 1731 4682 venit.

398 4719 556 4773 Vens.
605 4719 695 4784 23,
743 4717 831 4770 24.
894 4743 957 4755 -
1015 4715 1379 4785 Pracedetque
1435 4721 1484 4770 te
1520 4717 1758 4784 angelus.
1846 4713 2026 4783 (ΗΑΒ.)

325 4805 495 4860 Josue
519 4805 798 4876 populum
854 4804 1226 4859 Israeliticum
1269 4804 1330 4858 in
1373 4809 1584 4858 terram
1636 4805 2028 4874 promissionis

329 4893 574 4960 induxit,
637 4897 859 4964 septem
911 4897 1114 4965 gentes
1161 4891 1412 4963 ejiciens,
1463 4891 1731 4963 idolaque
1789 4900 1845 4949 et
1901 4909 2027 4948 aras

329 4997 530 5035 eorum
589 4981 904 5038 destruens.
960 4981 1186 5054 Mystice
1235 4995 1402 5034 verus
1455 4981 1617 5035 Jesus
1671 4982 1773 5036 bas
1831 4986 2027 5052 gentes

223 5082 228 5088 '
329 5083 460 5122 cum
491 5068 807 5123 simulacris
836 5071 953 5124 suis
977 5067 1338 5134 exterminat,
1369 5083 1500 5123 cum
1547 5074 1764 5139 septem
1815 5069 2026 5140 princi-

331 5156 485 5227 palia
512 5156 650 5211 vitia
671 5161 725 5211 et
753 5173 923 5211 omne
956 5158 1178 5214 idolum
1224 5156 1442 5211 inimici
1492 5157 1560 5212 de
1613 5157 1880 5213 cordibus
1917 5173 2026 5212 no-

329 5243 460 5299 stris
494 5244 742 5314 expellit,
763 5249 824 5299 ut
874 5250 1092 5301 natura
1149 5249 1360 5300 nostra
1389 5250 1599 5300 terram
1654 5261 1849 5300 secure
1901 5261 2028 5316 pos-

333 5333 643 5388 sideamus.

403 5421 546 5487 Quos
571 5435 666 5488 ego
705 5423 990 5476 conteram.
1049 5422 1390 5492 (CHRYSOST.)
1441 5421 1618 5476 Habet
1664 5421 2030 5492 unumquod-

329 5523 444 5582 que
473 5507 676 5564 vitium
714 5506 775 5561 in
812 5507 983 5563 corde
1030 5513 1224 5564 nostro
1279 5509 1576 5580 propriam
1640 5509 2025 5581 mansionem,

2120 479 2394 534 terminat
2443 480 2725 546 [sraelem,
2770 480 2827 536 id
2893 487 2978 536 est
3020 498 3212 537 rerum
3269 499 3624 539 summarum
3685 501 3832 540 con—

2120 567 2575 638 templationem,
2609 573 2665 623 et
2691 569 2976 623 adversari
3031 587 3148 624 non
3204 570 3412 625 desinit
3444 587 3458 624 :
3517 590 3632 626 non
3671 575 3830 628 enim

2121 660 2360 726 possunt
2384 656 2619 710 virtutes
2648 673 2777 711 cum
2806 657 2952 713 vitiis
2983 659 3210 713 morari.
3251 659 3357 714 Sed
3386 675 3517 714 cum
3545 662 3614 715 ab
3648 662 3829 716 Israe-

2122 743 2256 810 litis,
2280 743 2337 799 id
2360 749 2443 799 est
2475 763 2506 799 a
2528 744 2852 812 virtutibus,
2885 746 3100 801 fuerint
3121 746 3254 801 vitia
3300 753 3581 820 superata,
3636 752 3828 804 locum

2123 849 2296 902 quam
2327 833 2803 903 concupiscentia
2832 836 2917 888 vel
2960 835 3351 890 fornicationis
3383 837 3614 906 spiritus
3647 839 3824 908 possi-

2124 923 2310 988 debat,
2343 922 2570 976 castitas
2599 923 2880 977 obtinebit
2911 940 2923 976 :
2948 939 3118 994 quem
3149 924 3310 978 furor
3335 931 3582 994 ceperat,
3601 927 3822 997 patien-

2121 1009 2202 1064 tia
2224 1009 2530 1064 vindicabit
2559 1027 2572 1077 ;
2606 1027 2776 1081 quem
2799 1011 3031 1064 tristitia
3052 1017 3296 1066 mortem
3319 1028 3562 1082 operans
3584 1029 3824 1084 occupa-

2123 1103 2297 1164 verat,
2317 1097 2580 1152 salutaris
2603 1104 2658 1152 et
2672 1099 2838 1169 plena
2857 1099 3281 1168 gaudiolatitia
3294 1101 3604 1171 possidebit
3624 1119 3636 1168 ;
3654 1117 3827 1172 quem

2123 1187 2320 1241 acedia
2341 1187 2596 1254 vastavit,
2629 1188 2841 1241 excolet
2862 1187 3158 1254 fortitudo;
3185 1204 3357 1260 quem
3385 1189 3650 1259 superbia
3699 1205 3830 1242 con-

2124 1274 2400 1342 culcabat,
2427 1274 2722 1328 humilitas
2761 1275 3109 1330 honestabit.
3154 1277 3352 1346 Itaque
3391 1276 3628 1345 singulis
3678 1276 3829 1330 vitiis

2125 1363 2396 1432 expulsis,
2429 1379 2630 1417 eorum
2651 1364 2790 1429 loca,
2822 1363 2878 1417 id
2903 1368 2986 1416 est
3006 1363 3256 1430 affectus,
3273 1363 3508 1418 virtutes
3529 1365 3828 1419 contraria

2123 1449 2498 1520 possidebunt
2531 1466 2544 1503 :
2581 1466 2708 1521 qua
2733 1450 2840 1505 ﬁlii
2883 1450 3126 1517 Israelis,
3179 1451 3234 1505 id
3285 1456 3368 1505 est
3406 1451 3613 1505 anima
3645 1452 3827 1505 Deum

2126 1536 2368 1590 videntis
2419 1543 2859 1608 nuncupantur:
2921 1537 3022 1608 qui
3075 1554 3206 1593 cum
3266 1538 3556 1592 universas
3641 1539 3830 1593 cordis

2127 1623 2449 1693 expulerint
2492 1627 2803 1696 passiones,
2836 1643 2952 1680 non
3005 1631 3122 1681 tam
3179 1627 3392 1681 alienas
3442 1627 3831 1697 possessiones

2126 1716 2381 1785 rapuisse
2411 1733 2584 1786 quam
2617 1717 2876 1788 proprias
2931 1733 3294 1788 recuperasse
3349 1718 3614 1772 credendi
3665 1722 3830 1772 sunt:

2127 1803 2261 1872 quia
2313 1805 2624 1858 secundum
2666 1809 2917 1859 veterem
2969 1805 3355 1871 traditionem,
3415 1812 3628 1860 terram
3694 1807 3834 1861 Cha.

2128 1907 2459 1946 nanaorum
2489 1893 2594 1947 ﬁlii
2637 1892 2767 1948 Sem
2792 1894 2852 1947 in
2905 1893 3181 1948 divisione
3240 1894 3393 1948 orbis
3434 1894 3620 1948 sortiti
3666 1900 3819 1960 sunt,

2127 1996 2299 2050 quam
2328 1981 2633 2035 Chananai
2653 1981 2935 2036 violenter
2961 1982 3336 2052 possederunt
3368 1999 3380 2036 :
3436 1982 3588 2037 unde
3635 1983 3820 2053 justo,

2124 2068 2340 2138 judicio
2373 2069 2472 2122 Dei
2501 2069 2721 2140 expulsi
2777 2074 2926 2125 sunt.
2992 2071 3260 2125 Voluntas
3309 2086 3537 2141 quoque
3591 2070 3822 2125 Domini

2125 2156 2541 2229 possessionem
2569 2157 2752 2212 cordis
2795 2158 2976 2212 nostri
3010 2174 3122 2212 non
3175 2158 3324 2212 vitiis
3376 2160 3472 2213 sed
3520 2159 3828 2214 virtutibus

2125 2245 2438 2316 deputavit,
2483 2262 2614 2318 qua
2668 2250 2797 2316 post
2838 2246 3370 2317 pravaricationem
3433 2247 3569 2302 Ada
3625 2247 3838 2302 insole-

2126 2333 2412 2386 scentibus
2441 2333 2612 2398 vitiis,
2644 2334 2806 2404 quasi
2841 2334 3198 2401 Chananais,
3227 2350 3261 2388 a
3301 2334 3538 2405 propria
3590 2335 3830 2404 regione

2126 2421 2376 2491 depulsa
2403 2425 2552 2476 sunt.
2589 2421 2729 2476 Cum
2760 2439 2893 2476 vero
2922 2439 3026 2493 per
3085 2422 3185 2477 Dei
3237 2423 3479 2493 gratiam
3533 2423 3835 2493 diligentia

2127 2514 2319 2564 nostra
2347 2513 2402 2564 et
2457 2510 2651 2564 labore
2678 2514 2871 2565 nostro
2920 2512 3315 2576 restituuntur,
3355 2528 3470 2566 non
3522 2517 3638 2566 tam
3688 2512 3836 2566 alie-

2127 2614 2262 2652 nam
2291 2606 2502 2653 terram
2535 2604 2815 2669 occupant
2845 2615 3019 2669 quam
3048 2599 3328 2670 recipiunt
3377 2601 3694 2670 propriam.

2228 2688 2390 2742 Vens.
2441 2689 2628 2742 25-27.
2684 2716 2756 2728 —
2810 2687 3138 2742 Benedicam
3217 2689 3456 2758 panibus
3513 2691 3641 2756 tuis,
3700 2693 3834 2769 etc.;

2131 2775 2311 2845 (Αυο.)
2375 2775 2501 2829 Alia
2568 2775 2803 2829 littera:
2866 2775 3191 2830 Benedicam
3261 2791 3456 2844 panem
3523 2780 3573 2830 et
3645 2779 3838 2829 vinum

2129 2869 2300 2929 tuum,
2333 2868 2438 2918 etc.
2471 2864 2739 2928 Quamvis
2781 2865 2872 2918 ha
2931 2865 3343 2935 promissiones
3395 2864 3614 2936 possint
3643 2869 3698 2919 et
3725 2864 3842 2935 spi-

2129 2953 2411 3008 ritualiter
2438 2952 2702 3023 intelligi,
2733 2955 2861 3022 etc.,
2893 2968 3064 3022 usque
3091 2953 3166 3008 ad
3196 2969 3324 3026 qua
3377 2953 3540 3024 impii
3587 2969 3705 3007 non
3743 2969 3840 3007 ac-

2135 3040 2368 3112 cipient.

2208 3128 2373 3181 Vens.
2436 3129 2525 3183 28.
2584 3157 2653 3169 -
2702 3130 2966 3184 Emittens
3026 3129 3328 3185 crabrones.
3383 3130 3568 3199 (Ana,
3635 3133 3840 3197 quast,

2135 3217 2241 3284 63.)
2274 3215 2542 3270 Emittam
2572 3232 2789 3287 vespas,
2823 3222 2928 3271 etc.
2958 3218 3072 3272 Hoc
3128 3218 3410 3290 promittit
3463 3219 3632 3282 Deus,
3692 3221 3840 3280 etc.,

2132 3319 2300 3373 usque
2329 3304 2402 3358 ad
2431 3303 2477 3358 si
2507 3303 2725 3375 aliquid
2757 3322 2790 3359 a
2821 3305 3044 3360 Christo
3071 3306 3299 3360 dicitur.

2205 3391 2331 3447 Alia
2382 3392 2590 3447 littera.
2655 3395 2916 3448 Emittam
2986 3409 3178 3464 vespas
3235 3399 3360 3449 ante
3412 3399 3480 3463 te,
3555 3399 3606 3448 et
3660 3394 3846 3464 ejiciet

2134 3479 2498 3545 Amorrhaos,
2527 3483 2634 3534 etc.
2658 3482 2705 3533 Α
2742 3480 2953 3549 plurali
3004 3481 3075 3535 ad
3133 3480 3483 3552 singularem
3528 3495 3846 3535 numerum

2136 3583 2194 3621 se
2240 3567 2538 3622 convertit.
2594 3567 2940 3639 Intelligitur
2993 3573 3187 3624 autem
3243 3571 3418 3639 ejiciet
3471 3571 3840 3636 Amorrhaos,

2135 3671 2326 3726 vespa,
2356 3655 2568 3710 scilicet
2623 3654 2770 3711 sicut
2824 3659 3062 3724 locusta,
3119 3657 3266 3712 sicut
3321 3673 3480 3722 rana,
3539 3673 3654 3712 non
3683 3657 3844 3728 quod

2136 3759 2251 3798 una
2279 3742 2372 3810 sit,
2399 3759 2504 3814 per
2557 3743 2909 3814 singularem
2946 3744 3291 3815 intelligitur
3336 3745 3595 3816 pluralis.

2235 3832 2392 3886 Vens.
2449 3834 2648 3887 29-33.
2705 3861 2776 3874 —
2827 3834 2946 3889 Non
3001 3834 3219 3902 ejiciam
3305 3848 3453 3888 eosa
3513 3835 3676 3901 facie,
3733 3837 3849 3887 etc.

2138 3920 2375 3991 (STRAB.)
2424 3920 2625 3976 Gentes
2677 3920 2798 3976 ista
2840 3921 2976 3976 vitia
3026 3921 3366 3993 signiﬁcant,
3424 3937 3554 3994 qua
3606 3937 3712 3976 nec
3767 3922 3849 3975 si-

2138 4010 2280 4075 mul,
2320 4025 2426 4064 nec
2443 4025 2559 4064 uno
2589 4013 2851 4080 tempore
2892 4011 2952 4065 in
3009 4011 3220 4065 sanctis
3276 4011 3732 4083 exstinguuntur,
3768 4026 3848 4065 ne

2138 4102 2394 4152 monstra
2422 4102 2589 4153 terra
2619 4097 3098 4169 multiplicantur,
3123 4099 3179 4153 id
3206 4105 3290 4153 est
3329 4116 3398 4153 ne
3421 4099 3482 4155 in
3517 4099 3853 4170 superbiam

2140 4186 2434 4257 erigantur
2472 4191 2529 4241 et
2556 4202 2760 4240 vanam
2787 4187 3030 4257 gloriam
3063 4192 3119 4241 et
3141 4188 3492 4258 hujusmodi.
3527 4189 3669 4242 Nam
3708 4203 3848 4242 cum

2139 4274 2318 4328 sancti
2348 4280 2549 4330 contra
2578 4274 2798 4344 majora
2823 4273 2959 4328 vitia
2986 4280 3245 4345 pugnant
3275 4279 3332 4329 et
3351 4274 3607 4343 vincunt,
3665 4273 3852 4328 relin-

2137 4366 2323 4433 quunt
2351 4363 2594 4428 minora,
2621 4367 2679 4416 et
2706 4362 3119 4432 permittuntur
3147 4361 3450 4430 dominari,
3493 4379 3564 4417 ne
3593 4377 3696 4433 per
3738 4363 3850 4420 ela.

2134 4451 2355 4506 tionem
2387 4451 2614 4523 gravius
2634 4456 2921 4506 corruant.
2969 4451 3125 4506 Unde
3178 4452 3354 4506 Paulo
3395 4451 3560 4506 datus
3613 4454 3699 4506 est
3741 4451 3851 4505 sti-

2137 4539 2328 4595 mulus
2355 4539 2539 4595 carnis
2569 4541 2639 4596 ad
2665 4540 2977 4596 custodiam
3024 4540 3361 4595 humilitatis
3413 4540 3458 4609 (Ι
3488 4541 3607 4597 Cor.
3674 4541 3844 4607 nu).

2777 4672 3003 4728 CAPUT
3055 4672 3232 4729 XXIV.

2208 4806 2366 4860 Vens.
2403 4809 2452 4860 l.
2484 4834 2550 4847 -
2608 4806 2782 4874 Moysi
2809 4819 3018 4874 quoque
3071 4803 3266 4858 dixit:
3325 4803 3570 4858 Ascende
3623 4802 3698 4857 ad
3729 4804 3853 4857 Do-

2134 4893 2359 4958 minum,
2394 4896 2451 4945 tu
2471 4898 2520 4946 et
2538 4893 2746 4962 Aaron,
2779 4897 2883 4948 etc.
2919 4893 3109 4964 (Ana,
3158 4896 3347 4963 quast.
3381 4893 3449 4946 85
3519 4893 3579 4946 in
3639 4891 3819 4946 Exod.
3840 4937 3854 4954 ,

2135 4983 2275 5033 tom.
2317 4979 2440 5048 ΙΙΙ.)
2470 4981 2654 5052 Usque
2685 4982 2753 5034 ad
2775 4983 2929 5036 hunc
2952 4984 3151 5038 locum
3208 4981 3524 5052 Scriptura
3567 4978 3858 5051 iustifica-

2134 5067 2317 5122 tiones
2369 5067 2790 5139 intelliguntur,
2851 5075 2984 5132 etc.,
3036 5085 3202 5138 usque
3285 5070 3358 5124 ad
3401 5067 3847 5140 justiﬁcationes

2134 5173 2270 5212 vero
2315 5157 2498 5213 Latini
2548 5175 2642 5212 eas
2688 5174 2810 5213 esse
2869 5157 3068 5214 dicunt
3104 5173 3233 5229 qua
3270 5157 3453 5213 Graci
3511 5153 3856 5228 δικαιώματα

2136 5245 2356 5300 dicunt.

2212 5336 2292 5389 Tu
2323 5337 2373 5387 et
2423 5333 2632 5402 Aaron,
2689 5338 2794 5389 etc.
2863 5333 3116 5406 (Ξῖ-ΜΒ.)
3165 5335 3382 5406 Moyses
3435 5337 3492 5388 et
3545 5335 3737 5389 Aaron
3789 5339 3854 5390 et

2136 5421 2331 5475 Nadab
2362 5423 2420 5474 et
2446 5421 2611 5476 Abiu.
2667 5423 2774 5476 Per
2819 5422 2922 5477 hos
2961 5426 3212 5492 quatuor
3257 5421 3364 5475 viri
3414 5421 3736 5492 evangelici
3768 5423 3849 5476 si-

2134 5507 2502 5580 gniﬁcantur,
2525 5509 2626 5580 qui
2662 5508 2875 5566 scilicet
2901 5509 3232 5581 evangelica
3257 5525 3447 5582 prace
3455 5514 3554 5582 pta
3599 5521 3853 5580 sequun-
