4064 6186
216 239 296 289 ἓρὶὸ
1304 230 1553 287 GLOSSA
1595 230 1998 287 OHDINARIA.
2041 262 2108 270 —
2150 234 2276 287 LIB.
2322 231 2523 286 EXOD.

3554 240 3659 290 ‘266

210 363 296 410 tur.
326 356 417 409 Per
444 352 803 423 septuaginta
848 368 980 406 vero
1020 351 1144 424 (qui
1184 357 1401 408 constat
1431 369 1497 408 ex
1529 353 1852 425 septenario
1885 356 1927 409 Α
1966 355 2042 410 ad
2070 355 2220 427 quod
2256 357 2423 411 modo
2472 359 2823 410 memoratur
2855 356 3109 411 nondum
3143 358 3449 414 vocabatur
3487 363 3669 429 Jesus,

213 443 360 498 decies
400 440 605 495 scilicet
633 441 822 508 ducto,
871 441 959 495 vel
987 456 1054 494 ex
1092 440 1324 496 denario
1350 441 1557 513 septies
1587 442 1865 513 multipli-

212 531 324 600 cato)
367 529 753 600 signiﬁcantur
781 528 864 583 illi
906 528 1005 600 qui
1054 528 1297 599 Spiritus
1336 530 1518 585 sancti
1551 531 1733 602 gratia
1766 530 1864 585 ad-

208 620 309 691 juti,
351 618 717 688 adimplentes
767 616 1064 671 denarium
1124 617 1287 689 legis,
1322 619 1567 672 tendunt
1631 619 1700 673 ad
1733 636 1864 672 con-

213 706 600 779 templationem
640 705 982 763 Conditoris.
1017 706 1112 759 Vel
1147 706 1219 760 ad
1258 705 1511 761 litteram
1556 706 1624 761 de
1656 707 1866 778 quibus

212 797 380 851 dicitur
407 797 569 851 Num.
603 812 658 849 x1
691 812 704 849 :
750 798 983 849 Assume
1016 796 1118 849 tibi
1141 797 1492 864 septuaginta
1516 796 1681 864 viros,
1731 799 1861 861 etc.,

210 886 261 940 de
287 883 473 955 quibus
506 883 718 938 Heldad
745 886 800 936 et
832 882 1044 937 Meldad
1078 882 1329 938 fuerunt.

264 974 403 1027 Vsus.
466 974 517 1024 ‘2.
562 1002 629 1012 —
671 972 933 1041 Solusque
989 972 1203 1039 Moyses
1244 972 1492 1026 ascendet
1551 972 1623 1025 ad
1676 973 1861 1026 Domi-

205 1078 320 1116 num.
359 1061 533 1131 (Rau)
591 1059 753 1114 Prius
814 1058 1145 1130 praecipitur
1188 1065 1249 1113 ut
1300 1060 1514 1131 Moyses
1543 1064 1600 1114 et
1648 1061 1862 1128 Aaron,

206 1150 360 1203 Nadab
390 1153 442 1203 et
471 1148 638 1213 Abiu,
674 1151 728 1201 et
760 1147 1119 1219 septuaginta
1149 1147 1419 1211 seniores,
1458 1148 1759 1201 ascendant
1789 1148 1858 1200 ad

211 1239 497 1292 Dominum.
547 1239 612 1291 Et
640 1237 831 1291 statim
875 1236 1238 1307 subjungitur
1280 1237 1436 1308 quod
1468 1238 1619 1292 solus
1649 1237 1863 1307 Moyses

205 1327 431 1382 ascendat
460 1324 533 1379 ad
556 1325 888 1393 Dominum,
912 1325 1103 1379 caeteri
1128 1341 1243 1379 non
1262 1325 1744 1397 appropinquant,
1766 1328 1862 1380 sed

206 1417 404 1469 adorent
430 1415 651 1486 procul.
682 1414 783 1469 Ubi
807 1414 1099 1468 moraliter
1113 1413 1452 1468 instruimur
1473 1414 1617 1467 vires
1642 1418 1864 1469 nostras

207 1503 543 1575 perpendere,
599 1518 706 1556 nec
761 1502 909 1556 ultra
959 1518 1125 1572 posse
1184 1506 1442 1556 nostrum
1502 1518 1687 1556 arcem
1736 1518 1864 1556 con-

205 1592 550 1663 templationis
590 1590 886 1662 attingere,
926 1592 1023 1645 sed
1056 1595 1337 1661 quantum
1385 1590 1577 1645 divina
1606 1592 1855 1644 clemen-

200 1683 258 1736 tia
284 1686 444 1745 vocat,
482 1685 539 1733 et
570 1680 767 1751 regula
793 1679 1097 1749 Scripturae
1127 1683 1415 1749 provocat.

252 1772 441 1837 (Gneo)
490 1770 707 1839 Moyses
734 1772 800 1822 ut
855 1768 1123 1822 sublimia
1178 1768 1279 1823 Dei
1334 1772 1621 1838 praecepta
1672 1767 1853 1838 perci-

194 1864 343 1930 peret,
391 1859 505 1911 alta
556 1857 908 1920 conscendit;
953 1862 1009 1911 et
1067 1861 1131 1910 ut
1178 1856 1402 1911 interna
1454 1860 1733 1926 penetret,
1787 1855 1857 1909 ab

196 1947 404 2001 externis
462 1945 809 2000 tumultibus
880 1946 1236 1999 occultatur:
1306 1944 1441 2015 quia
1501 1944 1607 1997 viri
1681 1944 1859 1998 sancti

194 2036 273 2107 qui
298 2034 659 2089 exterioribus
701 2032 902 2087 ofﬁciis
944 2034 1224 2087 deservire
1265 2033 1597 2086 necessitate
1651 2048 1858 2103 cogun-

191 2131 281 2189 tur,
326 2124 573 2177 studiose
630 2137 857 2192 semper
902 2122 967 2175 ad
1005 2122 1190 2175 cordis
1236 2127 1451 2175 secreta
1490 2121 1854 2191 confugiunt,

191 2214 351 2284 ibique
394 2212 758 2283 cogitationis
809 2211 1029 2266 intimae
1080 2227 1353 2265 cacumen
1403 2212 1739 2279 ascendunt,
1793 2214 1849 2264 et

193 2304 341 2372 legem
388 2301 551 2372 quasi
600 2300 659 2354 in
700 2303 891 2353 monte
926 2298 1281 2369 percipiunt,
1327 2299 1486 2360 dum,
1528 2298 1859 2368 postpositis

192 2390 499 2444 tumultibus
558 2390 852 2443 actionum
900 2388 1327 2459 temporalium,
1387 2387 1446 2440 in
1513 2388 1858 2458 contempla-

192 2478 339 2532 tionis
404 2495 523 2533 sute
582 2478 792 2534 vertice
837 2493 1098 2548 supernae
1160 2476 1463 2530 voluntatis
1518 2474 1857 2530 sententiam

194 2571 612 2635 perscrutantur.

247 2655 382 2708 Vens.
437 2658 553 2709 3-5.
621 2683 691 2693 —
748 2655 1020 2707 Faciemus
1082 2653 1271 2719 (Ara,
1327 2655 1515 2719 quasi.
1576 2650 1688 2719 95.)
1741 2650 1856 2704 No-

193 2742 395 2796 tandum
421 2742 576 2813 quod
613 2742 821 2795 iterum
848 2742 1112 2812 pepulus,
1156 2745 1287 2805 etc.,
1341 2754 1511 2809 usque
1550 2739 1625 2793 ad
1658 2755 1857 2809 appre-

190 2826 483 2884 henderunt
509 2831 815 2900 justitiam.
892 2846 933 2905 ρ

1976 444 2071 499 sed
2102 444 2333 516 quando
2360 443 2635 515 scriptum
2667 448 2771 499 est.

2048 533 2219 605 (8120.)
2266 534 2434 588 Iosue
2479 532 2766 588 Christum
2798 533 3027 587 nomine
3061 537 3118 588 et
3167 533 3389 588 actione
3447 535 3669 607 signiﬁ-

1974 625 2090 688 cat;
2146 622 2244 693 qui
2289 621 2553 675 minister
2588 620 2763 692 Moysi
2817 622 3046 687 dicitur,
3093 624 3226 694 quia
3258 623 3519 679 Christus
3564 640 3671 679 non

1972 712 2117 763 venit
2148 712 2311 780 legem
2340 711 2559 775 solvere,
2611 709 2706 763 sed
2733 710 3029 779 adimplere
3062 711 3291 777 (Matth.
3350 714 3433 781 v).
3496 713 3671 784 Moysi

1973 799 2212 870 vestigia
2252 799 2311 852 in
2343 798 2609 853 omnibus
2662 798 2938 869 sequitur,
2994 800 3128 870 quia
3168 800 3226 854 in
3277 800 3492 854 cunctis
3540 817 3670 872 quas

1975 885 2198 956 scripsit
2248 887 2482 957 Moyses,
2515 886 2701 956 typice
2754 886 3101 955 designatur,
3141 887 3302 956 quasi
3340 903 3532 943 comes
3588 889 3670 943 in-

1972 974 2258 1042 dividuus,
2291 974 2336 1028 si
2376 976 2519 1027 bene
2552 974 2850 1045 quem-itur,
2882 974 3188 1030 invenitur.
3231 977 3383 1031 Unde
3412 978 3555 1031 Joan
3588 994 3619 1030 v
3654 995 3665 1032 :

1972 1063 2037 1116 Si
2065 1063 2353 1117 crederetis
2383 1064 2581 1132 Moysi,
2601 1065 2838 1128 forsitan
2860 1064 3143 1117 crederetis
3182 1069 3233 1118 et
3258 1064 3415 1118 mihi.

2047 1152 2179 1219 (Ben
2213 1193 2226 1217 ,
2257 1152 2319 1203 de
2354 1150 2668 1215 'l‘alwrnac.,
2701 1150 2794 1203 lib.
2831 1168 2866 1217 ι,
2919 1168 3040 1221 cap.
3094 1155 3139 1216 t,
3174 1155 3312 1206 tom.
3348 1152 3443 1224 Π.)
3475 1153 3664 1207 Aaron

1973 1239 2192 1326 (ῙῚἾΠΝ)
2220 1254 2365 1293 mons
2392 1239 2762 1305 fortitudinis,
2794 1241 2909 1293 llur
2931 1243 3069 1310 (11:1)
3092 1240 3505 1311 interpretatur
3525 1245 3667 1308 ignis

1971 1329 2057 1381 vel
2089 1329 2283 1391 lumen,
2327 1332 2411 1381 etc
2441 1369 2454 1392 ,
2488 1344 2657 1397 usque
2693 1328 2771 1382 ad
2800 1331 2854 1382 et
2897 1328 2966 1383 ad
2998 1328 3365 1384 dilectionem
3396 1331 3665 1385 Condito-

1975 1416 2049 1469 ris
2091 1416 2316 1469 animus
2348 1416 2671 1470 inardescit.

2048 1506 2208 1558 Vsus.
2262 1508 2343 1559 15.
2404 1536 2473 1545 —
2532 1506 2766 1574 Cumque
2803 1506 3128 1560 ascendisset
3170 1507 3396 1574 Moyses,
3452 1507 3664 1577 (Rana,

1973 1593 2140 1663 ibid.)
2231 1594 2388 1647 Sicut
2446 1594 2801 1647 altitudinem
2890 1594 3270 1665 perfectionis,
3359 1598 3488 1663 etc.,
3575 1612 3664 1650 us-

1969 1698 2070 1752 que
2090 1682 2164 1735 ad
2202 1681 2410 1736 caelesti
2440 1682 2832 1736 benedictione
2859 1682 3126 1753 protegit.

2036 1771 2199 1824 Vens.
2244 1774 2320 1825 t6.
2359 1802 2426 1810 —
2457 1774 2526 1825 Et
2546 1771 2815 1824 habitavit
2843 1770 3023 1837 gloria
3059 1772 3295 1825 Domini.
3345 1772 3442 1839 (l0,
3499 1771 3665 1841 ibid.)

1971 1859 2093 1913 Non
2142 1858 2310 1913 modo
2371 1858 2712 1928 sublimitas,
2770 1859 2867 1913 sed
2913 1864 2969 1913 et
2999 1875 3208 1914 nomen
3257 1859 3490 1927 montis,
3526 1864 3661 1928 etc.,

1968 1962 2136 2016 usque
2173 1948 2248 2000 ad
2277 1947 2335 2000 in
2367 1948 2609 2018 septimo
2638 1950 2928 2018 quiescere
2956 1948 3247 2018 jubemur.

2038 2039 2239 2104 Tegcns
2281 2035 2438 2090 illum
2469 2037 2622 2091 nube.
2660 2036 2783 2106 (10.,
2822 2036 2985 2107 ibid)
3017 2037 3121 2091 Sex
3174 2036 3381 2090 diebus
3413 2035 3562 2091 nube
3612 2040 3667 2090 et

1968 2125 2152 2195 gloria
2180 2124 2409 2178 Domini
2428 2124 2661 2193 tegitur,
2690 2129 2816 2191 etc.,
2851 2140 3021 2193 usque
3041 2124 3115 2178 ad
3143 2128 3208 2178 ut
3237 2124 3303 2177 ad
3329 2122 3667 2179 sublimiora

1966 2212 2172 2266 divinae
2214 2213 2444 2267 visionis
2475 2216 2529 2266 et
2552 2213 2943 2266 collocationis
2972 2213 3124 2267 dona
3152 2212 3493 2282 perveniret.

2037 2302 2197 2355 Vsus.
2262 2305 2343 2355 Γ.
2388 2331 2457 2342 -
2513 2304 2643 2355 Erat
2690 2307 2867 2355 autem
2914 2304 3136 2370 species,
3176 2304 3280 2353 etc.
3315 2301 3443 2370 (10.,
3502 2300 3665 2367 ibid.)

1967 2388 2136 2453 Quasi
2195 2389 2346 2459 ignis
2396 2389 2603 2442 ardens
2634 2389 2848 2459 species
2879 2389 3075 2459 gloriae
3103 2388 3332 2443 Domini
3363 2389 3660 2459 apparuit,

1967 2483 2097 2543 etc.,
2158 2494 2324 2547 usque
2375 2478 2448 2531 ad
2507 2478 2731 2532 tametsi
2790 2479 2955 2548 plene
3011 2478 3138 2532 illos
3195 2476 3357 2548 sequi
3411 2493 3529 2532 non
3560 2493 3661 2531 va-

1965 2566 2140 2621 leant.

2039 2657 2198 2710 Vsus.
2261 2658 2345 2710 18.
2408 2685 2475 2695 -
2524 2656 2802 2722 Ingressus
2859 2656 3091 2726 Moyses,
3155 2658 3260 2709 etc.
3326 2654 3444 2726 (l0.,
3495 2653 3658 2724 ibid.)

1966 2746 2179 2817 Moyses
2220 2745 2470 2800 medium
2520 2745 2742 2799 nebulae
2779 2744 3069 2814 ingressus
3100 2745 3359 2800 ascendit
3408 2745 3469 2798 in
3500 2760 3662 2799 mon-

1966 2839 2104 2900 tem,
2160 2838 2289 2901 etc.,
2329 2848 2498 2903 usque
2536 2833 2609 2886 ad
2650 2838 2710 2885 ut
2758 2848 2863 2902 per
2893 2849 3091 2888 eorum
3123 2832 3538 2888 observantiam
3592 2831 3663 2885 ad

244 2920 385 2975 Vsus.
436 2922 552 2974 6-9.
588 2948 661 2960 —
717 2921 863 2973 Tulit
912 2922 1120 2988 itaque,
1173 2921 1276 2972 etc.
1308 2916 1438 2990 [[0,
1494 2922 1681 2986 quaest.
1737 2915 1854 2986 98.]
1895 2937 1931 2989 (ξ
1968 2923 2209 2977 salutem
2241 2920 2470 2975 veniant
2501 2925 2792 2975 aeternam.

192 3007 479 3062 Notandum
509 3013 599 3062 est
627 3024 780 3062 nunc
804 3008 1056 3078 primum
1089 3006 1431 3061 sacriticasse
1462 3007 1691 3072 Mosem,
1723 3010 1853 3072 etc.,

188 3110 328 3163 usque
377 3097 450 3151 ad
481 3112 622 3151 nam
679 3096 1014 3166 decalogum
1069 3095 1128 3149 in
1165 3094 1374 3149 tabulis
1406 3094 1643 3165 lapideis
1684 3093 1857 3148 fuisse

191 3185 433 3255 scriptum
464 3190 670 3256 postea
708 3188 881 3256 patet.

243 3275 499 3329 Crateras.
579 3275 829 3336 Cratere,
910 3273 1026 3327 sive
1088 3275 1290 3337 crater,
1345 3270 1554 3325 dicitur
1604 3269 1706 3322 ἀπὸ
1768 3277 1858 3323 τοῦ

192 3369 380 3432 κρατεῖν,
416 3363 574 3434 quod
608 3367 693 3417 est
731 3377 939 3432 capere,
987 3377 1055 3415 eo
1097 3360 1249 3432 quod
1298 3360 1368 3414 sit
1408 3359 1574 3414 multi
1611 3359 1730 3413 vini
1766 3376 1858 3414 ca-

192 3466 291 3519 pax.

245 3539 389 3594 Vens.
458 3541 546 3607 t0,
610 3543 693 3594 tt.
752 3574 803 3585 —
864 3538 979 3595 Sud
1037 3537 1286 3608 pedibus.
1352 3538 1500 3590 Deus
1558 3552 1672 3590 non
1734 3537 1857 3590 loco

186 3629 504 3695 continetur,
562 3644 668 3681 nec
699 3628 813 3681 situ
872 3625 1126 3697 corporis
1184 3625 1441 3679 membra
1488 3625 1669 3696 ponit,
1715 3624 1861 3678 sicut

189 3721 258 3768 est
283 3718 455 3771 nostri
484 3716 751 3787 corporis
780 3715 997 3785 sedere,
1044 3718 1100 3769 et
1122 3715 1334 3787 jacere,
1367 3718 1536 3781 stare,
1571 3718 1625 3768 et
1654 3713 1857 3783 hujus-

188 3803 337 3870 modi,
384 3821 518 3877 quae
550 3809 775 3859 tantum
806 3803 1060 3875 corporis
1089 3807 1237 3858 sunt.
1276 3803 1423 3856 Deus
1468 3806 1660 3856 autem
1694 3801 1857 3871 spiri-

187 3896 258 3945 tus
291 3899 385 3948 est.
418 3895 590 3959 Quod
638 3910 777 3965 ergo
828 3908 885 3947 se
939 3892 1188 3947 ostendit
1217 3892 1402 3961 specie
1433 3891 1738 3960 corporali,
1770 3891 1859 3943 vel

184 3978 333 4051 signis
395 3983 778 4054 corporaliter
833 3980 1129 4051 expressis,
1190 3995 1307 4034 non
1372 3978 1688 4032 substantia
1738 3977 1859 4048 ejus

186 4077 412 4139 apparet,
444 4088 585 4143 quae
629 4074 713 4125 est
749 4071 903 4141 quod
946 4070 1064 4141 ipse
1097 4074 1202 4135 est,
1268 4066 1366 4121 sed
1398 4066 1711 4136 assumptio
1746 4068 1857 4121 for-

185 4171 379 4215 marum
410 4159 733 4214 visibilium
764 4158 884 4229 ejus
917 4156 1076 4212 omni
1097 4156 1372 4227 potentias
1404 4154 1679 4226 subjacet.

240 4248 397 4303 Vsus.
436 4252 527 4303 t2.
572 4276 643 4288 --
679 4219 925 4302 Ascende
982 4245 1056 4300 ad
1083 4219 1186 4313 me,
1236 4249 1340 4299 etc.
1387 4219 1571 4314 (Ded,
1611 4244 1712 4300 lib.
1746 4261 1762 4298 ι
1795 4243 1859 4298 de
1887 4219 1929 4274 Ῑ)

188 4336 478 4403 Tabernac.,
538 4351 665 4407 cap.
744 4338 824 4403 lt,
885 4338 1028 4389 tom.
1084 4333 1180 4400 II.)
1242 4331 1513 4387 Locuturi
1573 4331 1644 4386 de
1672 4331 1860 4401 ﬁgura

184 4424 539 4490 tabernaculi,
595 4427 726 4488 etc.,
776 4436 945 4490 usque
975 4420 1049 4476 ad
1099 4424 1164 4474 ut
1202 4418 1448 4473 Ecclesia
1499 4433 1605 4489 par
1661 4419 1857 4474 orbem

186 4517 496 4568 cunctarum
530 4512 793 4584 gentium
815 4508 1027 4581 linguis
1055 4509 1316 4563 locutura
1334 4506 1751 4579 designaretur.

238 4601 484 4670 Daboque
520 4600 645 4655 tibi.
682 4598 816 4669 (10.)
860 4597 1006 4652 Huic
1035 4595 1220 4651 simile
1252 4600 1336 4649 est
1379 4594 1521 4649 illud
1559 4611 1572 4649 :
1619 4595 1859 4650 docentes

184 4702 253 4742 eos
288 4704 505 4744 servare
554 4689 737 4743 omnia
766 4701 1091 4757 quascunque
1142 4683 1403 4740 mandavi
1450 4683 1600 4739 vobis
1631 4683 1856 4753 (Matth.

180 4779 361 4847 xxviii).
424 4779 563 4833 Non
631 4791 767 4847 ergo
827 4775 1064 4845 Moyses,
1121 4789 1235 4827 non
1300 4771 1560 4843 apostoli,
1595 4771 1858 4841 quilibet,

184 4865 274 4919 alia
318 4866 492 4921 debet
555 4865 760 4919 docere
820 4878 994 4934 quam
1033 4877 1163 4933 quae
1222 4860 1499 4916 Domitiae
1560 4860 1774 4925 docuit,
1805 4864 1861 4915 et

180 4956 375 5010 consilii
424 4955 664 5010 decreto
714 4951 1069 5007 observanda
1104 4948 1475 5021 praescripsit,
1524 4947 1586 5003 in
1640 4948 1857 5021 quibus

181 5042 327 5097 vitam
354 5047 644 5098 aeternam
677 5055 778 5096 nos
808 5039 1020 5095 habere
1046 5038 1247 5104 voluit,
1278 5037 1425 5092 sicut
1468 5037 1538 5093 de
1575 5037 1662 5092 his
1704 5052 1858 5107 prte—

181 5131 310 5187 teriri
337 5131 666 5203 quidquam
706 5144 823 5184 non
853 5130 1082 5199 oportet
1113 5144 1126 5182 :
1173 5127 1268 5181 sed
1300 5126 1493 5181 omnia
1532 5141 1661 5197 quae
1693 5141 1855 5180 man-

183 5218 323 5285 davit,
355 5217 723 5276 auditoribus
752 5217 1110 5272 committere
1139 5232 1368 5270 necesse
1400 5219 1501 5269 est.

232 5310 391 5366 Vens.
449 5311 542 5363 13.
592 5337 659 5346 -
704 5307 1069 5363 Sui-rexerant
1119 5307 1324 5374 Moyses
1373 5308 1422 5359 et
1472 5304 1855 5372 Josue.(Auo.,

185 5404 338 5462 quast.
398 5400 504 5453 103
570 5396 632 5452 in
669 5395 875 5466 Exod.)
908 5395 1074 5450 Josue
1129 5410 1246 5448 non
1277 5397 1759 5447 commemoratus
1797 5392 1856 5446 in

186 5484 272 5540 illis
298 5491 555 5558 quatuor
586 5484 771 5539 subito
818 5484 1185 5558 cummM‘oyse
1215 5487 1472 5553 apparet,
1506 5486 1638 5548 etc.,
1692 5496 1861 5550 usque

522 5558 810 5621 Parnon.
865 5556 1077 5621 CXIII.

2606 3055 2831 3111 CAPUT
2871 3055 3025 3110 XXV.

2040 3190 2201 3242 Vnus.
2236 3191 2287 3243 2.
2326 3217 2395 3229 —
2433 3192 2666 3258 Loquere
2695 3189 2827 3257 ﬁliis
2857 3188 3027 3243 Israel
3070 3191 3131 3241 ut
3168 3188 3360 3241 tollant
3396 3187 3533 3241 mihi
3554 3188 3665 3257 pri-

1968 3280 2175 3343 mitias,
2216 3281 2323 3333 etc.
2388 3278 2565 3349 (Bau.,
2609 3278 2675 3332 de
2748 3277 3064 3343 Tabernac.,
3116 3274 3213 3329 lib.
3292 3291 3329 3341 ι,
3381 3291 3501 3346 cap.
3580 3291 3663 3338 ιιι,

1968 3371 2106 3421 tom.
2139 3366 2231 3436 II.)
2263 3365 2550 3420 Primitias
2573 3366 2855 3420 bonorum
2914 3366 3027 3418 Deo
3060 3363 3377 3432 offerimus,
3411 3379 3541 3417 cum
3570 3362 3665 3417 bo-

1968 3472 2105 3509 num
2140 3454 2290 3525 quod
2324 3454 2566 3525 agimus,
2615 3459 2801 3509 totum
2847 3453 3054 3507 divina}
3084 3452 3283 3523 gratia:
3324 3452 3659 3516 tribuentes,

1969 3549 2025 3598 et
2055 3542 2396 3605 toto_corde
2455 3542 2792 3613 proﬁtentes
2841 3540 2994 3612 quod
3051 3555 3154 3593 nec
3207 3539 3440 3594 initium
3493 3540 3661 3595 bona:

1967 3629 2204 3683 actionis
2234 3630 2323 3684 vel
2356 3628 2719 3699 cngitationis
2749 3628 2858 3681 nisi
2890 3645 2920 3681 a
2953 3628 3192 3682 Domino
3224 3643 3531 3697 possumus
3562 3626 3669 3680 lia-

1965 3718 2129 3783 bere;
2161 3718 2309 3771 mala
2339 3732 2473 3771 vero
2530 3731 2757 3785 semper
2788 3731 2821 3769 a
2852 3715 3018 3769 nobis
3056 3715 3286 3768 diabolo
3345 3714 3661 3785 instigante

1967 3812 2024 3861 et
2052 3810 2234 3876 empta
2265 3810 2322 3860 et
2365 3808 2780 3864 consummata,
2810 3804 2939 3857 'nec
2967 3802 3080 3857 nisi
3119 3802 3364 3857 Domino
3418 3802 3669 3858 donante

1968 3894 2227 3948 laxanda.

2038 3984 2196 4035 Vens.
2258 3983 2372 4036 3-6.
2432 4008 2502 4020 —
2552 3981 2670 4033 Hac
2715 3983 2841 4032 sunt
2890 3982 3078 4032 autem
3120 3992 3239 4045 quae
3276 3979 3526 4047 accipere
3572 3978 3667 4033 de-

1968 4071 2123 4135 betis,
2160 4072 2247 4123 etc
2296 4068 2426 4136 (10.,
2458 4067 2623 4136 ibid)
2657 4067 2871 4121 Cuncta
2927 4080 3057 4136 quae
3089 4065 3199 4119 sibi
3259 4065 3534 4120 Dominus
3591 4067 3663 4121 ad

1967 4155 2292 4211 faciendum
2315 4154 2703 4208 sanctuarium
2741 4153 3109 4207 materialiter
3131 4152 3322 4207 offerri
3367 4154 3661 4223 prmoepit,

1969 4262 2074 4301 nos
2104 4260 2357 4316 quoque,
2392 4243 2491 4314 qui
2524 4242 2863 4314 ‘spirituales
2894 4242 2999 4296 lilii
3030 4243 3222 4306 Israel,
3255 4242 3309 4296 id
3357 4246 3440 4295 est
3470 4240 3664 4295 imita-

1970 4338 2120 4388 tores
2153 4334 2330 4388 Deum
2374 4332 2617 4386 videntis
2646 4331 2846 4402 populi
2882 4347 3003 4385 esse
3034 4330 3319 4400 cupimus,
3352 4329 3665 4402 spirituali-

1968 4427 2055 4477 ter
2086 4422 2288 4476 offerre
2321 4421 2627 4475 debemus:
2665 4424 2728 4474 ut
2776 4436 2878 4491 per
2907 4420 3008 4474 has
3053 4419 3373 4474 oblationes
3405 4420 3667 4473 volunta-

1968 4512 2083 4566 rias
2114 4510 2224 4582 ipsi
2253 4511 2638 4565 sanctuarium
2671 4510 2730 4563 in
2778 4510 2942 4563 nobis
2974 4509 3269 4575 faciamus,
3302 4513 3361 4564 ut
3404 4508 3527 4579 ipse
3554 4508 3661 4562 ha-

1967 4599 2149 4653 bitare
2178 4598 2238 4653 in
2270 4603 2460 4653 nostro
2494 4598 2666 4653 corde
2700 4603 2756 4652 et
2788 4597 2895 4651 sibi
2927 4597 3283 4653 mansionem
3332 4611 3661 4652 consecrare

1968 4688 2253 4757 dignetur.

2041 4777 2201 4829 Vens.
2236 4780 2285 4829 7.
2321 4804 2388 4814 —
2417 4774 2650 4844 Lapides
2684 4774 3003 4842 onychinos,
3041 4777 3149 4828 ete.
3183 4773 3311 4839 (10.,
3336 4772 3495 4841 ibid.)
3529 4772 3670 4827 Haac

1967 4863 2276 4927 oti‘erimus,
2306 4867 2437 4930 etc.,
2467 4878 2635 4932 usque
2665 4862 2739 4916 ad
2771 4862 2960 4916 addita
2999 4860 3161 4915 bonis
3190 4860 3461 4930 operibus
3510 4876 3666 4915 mar-

1966 4951 2098 5021 tyrii
2130 4951 2333 5005 merita
2363 4952 2680 5021 signantur.

2038 5040 2200 5093 Vens.
2258 5042 2309 5094 8.
2383 5069 2448 5078 —
2498 5040 2822 5107 Facienlquc
2876 5038 3013 5091 mihi
3076 5038 3483 5093 sanctuarium.
3538 5037 3667 5105 (10.,

1965 5128 2125 5194 ibid.)
2174 5127 2434 5182 Ostendit
2492 5126 2768 5199 Dominus
2837 5124 3010 5196 Moysi
3085 5126 3520 5181 tabernaculum
3605 5126 3665 5180 in

1967 5220 2181 5282 monte,
2235 5220 2320 5269 etc
2349 5256 2363 5282 ,
2398 5230 2568 5284 usque
2600 5215 2674 5268 ad
2704 5215 3037 5285 praeclaram
3073 5214 3509 5270 multitudinem
3543 5232 3671 5269 san-

1966 5310 2187 5360 ctarum
2219 5304 2543 5359 animarum
2576 5302 2801 5374 recepit.

2035 5394 2201 5448 Vens.
2248 5392 2401 5447 9-H.
2464 5421 2529 5430 —-
2590 5392 2760 5445 Juxta
2820 5406 3032 5447 omnem
3079 5390 3500 5447 similitudinem
3558 5395 3663 5446 etc.

1971 5481 2098 5551 (l0.,
2131 5480 2292 5551 ibid.)
2323 5478 2543 5536 Imitari
2574 5479 2848 5533 debemus
2880 5480 3114 5550 angelos
3163 5480 3456 5615 diligendo
3492 5482 3669 5536 Deum
