4052 6180
375 267 476 318 267

988 261 1384 318 WALAFRIDI
1422 263 1665 319 STRABI
1708 264 1905 320 FULD.
1951 261 2109 318 MON.
2151 263 2302 320 OPP.
2348 261 2524 318 PARS
2566 262 2607 316 Ι.
2650 291 2716 298 —
2757 257 3212 316 TlIEOLOGIGA.

3756 259 3853 310 268

375 389 433 440 et
475 381 823 454 proximum,
856 385 987 448 etc.,
1036 395 1204 449 usque
1233 381 1306 435 ad
1336 386 1392 436 et
1431 384 1558 451 post
1603 381 1750 435 hanc
1797 381 1971 435 vitam
2002 380 2062 434 in
2101 383 2150 440 A
2176 384 2327 439 unde
2385 383 2548 438 Cant.
2600 397 2640 434 ιι
2675 397 2688 434 :
2727 379 3049 434 Introduxit
3085 393 3168 432 me
3221 392 3320 432 rea:
3369 379 3430 431 in
3469 376 3656 431 cellam
3714 377 3866 430 uina-

375 473 520 528 illud
547 471 1004 539 tabernaculum,
1035 469 1190 540 quod
1219 468 1479 535 imitaris,
1514 469 1862 524 introducat.

448 562 701 618 Omnium
729 575 1002 616 vasorum.
1047 557 1221 629 (830.)
1257 559 1400 612 Vasa
1434 557 1808 625 tabernaculi,
1831 557 2074 628 singulae

378 665 641 722 persona:
687 648 1046 719 angelorum,
1116 662 1185 701 ex
1237 647 1446 718 quibus
1507 647 1842 714 Jerusalem,
1893 651 2074 700 mater

380 737 644 793 omnium
699 741 977 803 nostrum,
1035 735 1095 789 in
1147 751 1280 789 vera
1329 751 1468 804 pace
1519 739 1576 789 et
1611 735 1830 789 unitate
1884 735 2071 789 consi-

381 827 498 881 stit.

448 916 644 984 Sicque
683 915 903 981 facietis
935 911 1094 968 illud.
1129 914 1352 974 Arcam,
1396 915 1498 966 etc.
1563 913 1684 981 (lo.,
1719 911 1881 981 ibid.,
1945 926 2069 980 cap.

378 1004 454 1072 4.)
485 1006 630 1058 Arca
661 1001 787 1056 ﬁeri
826 1000 1179 1072 praecipitur,
1215 1005 1344 1066 etc.,
1384 1015 1552 1068 usque
1579 1001 1652 1053 ad
1681 1000 1779 1054 sed
1810 999 1870 1053 in
1925 999 2078 1052 simi-

381 1092 629 1147 litudine
660 1090 845 1144 carnis
875 1089 1089 1160 peccati
1127 1089 1302 1143 venit.

452 1181 631 1250 Cujus
669 1179 948 1248 longitudo
977 1177 1100 1248 ([0.)
1133 1175 1419 1242 Qumritur
1450 1177 1609 1247 cujus
1643 1176 1978 1247 quantitatis
2007 1175 2078 1230 sit

381 1269 485 1323 iste
536 1268 781 1333 cubitus,
834 1272 962 1334 etc.,
1014 1281 1183 1335 usque
1212 1266 1287 1320 ad
1341 1265 1492 1319 unde
1545 1271 1701 1335 patet
1732 1265 1866 1336 quia
1911 1264 2077 1319 illum

382 1355 643 1425 designat
671 1354 929 1408 cubitum
961 1369 1134 1424 quem
1154 1354 1268 1407 duo
1288 1353 1467 1423 palmi
1487 1352 1721 1408 faciunt.

451 1451 734 1507 Latitudo.
803 1453 930 1522 (10.,
985 1449 1147 1521 ibid.)
1207 1449 1384 1505 Unius
1431 1450 1584 1504 cubii
1656 1450 1895 1505 latitudo
1952 1466 2080 1522 pro-

382 1540 806 1611 dispensatione
863 1539 1174 1594 Dominicae
1226 1539 1536 1606 charitatis,
1591 1543 1720 1608 etc.,
1774 1554 1944 1608 usque
2006 1539 2081 1593 ad

384 1628 481 1683 ubi
508 1644 642 1682 eum
672 1632 788 1682 toto
805 1627 972 1681 corde
1004 1627 1330 1698 diligamus,
1361 1627 1663 1682 intremus.

456 1717 576 1788 (11).)
602 1718 848 1785 Mystice.
876 1715 1199 1786 Longitudo
1230 1731 1375 1769 arcae
1397 1715 1896 1786 longanimitatem
1920 1713 2077 1770 Chri-

384 1805 477 1874 sti,
509 1809 638 1871 etc.,
683 1819 854 1872 usque
883 1804 958 1858 ad
997 1803 1134 1875 quia
1165 1804 1492 1860 tarditatem
1525 1805 1937 1876 discipulorum
1966 1805 2081 1859 lon-

387 1893 699 1966 ganimiter
725 1893 960 1948 ferebat.
1196 1898 1208 1907 “

455 1981 725 2048 Altitudo,
771 1981 1038 2049 cubitum,
1071 1985 1176 2036 etc.
1217 1982 1342 2053 (11).,
1366 1982 1526 2053 ibid.)
1559 1982 1737 2038 Habet
1765 1999 1894 2037 arca
1922 1982 2078 2037 cubi-

385 2069 592 2124 tumin
611 2070 939 2138 altitudine,
974 2074 1104 2138 etc.,
1141 2075 1199 2126 et
1228 2085 1397 2141 usque
1416 2072 1491 2127 ad
1505 2073 1612 2128 hoc
1639 2072 1929 2127 tantillum
1961 2087 2080 2126 non

386 2157 498 2211 nisi
529 2157 597 2211 ab
638 2158 736 2212 illo
775 2158 1076 2212 habemus.

456 2246 616 2300 Vnus.
676 2249 868 2300 12-15.
924 2275 994 2287 -
1044 2249 1115 2301 Et
1165 2252 1362 2316 quator
1413 2248 1641 2302 circulos
1700 2253 1808 2302 etc.
1870 2248 2071 2319 (Gneo.

385 2335 557 2400 Past.,
589 2348 714 2404 cap.
762 2337 843 2400 ll,
872 2339 1014 2388 tom.
1053 2335 1175 2406 Ill.)
1213 2338 1376 2402 Area,
1411 2335 1676 2403 Ecclesia,
1728 2340 1854 2405 etc.,
1913 2350 2082 2405 usque

387 2421 461 2477 ad
498 2437 616 2490 quae
638 2424 696 2477 in
723 2423 874 2476 vobis
900 2428 998 2477 est.
1033 2427 1137 2478 etc.

456 2513 570 2564 Duo
626 2512 835 2566 circuli.
884 2510 1054 2583 (BEDA
1108 2518 1167 2566 ut
1212 2513 1432 2583 supra.)
1465 2511 1612 2577 Quia
1641 2513 1701 2567 in
1731 2512 1917 2584 ﬁgura
1947 2528 2082 2584 qua-

389 2604 523 2654 tuor
551 2599 908 2667 animalium,
941 2605 1071 2668 etc.,
1103 2616 1271 2670 usque
1319 2602 1392 2655 ad
1421 2617 1552 2673 quin
1610 2602 1682 2656 ad
1711 2602 1921 2657 futurae
1953 2602 2082 2657 vita

390 2688 637 2760 gloriam
664 2689 960 2760 pertinent
988 2695 1406 2760 expresserunt.

460 2779 623 2832 Vens.
667 2781 752 2832 l6.
796 2808 862 2819 —
899 2782 1347 2848 Testiﬁcationem
1379 2795 1542 2848 qnam
1570 2779 1729 2835 dabo.
1763 2781 1888 2850 ([0,,
1921 2779 2083 2851 ibid.)

390 2867 469 2920 De
499 2883 612 2937 qua
642 2866 971 2937 Apostolus,
1006 2871 1138 2933 etc.,
1188 2882 1357 2936 usque
1407 2868 1481 2922 ad
1512 2868 1766 2938 judicem
1823 2869 2084 2924 omnium

391 2955 587 3010 docuit
613 2957 972 3010 saeculorum.

461 3044 620 3098 Vsus.
689 3047 768 3098 l7.
801 3046 1268 3114 PrOpitiatorium.
1329 3044 1453 3116 (ῐο.)
1484 3045 1954 3116 Propitiatorium
2004 3050 2086 3100 ta-

387 3133 524 3187 bula
574 3136 698 3186 erat
746 3148 920 3186 aurea
967 3133 1222 3202 ejusdem
1278 3149 1563 3188 mensuras
1612 3135 1774 3205 cujus
1813 3151 1972 3202 arca;
2007 3134 2086 3188 sic

391 3221 542 3275 dicta
581 3220 718 3290 quia
755 3220 837 3273 ibi
887 3221 1037 3274 Deus
1068 3221 1241 3292 Moysi
1287 3238 1588 3293 apparens,
1631 3229 1688 3278 et
1723 3239 1855 3278 cum
1910 3239 1978 3278 eo
2010 3223 2086 3277 lo-

388 3325 592 3379 quens,
622 3308 1043 3378 propitiabatur
1067 3310 1304 3380 populo,
1338 3316 1395 3364 et
1437 3311 1883 3367 misericordiam
1910 3311 2087 3383 signi-

392 3397 540 3463 ﬁcat,
574 3397 726 3451 unde
757 3396 902 3450 bene
939 3413 1112 3467 super
1164 3413 1352 3452 arcam
1381 3403 1522 3468 erat,
1577 3400 1714 3472 quia
1761 3400 2083 3455 misericor-

393 3485 489 3540 dia
520 3486 644 3557 ejus
671 3501 842 3556 super
872 3485 1068 3540 omnia
1089 3502 1265 3556 opera
1293 3488 1441 3558 ejus.

463 3577 624 3630 Vsus.
662 3577 852 3629 18-21.
903 3577 1144 3630 —Duos
1173 3591 1383 3645 quoque
1432 3577 1736 3644 cherubim,
1795 3581 1902 3635 etc.
1962 3578 2084 3650 (ln.)

393 3666 632 3735 Propter
665 3663 991 3718 societatem
1021 3664 1261 3736 angeliaa
1291 3667 1462 3737 pacis,
1499 3683 1629 3737 quae
1685 3667 1876 3721 minus
1911 3683 2086 3738 quam

389 3753 541 3808 inter
569 3752 713 3807 duos
742 3752 940 3807 haberi
973 3769 1090 3808 non
1115 3759 1327 3824 potest.
1369 3755 1674 3811 Cherubim
1700 3759 1890 3810 autem
1917 3772 2088 3828 ange-

389 3841 561 3896 licam
593 3841 858 3895 militiam
889 3841 1172 3911 signiﬁcat
1201 3858 1214 3896 :
1266 3843 1453 3914 angeli
1483 3859 1615 3898 vero
1673 3859 1900 3899 summa
1950 3861 2083 3900 con-

390 3930 588 3986 cordia
617 3935 672 3985 et
693 3931 884 4002 quiete
901 3931 1188 3985 Christum
1208 3933 1668 4002 contemplantur
1691 3950 1706 4001 ;
1737 3933 1888 3987 unde
1912 3935 2087 3988 versis

392 4018 465 4072 ad
546 4018 796 4074 invicem
857 4017 1108 4072 vultibus
1203 4018 1665 4089 propitiatorium
1750 4020 2083 4092 respiciunt,

393 4106 530 4178 quia
558 4107 715 4160 illam
745 4106 1162 4162 beatitudinem
1193 4123 1251 4160 se
1279 4107 1492 4162 habere
1525 4109 1624 4163 Dei
1676 4110 1861 4180 gratia
1915 4111 2086 4166 intel-

386 4196 577 4267 ligunt
588 4237 604 4252 .

2182 477 2349 539 riam,
2379 478 2430 527 et
2461 471 2740 526 ordinavit
2768 471 2828 522 in
2855 483 2938 522 me
2958 468 3306 522 charitatem.

2254 564 2416 617 Vaas.
2477 563 2567 615 23.
2619 589 2690 600 —
2744 561 2809 613 1n
2861 557 3160 612 altitudine
3204 556 3463 622 cubitum,
3515 558 3620 609 etc.
3686 554 3862 621 (BI-10.,

2183 667 2343 738 ibid.)
2375 666 2534 731 Quod
2561 663 2804 718 altitudo
2835 663 3094 717 cubitum
3115 665 3173 716 et
3201 660 3494 714 semissem
3519 661 3711 726 habet,
3743 665 3866 726 etc.,

2182 755 2454 826 usquead
2482 770 2600 808 non
2631 769 2735 823 per
2762 752 3001 822 plenum
3031 751 3286 804 cubitum
3317 750 3617 820 ﬁguratur.

2257 846 2415 898 Vens.
2464 845 2554 898 23.
2604 850 2675 881 -'-
2735 842 3025 908 Faciesque
3084 840 3171 893 illi
3236 839 3478 903 labium,
3529 843 3636 892 etc.
3689 837 3864 906 (Bsn.,

2183 932 2352 1003 ibid.)
2404 931 2641 985 Labium
2684 944 2923 983 aureum
2955 927 3020 981 tit
3052 927 3111 980 in
3143 942 3342 980 mensa
3386 941 3491 996 per
3519 925 3868 980 circumitum

2186 1026 2312 1089 etc.,
2349 1035 2515 1088 usque
2543 1019 2617 1074 ad
2655 1034 2758 1089 pro
2789 1015 3114 1072 diversitate
3161 1015 3521 1082 meritorum,
3557 1014 3737 1087 gloria
3765 1014 3870 1068 sin-

2187 1109 2455 1181 gulorum
2467 1147 2480 1161 .

2257 1197 2424 1250 Vaas.
2458 1194 2550 1248 24.
2599 1223 2660 1232 -
2697 1194 2976 1258 Coronam,
3009 1195 3140 1258 etc.,
3183 1194 3240 1244 et
3269 1204 3432 1259 super
3461 1191 3615 1244 illam
3653 1190 3874 1244 alteram

2185 1300 2452 1340 coronam.
2510 1283 2691 1352 (830.,
2751 1281 2914 1349 ibid.)
2967 1281 3189 1334 Corona
3219 1295 3394 1334 aurea
3452 1278 3697 1347 additur,
3751 1295 3874 1332 cum

2187 1387 2292 1442 per
2335 1369 2704 1440 Evangelium
2733 1367 2823 1421 his
2853 1365 2954 1438 qui
3012 1366 3282 1420 mandata
3328 1364 3678 1434 custodiunt,
3735 1370 3874 1433 etc.,

2186 1473 2356 1528 usque
2416 1457 2490 1511 ad
2537 1455 2691 1527 quod
2749 1455 2802 1509 ei
2852 1453 3154 1509 sublimior
3211 1454 3396 1525 gloria
3443 1454 3506 1508 in
3559 1452 3874 1524 receptione

2188 1561 2493 1616 corporum
2525 1549 2804 1598 servetur.

2259 1636 2434 1688 Vens.
2467 1636 2555 1688 26.
2603 1663 2676 1672 —
2711 1634 2814 1686 Per
2845 1631 3108 1698 singulos,
3145 1633 3250 1684 etc.
3284 1631 3466 1700 (Bao.,
3497 1629 3662 1702 ibid.)
3690 1631 3879 1685 Mensa

2187 1721 2538 1777 tabernaculi
2580 1726 2828 1792 quatuor
2856 1720 3026 1789 pedes
3050 1718 3242 1788 habet,
3275 1725 3404 1786 etc.,
3457 1733 3627 1789 usque
3669 1718 3745 1772 ad
3796 1717 3880 1772 in-

2187 1815 2340 1866 trent
2367 1811 2428 1865 in
2465 1825 2706 1881 regnum
2737 1808 3029 1863 caelorum.

2261 1902 2425 1954 Vsus.
2459 1901 2548 1953 27.
2578 1929 2647 1939 —
2681 1899 2747 1952 Ut
2770 1899 3061 1951 mittantur
3087 1900 3255 1950 vectes
3281 1911 3384 1966 per
3409 1911 3512 1951 eos.
3547 1895 3682 1965 ([n.,
3715 1893 3876 1961 ibid.)

2188 1990 2296 2044 Per
2325 1989 2566 2042 circulos
2594 1985 2904 2040 mittuntur
2941 1987 3124 2038 vectes
3153 1984 3222 2038 ad
3253 1972 3679 2038 subvehendam
3721 1997 3877 2036 men-

2189 2093 2334 2145 sam,
2365 2081 2495 2144 etc.,
2526 2090 2694 2144 usque
2721 2073 2796 2128 ad
2844 2072 3075 2127 Domini
3102 2088 3362 2127 mensam
3390 2088 3521 2127 curn
3551 2071 3795 2144 panibus
3827 2075 3880 2124 et

2188 2166 2336 2222 vasis
2366 2165 2426 2219 in
2451 2170 2696 2236 quatuor
2724 2162 2950 2215 circulis
2980 2165 3224 2232 portant.

2259 2256 2417 2310 Vens.
2451 2257 2542 2322 29,
2589 2283 2656 2291 —
2685 2250 2919 2306 Parabis
2948 2255 2998 2306 et
3048 2251 3328 2327 acetabula
3375 2266 3437 2304 ac
3461 2249 3704 2320 phialas.
3760 2249 3877 2320 (11).,

2188 2343 2353 2412 ibid.)
2411 2342 2576 2396 Varia
2607 2357 2739 2395 vasa
2777 2356 2905 2410 qum
2957 2339 3106 2394 ﬁunt
3143 2339 3217 2394 ad
3265 2339 3557 2394 oﬁ'erenda
3607 2338 3884 2393 libamina

2190 2437 2322 2500 etc.,
2353 2447 2520 2501 usque
2548 2430 2621 2484 ad
2669 2430 2820 2483 unde
2853 2445 2866 2483 :
2898 2429 3034 2494 Quis
3074 2433 3241 2499 putas
3278 2432 3356 2483 est
3379 2427 3557 2496 ﬁdelis
3590 2427 3879 2497 dispensa-

2192 2527 2274 2577 tor
2311 2526 2360 2575 et
2385 2519 2628 2590 prudens
2660 2520 2808 2591 (Luc.
2843 2517 2976 2587 xu)?

2262 2611 2426 2665 νεεδ.
2500 2611 2588 2662 29.
2669 2637 2740 2648 —
2793 2607 3024 2661 Parabis
3097 2605 3399 2672 acetabula,
3483 2607 3588 2659 etc.
3667 2605 3885 2675 (Gaz-zu,

2192 2700 2332 2754 hom.
2365 2702 2396 2753 6
2442 2700 2500 2752 in
2532 2699 2763 2765 Evang.,
2796 2701 2938 2750 tom.
2978 2695 3076 2765 ΙΙ.)
3109 2694 3253 2759 Quid
3290 2710 3387 2765 per
3416 2693 3636 2765 phialas
3666 2699 3724 2749 et
3751 2709 3888 2764 cya-

2193 2788 2321 2842 thos
2349 2786 2461 2842 nisi
2503 2801 2775 2839 mensura
2811 2782 3229 2866 praedicat'qnis
3270 2782 3591 2853 accipitur?
3633 2788 3768 2851 etc.,
3801 2797 3892 2836 us-

2194 2892 2296 2946 que
2369 2875 2444 2930 ad
2507 2875 2603 2930 sed
2671 2874 2846 2929 etiam
2896 2888 3073 2944 parva
3148 2877 3206 2928 et
3255 2871 3508 2939 subtilia,
3563 2871 3731 2942 quasi
3787 2886 3893 2941 per

2115 2977 2154 3033 ς,
2195 2970 2428 3038 gustum
2459 2964 2722 3018 notitiam
2748 2965 3040 3034 praestent.

2266 3052 2472 3124 (10521.)
2519 3052 2680 3107 Alius
2707 3051 2995 3106 ‘doctrina
3040 3049 3295 3105 veritatis
3342 3048 3546 3120 plenus
3593 3048 3899 3104 auditores

2193 3141 2461 3209 inebriat,
2515 3145 2569 3195 et
2597 3139 2762 3212 quasi
2808 3139 3060 3211 phialam
3113 3137 3391 3209 porrigit:
3441 3136 3602 3192 Alius
3658 3137 3900 3206 explere

2195 3231 2349 3303 quod
2380 3230 2550 3285 sentit
2577 3245 2695 3283 non
2724 3229 2890 3296 valet,
2937 3227 3036 3282 sed
3067 3227 3240 3282 etiam
3269 3225 3403 3298 quia
3433 3229 3754 3296 utcumque
3796 3227 3898 3278 de-

2192 3319 2438 3386 nuntiat,
2469 3333 2574 3389 per
2601 3318 2868 3389 cyathum
2897 3320 3130 3388 gustum
3173 3315 3411 3388 praebet.
3446 3314 3555 3378 Qui
3602 3330 3745 3383 ergo
3793 3328 3902 3384 per

2190 3407 2509 3464 doctrinam
2535 3405 2828 3476 sapientiae
2859 3404 3183 3459 ministrare
3213 3403 3436 3475 phialas
3465 3418 3581 3456 non
3619 3405 3892 3472 possunt,

2193 3499 2475 3569 quantum
2521 3509 2626 3564 pro
2686 3493 2880 3547 divina
2918 3492 3180 3563 largitate
3224 3490 3535 3559 sufﬁciunt,
3567 3491 3897 3562 propinent

2193 3583 2470 3659 proximis
2493 3576 2729 3654 cyathos
2756 3581 2935 3637 verbi.
3743 3594 3749 3599 '

2266 3675 2435 3728 Vrsas.
2493 3675 2582 3728 30.
2622 3701 2694 3712 —
2721 3673 2792 3725 Et
2827 3685 2990 3740 pones
3017 3685 3179 3739 super
3204 3684 3444 3725 mensam
3463 3683 3634 3739 panes
3685 3684 3903 3738 propo-

2193 3764 2410 3818 sitionis
2448 3763 2508 3815 in
2533 3763 2817 3828 conspectu
2842 3774 2956 3814 meo
3007 3773 3232 3828 semper.
3264 3757 3541 3829 Iosephus
3576 3756 3724 3812 dicit
3753 3757 3904 3812 duo-

2196 3850 2380 3906 decim
2425 3865 2602 3920 panes
2640 3864 2707 3902 ex
2736 3847 2927 3902 simila
2956 3846 3102 3914 ﬁeri,
3140 3846 3397 3918 singulos
3431 3863 3499 3900 ex
3546 3846 3782 3900 duabus
3813 3847 3913 3901 de-

2194 3939 2380 4005 cimis,
2412 3937 2512 4010 qui
2566 3935 2812 3992 Sabbato
2869 3952 3043 4008 super
3096 3951 3354 3990 mensam
3387 3951 3481 3989 sex
3523 3933 3658 3989 hinc
3715 3939 3780 3990 et
3809 3950 3910 3989 sex

2197 4029 2330 4083 inde
2359 4027 2726 4098 ponebantur
2756 4043 2769 4079 :
2805 4041 2976 4097 super
3000 4041 3288 4096 quemque
3318 4029 3527 4096 patena
3553 4040 3740 4079 aurea
3772 4039 3910 4079 cum

2194 4117 2416 4188 pugillo
2446 4115 2652 4183 thuris,
2707 4119 2766 4169 et
2811 4114 2891 4169 sic
2941 4114 3314 4168 servabantur
3367 4129 3546 4184 usque
3588 4113 3661 4168 ad
3735 4111 3906 4168 aliud

2195 4206 2528 4271 Sabbatum,
2582 4204 2644 4259 in
2681 4220 2795 4274 quo
2835 4203 2968 4258 thus
2997 4203 3385 4270 cremabatur;
3435 4217 3612 4274 panes
3642 4218 3790 4256 vero
3821 4218 3914 4256 sa-

463 4283 676 4354 (GREG-,
726 4283 866 4337 hom.
917 4284 948 4335 6
978 4283 1038 4336 in
1065 4282 1292 4354 ΕΖΘοῘιι)
1327 4284 1446 4338 Ι)αο
1493 4285 1809 4354 Cherubin],
1843 4285 1944 4357 qui
1968 4287 2080 4356 Ριϐ·
2121 4263 2164 4318 D
2192 4295 2447 4350 cerdotes
2465 4263 2842 4348 comedebant
2870 4292 3081 4346 calidos
3109 4308 3238 4346 cum
3258 4263 3842 4362 thure-reponentes.

385 4372 582 4427 nitudo
607 4370 845 4424 scientiae
873 4369 1160 4438 dicuntur,
1193 4375 1324 4434 etc.,
1383 4387 1552 4442 usque
1581 4374 1656 4428 ad
1685 4374 1731 4428 si
1765 4374 1920 4429 aliud
1948 4391 2079 4446 pro-

391 4461 642 4516 mitteret
669 4459 826 4530 quod
853 4458 1011 4513 aliud
1036 4465 1290 4530 negaret.

463 4549 655 4619 (BEDA,
713 4547 877 4618 ibid.)
917 4549 1166 4602 Numero
1207 4548 1486 4620 singulari
1515 4551 1732 4618 cherub,
1787 4561 1918 4614 3T1:
1952 4553 2080 4623 plu-

386 4639 496 4693 rali
553 4642 747 4692 autem
811 4637 1086 4691 cherubim
1153 4647 1354 4699 D9311:
1403 4638 1632 4707 dicitur,
1690 4645 1830 4710 etc.,
1908 4657 2079 4710 usque

388 4727 463 4782 ad
492 4727 637 4782 bene
690 4725 953 4798 expansis
1004 4724 1107 4780 alis
1169 4726 1240 4780 ad
1298 4728 1605 4783 volandum
1665 4730 1871 4801 aptatis
1930 4731 2079 4786 desi-

385 4821 657 4886 gnantur.

461 4906 623 4959 Vens.
653 4907 742 4959 22.
778 4935 848 4945 —
891 4903 1023 4960 Inde
1045 4906 1386 4974 praecipiam,
1445 4910 1575 4973 etc.,
1625 4921 1788 4976 super
1811 4910 2082 4977 propitia-

387 4995 607 5048 torium.
656 4995 758 5065 (lo.
781 4995 946 5064 ibid.)
975 4994 1158 5065 Super
1194 4994 1618 5065 propitiatorio,
1643 5001 1775 5063 etc.,
1814 5012 1984 5066 usque
2008 4997 2082 5051 ad

389 5083 538 5136 unde
597 5083 854 5137 Habacuc
883 5083 966 5137 ait
999 5100 1011 5138 :
1042 5085 1116 5138 In
1161 5083 1336 5138 medio
1375 5084 1603 5140 duorum
1641 5087 1963 5141 animalium
1993 5089 2078 5140 in-

387 5175 623 5226 notesces
655 5170 881 5241 (Ilabac.
917 5173 1021 5242 ιιι).

457 5262 640 5332 (Ban.,
673 5261 838 5329 ibid.)
869 5263 1059 5315 Potest
1093 5261 1152 5315 in
1202 5278 1331 5316 arca
1365 5263 1610 5317 Ecclesia
1639 5263 1894 5332 ﬁgurari,
1932 5268 2074 5330 etc.,

385 5365 557 5420 usque
581 5349 655 5403 ad
679 5365 794 5420 quo
819 5350 945 5420 ipsa
994 5349 1054 5403 in
1105 5350 1482 5407 fundamento
1535 5368 1779 5407 summm
1825 5352 2077 5407 veritatis

380 5439 628 5497 stabilita
657 5438 992 5494 consistunt.

454 5530 630 5600 (Ben,
661 5531 816 5599 ibid.)
849 5531 1037 5585 Mensa
1066 5528 1135 5582 de
1166 5529 1337 5599 lignis
1388 5529 1584 5596 Setim,
1622 5534 1754 5599 etc.,
1784 5545 1952 5600 usque
2003 5531 2077 5586 ad

2256 4386 2327 4438 Et
2355 4397 2519 4454 pones
2548 4397 2711 4452 super
2738 4395 2995 4448 mensam,
3021 4384 3128 4435 etc.
3162 4380 3314 4451 (Ben.
3348 4380 3443 4435 ubi
3469 4395 3641 4449 supra
3675 4389 3714 4443 .)
3751 4382 3915 4435 Bene

2187 4488 2366 4544 panes
2418 4469 2824 4542 propositionis
2887 4473 3180 4536 vocantur,
3245 4469 3384 4540 quia
3431 4483 3662 4539 semper
3733 4470 3921 4524 debet

2186 4565 2381 4632 patere
2427 4575 2616 4614 sermo
2661 4558 2857 4612 salutis
2908 4557 3124 4613 cunctis
3159 4557 3446 4624 ﬁdelibus,
3494 4573 3600 4612 nec
3631 4546 3917 4630 unquam

2185 4650 2378 4704 deesse
2439 4651 2664 4720 oportet
2717 4647 2780 4700 in
2819 4647 3057 4701 ecclesia
3113 4645 3354 4700 verbum
3402 4645 3592 4700 solatii
3655 4663 3673 4700 :
3745 4648 3913 4720 quod

2191 4738 2469 4794 Dominus
2529 4751 2634 4807 per
2673 4751 2967 4807 praecones
3013 4735 3269 4790 veritatis
3307 4734 3526 4790 mundo
3555 4751 3922 4809 proponens

2188 4825 2253 4880 in
2283 4827 2561 4895 conceptu
2592 4841 2694 4878 suo
2725 4839 3024 4894 apparere,
3055 4828 3114 4878 et
3145 4839 3325 4895 usque
3352 4822 3413 4878 in
3461 4823 3638 4878 ﬁnem
3671 4825 3779 4879 his
3816 4824 3926 4896 qui

2185 4912 2446 4967 esuriunt
2499 4918 2558 4968 et
2599 4913 2798 4967 sitiunt
2840 4912 3125 4982 justitiam
3175 4913 3528 4968 incessanter
3583 4912 3917 4969 abundare

2189 5000 2395 5056 voluit.

2258 5091 2419 5144 Vens.
2472 5092 2560 5144 3t.
2608 5119 2682 5130 -—
2729 5091 2913 5146 Facies
2952 5095 3004 5146 et
3041 5090 3447 5154 candelabrum,
3497 5093 3604 5145 etc.
3669 5093 3925 5162 (Gaza,

2187 5179 2327 5233 hom.
2361 5181 2392 5232 6
2424 5181 2481 5232 in
2527 5180 2752 5248 Ezech.)
2806 5180 3223 5235 Candelabrum
3245 5180 3505 5236 Christus
3552 5183 3640 5234 est
3693 5181 3768 5236 in
3795 5198 3928 5254 quo

2186 5273 2392 5322 natura
2416 5268 2786 5323 humanitatis
2814 5269 2974 5324 fulsit
2993 5269 3211 5324 lumine
3241 5267 3512 5335 veritatis,
3551 5273 3698 5337 etc.,
3735 5287 3931 5341 usque

2185 5356 2260 5410 ad
2309 5354 2507 5426 scyphi
2558 5371 2695 5425 ergo
2737 5360 2796 5410 et
2837 5356 3140 5427 sphaerulze
3178 5356 3248 5412 ad
3285 5355 3542 5412 laborem
3567 5357 3932 5428 pertinent,

2184 5443 2306 5499 lilia
2329 5445 2399 5498 ad
2435 5443 2890 5499 retributionem.

2252 5534 2437 5586 Facies
2495 5537 2546 5586 et
2597 5532 3001 5600 candelabrum,
3061 5534 3261 5589 ductile
3305 5549 3439 5589 auro
3487 5533 3928 5593 mundissimo.
