4064 6186
189 298 261 346 269

186 416 326 481 (830s,
375 412 527 483 ibid.)
614 413 1032 470 Candelabrum
1080 416 1448 485 tabernaculi,
1498 422 1628 487 etc.,
1660 434 1827 489 usque
1855 426 1899 479 Α

187 503 239 557 ad
280 507 326 556 et
363 501 666 557 claritatem
713 499 870 558 verbi
929 504 1197 560 omnibus
1246 507 1607 577 praedicando
1655 512 1710 563 et
1737 509 1822 563 l‘a-

184 591 340 645 ciendo
366 590 620 646 ostendit.

232 682 295 735 Et
317 679 556 747 calamos,
587 681 814 750 scyphos
838 684 889 735 et
911 683 1229 751 spharulas.
1266 686 1387 751 (10.,
1446 684 1607 755 ibid.)
1663 686 1822 741 Scili-

182 776 243 824 cet
259 769 627 839 praedicatores
657 768 727 823 de
759 770 949 824 hastili
980 773 1371 842 procedentes,
1406 778 1535 829 etc..
1562 791 1731 843 usque
1751 776 1826 830 ad

183 875 277 932 qua:
302 858 585 913 animabus
610 859 837 926 sanctis,
872 859 930 914 id
952 865 1057 930 est,
1079 862 1333 931 floribus,
1357 868 1554 918 vernat
1574 865 1820 919 aeternis.

229 950 362 1001 Vsus.
391 950 473 1005 3'2.
507 979 572 988 —
605 949 713 1005 Sea
741 950 960 1019 calami,
1018 954 1122 1005 etc.
1173 952 1295 1021 (10.,
1346 953 1509 1023 ibid.)
1559 953 1826 1007 Senarius

179 1039 334 1108 inquo
353 1038 521 1091 factus
551 1042 637 1091 est
671 1038 939 1103 mundus,
986 1045 1115 1105 etc.,
1149 1056 1318 1109 usque
1362 1043 1435 1095 ad
1465 1043 1618 1097 unde
1676 1043 1826 1097 Pau-

176 1127 271 1181 lus:
321 1128 507 1179 Gratia
550 1127 777 1181 Domini
814 1130 991 1181 nostri
1035 1129 1174 1183 Jesu
1227 1131 1431 1185 Christi
1491 1135 1541 1185 et
1584 1132 1827 1186 charitas

178 1217 319 1283 Dei,et
336 1217 734 1269 communicatio
783 1218 962 1269 sancti
1014 1216 1279 1285 Spiritus,
1331 1220 1404 1272 sit
1455 1233 1660 1287 semper
1709 1234 1828 1272 cum

174 1306 371 1359 omnibus
397 1303 563 1359 vobis.

229 1405 406 1457 Wesed.-
434 1418 556 1455 uno.
591 1402 713 1472 (10.,
740 1402 920 1473 ibid.)
953 1404 1088 1457 Tres
1118 1403 1321 1459 calami
1356 1420 1422 1458 ex
1474 1420 1592 1459 uno
1623 1405 1823 1471 latere,

175 1495 270 1551 etc.,
295 1506 448 1558 usque
474 1491 550 1544 ad
581 1492 797 1545 visione
828 1492 949 1562 ejus
978 1492 1219 1548 fruetur.

225 1580 323 1648 (10.,
351 1580 441 1632 ubi
466 1580 681 1651 supra).
717 1580 885 1635 Fiunt
907 1582 1103 1652 scyphi
1130 1582 1191 1636 in
1222 1582 1563 1637 candelabro
1595 1582 1664 1637 ad
1724 1598 1827 1635 nu-

173 1666 229 1719 cis
267 1668 499 1737 modum,
566 1673 697 1735 etc.,
738 1685 907 1738 usque
960 1671 1035 1724 ad
1072 1671 1209 1741 quia
1263 1671 1617 1725 continentes
1674 1671 1828 1725 illius

171 1756 397 1825 temporis
421 1761 535 1811 tres
567 1758 799 1812 ordines
828 1764 1155 1815 sanctorum
1201 1760 1420 1831 ;eadem
1457 1760 1828 1831 distinctione

172 1849 445 1916 temporum
484 1846 833 1901 habuerunt.

220 1936 356 1989 Vsus.
388 1938 568 1989 33.—
614 1938 678 1989 In
707 1938 880 1991 nucis.
936 1936 1073 2007 (10.)
1121 1936 1244 1991 Nux
1297 1936 1599 1990 Ecclesiam
1649 1936 1823 2007 signi-

170 2022 285 2087 licat,
312 2024 489 2078 unde:
543 2025 839 2080 Descendit
868 2027 925 2079 in
974 2026 1188 2079 hortum
1238 2042 1453 2080 nucum.
1506 2026 1630 2079 Nux
1673 2025 1827 2079 enim

167 2110 347 2165 dulcem
392 2113 642 2166 fructum
685 2113 859 2167 habet
905 2114 1081 2182 intus,
1132 2113 1232 2183 qui
1282 2112 1393 2167 nisi
1436 2112 1615 2167 fracta
1682 2118 1829 2167 testa

166 2214 256 2251 non
282 2201 593 2256 ostenditur
618 2202 791 2256 foris:
823 2200 900 2255 sic
942 2207 1265 2256 sanctorum
1324 2202 1441 2255 vita
1488 2200 1825 2255 suavitatem

164 2288 320 2357 gratia
342 2289 397 2343 in
421 2289 597 2344 corde
627 2294 943 2355 conservat,
977 2307 1105 2361 qua:
1155 2306 1273 2344 non
1316 2290 1681 2361 cognoscitur
1731 2306 1825 2344 ex-

165 2376 301 2430 terius
324 2378 447 2445 nisi,
480 2379 673 2432 soluto
703 2379 885 2433 carnis
908 2378 1196 2433 domicilio
1224 2378 1453 2447 anima,
1486 2378 1547 2433 in
1612 2378 1825 2432 caelesti

165 2464 259 2519 luce
286 2482 395 2521 sese
419 2467 798 2539 conspiciant.

215 2554 314 2623 ([0.)
374 2556 600 2611 Tertius
646 2556 912 2611 similiter
970 2556 1223 2610 calamus
1278 2562 1391 2611 tres
1470 2556 1708 2627 scyphos
1766 2560 1824 2610 et

1868 1714 1908 1769 Β

162 2644 446 2712 spharulas,
488 2650 544 2699 et
576 2644 688 2699 tria
727 2646 897 2699 habet
926 2646 1042 2699 lilia
1078 2662 1090 2699 :
1147 2645 1281 2716 quia
1318 2644 1486 2700 :nulti
1534 2645 1821 2715 conjugati

161 2735 260 2784 ante
304 2733 501 2802 legem,
550 2732 659 2787 sub
704 2734 831 2804 lege
860 2738 917 2787 et
952 2734 1059 2788 sub
1101 2733 1398 2804 prophetis
1471 2739 1653 2801 erant,
1721 2734 1820 2806 qui

162 2820 349 2875 verbum
373 2821 605 2876 Domini
637 2821 858 2887 audire,
882 2826 937 2876 et
974 2821 1123 2876 viam
1174 2823 1296 2893 ejus
1343 2838 1570 2877 currere
1610 2826 1665 2877 et
1715 2822 1818 2878 bo-

163 2924 325 2964 norum
345 2927 591 2981 operum
621 2911 860 2981 praemia
889 2916 1213 2982 exspectare
1245 2911 1578 2982 gauderent.

213 2998 312 3067 (10.)
333 3001 464 3053 ltem
493 3016 562 3053 ex
596 3000 709 3053 alio
741 3000 916 3054 latere
946 3000 1167 3071 primus
1214 3000 1486 3065 calamus,
1540 2998 1823 3053 secundus
1852 3000 1889 3055 C

162 3092 201 3140 et
237 3089 438 3157 tertius,
489 3094 613 3143 tres
656 3073 905 3159 scyphos
948 3093 1005 3143 et
1035 3087 1349 3158 sphaerulas
1379 3104 1392 3154 ;
1425 3086 1533 3141 tria
1592 3102 1822 3157 quoque

161 3174 358 3231 habebat
395 3178 515 3231 lilia
550 3194 562 3231 :
603 3177 739 3248 quia
760 3176 818 3230 in
844 3182 1079 3247 utroque
1106 3177 1467 3230 Testamento
1490 3174 1548 3228 in
1570 3174 1822 3229 doctori-

159 3264 253 3334 bus,
290 3266 345 3319 in
392 3266 851 3332 continentibus,
884 3270 939 3319 et
998 3265 1057 3319 in
1107 3264 1427 3335 conjugatis
1480 3265 1592 3318 Deo
1645 3264 1821 3318 devo-

161 3354 323 3409 listres
348 3355 592 3410 fuerunt
616 3354 848 3408 ordines
881 3360 1206 3424 temporum
1258 3353 1544 3407 distantia.
1608 3354 1670 3406 In
1701 3352 1819 3422 pri-

160 3444 312 3498 mitiva
378 3446 600 3499 scilicet
662 3443 901 3498 ecclesia
949 3443 1019 3496 de
1093 3442 1285 3508 Israel,
1342 3441 1400 3495 in
1450 3446 1642 3496 nostra
1700 3442 1821 3495 ele-

159 3532 302 3587 ctione
330 3534 395 3588 de
451 3534 746 3605 gentibus,
803 3532 863 3586 in
900 3531 1104 3585 ultima
1158 3530 1495 3585 collectione
1547 3530 1818 3601 reliquia-

156 3623 455 3689 rumlsrael,
489 3623 597 3694 qui
628 3638 828 3676 omnes
875 3636 978 3674 suo
1031 3624 1289 3692 tempore
1335 3620 1504 3673 verbo
1554 3618 1683 3673 vitae
1733 3619 1821 3672 in-

157 3709 332 3777 ebriati,
361 3712 418 3766 in
447 3712 543 3765 via
599 3710 758 3781 pacis
803 3725 1134 3781 properare,
1182 3709 1487 3764 candorem
1527 3710 1821 3780 perpetute

156 3797 264 3852 lucis
285 3800 465 3855 videre
499 3800 853 3855 desiderant.

206 3888 346 3944 Vens.
408 3892 498 3945 34.
531 3890 691 3943 —1n
718 3890 837 3958 ipso
887 3892 1070 3943 autem
1114 3886 1466 3954 candelabro,
1524 3890 1628 3941 etc.
1680 3886 1817 3957 (10.,

154 3976 431 4048 ubisupra.)
456 3978 721 4033 Diximus
773 3977 961 4048 ipsum
1020 3976 1446 4043 candelabrum,
1488 3980 1619 4042 etc.,
1652 3988 1821 4044 usque

157 4066 208 4118 ad
227 4068 307 4122 sed
332 4068 612 4122 innovata
644 4082 750 4137 per
779 4065 1045 4136 spiritum
1075 4065 1249 4119 corda
1273 4065 1526 4135 capiunt.

207 4156 339 4212 Vsus.
372 4161 460 4213 35.
498 4188 569 4198 —
649 4156 1047 4225 Spharulaque
1106 4170 1206 4223 per
1277 4152 1516 4221 singulos
1564 4156 1614 4208 et
1674 4153 1814 4207 lilia.

156 4244 507 4315 Spharulaque
526 4245 632 4301 sub
665 4244 870 4299 duobus
890 4244 1138 4339 calamis,
1161 4246 1263 4297 etc.
1360 4331 1375 4339 α
1580 4331 1594 4339 ι
1746 4330 1758 4339 ἱ
1856 4285 1899 4339 D

203 4335 306 4401 (10.,
358 4336 524 4407 ibid.)
583 4335 730 4390 Sunt
758 4349 862 4404 per
910 4332 1171 4403 singulos
1224 4331 1464 4403 scyphos
1513 4330 1816 4403 sphaerulaa

156 4422 361 4479 simulet
412 4425 563 4492 lilia,
614 4427 746 4490 etc.,
800 4437 970 4491 usque
998 4422 1073 4476 ad
1118 4422 1310 4477 unde:
1361 4422 1519 4476 Lava
1571 4420 1688 4490 ejus
1718 4419 1817 4474 sub

156 4512 288 4582 capite
313 4530 440 4581 meo,
474 4519 528 4569 et
560 4513 791 4568 dextera
819 4512 937 4581 ejus
966 4511 1371 4581 amplexabitur
1410 4524 1510 4563 me.

205 4600 755 4674 (10.,ibid.)Scyphi,
785 4600 1088 4671 sphaerula:
1140 4604 1197 4653 et
1249 4598 1369 4651 lilia
1433 4595 1539 4651 sub
1595 4594 1818 4650 duobus

156 4688 338 4744 calamis
364 4696 520 4760 sunt,
565 4695 704 4758 etc.,
750 4705 918 4760 usque
955 4688 1034 4744 ad
1065 4690 1237 4743 omnis
1279 4684 1559 4756 plenitudo
1614 4684 1820 4739 divini-

156 4781 249 4833 tatis
274 4782 654 4851 corporaliter.

203 4868 338 4925 Vsus.
368 4872 537 4926 36,—
572 4871 643 4925 Et
664 4867 946 4937 spharula
974 4868 1147 4934 igitur
1166 4869 1214 4920 et
1236 4865 1449 4919 calami.
1494 4864 1630 4933 (10.,
1661 4862 1777 4917 ibid
1807 4864 1821 4930 )

156 4956 320 5012 Omnes
346 4976 492 5031 opus
521 4956 883 5025 candelabri,
916 4960 1046 5024 etc.,
1078 4969 1247 5025 usque
1275 4954 1349 5008 ad
1379 4953 1530 5008 unde
1565 4968 1578 5007 :
1612 4953 1683 5006 In
1722 4954 1824 5005 tri-

159 5040 378 5100 bulatione
408 5046 677 5100 dilatasti
704 5043 860 5107 mihi,
885 5046 991 5095 etc.

204 5133 349 5190 Vens.
382 5139 473 5191 37.
509 5164 585 5174 —-—
618 5133 824 5187 Facies.
846 5128 967 5201 (10.)
1003 5130 1272 5184 Lacernae
1318 5130 1558 5197 septem,
1606 5130 1821 5197 septem

162 5226 257 5274 sunt
292 5224 437 5277 dona
495 5220 749 5293 Spiritus
803 5216 999 5281 sancti,
1056 5216 1157 5288 qui
1204 5216 1263 5270 in
1324 5215 1546 5269 Christo
1602 5231 1828 5285 semper

162 5317 463 5379 manserunt,
488 5316 550 5366 et
611 5308 880 5363 ﬁdelibus
938 5306 1251 5360 secundum
1297 5304 1650 5357 voluntatem
1706 5304 1829 5374 ejus

163 5395 413 5454 distributa
469 5403 651 5454 sunt:
706 5397 799 5451 ba
839 5411 1013 5466 super
1062 5392 1467 5448 candelabrum
1512 5397 1829 5463 ponuntur,

164 5487 262 5554 quia
294 5487 575 5560 requievit
614 5501 789 5557 super
840 5500 973 5540 eum
1026 5482 1274 5553 Spiritus
1313 5481 1609 5552 sapientiae
1641 5487 1696 5535 et
1742 5480 1829 5535 in-

166 5575 371 5631 tellectus
400 5577 566 5648 (Isai.
600 5572 701 5644 ιι).

1288 296 1535 353 GLOSSA
1575 297 1972 354 oummnua.
2012 329 2077 337 —
2122 260 2252 355 Lm.
2294 301 2499 357 axon.

3529 319 3634 370 270

2010 424 2076 477 Ut
2126 424 2353 489 luceant,
2406 428 2511 479 etc.
2594 425 2719 496 (10.,
2776 427 2941 498 ibid.)
2977 430 3242 487 Lucerna
3309 435 3639 491 candelabri

1933 529 1999 568 ex
2039 511 2275 567 adverso
2314 512 2745 569 tabernaculum
2774 516 3157 588 illustrabant,
3205 537 3335 576 cum
3382 524 3641 580 Christus

1934 602 2137 673 plenus
2166 601 2346 672 gratia
2376 607 2433 656 et
2491 602 2725 659 veritate
2770 606 3037 660 omnibus
3088 608 3379 665 tribuebat
3417 612 3488 666 de
3540 630 3643 668 sua

1932 691 2330 762 plenitudine;
2363 692 2677 747 mansuetis
2698 698 2752 747 et
2800 697 3152 765 pauperibus
3185 699 3424 754 verbum
3456 702 3639 756 Evan-

1932 780 2069 851 gelii
2098 780 2496 847 committens;
2549 782 2963 851 paenitentibus
3004 785 3290 840 medelam
3337 787 3617 860 indulgeri

1934 868 2028 922 tia
2093 869 2411 924 conferens.
2472 870 2630 923 Nunc
2682 874 2908 941 tempus
2962 890 3083 927 esse
3143 876 3414 944 parcendi
3462 877 3523 932 in
3555 879 3644 933 fu-

1930 962 2061 1012 turo
2092 958 2428 1012 universalis
2453 958 2656 1028 judicii
2689 964 2915 1031 tempus
2946 962 3265 1019 afﬁrmans.
3516 948 3519 951 V

2005 1048 2165 1101 Vens.
2201 1049 2287 1101 38.
2324 1077 2386 1087 —-
2412 1048 2777 1103 Emunctoria
2833 1066 3059 1119 quoque,
3098 1057 3151 1105 et
3182 1053 3277 1106 ubi
3330 1070 3465 1123 qua.
3520 1056 3642 1127 (10.,

1933 1135 2097 1203 ibid.)
2150 1134 2350 1189 Divina
2394 1136 2585 1202 verba,
2653 1137 2863 1206 quibus
2918 1139 3217 1193 manifeste
3269 1141 3529 1211 signatur
3585 1145 3645 1198 in

1935 1222 2197 1295 plurimis
2224 1240 2341 1277 non
2368 1224 2508 1294 legis
2552 1224 2824 1293 litteram,
2858 1226 2954 1279 sed
3000 1228 3355 1297 spiritualem
3414 1247 3645 1286 sensum

1936 1328 2058 1365 esse
2107 1312 2448 1365 servandum
2483 1329 2493 1365 :
2522 1314 2673 1367 unde
2704 1330 2721 1368 :
2781 1314 2843 1369 Si
2875 1317 3346 1385 circumcidimini,
3398 1320 3644 1377 Christus

1936 1402 2079 1454 nihil
2140 1399 2291 1455 vobis
2314 1402 2579 1469 proderit.

2009 1488 2132 1559 (10.,
2167 1489 2324 1558 ibid.)
2359 1489 2809 1556 Emunctorium,
2844 1496 2900 1546 et
2928 1510 3078 1561 vasa,
3133 1494 3234 1549 ubi
3266 1512 3393 1566 qua
3442 1514 3645 1553 cmun—

1936 1580 2023 1631 cta
2054 1582 2187 1631 sunt
2216 1578 2678 1649 exstinguuntur,
2720 1585 2850 1647 etc.,
2887 1598 3055 1651 usque
3101 1584 3176 1637 ad
3226 1584 3460 1641 dicens:
3516 1588 3645 1643 Sive

1936 1667 2233 1735 prophetia
2277 1668 2702 1737 evacuabuntur,
2750 1672 2863 1724 sive
2924 1672 3121 1739 lingua
3189 1675 3487 1744 cessabunt,
3534 1679 3639 1729 etc.

2010 1758 2361 1810 Emunctoria
2387 1772 2626 1829 quoque.
2650 1762 2755 1812 etc.
2789 1760 2913 1829 (10.,
2959 1761 3119 1831 ibid.)
3178 1762 3320 1817 Sunt
3381 1764 3643 1834 quaedam

1936 1842 1996 1896 in
2026 1843 2333 1914 Scripturis
2354 1849 2658 1915 pracepta,
2688 1850 2814 1913 etc.,
2859 1862 3027 1917 usque
3067 1849 3143 1903 ad
3185 1853 3241 1905 et
3288 1850 3459 1906 alibi:
3512 1855 3646 1908 Ecce

1936 1948 2074 1987 nova
2093 1934 2240 1999 facio
2270 1936 2471 1987 omnia.

2009 2022 2174 2075 Vens.
2210 2024 2301 2076 39.
2365 2052 2433 2062 —
2486 2023 2695 2078 Omnes.
2749 2025 2873 2093 (10.,
2936 2026 3095 2097 ibid.)
3135 2027 3256 2082 Hoc
3302 2034 3387 2083 est
3440 2045 3645 2102 corpus

1938 2110 2144 2165 Christi
2175 2126 2305 2164 cum
2345 2110 2470 2181 ipso
2501 2112 2705 2181 capite,
2740 2114 2953 2169 scilicet
3010 2132 3209 2171 omnes
3262 2118 3452 2189 electi,
3508 2125 3641 2188 etc.,

1934 2214 2103 2267 usque
2131 2199 2205 2253 ad
2236 2199 2371 2269 quia
2403 2200 2609 2254 merito
2639 2202 2917 2257 scelerum
2946 2204 3002 2258 in
3039 2205 3303 2277 abyssum
3357 2209 3645 2280 gravantis

1934 2303 2121 2358 poena
2159 2287 2453 2343 decidunt.

2007 2377 2163 2429 Vsus.
2196 2376 2283 2430 40.
2309 2407 2378 2417 -
2406 2379 2633 2447 Inspice.
2668 2379 2791 2448 (10.,
2822 2380 2985 2453 ibid.)
3019 2382 3319 2439 Ostensum
3368 2390 3454 2442 est
3506 2388 3643 2443 Mosi

1932 2463 1992 2517 in
2020 2467 2214 2518 monte
2276 2466 2568 2536 exemplar
2636 2468 2960 2523 candelabri
3028 2472 3181 2543 quod
3256 2473 3484 2543 faceret,
3533 2482 3637 2532 etc.

1930 2568 2099 2622 usque
2140 2553 2216 2607 ad
2269 2555 2562 2625 exemplar
2614 2556 2971 2614 auditoribus
3020 2562 3379 2618 exsecutione
3452 2566 3642 2637 operis

1932 2646 1989 2694 et
2019 2641 2193 2697 verbo
2224 2641 2498 2697 doctrinm
2529 2644 2797 2699 ostendit.

2564 2785 2788 2841 CAPUT
2827 2788 3000 2844 XXVI.

2000 2908 2164 2963 Vsus.
2218 2913 2264 2964 l.
2316 2938 2381 2950 ο·-
2436 2910 2861 2967 Tabernaculum
2918 2929 3041 2969 vero
3092 2918 3172 2969 ita
3229 2920 3279 2971 et
3335 2919 3445 2987 fiet,
3530 2922 3634 2973 etc.

1935 2997 2110 3065 (BED.,
2162 2996 2262 3052 lib.
2324 3015 2358 3051 ιι
2407 2998 2473 3053 de
2531 3000 2854 3070 Tabernac.,
2904 3018 3029 3073 cap.
3086 3007 3137 3069 3,
3180 3007 3319 3059 tom.
3383 3006 3478 3077 II.)
3533 3008 3638 3061 Ta-

1933 3085 2325 3153 bernaculum,
2383 3087 2536 3158 quod
2609 3088 2741 3142 fecit
2792 3091 3006 3161 Moyses
3086 3092 3146 3147 in
3200 3094 3526 3163 solitudine,
3585 3100 3641 3150 et

1932 3174 2214 3244 templum
2263 3175 2419 3246 quod
2464 3176 2597 3231 fecit
2652 3178 2918 3233 Salomon
2974 3180 3034 3234 in
3114 3183 3448 3250 Jerusalem,
3507 3189 3636 3252 etc.,

1930 3279 2099 3332 usque
2130 3264 2205 3318 ad
2233 3268 2290 3319 et
2317 3264 2521 3336 copula
2551 3265 2757 3321 divina:
2789 3271 2845 3323 et
2873 3269 3121 3341 propria
3143 3271 3462 3328 dilectionis
3500 3273 3637 3343 jun-

1931 3356 2157 3424 gantur.

2000 3441 2131 3513 (10.,
2157 3442 2252 3497 ubi
2278 3442 2491 3515 supra.)
2522 3445 2710 3499 Potest
2739 3445 2923 3516 ﬁgura
2980 3447 3284 3520 utriusque
3333 3451 3639 3506 sanctuarii

1930 3530 2011 3584 ita
2041 3530 2333 3601 distingui,
2366 3536 2494 3599 etc.,
2558 3549 2725 3604 usque
2767 3536 2841 3590 ad
2892 3536 3144 3593 mirabili
3194 3539 3514 3610 ligurarum
3542 3558 3641 3598 va-

1930 3618 2130 3673 rietate
2160 3620 2437 3692 depingit.

2000 3708 2082 3762 De
2111 3710 2264 3777 bysso
2290 3714 2495 3765 retorta
2538 3717 2588 3766 et
2644 3713 2933 3781 hyacintho
2985 3730 3047 3769 ac
3085 3731 3337 3786 purpura
3388 3733 3641 3787 coccoque

1931 3797 2010 3851 bis
2036 3799 2201 3852 tincto
2226 3800 2492 3853 variatas.
2525 3799 2649 3869 (10.,
2682 3801 2777 3854 ubi
2819 3816 3007 3870 supra,
3037 3818 3156 3873 cap.
3195 3804 3273 3875 2.)
3306 3806 3369 3860 In
3388 3806 3475 3859 his
3506 3824 3640 3878 qua-

1909 3890 2061 3949 tuor
2097 3886 2449 3941 cortinarum
2494 3888 2801 3958 coloribus,
2859 3895 2991 3953 etc.,
3041 3906 3211 3960 usque
3255 3894 3330 3946 ad
3382 3911 3640 3965 purpura

1928 3974 2229 4045 sanguinei
2250 3974 2451 4029 coloris
2481 3979 2535 4029 et
2583 3976 2653 4030 de
2706 3978 3137 4048 conchyliorum
3192 3982 3471 4052 sanguine
3518 3984 3639 4039 tin-

1929 4068 2017 4117 cta
2047 4064 2245 4119 devota
2275 4065 2392 4119 Deo
2442 4064 2611 4119 corda
2649 4065 2878 4135 ligarat,
2948 4071 3004 4121 et
3032 4083 3137 4138 pro
3194 4069 3306 4125 Deo
3357 4072 3505 4126 mori
3536 4088 3635 4143 pa-

1930 4154 2067 4207 rata.

1998 4240 2167 4293 Vsus.
2209 4243 2261 4295 2.
2318 4269 2389 4281 —
2429 4241 2735 4310 Longitudo
2785 4246 3003 4299 cortina
3063 4248 3223 4303 unius
3296 4248 3511 4304 habebit
3553 4252 3635 4304 vi-

1923 4330 2067 4395 ginti
2095 4333 2207 4385 octo
2281 4329 2506 4396 cubitos,
2577 4332 2807 4387 latitudo
2853 4338 3106 4403 quatuor,
3168 4336 3404 4407 etc.(10.,
3472 4338 3636 4407 ibid.)

1929 4417 1985 4472 Si
2007 4417 2077 4471 ab
2108 4433 2223 4470 uno
2256 4434 2434 4488 usque
2466 4418 2536 4473 ad
2564 4424 2782 4489 septem
2808 4437 3006 4476 omnes
3055 4423 3115 4477 in
3172 4425 3372 4481 ordine
3430 4443 3637 4481 nume-

1929 4521 2024 4560 ros
2054 4506 2224 4576 pleno
2254 4507 2452 4561 ordine
2484 4510 2896 4577 numeraveris,
2930 4527 3098 4581 usque
3122 4514 3196 4568 ad
3224 4517 3285 4569 ut
3326 4531 3429 4585 per
3466 4514 3636 4570 ﬁdem

1932 4598 1988 4648 et
2018 4610 2195 4665 opera
2217 4595 2368 4650 bona
2398 4596 2467 4650 ad
2499 4596 2758 4668 requiem
2792 4599 3009 4653 tendat.

2007 4685 2172 4739 Unius
2236 4700 2513 4752 mensura,
2562 4690 2676 4742 etc.
2733 4687 2852 4753 (10.,
2887 4687 3186 4756 ibid.)Etsi
3241 4690 3489 4747 variante
3548 4694 3637 4764 pi-

1932 4777 2090 4826 ctura
2129 4773 2362 4827 cortinae
2397 4774 2756 4841 differebant,
2808 4792 2921 4829 una
2978 4780 3172 4831 tamen
3222 4783 3386 4833 erant
3440 4796 3638 4836 omnes

1932 4861 2311 4931 longitudinis
2342 4866 2396 4916 et
2426 4862 2743 4917 latitudinis
2774 4879 3043 4918 mensura
3096 4870 3449 4937 temperatae,
3503 4870 3639 4940 quia

1933 4948 2036 5001 etsi
2069 4948 2406 5002 donationes
2436 4948 2650 5003 habent
2672 4950 2836 5003 electi
2865 4950 3212 5021 differentes,
3269 4970 3416 5009 unus
3446 4960 3639 5013 tamen

1936 5036 2234 5105 Dominus,
2276 5053 2390 5091 una
2438 5037 2600 5105 ﬁdes,
2645 5054 2825 5091 unum
2879 5038 3180 5107 baptisma,
3205 5059 3357 5098 unus
3403 5046 3553 5101 Deus
3585 5052 3642 5102 et

1935 5127 2102 5179 Pater
2132 5125 2414 5179 omnium.

2008 5216 2133 5286 (10.,
2182 5216 2279 5269 ubi
2315 5216 2525 5285 supra.)
2586 5216 2790 5269 Narrat
2845 5216 3139 5287 Iosephus,
3190 5227 3336 5290 etc.,
3370 5238 3538 5295 usque
3568 5225 3641 5281 ad

1939 5304 2101 5375 quasi
2129 5320 2247 5358 una
2275 5303 2469 5357 decem
2500 5303 2855 5359 cortinarum
2903 5307 3259 5365 connexione
3312 5311 3643 5367 tabernacu-

1938 5393 2060 5447 lum
2090 5392 2415 5446 decoratur.

2011 5482 2173 5535 Vsus.
2206 5482 2261 5536 4.
2316 5509 2379 5521 -—
2438 5480 2679 5535 Ansulas
2724 5480 3113 5553 hyacinthinas
3143 5487 3201 5540 in
3221 5487 3500 5557 lateribus,
3533 5496 3642 5547 etc.

1940 5569 2067 5639 (10.,
2098 5569 2259 5641 ibid.)
2290 5569 2517 5625 Ansulis
2561 5570 2941 5639 byacinthinis
2998 5573 3232 5630 cortinae
3270 5576 3513 5633 invicem
3551 5595 3643 5635 co-
