4064 6186
347 289 444 340 271

975 283 1369 340 WALAFRIDI
1410 284 1655 339 STRABI
1697 283 1892 338 FULD.
1938 284 2100 340 MON.
2150 284 2298 338 OPP.
2344 283 2516 338 PARS
2557 285 2604 338 Ι.
2652 313 2719 320 —
2759 279 3227 339 TIIEOLOGICA.

3757 285 3866 336 27‘2

339 399 633 476 palantur,
667 407 798 468 etc.,
827 415 995 470 usque
1023 399 1098 454 ad
1139 399 1284 454 etin
1338 414 1405 454 ea
1453 415 1512 454 se
1555 404 1832 471 perpetuo
1880 415 2036 456 man-
2073 409 2117 460 A
2222 404 2380 458 Vens.
2416 405 2468 458 6.
2506 433 2571 443 -
2597 401 2824 459 Sextum
2852 416 3044 470 sagum
3092 405 3150 456 in
3177 405 3379 467 fronte.
3443 402 3667 474 Mystice
3727 419 3861 458 vero

348 509 510 546 suros
540 491 857 546 conﬁdunt.
1901 541 1904 544 .

415 581 604 652 (Bson,
635 580 794 649 ibid.)
819 580 1172 648 Praeceptum
1218 580 1306 630 est
1343 590 1570 648 quoque
1609 574 1734 629 ﬁeri
1791 576 2046 632 ﬁmbrias

345 686 448 743 per
503 670 740 740 angulos
777 666 1101 738 palliorum,
1157 669 1287 730 etc.,
1342 679 1512 732 usque
1591 665 1725 719 ada
1801 673 2047 736 quatuor

342 757 528 812 ventis
557 755 797 822 collecti,
829 751 1162 808 indivisibili
1193 751 1461 806 societate
1510 752 1946 824 conjungemur.

441 847 601 900 Vens.
654 848 705 899 5.
764 872 832 883 -
884 841 1324 911 Quinquagenas,
1374 845 1478 895 etc.
1564 841 1692 908 (lo.,
1765 840 1925 911 ibid.)
1981 842 2041 895 In

344 931 820 1006 quinquagesimo
843 946 1012 994 anno,
1047 935 1176 995 etc.,
1207 945 1376 1008 usque
1405 929 1478 982 ad
1505 935 1559 983 et
1588 929 1646 983 in
1696 930 1857 1000 cujus
1922 946 2049 1000 per-

344 1023 608 1093 ceptione
629 1019 904 1074 veraciter
946 1017 1256 1088 quiescitur
1277 1024 1332 1071 et
1357 1017 1659 1088 gaudetur,
1719 1022 1870 1072 recte
1901 1017 2045 1090 ﬁgu-

344 1116 522 1166 ratur.

415 1199 538 1270 (lo.,
571 1196 726 1265 ibid.)
773 1193 1200 1266 Quinquaginta
1248 1193 1474 1248 ansulas
1521 1193 1733 1250 habent
1789 1194 2043 1258 cortinae,

345 1288 480 1355 quia
535 1287 688 1340 dono
744 1283 957 1355 Spiritu
1007 1281 1185 1336 sancti
1242 1282 1451 1352 agitur,
1506 1287 1573 1336 ut
1650 1283 1708 1336 in
1780 1283 2045 1337 societate

343 1375 520 1447 pacis,
557 1389 684 1445 quae
715 1376 800 1426 est
849 1370 1141 1424 vinculum
1197 1369 1578 1440 perfectionis,
1636 1371 1744 1425 sibi
1799 1371 2045 1426 invicem

345 1465 684 1536 copulentur
739 1459 933 1514 electi:
996 1459 1204 1512 futuras
1265 1474 1494 1529 quoque
1552 1474 1679 1529 spes
1723 1464 1778 1512 et
1821 1475 2042 1514 memo-

343 1554 430 1608 ria
452 1549 736 1606 societatis
787 1553 841 1603 et
895 1547 1069 1618 pacis,
1125 1563 1254 1617 quae
1303 1546 1362 1600 in
1429 1547 1535 1600 hac
1611 1547 1722 1601 vita
1780 1546 2043 1618 habetur,

343 1639 699 1711 temporibus
726 1637 813 1691 vel
845 1635 981 1691 locis
1011 1633 1282 1689 discretos
1312 1650 1427 1690 una
1471 1633 1606 1690 facit
1650 1635 1862 1707 pietate
1912 1652 2044 1692 con-

344 1729 560 1784 cordes.

417 1818 545 1885 (lo.,
599 1810 1035 1882 ibid.)Cortinae
1089 1810 1148 1864 in
1180 1788 1419 1882 utraqlie
1474 1815 1635 1883 parte
1688 1811 1899 1868 habent
1942 1829 2047 1868 an-

343 1920 454 1966 sas,
481 1908 624 1967 etc.,
655 1915 824 1970 usque
853 1898 927 1954 ad
953 1914 1083 1954 cum
1108 1899 1250 1970 justi
1271 1899 1532 1955 concordi
1587 1899 1864 1956 virtutum
1896 1915 2043 1972 qua-

345 1993 508 2046 litate
537 1989 905 2044 foederantur.

412 2081 554 2134 Fecit
601 2082 651 2132 et
675 2077 1078 2146 quinquaginta
1107 2076 1351 2130 circulos.
1387 2076 1513 2147 (lo.,
1571 2077 1732 2147 ibid.)
1790 2079 1900 2132 Hoc
1929 2077 2043 2150 ple-

337 2168 466 2223 nius
488 2165 819 2237 explicatur,
853 2179 983 2218 cum
1042 2163 1270 2231 dicitur,
1323 2171 1452 2231 etc.,
1483 2178 1652 2234 usque
1691 2165 1766 2220 ad
1818 2164 1934 2220 imo
1978 2181 2045 2221 ex

338 2255 606 2311 omnibus
635 2251 826 2309 electis
857 2251 1060 2306 Christi
1092 2251 1333 2306 Ecclesia
1383 2253 1728 2324 perﬁciatur.

409 2344 569 2398 Vens.
604 2345 656 2396 7.
688 2371 756 2380 —
787 2341 968 2396 Facies
997 2343 1048 2394 et
1075 2354 1229 2408 saga,
1255 2344 1360 2395 etc.
1417 2341 1538 2410 (lo.,
1605 2341 1765 2410 ibid.)
1814 2342 1928 2396 Hoc
1986 2343 2042 2396 in

339 2429 710 2502 sequentibus
741 2427 818 2482 ita
847 2427 1166 2499 reperitur:
1203 2429 1387 2483 Facies
1413 2434 1463 2483 et
1499 2443 1636 2497 saga
1686 2431 1934 2485 undecim
1979 2431 2044 2485 de

332 2519 465 2587 pilis
497 2531 812 2586 caprarum,
846 2520 950 2570 etc.
983 2515 1148 2586 Saga,
1202 2515 1411 2586 quibus
1463 2517 1722 2587 operitur
1773 2518 2041 2572 taberna-

337 2606 553 2674 culum,
581 2610 709 2672 etc.,
739 2604 1006 2674 usquead
1061 2605 1196 2658 dum
1243 2605 1405 2675 quasi
1460 2620 1594 2676 saga
1631 2606 1768 2661 foris
1819 2611 2044 2676 tempe-

338 2697 508 2747 states
540 2693 801 2747 tolerant.
1157 2751 1164 2760 ι

407 2783 551 2853 Saga
590 2781 814 2836 cilicina
852 2797 1075 2852 grossas
1109 2781 1410 2836 hominum
1436 2786 1654 2836 mentes
1698 2781 2041 2854 signiﬁcant,

337 2887 466 2944 quae
495 2872 714 2926 occulto
745 2869 847 2925 Dei
872 2869 1086 2940 judicio
1123 2870 1380 2941 quamvis
1426 2871 1566 2926 dure
1627 2871 2042 2943 lprasferuntur,

2153 491 2214 546 in
2237 490 2423 546 fronte
2454 492 2585 546 tecti
2615 495 2837 546 sextum
2870 507 3071 562 sagum
3101 491 3448 563 duplicatur,
3464 507 3594 546 cum
3635 507 3862 545 omnes-

2155 581 2252 652 qui
2282 585 2535 635 sanctam
2558 580 2773 634 intrant
2797 578 3116 645 Ecclesium,
3151 579 3230 634 ita
3256 579 3366 633 ﬁde
3394 584 3450 633 et
3503 583 3861 633 sacramento

2157 668 2464 724 Dominicas
2491 667 2774 739 passionis
2802 666 3121 736 initiantur,
3155 673 3218 720 ut
3238 667 3412 737 hujus
3441 683 3674 738 quoque
3732 666 3862 721 imi-

2153 757 2366 812 tatione
2394 772 2621 827 semper
2640 756 2748 810 sibi
2786 755 3093 810 vivendum
3132 771 3253 809 esse
3298 754 3645 826 intelligant.
3684 755 3859 821 Quasi

2153 848 2305 902 enim
2337 847 2397 900 in
2425 845 2688 915 ingressu
2717 849 2939 898 sextum
2982 860 3185 914 sagum
3241 843 3586 914 duplicatur,
3644 849 3707 898 ut
3748 845 3857 897 Do-

2154 935 2377 989 minicte
2455 932 2735 1004 passionis
2795 937 3146 988 sacramenta
3201 948 3621 1004 consequamur
3673 936 3727 986 et
3765 948 3858 986 ex-

2153 1025 2357 1094 emplis
2443 1023 2814 1077 instruamur.
2882 1023 2959 1075 De
2991 1021 3359 1074 sacramentis
3430 1021 3510 1076 ait
3583 1022 3777 1076 Petrus
3838 1037 3853 1073 :

2154 1112 2258 1178 Qui
2283 1111 2619 1179 regeneravit
2651 1124 2752 1165 nos
2790 1111 2850 1163 in
2878 1124 3027 1178 spem
3050 1112 3234 1164 vivam
3279 1124 3380 1178 per
3421 1112 3862 1164 resurrectionem

2151 1200 2281 1256 Jesu
2334 1201 2536 1258 Christi
2582 1215 2650 1253 ea:
2697 1201 2947 1254 mortuis.
2989 1198 3134 1253 Dicit
3161 1203 3218 1252 et
3266 1198 3336 1252 de
3374 1198 3694 1252 imitatione
3738 1215 3862 1268 pas-

2153 1290 2363 1344 sionis:
2407 1290 2619 1346 Christo
2670 1289 2842 1356 igitur
2875 1301 3041 1356 passo
3121 1290 3180 1340 in
3239 1301 3418 1356 carne,
3449 1290 3499 1341 et
3527 1302 3619 1342 vos
3673 1288 3860 1341 eadem

2153 1379 2476 1448 cogitatione
2501 1377 2821 1430 armamini.

2224 1468 2382 1520 Vens.
2419 1467 2508 1519 lO.
2550 1495 2618 1504 —
2648 1465 2830 1519 Facies
2883 1468 2934 1517 et
2989 1465 3397 1532 quinquaginta
3443 1477 3608 1518 ansas
3663 1465 3722 1518 in
3759 1479 3858 1518 ora

2151 1557 2273 1622 sagi
2322 1556 2503 1609 unius.
2545 1552 2734 1624 (BEDA,
2795 1551 2952 1620 ibid.)
3015 1551 3086 1605 Ut
3113 1551 3234 1606 haec
3283 1567 3457 1623 supra
3511 1551 3574 1606 in
3621 1551 3861 1606 cortinis

2154 1642 2516 1715 exposuimus
2582 1646 2712 1706 etc.,
2774 1655 2942 1708 usque
2997 1640 3071 1694 ad
3133 1643 3292 1694 tanto
3346 1639 3624 1696 auxilium
3672 1641 3861 1713 proxi-

2155 1733 2256 1800 mi,
2286 1748 2401 1804 quo
2432 1729 2802 1791 confortatur,
2838 1728 3100 1799 inquirit.

2224 1822 2383 1876 Vens.
2438 1823 2518 1873 ll.
2580 1849 2647 1859 —
2713 1818 2925 1872 Encas
2983 1818 3179 1886 quibus
3221 1819 3536 1887 junguntur
3609 1832 3774 1885 ansa,
3799 1822 3862 1872 ut

2154 1926 2321 1966 unum
2349 1925 2416 1963 ea:
2443 1907 2687 1963 omnibus
2720 1908 3128 1976 operimentum,
3159 1910 3266 1960 etc.
3303 1906 3425 1976 (lo.)
3478 1907 3628 1960 Bene
3661 1909 3862 1959 autem

2155 1998 2346 2054 ﬁbulas
2377 2001 2508 2050 sunt
2539 2011 2734 2060 teneas,
2769 1994 2837 2048 de
2870 1993 3069 2058 vocali,
3129 1993 3343 2049 scilicet
3398 1995 3626 2049 metallo
3672 1993 3859 2059 factae,

2155 2087 2292 2160 quia
2342 2100 2610 2156 magnam
2669 2097 2860 2137 vocem
2920 2083 3092 2136 habet
3137 2084 3287 2154 apud
3365 2085 3546 2137 Deum
3624 2081 3862 2136 humilis

2155 2174 2500 2230 conscientia
2512 2173 2820 2243 justorum.
2866 2171 3022 2226 Unde
3067 2187 3287 2242 pauper
3354 2171 3674 2240 Davidicus,
3728 2183 3864 2226 cum

2154 2263 2416 2320 auxiatus
2442 2267 2588 2316 esset
2613 2265 2668 2315 et
2717 2277 2832 2315 non
2884 2260 2946 2314 in
2995 2259 3228 2314 auribus
3283 2260 3610 2326 hominum,
3679 2261 3772 2316 sed
3799 2261 3864 2315 in

2153 2356 2458 2422 conspectu
2497 2349 2596 2405 Dei
2620 2347 2943 2403 orationem
3001 2364 3161 2403 suam
3218 2348 3563 2404 effunderet:
3614 2351 3860 2414 Domine,

2155 2439 2385 2511 (inquit)
2419 2437 2624 2493 exaudi
2650 2439 2951 2492 orationem
2980 2451 3172 2504 meam,
3203 2440 3253 2493 et
3280 2437 3494 2508 :clamor
3544 2453 3689 2492 meus
3718 2438 3794 2493 ad
3811 2443 3864 2491 te

2152 2529 2355 2582 veniat.

2249 2617 2407 2670 Vens.
2466 2616 2548 2669 12.
2607 2643 2675 2654 -—-
2733 2613 2889 2680 Quod
2933 2617 3110 2670 autem
3161 2616 3512 2685 superfuerit,
3571 2620 3677 2670 etc.
3729 2616 3861 2682 (lo.,

2152 2703 2317 2776 ibid.)
2363 2705 2492 2758 Haec
2522 2707 2585 2758 ut
2646 2703 2872 2775 plenius
2926 2703 3341 2774 intelligantur,
3393 2710 3524 2771 etc.,
3579 2721 3748 2774 usque
3783 2707 3864 2760 ad

2154 2793 2348 2848 decem
2379 2809 2577 2847 rursus
2631 2789 3022 2847 descensionis
3048 2791 3214 2863 juxta
3267 2792 3560 2848 orientalis
3623 2794 3864 2866 parietis

2152 2882 2395 2938 tabulas.

335 2960 473 3032 quia
527 2959 736 3014 servire
793 2959 945 3013 curis
1009 2959 1421 3029 temporalibus
1504 2975 1623 3015 non
1701 2960 1927 3022 timent,
1977 2965 2044 3015 ut
2074 2971 2114 3026 ο
2222 2973 2594 3027 “333.13,...
2635 2971 2704 3025 Et
2734 2970 2964 3024 cubitus,
2999 2969 3142 3034 Quia
3183 2969 3438 3025 cortinas
3485 2986 3598 3026 uno
3663 2970 3861 3026 cubito

336 3049 714 3106 tentationum
745 3052 942 3102 ventos
973 3051 1028 3101 et
1054 3047 1274 3118 pluvias
1312 3053 1559 3118 portent.

407 3139 592 3193 Facies
621 3142 669 3192 et
701 3150 856 3204 saga,
917 3140 1023 3190 etc.
1075 3135 1199 3205 (lo.,
1258 3135 1417 3205 ibid.)
1463 3135 1722 3191 Ciliciam
1765 3137 2042 3208 poeniten-

336 3226 484 3281 tium
513 3229 615 3291 est,
648 3229 779 3290 etc.,
812 3239 985 3294 usque
1014 3223 1088 3277 ad
1115 3239 1360 3294 quorum
1384 3228 1578 3278 tamen
1605 3225 1775 3279 corda
1805 3231 2034 3296 quantae

336 3314 449 3368 sint
471 3311 836 3384 perfectionis
868 3311 1210 3378 declaratur,
1243 3327 1374 3366 cum
1421 3312 1630 3366 dicitur
1660 3330 1671 3365 :
1734 3313 2040 3381 Longitudo

337 3404 461 3472 sagi
477 3404 661 3466 unius,
691 3405 797 3453 etc.

407 3492 532 3560 (lo.,
561 3489 721 3554 ibid.)
751 3489 898 3558 Saga
918 3486 1163 3553 cilicina,
1193 3487 1276 3541 vel
1301 3486 1370 3542 de
1385 3487 1515 3558 pilis
1550 3503 1875 3560 caprarum,
1907 3495 2038 3557 etc.,

337 3594 505 3650 usque
535 3577 610 3632 ad
638 3591 741 3632 nec
769 3576 1138 3648 apostolicam
1151 3575 1396 3645 gratiam
1428 3577 1768 3648 percipiant.

406 3685 598 3756 (Ana,
631 3687 820 3754 quaest.
878 3684 978 3738 108
1033 3685 1093 3738 in
1160 3681 1351 3753 Exod.)
1414 3682 1688 3739 Undecim
1743 3687 1878 3738 sunt
1915 3684 2041 3739 vela

337 3773 812 3844 capillacea,etc.,
857 3786 1027 3841 usque
1066 3772 1140 3827 ad
1168 3776 1218 3826 et
1273 3787 1502 3842 quorum
1549 3776 1687 3828 tecta
1741 3776 1868 3827 sunt
1909 3788 2041 3843 pec-

336 3867 477 3918 cata.

405 3951 497 4006 Ad
525 3949 894 4021 operiendum,
917 3947 1132 4003 scilicet
1188 3965 1259 4004 ne
1315 3949 1591 4004 interiora
1643 3953 1841 4004 tenera
1887 3949 2039 4004 clara

335 4037 590 4110 qualibet
617 4036 952 4092 adversitate
998 4037 1319 4105 turbentur,
1380 4037 1638 4110 alioquin
1686 4054 1792 4093 nec
1843 4037 2042 4109 byssus

337 4129 537 4199 fulget,
568 4142 672 4180 nec
697 4141 896 4180 coccus
931 4129 1207 4193 coruscat,
1259 4141 1364 4181 nec
1402 4126 1742 4198 hyacinthus
1797 4126 2040 4180 caeruleo

336 4216 525 4270 colore
554 4215 854 4270 decoratur
886 4230 899 4269 :
926 4229 1042 4268 non
1080 4214 1291 4270 debent
1335 4231 1472 4286 ergo
1519 4215 1619 4287 qui
1662 4215 1725 4270 in
1781 4215 2043 4270 Ecclesiae

335 4304 466 4359 sinu
511 4303 818 4375 proﬁciunt
852 4302 1188 4372 przepositos
1246 4303 1557 4375 despicere,
1600 4303 1645 4357 si
1703 4319 1898 4358 vacare
1944 4320 2037 4358 eos

335 4393 504 4448 rebus
534 4391 910 4446 exterioribus
942 4390 1154 4445 vident.

408 4483 565 4536 Vens.
599 4482 650 4536 8.
693 4510 760 4521 —
809 4479 1114 4547 Longitudo
1169 4482 1292 4549 sagi
1324 4481 1486 4535 unius
1526 4479 1715 4550 (Bene,
1757 4480 1854 4535 lib.
1905 4497 1941 4535 ιι
1972 4481 2038 4536 de

339 4570 654 4633 Tabernac.,
689 4585 806 4638 cap.
849 4571 898 4635 3,
940 4573 1082 4621 tom.
1128 4569 1235 4637 Il.)
1279 4567 1600 4639 Longitudo
1656 4568 1828 4623 habet
1855 4569 2034 4624 dena-

335 4660 483 4714 rium
514 4673 842 4727 numerum,
875 4660 1004 4723 etc.,
1037 4670 1205 4726 usque
1234 4655 1308 4711 ad
1328 4656 1427 4728 qui
1470 4660 1666 4711 tamen
1723 4657 2036 4712 secundum

335 4749 602 4804 humanae
650 4746 1011 4819 perfectionis
1063 4746 1298 4801 modum
1354 4745 1505 4801 inter
1553 4745 1812 4800 homines
1858 4747 2036 4800 subli-

334 4843 584 4894 mantur.

405 4927 598 4996 1Equa
627 4929 730 4980 erit
753 4941 1023 4982 mensura.
1051 4924 1175 4995 (lo.,
1212 4923 1372 4996 ibid.)
1395 4923 1538 4989 Quia
1559 4939 1671 4977 uua
1701 4927 1786 4978 est
1815 4923 1957 4978 ﬁdes
1975 4922 2036 4977 in

335 5030 450 5086 qua
474 5017 594 5068 tota
638 5014 886 5068 salvatur
912 5013 1180 5081 Ecclesia,
1212 5015 1341 5076 etc.,
1373 5027 1542 5084 usque
1570 5012 1645 5067 ad
1689 5012 1788 5066 ubi
1850 5011 2034 5067 solida

334 5101 570 5175 parietis
593 5101 831 5156 ﬁrmitas
870 5102 1084 5157 aberat.

407 5189 723 5261 (lo.,ibid.)
756 5192 982 5245 Intuere
1040 5189 1212 5245 etiam
1269 5203 1596 5243 mensuram
1651 5186 2030 5255 cortinarum,

335 5283 477 5346 etc.,
505 5292 673 5349 usque
699 5277 772 5331 ad
802 5279 922 5332 haec
951 5277 1020 5332 de
1049 5277 1306 5332 cortinis.

405 5367 532 5438 (lo.,
589 5366 752 5439 ibid.)
803 5366 951 5438 Saga
998 5367 1245 5421 tricenos
1289 5367 1462 5422 habet
1504 5366 1724 5421 cubitos
1775 5364 2029 5436 longitu-

334 5455 502 5528 dinis,
532 5460 656 5522 etc.,
683 5470 852 5525 usque
878 5454 953 5509 ad
1000 5471 1066 5508 eo
1109 5455 1259 5525 quod
1291 5455 1403 5508 sint
1439 5455 1629 5520 duces,
1664 5453 2026 5524 sequentium

330 5545 552 5602 domini
580 5560 842 5616 gregum.

2151 3059 2469 3115 transibant
2536 3075 2672 3130 saga
2729 3058 2798 3112 ab
2853 3057 3084 3113 australi
3141 3058 3316 3114 latere
3366 3059 3592 3126 domus,
3675 3060 3863 3114 altero

2152 3167 2185 3204 a
2232 3146 2686 3220 septentrionali,
2750 3146 2997 3218 ideoque
3028 3146 3096 3200 ad
3149 3150 3359 3201 terram
3418 3148 3860 3220 perveniebant,

2152 3237 2288 3310 quia
2328 3236 2451 3291 haec
2500 3234 2728 3304 triginta
2803 3234 3020 3290 cubitos
3076 3233 3475 3307 longitudinis,
3543 3236 3656 3291 illae
3712 3235 3866 3292 duos

2149 3326 2343 3380 minus
2372 3323 2678 3380 habebant.

2223 3415 2384 3470 Vens.
2418 3415 2502 3468 14.
2567 3443 2635 3452 -—
2673 3412 2861 3466 Facies
2901 3415 2950 3466 et
3006 3413 3410 3482 operimentum.
3475 3412 3708 3486 (Suum)
3734 3414 3864 3470 Pri-

2152 3518 2313 3558 mum
2343 3507 2464 3556 erat
2489 3500 2909 3574 operimentum
2967 3499 3318 3555 cortinarum
3363 3517 3432 3556 ex
3491 3501 3677 3573 bysso,
3715 3518 3866 3574 pur-

2150 3607 2298 3664 pura
2339 3597 2396 3647 et
2428 3607 2623 3658 cocco;
2683 3590 3001 3645 secundum
3063 3606 3338 3662 sagorum
3396 3591 3862 3660 undecim;ter-

2150 3681 2296 3736 tium
2327 3697 2392 3735 ex
2417 3679 2716 3734 rubricatis
2755 3679 3001 3750 pellibus
3040 3678 3286 3735 arietum
3318 3696 3332 3748 ;
3364 3684 3716 3752 postremum
3737 3687 3869 3736 erat

2151 3768 2651 3840 hyacinthinarum
2681 3768 2939 3840 pellium.
2975 3768 3222 3824 Cortina:
3261 3773 3451 3825 autem
3490 3769 3571 3825 ita
3632 3771 3865 3841 operie-

2149 3859 2306 3926 bant,
2343 3862 2406 3912 ut
2435 3857 2506 3912 ad
2565 3857 2740 3911 latera
2793 3855 3221 3925 descenderent,
3276 3857 3346 3912 ad
3402 3863 3613 3913 terram
3664 3863 3867 3914 tamen

2151 3963 2266 4001 non
2298 3945 2688 4016 pertingerent
2722 3962 2735 4012 ;
2767 3961 2901 4017 saga
2927 3949 3119 4000 autem
3149 3949 3362 4001 tectum
3392 3951 3447 4001 et
3482 3947 3661 4002 latera
3716 3964 3865 4020 ope-

2151 4035 2394 4102 riebant,
2427 4039 2485 4089 et
2509 4034 2580 4088 ad
2605 4037 2818 4089 terram
2876 4033 3298 4104 pertingebant.
3354 4035 3536 4090 Pelles
3566 4051 3697 4090 vero
3761 4052 3866 4090 ru-

2153 4124 2381 4180 bricata:
2409 4122 2497 4177 vel
2528 4121 2821 4190 ianthinae,
2853 4126 3067 4178 tectum
3093 4127 3314 4179 tantum
3350 4123 3702 4196 opericbant,
3754 4142 3867 4181 nec

2152 4212 2218 4266 ad
2250 4212 2426 4266 altera
2458 4210 2837 4266 declinabant.

2221 4303 2298 4356 De
2313 4301 2566 4371 pellibus,
2595 4303 2702 4354 etc.
2736 4299 2913 4370 (Ben,
2948 4299 3110 4367 ibid.,
3160 4315 3284 4372 cap.
3339 4301 3417 4373 4.)
3454 4300 3656 4356 Arietis
3723 4309 3871 4358 sunt

2149 4390 2428 4458 doctores,
2460 4388 2648 4460 gregis
2683 4387 2966 4442 Dominici
3018 4389 3208 4444 duces.
3264 4390 3418 4445 Unde
3453 4407 3465 4444 :
3513 4391 3719 4461 Alferte
3743 4393 3866 4447 Do-

2148 4481 2310 4546 mino,
2360 4478 2476 4548 ﬁlii
2524 4478 2644 4543 Dei,
2688 4477 2902 4547 afferte,
2967 4482 3072 4533 etc.
3127 4477 3382 4549 Quasi,o
3455 4480 3667 4550 angeli,
3725 4479 3868 4536 huic

2148 4565 2331 4622 ofﬁcio
2369 4565 2700 4637 mancipati,
2732 4565 2928 4621 afferte
2963 4567 3205 4623 Domino
3237 4567 3299 4622 in
3327 4568 3498 4624 cmlos
3540 4567 3868 4626 imitatores

2147 4656 2558 4725 apostolorum.
2592 4653 2734 4709 Hinc
2767 4670 2999 4728 quoque
3054 4660 3213 4710 sexta
3266 4655 3488 4711 mansio
3546 4657 3753 4729 populi
3789 4658 3868 4714 de

2147 4743 2390 4823 Egypto
2420 4743 2631 4815 egressi
2661 4743 2837 4811 helin,
2877 4744 2937 4798 id
2983 4748 3068 4798 est
3125 4744 3352 4815 arietes,
3413 4745 3767 4813 nominatur,
3800 4747 3872 4804 in

2147 4849 2262 4905 qua
2281 4837 2446 4888 erant
2473 4831 2773 4888 duodecim
2801 4833 2982 4888 fontes
3015 4838 3070 4888 et
3117 4833 3478 4906 septuaginta
3532 4837 3766 4907 palmae,
3795 4841 3873 4893 nt

2147 4922 2358 4977 scilicet
2385 4921 2618 4978 nomine
2637 4926 2694 4977 et
2722 4922 2908 4992 specie
2928 4921 3176 4991 ﬁguram
3198 4925 3591 4995 apostolorum
3613 4929 3867 4980 teneret.

2216 5011 2543 5092 Rubricatis.
2580 5010 2708 5082 (lo.,
2746 5010 2921 5081 ibid.)
2952 5011 3336 5068 Rubricantur
3381 5014 3559 5085 pelles
3609 5013 3870 5069 arietum

2145 5100 2214 5155 ad
2247 5099 2625 5171 operiendam
2683 5103 2897 5155 tectum
2943 5099 3322 5166 tabernaculi,
3376 5106 3508 5170 etc.,
3572 5117 3743 5172 usque
3783 5105 3870 5158 ad

2145 5205 2217 5244 ne
2243 5189 2393 5244 inter
2423 5204 2712 5259 pressuras
2744 5186 3031 5257 deﬁciant,
3065 5187 3355 5245 muniunt.

2213 5281 2287 5333 De
2314 5279 2583 5333 ianthinis
2612 5277 2861 5350 pellibus.
2893 5276 3016 5349 (lo.,
3066 5276 3223 5347 ibid.)
3289 5278 3638 5350 Hyacinthus
3689 5278 3871 5334 cmic-

2141 5367 2239 5422 stis
2271 5370 2355 5422 est
2386 5367 2610 5434 coloris,
2638 5371 2767 5435 etc.,
2794 5382 2964 5438 usque
3020 5365 3095 5422 ad
3120 5366 3174 5422 id
3230 5373 3318 5422 est
3336 5368 3463 5423 coeli
3517 5368 3691 5424 vitam
3734 5370 3872 5424 imi-

2140 5458 2347 5510 tantes.

2212 5543 2372 5596 Vens.
2412 5545 2496 5596 15.
2522 5573 2590 5582 -
2633 5545 2705 5597 De
2729 5544 2897 5610 lignis
2925 5545 3100 5599 setim.
3149 5543 3269 5613 (lo.,
3297 5543 3470 5613 ibid.)
3511 5543 3607 5598 Hae
3639 5544 3860 5599 tabulae
