4064 6186
200 309 278 359 273

1291 306 1541 361 GLOSSA
1579 307 1979 364 ORDINARIA.
2015 336 2089 351 -ο
2128 311 2249 363 LIB.
2296 311 2505 365 EXOD.

3556 323 3659 373 2’7h

201 426 451 495 apostolus
512 429 569 477 et
623 439 991 492 successores,
1055 441 1158 496 per
1228 441 1474 497 quorum
1530 442 1851 483 sermonem
1890 433 1933 487 A
1964 429 2186 500 plebem
2219 431 2517 501 signiﬁcat,
2565 448 2694 504 quae
2725 434 2944 489 dudum
2997 438 3183 491 lucem
3217 438 3472 494 scientias
3520 442 3660 512 legis

201 512 403 567 Ecclesia
436 511 671 565 dilatata
705 516 811 579 est,
843 512 1185 581 signiﬁcant,
1235 518 1367 580 etc.,
1416 530 1584 583 usque
1630 515 1704 570 ad
1755 532 1858 571 nec

200 601 498 654 translatum
531 606 617 654 est
646 616 860 654 nomen
894 601 1213 667 Hebraeum,
1247 602 1382 672 quia
1410 601 1500 656 vix
1532 604 1681 674 apud
1715 604 1856 659 alios

197 688 453 744 invenitur
476 688 586 742 hoc
615 687 858 758 lignum.

247 779 387 832 Vsus.
428 780 513 831 16.
546 808 614 817 -
647 778 887 846 Singula:
911 775 1071 831 denos
1094 777 1300 833 cubitos
1330 778 1524 833 habent
1574 782 1633 833 in
1675 782 1852 849 longi-

193 865 343 920 tudine
376 867 433 919 in
454 865 751 921 latitudine
786 867 1023 921 cubitum
1051 880 1112 920 ac
1136 868 1426 921 semissem.
1466 868 1660 937 (BEDA,
1693 868 1852 941 ibid.)

194 954 474 1025 longitudo
497 955 826 1010 tabularum
857 955 1094 1010 altitudo
1124 960 1209 1009 est
1246 971 1372 1027 qua:
1405 955 1599 1010 decem
1631 958 1853 1013 cubitos

191 1044 419 1109 habebat,
447 1047 580 1113 etc.,
608 1059 781 1114 usque
809 1044 882 1098 ad
908 1062 924 1098 :
950 1048 1000 1099 et
1018 1044 1295 1100 ostendam
1312 1046 1400 1099 illi
1419 1047 1661 1100 salutare
1678 1062 1853 1101 meum

192 1134 307 1201 (Psal
356 1135 459 1202 xc).

245 1222 383 1276 Vens.
431 1224 513 1275 t7.
558 1251 626 1261 —
661 1223 721 1277 In
756 1221 1033 1276 lateribus.
1068 1222 1194 1292 (10.,
1227 1220 1384 1289 ibid.)
1416 1221 1760 1277 Incastratur
1788 1224 1849 1277 in

189 1308 423 1363 lateribus
452 1309 805 1375 tabularum,
835 1314 945 1364 etc.
962 1349 976 1376 ,
1003 1324 1172 1378 usque
1192 1309 1265 1364 ad
1294 1309 1424 1364 sinu
1446 1309 1656 1365 amoris
1677 1311 1849 1366 susci-

189 1397 362 1468 pimus,
397 1402 452 1452 et
476 1414 584 1453 nos
613 1399 683 1453 ab
716 1399 828 1454 illis
856 1399 1066 1470 suscipi
1092 1398 1396 1455 credimus.

242 1486 363 1539 Vens
418 1488 500 1541 18.
558 1516 630 1528 -
677 1488 917 1554 Quarum
970 1490 1173 1558 viginti
1217 1492 1374 1543 emnt
1416 1490 1475 1541 in
1520 1489 1685 1543 latere
1736 1504 1843 1542 me-

187 1574 385 1629 ridiano.
426 1576 550 1646 (11).,
592 1576 689 1631 ubi
738 1592 928 1647 supra,
980 1594 1103 1648 cap.
1147 1578 1220 1642 6.)
1256 1577 1479 1642 Quanta
1508 1575 1679 1631 fuerit
1720 1576 1841 1631 lon-

186 1662 349 1733 gitudo
376 1662 753 1731 tabernaculi,
804 1670 931 1733 etc.,
980 1681 1148 1735 usque
1196 1665 1271 1720 ad
1300 1680 1371 1719 ne
1402 1664 1530 1736 quis
1562 1664 1668 1720 sibi
1722 1664 1839 1719 vir-

184 1753 301 1803 tutes
328 1749 444 1803 sine
472 1767 648 1821 opere
680 1756 841 1822 putet
868 1752 1147 1807 sufficere.

239 1837 360 1891 Vens
404 1842 486 1893 l9.
540 1868 616 1879 —
658 1840 862 1906 Quibus
911 1840 1282 1909 quadraginta
1339 1839 1487 1894 bases
1537 1843 1837 1907 argenteas,

182 1928 263 1978 etc.
307 1926 433 1996 (ln.,
483 1927 647 1997 ibid.)
707 1929 893 1997 Bases,
943 1928 1151 1999 quibus
1182 1928 1389 1982 tabulae
1444 1926 1841 1982 sustentaban-

181 2016 271 2079 tur,
299 2014 457 2068 verba
480 2020 617 2069 sunt
643 2021 699 2071 et
725 2017 856 2070 libri
899 2016 1042 2087 legis
1088 2020 1144 2069 et
1171 2016 1602 2086 prophetarum,
1633 2016 1841 2087 quibus

181 2102 401 2170 Apostoli
431 2108 487 2155 et
528 2104 917 2175 evangelista,
954 2121 1081 2176 qua:
1139 2105 1384 2158 scribere
1431 2107 1487 2157 et
1528 2103 1839 2173 praedicare

180 2189 426 2255 volebant,
457 2207 595 2246 vera
619 2209 740 2247 esse
772 2197 827 2248 et
858 2193 1050 2247 divina
1079 2193 1414 2264 probabant.
1447 2192 1604 2246 Unde
1638 2208 1650 2245 :
1694 2194 1838 2247 Tunc

180 2278 495 2349 adimpletum
542 2285 624 2336 est
676 2282 825 2352 quod
880 2282 1082 2336 dictum
1132 2287 1209 2336 est
1262 2298 1359 2351 per
1406 2282 1720 2351 prophetas.
1772 2282 1838 2336 Et

178 2364 328 2420 alibi:
384 2368 512 2423 Hoc
573 2374 754 2423 autem
812 2373 979 2423 totum
1021 2371 1229 2437 factum
1285 2372 1399 2438 est,
1454 2372 1515 2421 ut
1564 2368 1835 2436 adimple-

178 2458 331 2507 rmtur
352 2458 643 2526 scripturae
676 2457 1064 2526 prophetarum
1096 2456 1314 2525 (Matth.
1349 2455 1478 2522 xm).
1513 2456 1577 2509 Et
1640 2456 1836 2508 Petrus

178 2542 266 2595 ait:
322 2544 589 2599 Habemus
649 2548 938 2614 ﬁrmiorem
993 2546 1364 2614 propheticum
1420 2557 1711 2599 sermonem
1761 2546 1837 2613 (Il

178 2630 295 2684 Petr.
326 2632 382 2703 1).

229 2720 383 2787 (850.,
419 2722 620 2790 Gneo.)
658 2723 764 2775 Per
789 2721 1110 2776 tabularum
1166 2721 1329 2776 bases
1363 2728 1663 2792 argenteas
1692 2720 1831 2774 ordo

177 2808 547 2877 prophetarum
599 2809 980 2879 signiﬁcatur:
1032 2808 1132 2880 qui
1190 2809 1326 2864 dum
1379 2809 1553 2880 primi
1612 2809 1681 2862 de
1736 2809 1834 2861 Do-

179 2896 290 2950 mini
334 2897 731 2952 incarnatione
782 2898 955 2952 locuti
985 2902 1139 2964 sunt,
1168 2897 1334 2969 quasi
1360 2898 1522 2951 bases
1560 2913 1593 2949 a
1622 2895 1829 2950 funda-

179 2990 332 3039 mento
364 2991 764 3055 surrexerunt,
800 2992 856 3041 et
886 2986 1259 3059 superposita:
1301 2985 1531 3041 fabrica:
1580 2988 1834 3055 pondera
1872 2997 1908 3049 (ς

176 3076 547 3143 sustinuerunt,
584 3081 635 3129 et
682 3076 920 3143 tabulas,
971 3075 1025 3130 id
1076 3080 1161 3130 est
1199 3074 1567 3146 apostolicam
1626 3072 1831 3144 praedi-

176 3162 413 3217 cationem
446 3162 508 3218 in
558 3165 780 3218 mundo
825 3164 1137 3230 dilatatam,
1171 3162 1333 3235 quasi
1375 3162 1528 3217 ﬁrmi
1557 3166 1614 3216 et
1640 3161 1833 3215 fusiles

176 3251 449 3306 sustinent:
484 3253 625 3325 quia
656 3254 1043 3324 apostolorum
1063 3252 1175 3306 vita
1205 3250 1611 3323 praedicatione
1633 3265 1831 3303 eorum

178 3337 480 3411 instruitur,
552 3347 613 3395 et
690 3342 1023 3396 auctoritate
1077 3341 1375 3395 solidatur.
1433 3340 1588 3394 Unde
1666 3339 1831 3393 bases

175 3425 292 3481 binae
330 3432 655 3500 eimjunctae
686 3431 923 3501 singulis
952 3430 1163 3485 tabulis
1193 3432 1634 3500 supponuntur:
1695 3426 1832 3498 quia

174 3514 279 3568 dum
310 3520 603 3588 prophetae
635 3518 692 3571 in
735 3518 922 3571 verbis
948 3518 1065 3571 suis
1097 3518 1164 3572 de
1200 3516 1411 3572 Christi
1441 3516 1829 3569 incarnatione

172 3606 496 3675 concordant,
563 3610 869 3676 sequentes
933 3605 1330 3676 praedicatores
1397 3604 1699 3669 aediﬁcant,
1770 3607 1832 3655 ut

171 3707 259 3759 quo
317 3711 344 3747 a
399 3695 725 3765 semetipsis
778 3710 890 3748 non
941 3695 1285 3764 discrepant,
1346 3693 1471 3747 illos
1544 3693 1829 3746 robustius

170 3780 330 3849 ligant.
396 3783 467 3836 Ex
521 3788 765 3852 argento
820 3782 983 3836 fundi
1035 3782 1327 3852 jubentur.
1379 3781 1615 3851 Argenti
1676 3781 1828 3835 enim

170 3869 351 3923 claritas
401 3888 465 3925 cx
517 3887 634 3925 usu
681 3876 957 3936 servatur,
1010 3870 1131 3925 sine
1186 3887 1294 3925 usu
1349 3871 1408 3924 in
1459 3870 1821 3939 nigredinem

170 3959 389 4027 vertitur;
442 3960 866 4029 prophetarum
916 3975 1048 4013 vero
1095 3958 1243 4013 dicta
1294 3964 1425 4013 ante
1477 3958 1680 4013 Christi
1729 3958 1826 4011 ad-

172 4050 360 4099 ventum
408 4047 470 4101 in
522 4063 634 4100 usu
681 4046 994 4117 spiritualis
1044 4046 1435 4118 intelligentiae
1480 4062 1595 4099 non
1645 4050 1822 4112 erant,

171 4132 277 4189 dum
332 4134 589 4207 conspici
646 4152 747 4206 per
813 4135 1184 4190 obcuritatcm
1242 4151 1356 4188 non
1428 4139 1713 4205 poterant,
1774 4139 1830 4186 et.

172 4221 265 4274 ideo
291 4225 443 4294 quasi
475 4225 648 4293 nigra
680 4225 1091 4295 permanebant
1123 4240 1135 4278 :
1184 4224 1280 4277 sed
1324 4228 1626 4295 postquam
1658 4223 1825 4277 Chri-

172 4314 263 4362 stus
308 4313 542 4367 veniens
592 4329 657 4367 ca
716 4318 845 4365 ante
902 4313 1095 4366 oculos
1154 4315 1373 4365 nostros
1426 4311 1833 4364 incarnationis

176 4414 314 4453 manu
348 4401 535 4466 tersit,
590 4400 867 4471 quidquid
921 4400 1060 4453 lucis
1116 4399 1174 4453 in
1206 4400 1286 4453 eis
1341 4398 1552 4453 latebat
1604 4398 1829 4467 claruit,

173 4502 441 4560 sensusque
501 4494 733 4559 patrum
790 4487 1236 4559 praecedentium
1292 4487 1350 4541 iu
1415 4503 1583 4541 usum
1640 4487 1826 4554 dedit,

174 4577 278 4643 quia
298 4580 463 4631 verba
490 4577 664 4631 rebus
689 4577 966 4647 eXposuit.

224 4664 414 4735 mena.)
481 4666 636 4720 Bene
693 4664 930 4734 singulis
986 4664 1192 4719 tabulis
1228 4663 1376 4718 binae
1411 4663 1573 4717 bases
1617 4679 1828 4734 suppo-

172 4759 370 4821 nuntur,
399 4759 465 4809 ut
494 4770 810 4808 consensus
840 4752 1186 4824 prepheticoe
1207 4752 1610 4817 attestationis,
1636 4752 1694 4805 in
1718 4767 1832 4807 om-

176 4840 303 4894 nibus
328 4859 452 4913 qure
491 4842 749 4913 Apostoli
777 4842 987 4908 dixere,
1023 4846 1383 4895 monstretur.
1418 4841 1516 4895 Vel
1543 4840 1694 4894 binm
1726 4856 1831 4911 per

171 4926 526 5000 duosangulos
541 4929 941 4999 subjiciuntur,
957 4933 1019 4982 ut
1039 4929 1185 4983 bene
1209 4927 1455 4982 sull‘ultis
1476 4928 1700 4998 angulis
1714 4933 1831 4981 tota

174 5023 288 5069 recte
315 5020 491 5087 possit
524 5016 832 5071 consistere
868 5018 1082 5084 tabula,
1129 5017 1266 5088 quia
1298 5016 1484 5070 omnis
1533 5014 1831 5087 apostolici

175 5109 213 5155 et
234 5107 530 5178 evangelici
581 5106 863 5159 sermonis
915 5105 971 5159 in
1009 5106 1359 5177 prOpheticis
1389 5104 1549 5158 libris
1602 5104 1829 5158 initium

177 5195 534 5265 praesignatur,
590 5198 646 5247 et
694 5193 829 5247 ﬁnis
863 5193 1048 5247 omnis
1080 5194 1475 5263 apostolorum
1508 5196 1564 5247 et
1609 5208 1829 5247 succes-

180 5295 330 5336 sorum
356 5283 473 5337 vita
526 5284 596 5336 ab
628 5283 793 5336 initio
830 5282 960 5336 ﬁdei
990 5298 1169 5353 usque
1202 5282 1267 5334 ad
1303 5282 1475 5335 linem
1514 5281 1644 5335 vitae
1676 5297 1826 5351 prie-

181 5371 317 5422 sentis
342 5371 595 5442 mysticis
636 5370 842 5423 veteris
872 5370 1196 5423 testamenti
1243 5370 1455 5423 inserta
1485 5374 1568 5422 est
1597 5369 1826 5422 tabulis.

231 5458 369 5513 Vens.
422 5462 514 5514 20.
556 5490 624 5498 —
658 5462 721 5513 In
772 5460 936 5513 latere
967 5474 1176 5529 quoque
1212 5458 1461 5512 secundo.
1516 5457 1678 5511 Latus
1710 5473 1828 5511 mc-

182 5542 445 5612 ridianum,
513 5546 668 5615 quod
726 5547 906 5617 vergit
953 5547 1023 5601 ad
1054 5551 1331 5613 austrum,
1387 5543 1679 5615 antiqnam
1733 5545 1833 5598 Dei

1882 1714 1922 1768 Β

1965 518 2267 589 accipiens,
2345 537 2535 576 amore
2596 522 2696 576 Dei
2762 524 3032 579 fervebat.
3101 527 3269 581 Latus
3343 530 3659 584 secundum

1966 608 2118 677 quod
2174 609 2355 680 vergit
2395 610 2464 664 ad
2505 611 2873 682 Aquilonem,
2924 618 3124 683 gentes
3171 614 3477 686 signiﬁcat,
3530 633 3658 688 quae

1963 712 2143 766 usque
2210 698 2279 751 ad
2311 702 2537 769 tempus
2586 700 3001 755 incarnationis
3037 702 3289 757 tenebris
3346 708 3401 759 et
3462 705 3652 776 rigore

1962 784 2315 839 inﬁdelitatis
2338 787 2663 858 torpebant,
2691 788 2759 843 de
2788 805 3037 859 quarum
3085 790 3382 846 vocatione
3408 792 3654 849 dicitur:

1963 872 2159 927 Dicam
2186 876 2455 943 Aquiloni
2496 879 2616 930 Da:
2661 881 2710 932 et
2768 877 2993 944 Austro,
3039 880 3166 934 Noli
3199 881 3493 949 prohibere
3523 880 3652 950 (Isa.

1959 962 2146 1030 mu).
2193 961 2386 1029 Quasi,
2444 963 2629 1018 dicam
2674 965 2887 1035 populo
2934 966 3194 1037 gentium
3228 968 3326 1022 diu
3364 969 3488 1023 sine
3544 970 3655 1025 ﬁde

1958 1048 2171 1119 algenti
2206 1067 2217 1103 :
2273 1052 2346 1105 De
2378 1051 2510 1105 ﬁliis
2544 1052 2653 1105 tuis
2690 1052 2916 1108 veniant
2948 1055 3019 1108 ad
3052 1055 3220 1109 ﬁdem
3252 1072 3396 1110 mea:
3428 1057 3654 1111 confes-

1957 1137 2131 1191 sionis
2175 1139 2480 1193 etamoris.
2523 1139 2670 1204 Quin
2727 1146 2784 1195 et
2812 1142 2965 1211 plebi
3006 1143 3333 1198 Israeliticae
3368 1161 3498 1216 qua:
3526 1148 3644 1218 jam

1956 1242 2098 1280 mea;
2130 1227 2473 1297 cognitionis
2497 1229 2711 1282 lumine
2734 1229 2943 1284 fruitur
2976 1249 2987 1285 :
3027 1232 3151 1287 Noli
3171 1233 3475 1303 prohibere
3506 1251 3647 1305 gen-

1956 1319 2037 1369 tes
2068 1314 2127 1368 in
2158 1320 2367 1369 sortem
2391 1316 2683 1370 electionis
2712 1318 2915 1388 recipi.

2034 1406 2244 1471 Viginti
2305 1404 2517 1460 tabulae.
2586 1405 2799 1476 (Bene).
2853 1406 3030 1461 Unius
3076 1412 3269 1464 autem
3298 1412 3542 1480 numeri,
3594 1418 3651 1469 et

1954 1505 2378 1558 mensurarum,
2410 1494 2467 1545 et
2512 1490 2767 1559 facturae,
2798 1492 2993 1548 tabula
3022 1498 3331 1565 utrumque
3374 1496 3520 1551 latus
3544 1498 3646 1552 ha-

1953 1577 2077 1632 buit
2108 1594 2120 1631 :
2156 1578 2289 1649 quia
2322 1594 2435 1631 una
2465 1584 2521 1632 et
2550 1580 2751 1634 eadem
2781 1580 2941 1649 ﬁdes,
2977 1597 3105 1652 spes
3137 1586 3193 1637 et
3222 1582 3487 1652 Charitas,
3510 1587 3647 1641 utri-

1953 1682 2063 1736 que
2097 1667 2308 1737 populo
2358 1683 2459 1738 per
2506 1668 2792 1738 apostolos
2830 1669 3190 1740 przedicatur,
3224 1675 3280 1725 et
3332 1673 3399 1726 ad
3435 1676 3646 1729 terram

1954 1761 2194 1827 uterque
2218 1758 2379 1827 regni
2402 1758 2644 1813 ccelestis
2666 1759 3006 1829 promissam
3028 1764 3278 1816 vocatur.
3305 1763 3381 1816 De
3400 1767 3645 1835 utroque

1951 1846 2219 1915 generale
2259 1851 2609 1916 praeceptum
2670 1848 2997 1918 accipiunt:
3051 1852 3252 1905 Euntes
3288 1852 3344 1904 in
3383 1854 3644 1907 mundum

1950 1936 2259 1988 universum
2330 1935 2626 2004 praedicata
2693 1937 3062 2005 Evangelium
3160 1938 3309 1993 omni
3384 1944 3643 1997 creatura

1952 2022 2149 2091 (Marc.
2193 2022 2361 2091 XLVI),
2415 2023 2473 2078 id
2506 2029 2589 2079 est
2645 2027 2928 2096 prazputio
2985 2031 3042 2080 et
3096 2025 3532 2084 circumcisioni.
3580 2032 3644 2084 Et

1949 2111 2159 2182 absque
2222 2112 2333 2165 ulla
2381 2112 2701 2167 ditferentia
2751 2114 3151 2170 subinfertur:
3203 2116 3313 2182 Qui
3342 2117 3636 2173 crediderit

1949 2204 1998 2252 ct
2024 2199 2333 2268 baptizatus
2352 2202 2521 2266 fuerit
2541 2204 2727 2257 salvus
2758 2206 2883 2257 erit.

2020 2290 2177 2343 Vens.
2231 2293 2318 2344 2t.
2372 2319 2439 2330 —-
2470 2289 2626 2345 Bina:
2656 2292 2823 2345 bases.
2874 2291 3023 2344 Basis
3066 2296 3150 2346 est
3199 2291 3640 2350 fundamentum

1947 2394 1977 2430 a
2029 2378 2220 2431 Graeco
2253 2375 2462 2449 βασεία,
2519 2378 2574 2432 id
2612 2383 2694 2433 est
2742 2378 2939 2433 fundo.
2976 2380 3081 2433 Per
3119 2380 3280 2433 bases
3340 2383 3637 2452 prophetae

1945 2465 2360 2534 signiﬁcantur,
2419 2482 2663 2536 quorum
2722 2465 3043 2519 auctoritati
3074 2467 3313 2537 apostoli
3344 2473 3400 2522 et
3441 2485 3639 2525 omnes

1946 2553 2201 2608 doctores
2256 2554 2601 2609 innituntur.
2660 2555 2811 2609 Bina:
2863 2559 3053 2609 autem
3087 2555 3357 2610 dicuntur
3402 2563 3640 2628 propter

1944 2644 2303 2699 concordiam
2375 2644 2805 2715 prophetarum,
2854 2642 2951 2714 qni
3008 2660 3206 2699 omnes
3271 2660 3451 2699 unum
3508 2662 3635 2702 scn-

1944 2738 2160 2787 serunt.

2016 2823 2173 2875 Vens.
2226 2825 2318 2875 22.
2383 2852 2452 2863 —
2508 2822 2597 2875 Ad
2653 2821 3048 2887 occidentalem,
3084 2825 3186 2875 etc.
3222 2821 3415 2892 (Bana,
3472 2824 3630 2894 ibid.)

1944 2909 2322 2963 Occidentalis
2376 2909 2563 2979 plaga,
2615 2912 2744 2975 etc.,
2794 2923 2962 2977 usque
2991 2907 3066 2962 ad
3111 2924 3294 2979 usque
3350 2910 3421 2964 ad
3457 2910 3631 2964 ﬁnem

1941 2997 2129 3051 saeculi
2162 3002 2293 3051 sunt
2323 2997 2380 3050 in
2406 2997 2646 3051 Ecclesia
2678 2996 3057 3067 permansuri.

2017 3086 2108 3140 Ad
2153 3085 2534 3140 occidentalem
2557 3101 2680 3139 vero
2704 3086 2947 3155 plagam,
2998 3087 3102 3140 etc.
3134 3086 3259 3153 (lo.,
3285 3085 3445 3157 ibid.)
3472 3088 3618 3141 Bene

1940 3175 2001 3228 in
2059 3174 2391 3229 occidentali
2448 3174 2617 3245 plaga
2691 3172 3121 3228 tabernaculum
3180 3180 3629 3241 consummatur,

1942 3268 2070 3328 etc.,
2106 3278 2273 3332 usque
2302 3263 2377 3317 ad
2419 3262 2513 3317 sed
2571 3261 2744 3317 etiam
2779 3278 2883 3333 pro
2945 3262 3109 3317 malis
3148 3279 3180 3316 a
3228 3262 3437 3334 quibus
3492 3264 3631 3319 libe-

1940 3352 2100 3406 ravit.

2010 3440 2133 3508 (ln.)
2183 3440 2329 3493 Bene
2359 3439 2525 3510 plaga
2565 3436 2948 3515 occidentalis,
2983 3454 3113 3509 quas
3165 3456 3321 3494 mare
3353 3439 3631 3511 respicere

1937 3527 2081 3581 dicta
2114 3532 2217 3594 est,
2262 3543 2353 3580 sex
2385 3526 2591 3581 tabulis
2623 3531 2845 3580 constat
2880 3543 2892 3580 :
2936 3528 3072 3597 quia
3125 3527 3182 3582 in
3241 3529 3464 3581 senario
3494 3528 3632 3582 boni

1937 3615 2124 3686 operis
2179 3614 2596 3669 consummatio
2642 3619 2920 3669 notatur:
2980 3615 3113 3685 quia
3161 3616 3220 3669 in
3273 3616 3374 3670 illo
3428 3616 3628 3670 mundi

1937 3708 2200 3758 ornatum
2253 3703 2521 3757 Dominus
2577 3703 3020 3770 consummavit;
3072 3704 3127 3757 in
3179 3704 3275 3758 illo
3330 3704 3629 3759 hominem

1937 3792 1993 3845 in
2048 3791 2327 3862 principio
2377 3790 2612 3856 creavit;
2651 3790 2706 3843 in
2764 3791 2858 3843 illo
2911 3807 3092 3861 genus
3150 3791 3471 3845 humanum
3527 3808 3630 3846 sua

1937 3880 2201 3951 passione
2247 3878 2599 3933 restauravit.
2652 3879 2744 3930 Vol
2777 3878 2909 3948 quia
2958 3884 3089 3933 sunt
3119 3896 3212 3933 sex
3262 3885 3457 3933 aetates
3516 3898 3625 3935 see-

1936 3967 2068 4033 culi,
2111 3966 2319 4037 quibus
2351 3970 2575 4035 oportet
2632 3982 2735 4017 nos
2789 3964 2956 4016 bonis
3000 3965 3270 4034 Operibus
3312 3966 3528 4036 perﬁci,
3566 3972 3631 4021 ut

1938 4055 2005 4107 al
2039 4060 2309 4107 internum
2351 4058 2406 4105 et
2436 4050 2865 4105 resurrectionis
2920 4050 3163 4117 gloriam
3205 4052 3626 4121 perveniamus.

2005 4144 2165 4196 Vens.
2224 4144 2309 4196 23.
2364 4172 2429 4179 —
2481 4141 2551 4195 Et
2605 4155 2824 4193 rursum
2883 4140 3023 4192 alias
3083 4138 3239 4193 duas.
3303 4139 3427 4211 (ln.)
3485 4140 3628 4204 Quia

1940 4245 2163 4282 rursum
2223 4227 2347 4280 alim
2393 4227 2519 4279 dum
2570 4225 2797 4291 tabulae,
2842 4226 3091 4296 exceptis
3132 4242 3228 4279 sex
3286 4226 3511 4296 primis,
3569 4227 3629 4280 in

1942 4317 2216 4387 angulum
2266 4315 2545 4386 jubentur
2588 4314 2732 4385 erigi
2790 4318 2916 4385 post
2968 4318 3191 4384 tergum
3250 4314 3626 4381 tabernaculi,

1939 4422 2066 4476 qua:
2097 4404 2419 4457 venientem
2437 4403 2503 4457 ab
2535 4402 2798 4457 orientali
2829 4403 2997 4475 plaga
3017 4403 3295 4472 parietem
3316 4403 3625 4472 excipiunt,

1939 4497 1995 4547 et
2024 4492 2385 4547 occidentalis
2412 4492 2592 4562 plagze
2623 4492 2827 4561 parieti
2857 4494 3308 4562 conjunguntur,
3340 4491 3407 4544 ad
3438 4508 3627 4545 remu-

1940 4580 2294 4635 nerationem
2353 4578 2560 4633 futura:
2613 4580 2739 4633 vitae
2779 4580 3045 4650 pertinet,
3078 4596 3206 4651 quae
3239 4583 3365 4650 post
3406 4579 3631 4633 labores

1940 4676 1993 4722 et
2026 4675 2285 4738 tempora
2316 4667 2484 4721 unius
2540 4667 2667 4720 vitae
2722 4684 2919 4722 secura
2950 4670 3032 4723 vel
3092 4673 3350 4722 securata
3406 4672 3512 4735 est,
3544 4667 3631 4721 di-

1937 4758 2055 4811 visa
2086 4756 2143 4809 in
2175 4754 2608 4822 sabbatismum,
2643 4755 2699 4809 id
2732 4760 2834 4815 est.
2857 4756 3116 4826 requiem
3147 4755 3471 4809 animarum
3504 4760 3633 4825 post

1938 4843 2357 4898 absolutionem
2411 4860 2736 4915 corporum,
2791 4847 2846 4896 et
2901 4843 3142 4913 gloriam
3202 4840 3630 4895 resurrectionis

1940 4930 2169 5001 utrique
2201 4932 2413 5002 populo
2471 4931 2793 4985 communis
2828 4931 2986 4984 nullo
3033 4930 3145 4983 ﬁne
3185 4928 3627 4984 terminandum.

2010 5020 2165 5072 Vnus.
2197 5020 2281 5073 2i.
2339 5048 2408 5061 —
2459 5022 2733 5086 Erantque
2783 5017 2889 5072 sibi
2939 5017 3252 5084 conjunctae.
3282 5016 3408 5083 (11).,
3470 5016 3630 5084 ibid.)

1938 5107 2082 5171 Quia
2112 5106 2298 5161 omnis
2351 5108 2662 5160 electorum
2702 5105 2817 5158 vita
2851 5120 2963 5158 una
2993 5104 3105 5158 ﬁde
3165 5108 3220 5157 cl.
3251 5103 3629 5159 charitatc.ad

1938 5193 2186 5247 ccclestia
2235 5193 2437 5252 tendit.
2493 5199 2548 5247 et
2571 5193 2631 5246 iu
2690 5207 2866 5245 unum
2926 5191 3098 5246 ﬁnem
3133 5190 3367 5246 visionis
3426 5193 3632 5247 divinae

1939 5282 2215 5353 pervenit,
2250 5287 2303 5335 et
2335 5282 2390 5334 in
2426 5297 2537 5333 una
2570 5297 2701 5334 voce
2733 5280 2871 5335 recti
2929 5281 3214 5351 dogmatis
3269 5281 3457 5335 omnis
3504 5299 3630 5334 san-

1940 5374 2159 5423 ctorum
2224 5367 2665 5438 praedicatorum
2732 5384 2919 5422 sermo
2978 5370 3261 5422 convenit.
3327 5370 3635 5423 ltecedcret

1940 5458 2094 5511 enim
2128 5457 2197 5511 ab
2235 5457 2478 5510 invicem
2510 5473 2788 5527 compago
2814 5456 3141 5511 tabularum
3199 5458 3245 5510 si
3274 5458 3424 5527 quod
3481 5473 3631 5511 unus

1939 5546 2217 5616 propheta
2249 5551 2346 5600 aut
2376 5547 2681 5617 Apostolus
2714 5546 2965 5614 dixisset,
3001 5547 3143 5600 alius
3187 5551 3443 5617 negaret.
