4052 6180
360 269 462 320 275

988 262 1381 320 WALAFRIDI
1420 262 1665 319 STRABI
1705 262 1908 318 FULI).
1955 262 2115 318 MON.
2157 261 2306 318 OPP.
2352 259 2526 316 PARS
2567 259 2605 312 l.
2647 289 2715 297 --
2754 257 3205 314 THEOLOGICA.

3767 262 3866 312 276

431 388 662 444 Duabus
693 401 898 458 quoque
927 385 1151 452 tabulis,
1183 389 1289 439 etc.
1325 383 1515 453 (Beas,
1546 381 1704 452 ibid.)
1739 381 2058 452 Angulares
2095 385 2133 438 A
2171 380 2270 436 Dei
2314 378 2594 436 beneﬁcia
2639 378 2989 450 signiﬁcant,
3057 382 3191 446 etc.,
3255 393 3427 448 usque
3478 380 3558 436 ad
3615 379 3870 435 testimo-

362 477 574 534 tabula)
601 475 810 531 tabulis
837 473 1123 546 parietum
1152 488 1255 544 per
1283 470 1476 526 omnia
1531 473 1666 525 sunt
1714 469 2059 540 conjunctae,

365 570 497 634 etc.,
554 579 728 636 usque
775 564 848 619 ad
890 563 1189 634 prophetae
1237 575 1486 616 consona
1536 574 1671 614 voce
1700 557 1894 614 futura
1939 573 2060 612 esse

364 654 774 727 praedixerunt.

436 744 562 814 (11).,
593 741 784 810 ibid.,)
837 739 936 795 Hic
967 755 1083 795 non
1112 737 1322 794 dicitur
1348 751 1619 792 mensura
1648 734 1893 802 basium,
1926 738 2061 804 etc.,

367 846 535 902 usque
576 832 652 886 ad
691 830 792 885 sed
821 828 1120 884 immobile
1151 842 1349 882 secura
1376 825 1568 896 quiete
1599 827 1948 879 servaretur.

437 921 625 975 Facies
673 923 722 974 et
751 922 923 973 vectes
973 917 1040 972 de
1093 917 1278 985 lignis,
1315 918 1420 969 etc.
1457 915 1583 984 (11).,
1640 912 1802 979 ibid.,
1836 927 1960 982 cap.
1985 911 2062 981 7.)

367 1008 635 1079 Quinque
693 1010 880 1060 vectes
938 1005 1038 1077 qui
1089 1004 1308 1058 tabulas
1351 1000 1706 1057 tabernaculi
1744 999 2061 1066 continent,

369 1093 500 1155 etc.,
531 1083 700 1156 usque
728 1085 803 1141 ad
831 1101 936 1139 nec
966 1084 1077 1140 alia
1106 1099 1280 1156 quam
1306 1081 1461 1154 [legis
1489 1082 1758 1136 mandata
1787 1081 2060 1136 subdidit.

440 1177 602 1230 Vens.
635 1177 724 1231 29.
757 1175 1020 1245 —Ipsas
1061 1185 1269 1242 quoque
1324 1171 1537 1226 tabulas
1588 1169 1882 1225 deaurabis
1937 1169 2062 1239 (11).,

370 1264 534 1333 ibid.)
565 1263 794 1318 Tabula)
827 1263 1113 1317 deaurata;
1153 1259 1506 1315 tabernaculi
1535 1258 1896 1330 praefulgent,
1929 1264 2063 1328 etc.,

371 1368 540 1424 usque
568 1352 642 1408 ad
672 1351 770 1407 sed
824 1351 996 1405 etiam
1029 1363 1294 1420 supernae
1333 1347 1724 1402 retributionis
1773 1347 1958 1403 lucem
1988 1347 2066 1402 le-

373 1445 532 1512 gunt

443 1529 582 1596 Quos
651 1530 852 1598 operias
919 1527 1157 1583 laminis.
1217 1524 1342 1596 (11).,
1415 1524 1575 1596 ibid.)
1648 1523 1897 1580 Laminis
1969 1539 2066 1580 au-

375 1617 487 1672 reis
542 1620 725 1672 vectes
781 1615 1137 1686 operiuntur,
1195 1617 1338 1684 etc.,
1383 1628 1553 1685 usque
1593 1614 1668 1668 ad
1719 1630 1849 1668 cum
1897 1612 2064 1686 spiri-

379 1705 546 1762 tualis
575 1703 965 1774 intelligentia
995 1702 1280 1775 mysteriis
1309 1702 1481 1774 plena
1509 1701 1848 1758 ostenditur.

447 1795 612 1849 Vens.
650 1796 732 1849 30.
766 1822 836 1834 —
865 1793 1061 1862 Eriges
1084 1792 1508 1847 tabernaculum.
1535 1792 1664 1862 (11).,
1693 1791 1850 1857 ibid.)
1883 1792 2076 1846 Exem-

378 1882 542 1954 plum
569 1881 946 1948 tabernaculi,
994 1884 1124 1950 etc.,
1158 1895 1332 1952 usque
1386 1880 1461 1936 ad
1507 1896 1650 1952 opus
1699 1878 2076 1951 animumque

379 1975 752 2042 componunt.

453 2059 617 2114 Vens.
662 2061 721 2114 31
785 2087 852 2098 -
904 2059 1087 2114 Facies
1125 2063 1174 2113 et
1200 2057 1392 2112 velum.
1453 2056 1574 2128 (11).,
1625 2056 1787 2125 ibid.,
1819 2072 1944 2128 cap.
1996 2055 2071 2128 8).

384 2146 566 2202 Etiam
602 2147 767 2219 juxta
820 2145 1073 2201 litteram
1102 2144 1518 2218 pulchritudini
1547 2145 1790 2200 caelestis
1844 2145 2078 2200 visionis

383 2235 491 2290 hoc
546 2235 827 2307 congruit.
887 2234 946 2289 Si
975 2233 1128 2288 enim
1185 2233 1448 2288 decorem
1479 2233 1856 2306 flammasque
1901 2237 2079 2288 astro-

384 2339 537 2391 rum,
593 2322 966 2378 multifariam
1022 2321 1266 2378 nubium
1333 2321 1584 2393 speciem
1633 2325 1688 2376 et
1708 2321 1893 2394 ipsam
1949 2321 2077 2377 irim

385 2411 734 2480 consideras,
775 2411 930 2466 mille
999 2411 1322 2466 trahentem
1371 2414 1428 2464 et
1475 2409 1659 2466 varios
1716 2427 1911 2465 averso
1961 2411 2080 2466 sole

385 2501 618 2565 colores,
651 2501 832 2555 multo
885 2501 1078 2571 plures
1121 2504 1176 2554 et
1203 2498 1560 2570 pulchriores
1605 2515 1776 2572 quam
1842 2499 1901 2554 in
1958 2500 2078 2555 velo

381 2589 736 2644 tabernaculi
763 2589 824 2643 in
852 2589 992 2644 coelo
1023 2588 1274 2659 picturas
1300 2587 1544 2642 notabis.

449 2680 632 2734 Facies
676 2682 727 2733 et
761 2678 956 2743 velum,
989 2681 1098 2741 etc,
1151 2675 1286 2746 (11).,
1340 2675 1501 2746 ibid.)
1539 2675 1740 2730 Velum
1799 2677 1925 2742 hoc,
1983 2690 2078 2732 us-

391 2782 494 2838 que
525 2767 600 2822 ad
624 2771 688 2821 ut
713 2769 988 2838 appareat
1014 2764 1195 2820 vultui
1227 2763 1326 2818 Dei
1355 2780 1461 2835 pro
1492 2764 1673 2818 nobis.

456 2857 642 2912 Facies
672 2859 723 2910 et
777 2856 952 2910 velum
1001 2854 1066 2907 de
1118 2854 1412 2924 hyacintho
1440 2856 1490 2907 et
1527 2867 1789 2922 purpura
1832 2867 2084 2922 coccoque

2168 467 2339 523 nium
2370 467 2675 539 perhibens
2699 467 2771 522 ei.

2238 558 2398 612 Vens.
2462 558 2549 611 36.
2608 583 2680 596 —
2723 556 2908 610 Facies
2938 557 2988 608 et
3019 555 3334 622 tentorium,
3389 558 3493 609 etc.
3545 554 3670 626 (11).,
3716 555 3868 618 ibid,

2169 661 2292 716 cap.
2321 646 2394 716 9).
2430 643 2692 716 Exposita
2740 643 3073 698 narratione
3103 643 3172 697 de
3214 644 3362 709 velo,
3425 647 3557 710 etc.,
3591 658 3764 713 usque
3801 645 3870 700 ad

2169 733 2306 805 quia
2335 732 2688 788 continentia
2707 732 2896 786 carnis
2925 735 2982 786 et
3010 729 3188 785 animi
3220 732 3524 802 gaudebat.

2241 818 2374 891 (11).)
2425 821 2557 875 Erat
2599 819 2670 875 ad
2707 819 2956 875 litteram
3000 819 3436 875 tabernaculum
3493 820 3697 875 domus
3749 821 3859 876 Deo

2169 912 2514 976 consecrata,
2595 913 2702 964 etc.
2715 950 2729 977 ,

2175 996 2354 1068 ginta.

2244 1087 2407 1142 Vens.
2449 1088 2538 1142 37.
2577 1114 2646 1127 -
2687 1089 2758 1142 Et
2787 1089 3028 1156 quinque
3049 1087 3341 1142 columnas.
3387 1087 3512 1154 (11).,
3549 1085 3708 1155 ibid.)
3767 1087 3866 1141 Co-

2172 1176 2386 1230 lumnae
2443 1175 2650 1246 quibus
2697 1175 3012 1230 tentorium
3073 1175 3460 1247 suspenditur,
3509 1179 3638 1243 etc.,
3697 1190 3860 1246 usque

2169 1264 2244 1320 ad
2271 1263 2528 1318 nondum
2559 1263 2834 1335 patefacta
2869 1263 3196 1334 evangelica
3223 1264 3532 1334 Scriptura.

2244 1355 2537 1420 Lignorum
2557 1355 2730 1408 setim.
2766 1353 2892 1422 (11).,
2916 1352 3078 1423 ibid.)
3105 1352 3401 1408 Columnae
3421 1353 3490 1408 de
3520 1351 3714 1424 lignis,
3738 1355 3865 1419 etc.,

2174 1456 2343 1510 usque
2367 1441 2443 1496 ad
2479 1457 2492 1496 :
2525 1441 2619 1496 sed
2646 1442 2842 1497 Jesum
2869 1440 3162 1498 Christum.

2247 1533 2492 1599 Quarum
2516 1535 2673 1587 erunt
2717 1532 2909 1603 capita
2954 1546 3143 1598 aurea,
3175 1533 3307 1598 etc.,
3341 1529 3466 1600 (11).,
3504 1530 3664 1596 ibid.)
3693 1531 3878 1585 Aurea

2181 1621 2367 1692 capita
2413 1619 2704 1676 Christum
2759 1618 3108 1688 signiﬁcant,
3167 1623 3294 1684 etc.,
3329 1633 3496 1690 usque
3550 1619 3627 1674 ad
3675 1619 3877 1674 electo-

2183 1725 2313 1766 rum
2344 1708 2642 1765 animabus
2671 1708 3040 1780 corruptione
3067 1707 3394 1763 carentibus
3426 1708 3764 1764 aediﬁcatur.

2789 1840 3015 1895 CAPUT
3043 1840 3247 1896 XXVII.

2259 1976 2399 2029 Veas
2447 1977 2495 2029 1.
2539 2003 2607 2014 -
2658 1973 2843 2029 Facies
2897 1975 2950 2028 et
2998 1973 3180 2028 altare
3224 1971 3291 2026 de
3336 1971 3523 2038 lignis.
3577 1972 3756 2043 (Ben,
3815 1975 3879 2028 de

2191 2064 2505 2128 Tabemac.,
2559 2060 2666 2116 lib.
2703 2077 2763 2128 11,
2795 2076 2920 2131 cap.
2983 2063 3068 2128 11,
3121 2065 3263 2116 tom.
3309 2061 3355 2115 ll
3405 2062 3446 2130 .)
3471 2059 3696 2116 Scilicet
3745 2062 3886 2133 quia

2191 2151 2402 2206 munda
2460 2155 2517 2206 et
2563 2149 2899 2220 incorrupta
2950 2148 3116 2204 decet
3171 2164 3292 2204 esse
3352 2149 3524 2204 corda
3552 2149 3614 2204 in
3671 2150 3884 2221 quibus

2189 2239 2434 2311 Spiritus
2466 2243 2692 2293 sanctus
2721 2237 2960 2292 habitat.

2260 2331 2331 2383 Et
2360 2332 2465 2383 tres
2496 2328 2722 2384 cubitos.
2777 2326 2902 2396 (11).,
2950 2324 3116 2397 ibid.)
3165 2325 3347 2380 Tanta
3373 2323 3494 2381 fere
3535 2329 3622 2380 est
3667 2328 3888 2380 statura

2190 2415 2459 2485 hominis,
2493 2419 2621 2484 etc.,
2644 2431 2813 2486 usque
2832 2415 2907 2470 ad
2937 2415 3006 2470 ad
3036 2414 3212 2470 altare
3239 2429 3357 2468 non
3385 2413 3653 2486 pertinet.

2263 2507 2426 2560 Vens.
2482 2507 2537 2560 2.
2590 2533 2660 2546 -
2690 2505 2905 2562 Cornua
2951 2510 3148 2570 autem,
3184 2507 3291 2559 etc.
3328 2502 3452 2574 (11).,
3509 2502 3678 2574 Ibid.)
3737 2504 3893 2568 Qua-

2192 2600 2324 2648 tuor
2382 2593 2622 2663 angulos
2674 2591 2850 2647 habet
2901 2592 3080 2647 altare
3137 2590 3478 2658 holocausti,
3535 2595 3663 2654 etc.,
3718 2606 3896 2662 usque

2192 2682 2267 2738 ad
2295 2680 2659 2748 inviolabilis,
2691 2679 2808 2735 imo
2833 2679 3054 2749 fortior,
3086 2679 3356 2752 persistit.

2264 2768 2433 2825 Vens.
2507 2770 2561 2823 3.
2626 2796 2698 2807 —
2779 2769 3067 2836 Faciesque
3142 2768 3201 2820 in
3280 2780 3412 2820 usus
3493 2765 3706 2821 lebetes.
3785 2767 3892 2832 11).,

2807 923 2976 980 usque
3057 909 3132 963 ad
3209 907 3525 964 latitudinis
3576 907 3856 980 quinqua-

2193 2856 2354 2928 ibid.)
2393 2857 2538 2912 Vasa
2579 2855 2775 2910 altaris
2832 2855 3076 2925 diversa,
3123 2858 3253 2923 etc.,
3295 2869 3464 2923 usque
3514 2854 3590 2908 ad
3642 2853 3900 2909 charitas

381 2946 465 3000 bis
505 2947 696 3000 tincto.
732 2944 858 3013 (11).,
881 2942 1039 3012 ibid.)
1064 2942 1347 2997 Hactenus
1374 2940 1443 2996 de
1488 2941 1708 3012 pariete
1740 2941 2084 3012 meridiano,
2113 2951 2154 3008 c
2197 2961 2495 3017 nunquam
2519 2944 2938 3015 exstinguenda
2967 2943 3253 3014 ﬂagrabit.

390 3037 535 3100 etc.,
575 3047 745 3101 usque
769 3032 844 3086 ad
874 3046 1069 3086 averso
1101 3030 1217 3085 sole
1247 3030 1487 3085 colores.

458 3122 623 3176 Vens.
683 3123 772 3176 32.
828 3150 896 3160 -—
952 3119 1108 3186 Quod
1165 3119 1438 3190 appendes
1494 3121 1620 3172 ante
1673 3122 1925 3186 quatuor,
1967 3123 2071 3172 etc.

377 3211 506 3281 (11).,
552 3207 712 3281 ibid.)
742 3209 998 3275 Quatuor
1018 3213 1212 3263 autem
1255 3207 1541 3263 columnae
1597 3211 1730 3276 etc.,
1781 3221 1948 3277 usque
2003 3208 2078 3263 ad

385 3297 495 3354 hoc
518 3297 600 3353 ibi
627 3313 744 3352 non
782 3297 889 3352 erit
915 3297 1014 3352 ubi
1045 3296 1187 3351 nihil
1226 3295 1461 3352 omnino
1496 3295 1652 3350 mali.

459 3387 586 3454 Quae
615 3389 750 3456 ipsa:
803 3385 1020 3456 quidem
1061 3385 1354 3441 deaurata.
1389 3385 1514 3454 (11).,
1571 3383 1736 3455 ibid.)
1785 3385 2079 3439 Deaurataa

390 3481 524 3532 sunt
550 3477 835 3531 columnae
893 3480 1026 3530 ante
1073 3490 1215 3545 quas
1274 3473 1622 3545 appenditur
1671 3473 1882 3539 velum,
1944 3472 2082 3545 quia

385 3565 587 3636 positae
617 3565 772 3619 intra
799 3564 988 3620 velum
1021 3562 1147 3618 coeli
1201 3562 1438 3618 virtutes
1469 3562 1808 3632 angelorum
1837 3577 2081 3618 summae

380 3653 652 3708 claritatis
701 3652 903 3724 gratias
947 3653 1165 3707 vestitae
1212 3655 1364 3706 sunt.
1391 3650 1588 3722 Capita
1616 3650 1830 3705 habent
1884 3667 2076 3726 aurea,

386 3742 523 3814 quia
551 3747 826 3810 mentem,
856 3757 970 3814 qua
986 3745 1288 3813 reguntur,
1317 3739 1625 3811 praesentia
1640 3738 1848 3794 divina)
1888 3740 2081 3811 cogni-

385 3829 557 3886 tionis
587 3835 645 3886 et
672 3830 905 3885 visionis
933 3830 1144 3885 habent
1175 3829 1536 3884 illustratam.

461 3919 589 3990 (11).,
631 3919 790 3991 ibid.)
825 3918 1048 3974 Habent
1085 3919 1368 3973 columnae
1401 3917 1562 3972 bases
1592 3921 1912 3988 argenteas,
1945 3922 2076 3987 etc.,

386 4024 557 4079 usque
583 4009 658 4064 ad
682 4013 918 4080 argento
976 4009 1283 4064 verborum
1314 4007 1466 4062 nitor
1497 4005 1836 4060 ostenditur.

460 4097 672 4168 (Gnec.,
702 4099 905 4154 Moral.
958 4098 1056 4152 lib.
1089 4113 1275 4162 xxvm,
1326 4112 1446 4167 cap.
1480 4094 1554 4167 6).
1587 4095 1842 4160 Quatuor
1869 4094 2079 4149 colum-

388 4202 596 4242 narum
638 4185 801 4240 bases
844 4185 1015 4255 jubet
1061 4193 1184 4239 ease
1236 4188 1553 4255 argenteas,
1604 4187 1736 4249 etc.,
1792 4199 1960 4254 usque
2006 4183 2082 4238 ad

389 4272 868 4342 evangelistarum
899 4272 1050 4327 dicta
1080 4288 1178 4326 ore
1209 4277 1266 4326 et
1297 4288 1472 4341 opere
1501 4275 1754 4343 portant.

459 4362 624 4416 Vens.
675 4363 764 4416 33.
833 4389 901 4401 -
951 4363 1223 4416 lnseretur
1276 4365 1454 4415 autem
1493 4361 1685 4424 velum,
1736 4363 1842 4414 etc.
1899 4361 2074 4430 (Ben.,

384 4451 480 4505 ubi
506 4449 727 4520 supra.)
759 4448 903 4514 Quia
931 4449 992 4502 in
1022 4451 1236 4502 aeterno
1283 4447 1518 4503 consilio
1568 4447 1894 4504 Divinitatis
1933 4453 2075 4516 erat,

381 4543 509 4605 etc.,
536 4553 708 4608 usque
734 4537 810 4592 ad
841 4552 855 4592 :
884 4539 944 4591 in
964 4536 1052 4591 die
1068 4536 1291 4606 judicii.
1828 4552 1834 4558 ’

453 4629 614 4686 Intra
674 4625 818 4697 quod
872 4640 1044 4699 pones
1110 4641 1297 4680 arcam
1366 4625 1679 4694 testimonii,
1750 4629 1855 4681 etc.
1923 4627 2078 4681 Intra

381 4717 489 4773 hoc
545 4717 737 4773 velum
779 4715 965 4789 posita
1010 4719 1095 4770 est
1149 4729 1281 4770 arca
1323 4713 1666 4780 testamenti,
1728 4714 1865 4784 quia
1909 4713 2076 4771 Chri-

383 4811 504 4861 stus
551 4808 926 4877 paternorum
971 4817 1315 4858 arcanorum
1371 4800 1652 4869 conscius,
1700 4807 1827 4873 post
1853 4801 2075 4873 passio-

378 4909 515 4949 nem
565 4899 624 4950 et
680 4891 1159 4950 resurrectionem
1214 4891 1386 4947 cmlos
1415 4891 1689 4947 caelorum
1740 4891 2073 4946 ascendens:

381 4983 543 5037 sedet
571 4982 641 5037 ad
671 4983 967 5038 dexteram
1000 4980 1210 5036 Patris.

449 5069 801 5127 Dividentur.
854 5069 999 5136 Quia
1030 5067 1294 5138 Ecclesia,
1337 5083 1468 5140 quae
1494 5083 1561 5123 ex
1607 5067 1826 5137 angelis
1857 5069 1915 5122 et
1963 5067 2072 5122 ho-

381 5159 637 5218 minibus
692 5164 932 5227 constat,
988 5158 1202 5231 partim
1255 5158 1656 5231 peregrinatur
1702 5157 1765 5212 in
1835 5156 2068 5225 inﬁmis,

376 5249 590 5321 partim
640 5251 843 5318 regnat
889 5247 952 5304 in
997 5247 1286 5319 supernis,
1339 5246 1523 5302 adhuc
1569 5245 1718 5302 cives
1750 5261 1900 5313 suos,
1937 5244 2072 5300 diri-

375 5341 570 5394 mente
601 5337 728 5392 velo
759 5337 886 5392 coeli
916 5336 1088 5392 habet
1124 5337 1196 5392 ab
1227 5336 1471 5392 invicem
1504 5338 1852 5406 segregatos.

474 5429 638 5482 Vens.
700 5429 785 5482 35.
828 5455 898 5468 --
952 5427 1296 5494 Mensamque
1343 5431 1502 5480 extra
1553 5426 1748 5490 velum,
1825 5425 1930 5478 etc.
1965 5422 2064 5492 (11).

372 5515 536 5587 ibid.)
568 5517 757 5572 Mensa
781 5519 839 5570 et
886 5513 1290 5570 candelabrum
1319 5513 1668 5569 tabernaculi
1728 5511 2065 5582 temporalia

2256 3037 2504 3105 Forcipes
2557 3037 2738 3103 atque.
2789 3033 2917 3103 (11).,
2995 3031 3157 3102 ibid.)
3191 3030 3452 3101 Forcipes
3497 3033 3631 3085 sunt
3686 3030 3904 3102 ιπωῶ-

2185 3129 2424 3190 catores,
2448 3127 2578 3188 etc.,
2602 3136 2771 3190 usque
2797 3121 2872 3176 ad
2890 3125 2948 3175 et
2975 3122 3164 3176 lucere
3192 3118 3557 3191 praecipiunt.

2256 3216 2442 3282 Atque
2493 3210 2822 3279 Mcinulas,
2869 3213 2920 3264 et
2944 3211 3176 3278 ignium,
3227 3212 3334 3263 etc.
3370 3209 3501 3278 (11).,
3533 3208 3703 3280 ibid.)
3758 3210 3885 3264 Fu-

2185 3299 2442 3370 scinulm,
2472 3315 2601 3370 quae
2630 3300 2819 3354 Graece
2857 3302 3131 3353 vocantur
3159 3299 3422 3372 κρεάγραι,
3456 3301 3589 3367 etc.,
3616 3311 3792 3366 usque
3819 3298 3899 3352 ad

2186 3394 2395 3444 nostrae
2422 3403 2557 3444 vero
2587 3386 2915 3458 capacitatis
2954 3401 3285 3440 mensuram
3312 3386 3735 3441 transcendant.

2257 3479 2473 3545 Ignium
2513 3477 2868 3546 receptacula.
2916 3475 3001 3531 Ad
3030 3475 3140 3530 hoc
3178 3474 3450 3546 deputata
3505 3478 3658 3540 sunt,
3690 3477 3753 3528 ut
3787 3489 3903 3545 per

2188 3565 2309 3622 haec
2345 3565 2497 3637 ignis
2526 3569 2754 3620 sanctus
2781 3564 2854 3620 ab
2884 3563 3051 3618 altari
3098 3563 3418 3618 holocausti
3443 3562 3514 3616 ad
3545 3563 3726 3617 altare
3768 3563 3903 3633 thy-

2189 3654 2475 3710 miamatis
2501 3669 2733 3724 vespere
2760 3656 2819 3708 et
2865 3668 3056 3716 mane,
3090 3652 3163 3706 ad
3202 3651 3500 3707 incensum
3531 3651 3905 3723 ponendum,

2188 3742 2537 3810 deferretur;
2575 3740 2710 3814 quia
2739 3741 3000 3796 doctores
3030 3745 3309 3812 tanquam
3363 3740 3560 3812 ignem
3603 3739 3674 3794 de
3717 3739 3905 3794 altari

2187 3831 2656 3888 holocaustorum
2688 3829 2759 3885 ad
2787 3830 2962 3884 altare
2992 3829 3382 3900 thymiamatis
3421 3827 3704 3895 deferunt,
3750 3842 3901 3882 cum

2187 3919 2478 3976 auditores
2508 3919 2577 3974 de
2620 3917 2831 3973 virtute
2880 3917 2942 3972 in
2992 3917 3263 3972 virtutem
3294 3916 3622 3988 provehunt
3667 3915 3900 3970 docen-

2189 4009 2285 4078 do,
2341 4014 2400 4065 et
2449 4006 2670 4062 meritis
2708 4005 3111 4074 crescentibus,
3174 4006 3245 4060 ad
3315 4004 3520 4060 altiora
3567 4007 3625 4058 et
3671 4002 3901 4058 divinae

2187 4095 2421 4152 visionis
2477 4111 2684 4151 arcana
2727 4093 3021 4149 interiora.
3065 4092 3165 4165 qui
3221 4092 3396 4148 etiam
3441 4090 3721 4148 ferventia
3759 4091 3904 4163 pie-

2189 4190 2306 4241 tate
2399 4185 2568 4240 corda
2649 4182 3048 4255 proximorum
3115 4181 3436 4252 imitantur,
3518 4182 3903 4252 receptacula

2187 4274 2413 4346 ignium
2476 4273 2643 4335 ﬁunt,
2713 4272 2852 4343 quia
2909 4271 3205 4327 ﬂammam
3275 4269 3520 4326 cmlestis
3589 4269 3902 4336 sacriﬁcii,

2187 4379 2361 4435 quam
2416 4362 2475 4418 in
2529 4360 2798 4416 fraternis
2853 4360 3139 4416 mentibus
3193 4358 3574 4431 conspiciunt,
3633 4356 3697 4412 in
3758 4358 3902 4414 suis

2186 4451 2498 4506 accendere
2523 4453 2812 4521 satagunt.

2257 4541 2420 4594 Vens.
2448 4540 2502 4594 4.
2534 4567 2605 4580 -
2636 4537 3084 4606 Craticulumque
3130 4539 3190 4592 in
3245 4535 3484 4605 modum,
3540 4539 3654 4591 etc.
3693 4535 3904 4606 (8511).,

2184 4626 2281 4681 ubi
2332 4641 2523 4696 supra,
2579 4639 2703 4696 cap.
2758 4627 2869 4697 18.)
2916 4625 3104 4681 Altare
3161 4627 3346 4680 totum
3391 4639 3700 4679 concavum
3759 4623 3908 4678 ﬁeri

2184 4719 2538 4786 praeceptum
2594 4718 2700 4781 est,
2731 4717 2860 4783 etc.,
2910 4713 3183 4783 usquead
3236 4731 3270 4769 a
3297 4713 3627 4770 Judmorum
3675 4712 3904 4768 docto-

2186 4803 2344 4859 ribus
2379 4801 2645 4858 didicisse
2672 4805 2962 4873 putamus.
3059 4872 3061 4876 ι

2254 4893 2427 4946 Vens.
2460 4894 2512 4945 5.
2553 4919 2624 4932 —
2667 4889 2861 4948 Subter
2908 4891 3147 4955 arulam,
3181 4893 3288 4946 etc.
3323 4889 3453 4960 (11).,
3486 4887 3654 4959 ibid.)
3699 4889 3918 4947 Habet

2183 4981 2360 5036 altare
2412 4978 2657 5048 arulam,
2715 4982 2846 5048 etc.,
2893 4993 3064 5048 usque
3115 4977 3192 5033 ad
3222 4981 3280 5033 et
3335 4979 3408 5033 ad
3456 4978 3634 5033 ﬁnem
3692 4977 3915 5049 perfe-

2180 5068 2386 5126 ctionis
2411 5069 2816 5140 perducantur.

2251 5157 2378 5230 (11).)
2429 5157 2488 5213 Si
2543 5173 2718 5229 quem
2775 5159 2966 5212 movet
3000 5155 3166 5227 juxta
3212 5155 3489 5225 litteram,
3547 5157 3676 5219 etc.,
3711 5168 3921 5225 usque

2179 5246 2254 5301 ad
2282 5249 2440 5301 tanto
2469 5244 2737 5301 mundius
2765 5243 3113 5300 inveniatur.

2274 5335 2438 5388 Vens.
2470 5336 2526 5390 6.
2569 5363 2644 5375 —
2669 5335 2851 5389 Facies
2904 5338 2958 5389 et
2984 5337 3178 5389 vectes.
3214 5333 3487 5387 Doctores
3516 5329 3732 5385 scilicet
3793 5334 3918 5403 qui

2174 5423 2429 5479 Iudaeam
2459 5426 2518 5479 et
2571 5422 2961 5478 Gentilitatem
3016 5438 3194 5477 unam
3242 5421 3375 5477 ﬁdei
3433 5420 3680 5492 gratiam
3741 5436 3920 5478 con-

2176 5527 2316 5567 sono
2345 5527 2441 5566 ore
2481 5515 2536 5566 et
2565 5526 2738 5581 opere
2766 5514 2992 5566 vocent.
3054 5511 3152 5566 Vel
3181 5525 3248 5566 ex
3305 5513 3546 5581 utroque
3569 5509 3751 5564 latere
3794 5512 3906 5566 al-
