4064 6186
214 264 295 311 εῃῖ
1314 256 1575 312 GLOSSA
1613 256 2018 313 onmnanm.
2062 289 2129 296 —
2171 261 2301 315 1.11).
2347 259 2548 314 exon
3565 269 3667 322 27s

193 387 300 442 laris
324 385 387 438 ad
419 383 759 454 portandum
790 386 959 436 erunt
1005 388 1208 451 vectes,
1266 398 1397 437 cum
1445 382 1849 453 przedicatores
1886 383 1929 439 A
1959 384 2145 438 ctione
2210 387 2511 455 praeceptis
2571 386 2801 452 divinis,
2863 388 3027 458 quasi
3124 393 3396 458 argenteo
3469 392 3663 461 capiti,

193 478 373 531 mentes
427 471 683 526 ﬁdelium
743 471 802 525 in
854 470 1145 541 prosperis
1192 474 1249 525 et
1298 471 1358 525 in
1415 471 1664 526 adversis
1718 486 1854 525 con-
1964 473 2351 544 supposuerit,
2384 478 2438 527 et
2496 475 2702 530 timore
2753 475 2854 530 Dei
2911 477 3066 531 velut
3121 493 3281 531 ienea
3329 477 3453 532 basi
3493 479 3669 535 stabi-

195 560 415 617 stantiam
442 559 715 612 virtutum
746 563 938 612 tenere
985 558 1285 613 docebunt.
1964 561 2135 617 lierit.

248 650 382 703 Vens.
412 651 462 702 8.
504 678 573 686 —
603 648 756 703 Sicut
787 648 888 701 tibi
916 650 975 701 in
1027 652 1221 702 monte.
1257 648 1451 717 (ΒΕΒΑ.
1508 645 1669 716 ibid.)
1720 645 1853 699 Om-
2034 651 2193 706 Vens.
2223 654 2305 707 18.
2336 683 2400 691 -
2420 655 2477 706 1n
2499 652 2853 721 longitudine.
2899 658 3005 707 etc.
3033 653 3155 723 (10.)
3176 654 3420 709 Centum
3446 655 3669 709 cubitos

193 739 395 808 niaqute
427 735 587 791 nobis
620 735 876 806 mystice,
912 739 1243 806 etc.,usque
1299 735 1374 790 ad
1420 750 1647 805 semper
1682 750 1855 805 agere
1961 739 2356 809 longitudinis,
2423 745 2551 808 etc.,
2610 756 2778 810 usque
2823 742 2899 795 ad
2961 741 3176 814 ﬁetque
3224 744 3294 798 de
3371 744 3537 815 bysso
3586 759 3668 799 re-

191 827 440 896 jubemus.
1964 832 2130 892 torta,
2168 832 2272 883 etc.

242 915 383 968 Vens.
416 914 467 966 9.
498 944 565 953 —
594 915 776 969 Facies
796 917 847 969 et
892 912 1119 968 atrium.
1174 912 1308 983 (10.,
1358 911 1454 966 ubi
1486 926 1677 981 supra,
1726 927 1847 982 cap.
2030 918 2196 971 Vens.
2237 920 2319 971 19.
2350 948 2415 957 -
2446 917 2648 974 Cuncta
2679 933 2827 985 vasa,
2859 922 2988 985 etc.,
3027 920 3145 988 (10.,
3182 920 3345 990 ibid.)
3384 921 3518 975 Haec
3537 937 3671 975 vasa

193 1003 275 1073 l3.)
337 1001 486 1055 Sicut
540 1002 744 1055 Sancta
808 1005 1153 1068 sanctorum,
1220 1005 1350 1065 etc.,
1408 1016 1577 1070 usque
1629 1000 1704 1055 ad
1754 999 1851 1054 sed
1957 1004 2221 1059 homines
2250 1009 2383 1059 sunt
2422 1006 2481 1059 in
2534 1006 2789 1069 Ecclesia,
2861 1011 2992 1073 etc.,
3032 1023 3203 1077 usque
3241 1008 3315 1063 ad
3361 1012 3509 1064 atria
3556 1012 3663 1064 Do-

186 1092 281 1163 ejus
309 1090 576 1145 memoria
606 1090 676 1145 ab
705 1089 909 1144 intimo
970 1090 1139 1144 corde
1168 1089 1506 1144 eradicatur.
1958 1096 2113 1149 mini.

238 1178 444 1232 Centum
474 1180 864 1247 cubitos.(10.,
918 1179 1075 1247 ibid.)
1132 1178 1365 1233 Constat
1432 1176 1845 1243 centenarium,
2030 1184 2189 1237 Vnus.
2222 1184 2311 1237 20.
2345 1213 2409 1221 ——
2464 1185 2699 1251 Praeclpe
2752 1182 2888 1253 ﬁliis
2931 1185 3137 1237 Israel.
3206 1184 3336 1256 (10.,
3387 1183 3488 1240 lib.
3515 1202 3572 1239 111
3601 1185 3667 1239 de

185 1274 296 1335 etc.,
364 1284 529 1338 usque
584 1269 659 1324 ad
736 1273 794 1322 et
849 1267 1219 1322 continentia
1298 1266 1631 1338 temporalis
1698 1282 1850 1328 assu-
1963 1271 2213 1335 Tabern.,
2282 1287 2404 1341 cap.
2462 1275 2508 1338 l,
2564 1276 2700 1325 tom.
2762 1270 2852 1341 ΙΙ.)
2901 1271 3181 1343 Disposito
3234 1272 3393 1327 omni
3459 1280 3665 1343 o_rnatu

188 1361 329 1411 mant.
1958 1358 2326 1420 tabernaculi,
2380 1363 2508 1425 etc.,
2572 1375 2741 1430 usque
2806 1360 2880 1414 ad
2932 1361 3126 1414 lumen
3206 1360 3373 1415 bona
3425 1360 3663 1416 actionis

235 1444 375 1501 Vens.
413 1446 494 1499 10.
545 1448 707 1501 -Ει
758 1446 1031 1500 columnas
1080 1447 1299 1513 viginti.
1364 1444 1496 1515 (10.,
1552 1444 1712 1510 ibid.)
1744 1444 1846 1497 ϐο-
1962 1446 2242 1500 ostendat.

185 1532 361 1586 lumnae
414 1533 625 1604 quibus
681 1533 929 1588 tentbria
985 1533 1435 1603 suspenduntur,
1493 1535 1622 1599 etc.,
1680 1545 1850 1600 usque
2028 1537 2101 1587 De
2129 1535 2414 1589 arboribus
2444 1537 2731 1590 olivarum.
2768 1536 3080 1608 (10.,ibid.)
3131 1538 3458 1592 Notandum
3506 1539 3664 1607 quod

184 1620 389 1717 (id-quia.
410 1636 527 1717 non
559 1621 713 1717 aliud
737 1638 907 1717 quam
1223 1621 1320 1717 Dei
1379 1623 1603 1717 sonant.
1877 1663 1918 1717 Β
1956 1620 2059 1717 lilii
2093 1623 2268 1717 Israel
2298 1622 2577 1717 jubentur
2605 1624 2807 1717 olferre
2853 1625 3064 1717 oleum,
3123 1629 3254 1693 etc.,
3304 1641 3471 1695 usque
3499 1625 3574 1680 ad
3592 1626 3662 1680 ad

235 1710 343 1765 Cum
372 1709 609 1775 basibus,
643 1715 747 1765 etc.
771 1710 896 1780 (10.,
930 1710 1095 1781 ibid.)
1138 1709 1371 1763 Basibus
1426 1709 1844 1772 columnarum,
1877 1707 1916 1717 “’
1955 1707 2307 1764 incendenda
2339 1710 2712 1781 thymiamata
2744 1712 3091 1766 orationum.

181 1800 280 1863 etc.,
328 1813 490 1868 usque
575 1799 652 1853 ad
707 1815 1003 1871 nunquam
1080 1799 1264 1853 fructu
1356 1797 1629 1853 mercedis
1690 1812 1845 1850 care-
2028 1799 2191 1852 Vens.
2224 1802 2309 1853 21.
2344 1800 2513 1853 —Et
2533 1800 2881 1855 collocabant.
2913 1799 3230 1870 (10.,ibid.)
3258 1801 3382 1854 Non
3413 1799 3662 1853 estenim

186 1883 316 1938 bunt.
1956 1888 2216 1940 omnium
2277 1894 2631 1941 sacramenta
2686 1888 2819 1943 ﬁdei
2878 1890 3094 1960 populo
3144 1888 3480 1959 praedicare,
3532 1892 3658 1949 etc.,

231 1973 499 2041 Argentea.
539 1974 668 2045 (10.)
701 1974 896 2046 Capita
926 1991 1043 2029 non
1100 1978 1411 2045 argentata,
1444 1973 1540 2028 sed
1587 1976 1707 2027 tota
1754 1988 1846 2026 ar-
1953 1990 2123 2045 usque
2152 1975 2226 2028 ad
2246 1976 2510 2046 qualibus
2561 1977 2801 2031 Jacobus
2846 1977 3019 2031 dicit:
3072 1978 3243 2035 Nolite
3293 1978 3483 2047 plures
3535 1993 3660 2031 ma-

179 2066 385 2129 gentea:
436 2063 575 2135 quia
631 2064 890 2118 doctores
960 2068 1109 2118 totos
1136 2080 1194 2117 se
1278 2063 1485 2119 divinas
1537 2061 1845 2131 Scriptura)
1952 2066 2116 2130 gistri
2144 2066 2283 2132 ﬁeri,
2314 2064 2518 2130 fratres
2544 2070 2663 2131 mei,
2698 2070 2803 2120 etc.
2839 2067 2985 2136 (Jac.
3007 2066 3116 2136 111).

180 2148 463 2218 subjiciunt,
506 2152 683 2206 verba
744 2150 934 2206 divina
983 2151 1315 2206 meditando
1373 2154 1429 2204 et
1480 2150 1843 2220 praedicando
2022 2154 2316 2222 Perpetuus
2346 2156 2469 2219 erit,
2503 2158 2607 2208 etc.
2641 2154 2763 2225 (10.,
2809 2154 2967 2223 ibid.)
2989 2156 3117 2209 Haec
3172 2155 3448 2223 clausula,
3512 2155 3659 2209 sicut

176 2237 736 2309 mancipantanimam
780 2245 835 2294 et
889 2257 1112 2311 corpus.
1171 2239 1327 2295 Sicut
1378 2238 1533 2292 enim
1588 2238 1846 2292 membra
1952 2256 2081 2310 quee
2113 2240 2499 2309 tabernaculo,
2533 2242 2938 2312 etc.,usquead
2966 2258 3096 2297 cum
3146 2242 3217 2297 sit
3259 2244 3407 2298 Deus
3463 2243 3657 2298 omnia

181 2323 275 2379 sine
320 2329 497 2399 capite
527 2330 718 2384 vivere
746 2328 1185 2405 nequeunt,‘sic
1230 2328 1312 2382 illi
1368 2327 1596 2398 eloquia
1653 2327 1844 2381 divina
1951 2325 2011 2383 iu
2030 2328 2319 2384 omnibus.

178 2413 316 2469 vitam
367 2434 528 2472 suam
577 2418 970 2473 existimantes
1011 2418 1133 2471 haec
1183 2432 1482 2487 nunquam
1517 2415 1841 2470 obediendo
2570 2474 2745 2487 mm,

176 2507 381 2570 portare,
422 2510 479 2560 et
507 2523 567 2561 se
601 2506 956 2561 humiliando
985 2506 1231 2559 exaltare
1268 2472 1567 2559 desistunt.
2568 2473 2791 2527 CAPUT
2832 2472 3061 2526 ΧΧνΙῙΙ-

256 2593 397 2649 Veas.
456 2598 540 2650 ll.
576 2625 645 2635 --
696 2597 961 2651 Similiter
1010 2599 1063 2650 et
1124 2597 1183 2647 in
1239 2595 1421 2648 latere.
1484 2594 1611 2662 (10.,
1676 2593 1838 2661 ibid.)
2020 2596 2179 2649 Vens.
2218 2599 2352 2648 l.—
2384 2595 2617 2663 Applica
2659 2609 2869 2665 quoque
2924 2594 2998 2648 ad
3043 2598 3107 2659 te,
3145 2598 3250 2649 etc.
3305 2596 3492 2663 (BEDA,
3546 2596 3646 2650 lib.

178 2685 342 2739 Eadem
370 2684 436 2737 de
494 2684 675 2737 latere
719 2682 1017 2752 Aquilonis
1076 2685 1435 2751 repetuntur,
1498 2685 1627 2747 etc.,
1676 2695 1842 2749 usque
1951 2683 2103 2737 111de
2132 2683 2455 2751 Tabernac.,
2486 2700 2609 2753 cap.
2648 2689 2694 2750 l,
2738 2688 2880 2737 tom.
2916 2682 3009 2752 ΙΙ.)
3043 2683 3337 2747 Quomodo
3380 2684 3649 2738 taberna-

175 2774 228 2827 ad
250 2773 300 2826 in
320 2788 426 2826 uno
451 2773 808 2825 tabernaculi
845 2772 1016 2824 latere
1072 2770 1197 2825 ﬁeri
1247 2770 1674 2841 praecipiuntur.
1949 2771 2162 2837 culum,
2214 2775 2340 2837 etc.,
2410 2786 2577 2840 usque
2649 2771 2723 2825 ad
2779 2775 2836 2825 et
2913 2775 3144 2824 cunctos
3234 2771 3499 2826 Ecclesia:
3526 2788 3650 2826 ma-

222 2862 358 2915 Veas.
415 2863 498 2914 12.
562 2890 631 2899 -
668 2861 731 2913 In
778 2860 1071 2914 latitudine
1116 2874 1259 2925 vero,
1320 2863 1426 2913 etc.
1491 2859 1609 2926 (10.,
1670 2857 1837 2925 ibid.)
1948 2860 2174 2930 gistros.

176 2948 389 3002 latitudo
431 2948 565 3002 atrii
624 2947 773 3017 quod
826 2947 1056 3017 respicit
1102 2947 1169 3001 ad
1233 2962 1496 3000 occasum
1553 2946 1704 3012 solis,
1738 2960 1837 2999 us-
1873 2944 1912 2999 C
2015 2948 2143 3019 (10.)
2196 2950 2430 3018 Applica
2478 2963 2705 3016 quoque,
2762 2951 2865 3001 etc.
2923 2947 3211 3018 Descripta
3286 2948 3504 3002 factura
3562 2953 3645 3004 ta-

171 3053 246 3105 que
269 3039 332 3091 ad
359 3038 552 3092 decem
588 3038 872 3090 columnae
894 3036 1253 3089 sublevantes
1282 3036 1578 3089 extollunt.
1944 3036 2254 3102 bernaculi,
2279 3042 2407 3105 etc.,
2440 3051 2608 3106 usque
2663 3037 2736 3090 ad
2792 3036 2923 3106 igne
2962 3052 3225 3107 superna)
3273 3036 3509 3092 ultionis
3538 3039 3645 3094 ab-

219 3127 352 3180 Veas.
382 3130 462 3181 13.
518 3155 593 3167 -
641 3127 704 3179 In
736 3140 797 3179 ea
857 3139 1065 3194 quoque
1114 3126 1267 3179 atrii.
1309 3125 1429 3193 (10.,
1496 3123 1653 3191 ibid.)
1682 3120 1834 3176 Lati-
1945 3130 2271 3179 sumuntur.

170 3214 269 3268 tudo
319 3215 439 3269 atrii
516 3214 799 3268 orientem
861 3212 1191 3285 respiciens,
1248 3216 1380 3282 etc.,
1428 3227 1595 3280 usque
1635 3210 1751 3265 ad:
1783 3213 1837 3265 et
2012 3215 2174 3268 Vens.
2204 3217 2255 3269 2.
2288 3243 2355 3253 —
2422 3215 2709 3283 Faciesque
2758 3216 2950 3267 vestem
3006 3218 3267 3269 sanctam.
3310 3215 3434 3284 (10.,
3479 3215 3640 3285 ibid.)

172 3306 301 3356 ritam
325 3306 513 3369 futuri
542 3304 753 3357 saeculi.
1941 3302 2132 3356 Vestes
2162 3308 2370 3357 sancta)
2414 3304 2629 3369 Aaron,
2679 3306 2809 3369 etc.,
2866 3317 3037 3372 usque
3101 3303 3175 3358 ad
3229 3307 3285 3357 et
3339 3302 3439 3357 Dei
3484 3304 3641 3359 verbi

222 3392 613 3464 Quinquaginta
640 3392 809 3445 cubiti
849 3396 1025 3446 erunt.
1078 3388 1199 3458 (10.)
1260 3385 1687 3458 Quinquaginta
1730 3401 1833 3439 cu-
1942 3390 2410 3461 dispensatorem.

174 3479 273 3532 bilis
297 3482 467 3551 plaga:
525 3480 823 3534 orientalis
860 3478 1207 3545 generaliter
1254 3476 1421 3530 initia
1475 3474 1831 3532 credentium
2011 3479 2172 3532 Vens.
2205 3480 2255 3532 4.
2292 3510 2359 3518 -
2392 3482 2510 3534 Haec
2535 3484 2731 3534 autem.
2789 3478 2907 3549 (10.,
2966 3478 3126 3547 ibid.)
3188 3478 3490 3543 Quomodo
3520 3480 3640 3534 haec

172 3566 443 3636 signantur,
500 3568 640 3640 quia
698 3568 757 3621 in
814 3567 1144 3621 remissione
1201 3569 1585 3635 peccatorum,
1626 3570 1683 3619 et
1732 3583 1831 3636 spe
1939 3564 2163 3635 singula
2191 3566 2331 3620 facta
2367 3567 2496 3632 sint,
2532 3572 2673 3633 etc.,
2702 3581 2869 3635 usque
2898 3566 2973 3620 ad
3003 3567 3273 3636 praeclara
3320 3571 3376 3621 et
3425 3567 3638 3621 interni

171 3640 333 3709 futurae
377 3655 751 3711 beatitudinis
823 3655 1199 3720 celebrantur,
1260 3668 1505 3724 quorum
1571 3654 1831 3723 specialis
1940 3654 2137 3707 arbitri
2160 3655 2490 3724 conspectui
2522 3659 2744 3725 oportet
2766 3671 2886 3709 esse
2914 3655 3182 3724 gloriosa.

172 3742 406 3799 distinctio
453 3744 827 3809 subinfertur,
888 3758 1015 3813 qua)
1042 3741 1113 3795 ad
1165 3742 1430 3795 eumdem
1478 3740 1652 3796 linem
1686 3742 1828 3797 bene
2009 3742 2199 3815 (Gneo.
2235 3746 2361 3798 Past
2389 3785 2404 3811 ,
2440 3744 2537 3797 lib.
2582 3761 2639 3809 11,
2673 3746 2856 3813 cap.3,
2898 3748 3036 3797 tom.
3076 3743 3195 3812 IlI.)
3250 3743 3492 3797 Jubctur
3544 3760 3638 3798 sa-

170 3833 473 3888 considcrata
502 3834 771 3887 refertur.
812 3830 1084 3901 Sequitur
1116 3829 1292 3883 enim.
1936 3831 2131 3885 cerdos
2162 3831 2220 3885 in
2256 3835 2498 3901 utroque
2533 3832 2797 3899 humero,
2848 3836 2977 3893 etc.,
3042 3847 3213 3900 usque
3245 3832 3321 3885 ad
3367 3832 3529 3901 quasi
3578 3832 3637 3886 in

225 3921 357 3976 Vens.
395 3924 472 3976 14.
534 3950 607 3960 —
665 3922 739 3973 In
781 3919 977 3988 quibus
1034 3918 1343 3987 quindecim
1391 3917 1690 3972 cubitorum
1714 3924 1828 3973 ten-
1936 3920 2157 3975 diversa
2234 3920 2722 3990 superliumeralis
2802 3920 2988 3989 specie
3047 3920 3246 3990 byssus
3299 3925 3449 3975 torta
3504 3937 3634 3975 can-

171 4009 279 4060 toria
316 4009 467 4063 lateri
522 4023 632 4062 uno
680 4007 1085 4076 deputabuntur
1140 4008 1499 4076 columnaque
1555 4010 1682 4071 tres,
1713 4012 1818 4061 etc.
1934 4007 2132 4063 descit.

170 4093 265 4161 lla,
306 4097 461 4167 ibid.)
522 4096 863 4161 Quindecim
902 4112 1169 4165 namque,
1227 4100 1358 4159 etc.,
1420 4110 1589 4164 usque
1652 4095 1727 4149 ad
1770 4101 1827 4150 et
2006 4096 2165 4149 Vens.
2200 4101 2250 4149 6.
2288 4125 2350 4138 -
2407 4098 2623 4149 Facient
2689 4099 2867 4148 autem
2954 4095 3415 4164 superhumerale.
3470 4094 3623 4163 (Ben.

168 4196 328 4252 corpus
354 4185 470 4238 sine
503 4185 739 4256 querela
766 4185 825 4237 in
858 4184 1008 4238 diem
1042 4183 1267 4238 Domini
1314 4168 1618 4239 custodire.
1865 4225 1909 4278 Β
1936 4183 2030 4238 lib.
2053 4199 2110 4237 111
2142 4184 2208 4237 de
2240 4183 2561 4251 Tabernac.,
2591 4200 2713 4253 cap.
2749 4183 2824 4253 4.)
2858 4183 2999 4247 Quia
3050 4182 3108 4236 in
3151 4181 3405 4236 humeris
3461 4199 3633 4237 onera

220 4270 352 4326 Vens.
390 4277 471 4327 16.
505 4304 579 4314 -
611 4275 1007 4342 Columnasque
1036 4274 1274 4340 habebit,
1312 4278 1417 4327 etc.
1453 4272 1614 4343 (10.,)
1662 4272 1823 4343 ibid.)
1865 4270 1905 4278 ”
1934 4276 2246 4343 portamus,
2279 4277 2411 4341 etc.,
2442 4287 2610 4341 usque
2638 4273 2711 4327 ad
2743 4288 2871 4326 cum
2924 4287 3027 4344 per
3064 4270 3473 4326 abstinentiam
3505 4288 3633 4327 caro

170 4357 438 4415 lnintroitu
491 4363 622 4416 atrii
654 4366 899 4432 quatuor
946 4367 1075 4416 sunt
1127 4364 1426 4429 columnae,
1479 4367 1829 4431 etc.,usque
1935 4360 2221 4431 fatigatur.

171 4445 223 4495 ad
265 4464 442 4504 omnes
480 4451 741 4521 corporis
792 4466 991 4505 sensus
1040 4450 1098 4504 in
1154 4450 1478 4505 obedientia
1530 4450 1822 4505 charitatis
2006 4450 2268 4517 Coccoque
2285 4449 2365 4503 bis
2396 4450 2560 4503 tincto
2599 4453 2649 4503 et
2688 4448 2843 4517 bysso
2894 4453 3116 4516 retorta,
3177 4463 3331 4518 opere
3373 4450 3633 4517 potymito

173 4538 467 4604 expendunt.
1937 4538 2070 4607 (10.,
2102 4537 2261 4608 ibid.)
2293 4538 2499 4591 Coccus
2520 4537 2670 4608 ignis
2716 4537 2900 4608 specie
2958 4538 3220 4607 refulget,
3284 4541 3415 4604 etc.,
3464 4550 3634 4605 usque

222 4626 291 4677 Ea:
332 4627 635 4695 hyacintho,
681 4632 785 4681 etc.
839 4628 965 4696 (10.,
1004 4627 1166 4698 ibid.)
1227 4629 1396 4682 Recte
1455 4626 1515 4681 in
1571 4627 1677 4680 hoc
1737 4627 1826 4680 in-
1933 4626 2009 4681 ad
2028 4627 2088 4680 in
2121 4642 2222 4679 suo
2245 4625 2442 4680 habitu
2474 4642 2708 4680 coccum
2739 4626 3157 4681 demonstrans.

175 4707 303 4764 troitu
370 4714 495 4767 atrii
552 4717 861 4776 tentorum,
926 4719 1056 4778 etc.,
1126 4730 1291 4783 usque
1369 4715 1443 4767 ad
1512 4713 1825 4768 tentorium
2003 4716 2163 4769 Vens.
2195 4719 2249 4768 7.
2300 4718 2529 4769 —Duas
2568 4730 2691 4769 oras
2750 4716 2971 4786 junctas
3035 4714 3256 4768 habebit
3284 4718 3343 4767 in
3408 4717 3633 4782 utroque

172 4792 388 4853 decorant
416 4802 653 4871 pulchra
684 4804 937 4856 colorum
968 4804 1239 4857 varietate
1267 4806 1612 4857 contextum.
1773 4850 1784 4860 .
1933 4805 2098 4858 latere
2121 4806 2511 4869 summitutum,
2564 4809 2625 4859 ut
2664 4806 2724 4857 in
2766 4820 2932 4858 unum
2992 4803 3235 4857 redeant.
3289 4802 3417 4871 (10.,
3466 4804 3629 4873 ibid.)

223 4884 361 4941 Vens.
399 4894 478 4944 l7.
514 4920 574 4930 —
611 4891 801 4945 Omnes
829 4892 1102 4951 columnae,
1144 4896 1249 4945 etc.
1311 4891 1437 4961 (10.)
1499 4890 1635 4954 Quae
1663 4890 1824 4945 dixe-
1937 4894 2010 4946 De
2040 4893 2146 4947 hoc
2171 4893 2229 4945 in
2259 4893 2626 4963 sequentibus
2665 4892 2893 4958 dicitur,
2955 4896 3082 4958 etc.,
3131 4906 3301 4960 usque
3355 4889 3429 4944 ad
3457 4906 3631 4961 quam

174 4976 244 5035 rat,
272 4974 609 5047 diligentius,
644 4978 911 5044 inculcat,
968 4983 1031 5032 ut
1061 4978 1257 5033 sedulo
1307 4980 1580 5033 lectorem
1629 4980 1821 5033 admo-
1934 4980 2061 5034 vitae
2090 4980 2388 5035 invisibilis
2411 4980 2649 5051 praemia
2675 4980 3040 5052 requirimus.

175 5066 283 5125 neat,
317 5066 601 5120 neminem
676 5067 830 5120 inter
876 5066 1133 5121 doctores
1196 5068 1469 5136 veritatis,
1526 5067 1822 5121 columnas
2004 5071 2163 5125 Vens.
2198 5072 2247 5123 8.
2282 5102 2350 5109 —
2414 5073 2543 5139 Ipsa
2600 5086 2808 5139 quoque
2852 5074 3070 5124 textura
3128 5072 3177 5122 et
3231 5071 3424 5122 cuncta
3454 5072 3630 5138 operis

176 5146 333 5204 scilicet
377 5154 506 5207 atrii
587 5154 844 5219 caelestis,
911 5172 1076 5225 posse
1140 5154 1480 5225 computari,
1538 5155 1637 5227 qui
1706 5171 1822 5209 non
1930 5159 2167 5211 varietas
2196 5159 2300 5211 erit
2320 5174 2386 5211 ex
2415 5173 2549 5211 auro
2569 5163 2618 5211 et
2646 5158 2937 5227 hyacintho
2960 5171 3022 5210 ac
3050 5171 3326 5224 purpura,
3380 5170 3633 5225 coccoque

177 5232 307 5291 instar
346 5243 470 5295 aeris
530 5243 920 5298 invincibilem
988 5244 1139 5298 inter
1196 5245 1431 5298 adversa
1484 5243 1822 5315 patientiam
1934 5245 2012 5299 bis
2046 5247 2228 5311 tincto,
2257 5250 2307 5300 et
2333 5246 2487 5314 bysso
2518 5249 2741 5299 retorta.
2785 5246 3092 5313 Sumesque.
3130 5243 3253 5313 (10.,
3298 5244 3460 5315 ibid.)
3509 5246 3631 5298 Non

178 5319 335 5381 habere
364 5330 643 5395 didicerit,
696 5331 807 5384 nisi
837 5348 957 5385 sese
1006 5333 1322 5387 coelestium
1371 5333 1727 5387 observantia
1767 5341 1824 5388 et
1934 5333 1991 5387 in
2022 5350 2138 5387 una
2183 5340 2343 5403 parte
2390 5350 2616 5398 aurum,
2679 5339 2809 5400 etc.,
2842 5349 3011 5404 usque
3067 5333 3141 5387 ad
3168 5333 3425 5387 sacerdos
3465 5334 3631 5388 debet

180 5416 557 5471 annuntiatione
585 5419 909 5485 verborum,
957 5422 1109 5475 velut
1170 5421 1393 5492 argenti
1450 5420 1680 5475 laminis
1709 5437 1823 5475 un-
1934 5439 2053 5476 esse
2085 5422 2319 5475 nitidus.

182 5494 306 5568 dique
348 5507 657 5562 munienlo
721 5511 1099 5579 exornaverit,
1144 5510 1253 5566 nisi
1319 5528 1377 5565 se
1417 5510 1574 5565 omni
1631 5510 1823 5581 subjc-
2005 5513 2163 5566 Vens.
2224 5514 2274 5565 6.
2308 5542 2373 5551 —
2416 5514 2553 5567 Duos
2588 5512 2819 5581 lapides,
2878 5516 2981 5568 etc.
3044 5514 3112 5567 Ut
3168 5510 3427 5567 sacerdos
3459 5509 3627 5565 ﬁdem
