4064 6186
314 280 418 330 279

945 274 1332 328 WALAFRIDI
1371 274 1616 328 STltABI
1659 273 1853 328 FULD.
1899 274 2060 329 MON.
2103 273 2255 329 OPP.
2299 273 2471 327 PARS
2521 273 2562 326 l.
2606 301 2672 308 —
2713 269 3175 325 TIIEOLOGICA.

3713 271 3824 320 2δο

309 399 572 455 ct.vitam
627 397 1082 470 patriarcharum
1139 395 1395 448 imitetur
1445 400 1502 448 et
1557 395 1857 449 duodecim
1904 395 1995 450 tri.
2027 404 2066 456 Α
2106 397 2272 450 lsraet
2294 398 2483 450 Aaron
2515 409 2687 464 super
2713 397 2911 464 pectus
2941 392 3277 448 memoriale
3323 407 3513 446 coram
3573 391 3821 446 Domino

307 488 488 543 buum
542 487 600 542 in
659 485 948 542 sacriﬁciis
1008 489 1065 539 et
1119 481 1474 537 orationibus
1515 499 1736 537 memor
1813 483 1886 538 sit
1951 489 2007 540 et

307 576 555 648 populus
592 575 819 630 intuens
877 589 989 627 non
1041 572 1320 626 abcrreta
1374 571 1828 642 patriarcharum
1885 589 2005 628 me-

310 664 454 720 ritis.

379 737 542 788 Vens.
582 737 664 787 11.
700 763 768 772 --
795 732 1030 787 lnclusos
1063 747 1215 798 auro,
1250 735 1354 784 etc.
1404 731 1582 797 (Bern,
1649 730 1804 800 ibid.)
1868 735 2006 803 Apte

308 822 525 895 lapides
611 821 828 875 includi
891 835 1032 872 auro
1110 824 1284 890 atque
1375 818 1716 873 circumdari
1795 820 2006 890 juben-

311 915 425 978 tur,
460 915 588 978 etc.,
617 925 785 978 usque
814 909 888 964 ad
926 907 1180 962 custodia
1239 905 1443 960 mentis
1492 908 1715 960 valeant
1765 908 2004 978 prolabi.

382 1001 544 1053 Vens.
612 1001 694 1052 l2.
756 1028 822 1038 ——
910 996 1260 1065 Portabitque
1312 995 1503 1050 Aaron
1529 998 1749 1050 nomina
1829 1012 2009 1051 eorum

310 1103 489 1144 coram
517 1090 741 1142 Domi-no
779 1102 942 1156 super
995 1089 1281 1153 utrumque
1307 1084 1586 1138 humerum
1634 1084 1696 1139 ob
1752 1085 2009 1139 recorda-

310 1178 523 1231 tionem.
556 1175 699 1250 Quia
729 1175 986 1229 sacerdos
1043 1171 1348 1243 diligenter
1387 1172 1545 1226 omni
1593 1172 1732 1226 hara
1799 1189 2010 1244 praece-

307 1264 568 1319 dentium
607 1268 932 1318 sanctorum
965 1261 1136 1315 vitam
1163 1261 1520 1332 perpendens
1549 1261 1608 1314 in
1665 1262 1914 1316 adversis
1957 1269 2014 1316 et

309 1353 598 1426 prosperis
631 1353 904 1406 virtutum
928 1354 1266 1404 ornamento
1309 1349 1476 1404 debet
1527 1349 1763 1416 muniri,
1824 1355 1885 1406 ut
1911 1367 2014 1421 per

308 1458 468 1498 arma
494 1440 731 1512 justitia:
759 1457 791 1494 a
823 1438 1036 1494 dextris
1067 1443 1122 1492 et
1142 1454 1172 1492 a
1196 1437 1438 1492 sinistris
1466 1438 1732 1510 gradiens
1761 1438 1821 1494 in
1854 1440 2012 1494 nullo

313 1528 704 1584 delectationis
735 1527 948 1582 inﬁmae
978 1526 1152 1580 latere
1175 1525 1452 1580 ﬂectatur.

383 1617 540 1688 (Ben.
599 1615 756 1685 ibid.)
815 1615 1018 1669 Tribus
1075 1613 1258 1668 causis
1310 1617 1498 1669 Aaron
1555 1614 1807 1678 nomina,
1881 1619 2010 1683 etc.,

312 1719 480 1773 usque
499 1703 572 1758 ad
597 1703 712 1758 sive
744 1707 975 1774 patrum
1032 1702 1292 1772 exempla
1342 1717 1471 1773 quae
1521 1706 1832 1774 sequantur
1885 1718 2014 1774 pro-

321 1797 514 1863 ponat

389 1882 547 1936 Vens.
587 1884 669 1949 l3,
706 1881 787 1935 l-i.
819 1909 889 1921 —
920 1881 1101 1936 Facies
1130 1884 1179 1934 et
1219 1881 1442 1934 uncinos
1481 1896 1551 1934 ea:
1582 1895 1736 1946 auro,
1794 1884 1845 1934 et
1881 1879 2022 1934 duas

313 1969 591 2024 catenulas
617 1971 743 2023 auri
771 1971 1058 2037 purissimi
1085 1968 1193 2022 sibi
1221 1969 1448 2022 invicem
1495 1969 1831 2035 coharentes,
1885 1981 2020 2035 quas

323 2060 522 2112 inseres
569 2059 808 2112 uncinis.
877 2059 999 2126 (10.,
1055 2056 1209 2125 ibid.)
1247 2056 1450 2110 Uncini
1498 2055 1593 2110 isti
1623 2056 1681 2110 in
1741 2055 2021 2126 supremis

324 2150 487 2200 erant
515 2145 762 2216 angulis,
795 2149 926 2212 etc.,
956 2159 1124 2215 usque
1161 2145 1234 2198 ad
1290 2161 1392 2216 per
1442 2144 1779 2199 charitatem
1835 2148 1891 2200 et
1921 2144 2019 2198 bo-

324 2250 454 2288 nam
479 2233 858 2288 intentioncm
887 2237 1020 2286 sunt
1050 2233 1349 2287 nectenda.

396 2322 607 2393 (Gnec.,
641 2324 816 2391 Past.,
848 2326 994 2393 part.
1021 2338 1078 2389 ιι,
1131 2337 1254 2392 cap.
1309 2325 1363 2389 2,
1412 2326 1550 2376 tom.
1599 2321 1713 2389 111.).
1764 2320 2024 2391 Praecipi-

324 2413 419 2464 tur
448 2414 514 2464 ut
541 2410 602 2464 in
631 2415 860 2482 pectore
891 2415 1076 2465 Aaron
1099 2410 1377 2464 rationale
1397 2409 1600 2480 judicii
1629 2409 1783 2463 vittis
1837 2409 2022 2478 iigau-

324 2499 474 2553 tibus
515 2499 899 2571 imprimatur,
960 2506 1090 2566 etc.,
1146 2515 1314 2569 usque
1369 2499 1442 2553 ad
1501 2515 1618 2554 non
1647 2499 1768 2553 sine
1817 2513 2024 2568 magno

326 2588 531 2643 timore
559 2593 836 2660 regantur
865 2589 1123 2661 subjecti.

395 2677 561 2732 Vens.
605 2681 688 2732 l5.
718 2707 787 2718 —
833 2679 1115 2735 Rationale
1163 2692 1370 2746 quoque
1418 2676 1624 2746 judicii
1675 2678 1844 2742 facies
1898 2690 2024 2744 ope-

323 2781 402 2835 re,
433 2771 540 2821 etc.
576 2767 757 2836 (Ben,
800 2767 893 2820 ubi
913 2782 1105 2836 supra,
1165 2781 1287 2836 cap.
1323 2768 1393 2833 ὅ.)
1422 2765 1578 2820 Sicut
1638 2764 1697 2818 in
1743 2763 2024 2834 superhu-

324 2855 528 2910 merali
559 2871 797 2926 operum
830 2855 1121 2926 perfectio,
1169 2858 1297 2921 etc.,
1358 2869 1524 2924 usque
1577 2854 1650 2908 ad
1704 2857 2027 2924 congruant

326 2943 576 2998 studiose
607 2943 878 3014 cogitare.

397 3032 558 3088 Vens.
596 3035 678 3087 16.
705 3062 776 3072 —
808 3034 1047 3102 Duplcw.
1083 3032 1208 3102 (ln.,
1240 3031 1410 3098 ibid.)
1444 3032 1672 3086 Factum
1718 3033 1802 3084 est
1857 3029 2024 3084 ratio-

327 3120 477 3191 nale,
509 3125 638 3187 etc.,
669 3135 838 3190 usque
893 3121 967 3174 ad
1013 3125 1071 3174 ut
1130 3120 1574 3191 comprehendat
1620 3118 1877 3174 bravium
1935 3135 2024 3172 su-

324 3224 518 3280 perna:
541 3207 855 3263 vocationis
889 3207 1008 3262 Dei.

399 3298 557 3351 Vens.
595 3300 677 3351 17.
713 3326 778 3336 -—
817 3298 1088 3366 Ponesque
1145 3299 1203 3350 in
1231 3312 1305 3350 eo.
1358 3296 1488 3366 (11).,
1546 3295 1703 3362 ibid.)
1765 3296 1895 3350 llaec
1947 3311 2020 3366 po

327 3385 457 3440 sitio
490 3383 840 3440 diversarum
860 3400 1220 3455 gemmarum
1247 3384 1306 3438 in
1347 3384 1629 3451 rationali,
1681 3396 1824 3450 etc.,
1860 3399 2025 3452 usque

326 3475 401 3531 ad
451 3479 518 3529 ut
546 3479 604 3530 et
650 3473 733 3529 illi
783 3473 1040 3528 membra
1090 3473 1299 3527 summi
1354 3473 1661 3529 sacerdotis
1699 3479 2026 3528 mereantur

324 3563 493 3620 efﬁci.

406 3654 883 3722 (11).)Possumus
950 3651 1012 3705 in
1073 3651 1226 3705 vario
1283 3651 1486 3705 decore
1570 3650 1849 3720 lapidum,
1905 3656 2014 3706 etc.

327 3755 495 3810 usque
522 3739 597 3794 ad
623 3739 763 3794 nihil
788 3739 872 3793 illi
892 3738 1148 3811 prodest.

401 3829 562 3882 Vens.
602 3830 680 3884 16.
713 3857 784 3870 —
814 3829 1120 3898 Onychinus
1151 3827 1256 3899 (in.
1295 3830 1312 3897 )
1343 3828 1512 3881 ltectc
1555 3831 1747 3882 autem
1805 3827 1917 3882 duo
1955 3827 2028 3882 1a-

328 3916 491 3988 pides
519 3917 806 3990 onychini,
832 3923 956 3989 etc.,
1006 3933 1178 3988 usque
1228 3917 1303 3971 ad
1333 3916 1452 3988 ipse
1501 3917 1568 3972 ad
1603 3916 1837 3972 meliora
1892 3933 2024 3988 pro-

331 4005 502 4060 ticiat.

402 4094 559 4148 Vens.
605 4097 692 4148 2‘2.
751 4123 820 4134 -—
861 4096 1040 4148 Facies
1097 4097 1154 4147 in
1206 4095 1488 4160 rationali,
1542 4099 1646 4148 etc.
1693 4094 1823 4162 ([0.)
1878 4093 2024 4148 Ordo

329 4183 538 4253 operis,
569 4189 710 4247 etc.,
743 4196 909 4250 usque
938 4181 1012 4235 ad
1031 4186 1088 4235 et
1147 4197 1180 4234 a
1236 4198 1293 4235 se
1344 4181 1584 4236 invicem
1624 4184 2013 4236 moverentur.

407 4270 529 4339 (11).,
562 4269 1218 4340 ibid.)Superhumera1e
1251 4269 1804 4323 consummationem
1850 4269 2027 4323 bono-
2053 4256 2095 4310 Ι)

332 4376 460 4414 rum
484 4374 743 4429 operum,
777 4363 905 4425 etc,,
937 4372 1103 4426 usque
1149 4357 1223 4412 ad
1288 4356 1333 4410 si
1375 4373 1488 4411 non
1534 4374 1665 4412 eum
1716 4359 2030 4412 accelerans

332 4449 498 4502 bona:
520 4445 756 4500 actionis
787 4445 1011 4500 uncinis
1026 4443 1334 4498 contineat.

401 4537 523 4604 (11).)
556 4533 713 4599 Quod
729 4533 1197 4604 superhumerale
1227 4534 1487 4588 strictum
1515 4537 1637 4589 erat
1663 4533 1877 4603 balteo,
1895 4538 2026 4603 etc.,

332 4640 499 4694 usque
517 4623 592 4678 ad
620 4639 720 4694 per
749 4623 1024 4677 virtutum
1046 4621 1456 4693 operationem.

404 4715 678 4768 Vuns.’28.
741 4742 803 4752 —
856 4713 1006 4768 Vitta
1059 4711 1432 4780 hyacinthina,
1501 4715 1606 4764 etc.
1671 4713 1790 4780 (11).,
1863 4711 2028 4781 ibid.)

335 4801 497 4856 Vittse
519 4799 900 4872 hyacinthina:
931 4798 1136 4871 quibus
1165 4803 1404 4870 uterque
1449 4799 1754 4854 sacerdotis
1801 4799 2030 4855 habitus

333 4890 654 4960 copulatur,
705 4889 967 4961 ligaturee
1042 4891 1176 4942 sunt
1231 4887 1498 4942 desiderii
1570 4887 1831 4955 caelestis,
1901 4904 2029 4959 quas

334 4973 559 5028 annulis
589 4973 775 5028 aureis
804 4974 1025 5028 innexus
1055 4972 1524 5043 superhumerale
1574 4988 1706 5026 cum
1763 4972 2031 5028 rationali

333 5061 638 5130 stringunt,
672 5078 802 5116 cum
831 5061 1027 5131 agnita
1056 5061 1179 5116 luce
1207 5059 1478 5132 perennis
1509 5061 1710 5132 patriae
1771 5060 1831 5115 in
1871 5061 2031 5116 illam

331 5148 516 5220 gloria
565 5149 936 5218 suspiramus,
993 5153 1050 5204 et
1094 5154 1158 5204 ut
1221 5149 1434 5204 intrare
1505 5165 1827 5204 mereamur
1901 5167 2034 5206 con-

337 5237 493 5292 cordi
517 5237 648 5305 ﬁde,
680 5242 736 5291 et
760 5238 894 5306 vita,
917 5243 973 5293 et
1001 5255 1194 5308 opere,
1229 5243 1286 5293 et
1321 5237 1690 5310 professione,
1752 5239 1810 5293 in
1841 5240 2031 5296 taber-

339 5328 541 5382 naculo
572 5327 869 5398 praesentis
889 5327 1135 5380 ecclesiae
1166 5327 1375 5381 servire
1406 5327 1715 5382 studemus.

407 5417 569 5471 Vens.
597 5417 686 5470 26.
733 5443 802 5454 —
858 5413 1212 5483 Portabitque
1266 5415 1454 5470 Aaron
1517 5417 1741 5470 nomina
1793 5415 2029 5484 ﬁliorum

359 5507 537 5562 Israel
561 5507 617 5560 in
637 5504 897 5559 rationali
915 5502 1118 5572 judicii
1145 5518 1323 5572 super,
1357 5508 1459 5557 etc.
1500 5505 1740 5558 Nomina
1778 5504 2028 5559 tiliorum

2110 491 2300 556 portat
2331 483 2389 537 in
2420 487 2720 547 aeternum,
2757 481 2986 552 quando
3016 481 3228 552 praesul
3271 496 3568 551 nunquam
3626 480 3822 535 subdi-

2112 579 2305 626 torum
2339 588 2533 626 curam
2577 569 2928 636 intermittit,
2981 569 3078 624 sed
3127 569 3300 624 vitam
3361 585 3562 622 eorum
3618 585 3821 623 conso-

2114 662 2304 721 laudo,
2372 660 2740 731 increpando,
2810 658 3185 724 exhortando,
3261 657 3560 726 confortat,
3619 663 3674 712 et
3727 664 3824 711 tu-

2112 751 2348 804 tandam
2404 749 2642 804 Domino
2691 747 2907 803 crebris
2971 745 3323 801 orationibus
3405 744 3612 817 satagit
3665 763 3821 800 com-

2116 839 2409 893 mendare.

2189 928 2407 996 (Grues,
2456 926 2554 981 lib.
2627 941 2796 979 xxvm
2879 926 3102 990 Moral.,
3188 940 3312 994 cap.
3385 923 3472 994 9.)
3556 924 3818 979 Sacerdos

2118 1015 2348 1086 quando
2386 1013 2819 1069 tabernaculum
2849 1012 3190 1084 ingreditur,
3257 1011 3555 1066 duodecim
3603 1012 3821 1082 lapides

2117 1105 2176 1158 in
2203 1108 2432 1174 pectore
2461 1107 2689 1174 portare
2707 1101 2943 1172 jubetur
2979 1100 3231 1169 sculptos
3291 1099 3621 1154 nominibus
3676 1099 3822 1154 ﬁlio-

2120 1207 2248 1245 rum
2269 1190 2484 1245 Israel:
2539 1189 2628 1244 hic
2682 1194 2770 1244 est
2813 1190 3141 1259 redemptor
3170 1194 3385 1254 noster,
3449 1188 3548 1258 qui
3592 1188 3824 1243 semeti-

2122 1295 2289 1351 psum
2319 1295 2422 1350 pro
2448 1277 2610 1333 nobis
2653 1277 2992 1332 sacriﬁcium
3037 1277 3304 1345 offerens,
3354 1276 3493 1330 dum
3562 1276 3734 1330 fortes
3766 1277 3827 1331 in

2121 1368 2353 1422 exordio
2385 1367 2789 1439 praedicatores
2818 1365 3035 1432 habuit,
3088 1363 3390 1420 duodecim
3449 1364 3667 1435 lapides
3719 1365 3824 1419 sub

2122 1457 2303 1528 capite
2333 1455 2392 1510 in
2429 1456 2616 1528 prima
2645 1454 2735 1509 sui
2791 1453 3043 1526 corporis
3107 1457 3268 1524 parte
3312 1453 3576 1524 portavit.

2193 1545 2428 1615 Oportet
2470 1543 2820 1607 sacerdotem
2877 1541 3216 1596 memoriam
3274 1546 3503 1611 patrum
3567 1541 3718 1595 ferre
3765 1541 3828 1596 in

2045 1685 2085 1740 Β
2122 1637 2372 1704 pectore,
2434 1631 2681 1686 maxime
2729 1647 2860 1686 cum
2929 1630 3214 1685 ministrat
3261 1629 3443 1693 altari,
3506 1629 3656 1684 utin
3715 1647 3830 1701 quo

2197 1721 2389 1740 _,_,1!,_,
2447 1725 2518 1740 ,ΑΔ
2572 1720 2945 1740 μ-3..ξμι--ἷ--..-
3016 1719 3270 1740 ,μνη-ιε---
3340 1734 3391 1740 Α-
3442 1722 3557 1740 1-1-
3620 1719 3798 1740 -.ιη-12-

2123 1721 2396 1776 sacratius
2439 1725 2522 1775 est
2568 1720 2973 1787 ministerium,
3013 1719 3273 1773 solertius
3337 1734 3394 1772 se
3442 1722 3562 1772 toto
3617 1719 3828 1782 studio,

2127 1812 2246 1864 tota
2275 1806 2557 1862 industria
2586 1806 2812 1873 mentis,
2855 1808 3110 1872 exornet,
3140 1809 3196 1858 et
3247 1804 3520 1876 corporis,
3570 1807 3833 1876 exempla

2128 1899 2457 1950 sanctorum
2517 1893 2846 1966 respiciens,
2897 1898 2961 1948 ut
3006 1909 3206 1948 eorum
3259 1892 3492 1947 sedulus
3574 1893 3834 1948 imitator

2129 1990 2328 2056 aptum
2360 2001 2418 2038 se
2448 1983 2655 2038 divinis
2676 1987 2983 2054 praesentet
3043 1981 3385 2052 aspectibus.

2199 2073 2357 2126 Vens.
2393 2074 2478 2126 30.
2514 2101 2584 2113 —
2612 2073 2777 2126 Panes
2823 2076 3001 2125 autem
3043 2071 3102 2124 in
3139 2070 3403 2124 rationali
3449 2069 3668 2138 judicii,
3711 2072 3826 2124 etc.

2129 2161 2290 2226 ΒΜ»,
2322 2160 2416 2214 ubi
2434 2159 2642 2229 supra.)
2675 2159 2742 2214 Ut
2770 2157 2979 2214 scilicet
3035 2157 3362 2212 meminerit
3394 2155 3669 2218 sacerdos,
3698 2161 3830 2222 etc.,

2127 2263 2295 2318 usque
2315 2247 2388 2301 ad
2425 2246 2487 2300 in
2527 2263 2593 2300 eo
2616 2247 2767 2317 quod
2799 2245 2990 2300 divina
3023 2244 3142 2298 vice
3176 2244 3486 2314 dispensat.
3826 2262 3828 2264 ν

2202 2338 2362 2390 Panes
2417 2340 2600 2391 autem
2631 2337 2688 2388 in
2743 2335 3024 2399 rationali,
3074 2338 3180 2387 etc.
3229 2332 3416 2401 (Aue.,
3490 2332 3690 2397 Quaest.
3734 2335 3832 2386 117

2130 2429 2187 2480 in
2229 2424 2432 2492 Emod.)
2488 2425 2553 2478 In
2601 2422 2757 2494 quali
2799 2439 2859 2476 re
2897 2423 2983 2476 vel
3037 2421 3265 2476 metallo
3313 2426 3560 2493 ponatur
3601 2420 3833 2474 demon-

2130 2513 2326 2565 stratio
2385 2516 2438 2566 et
2499 2511 2705 2566 veritas
2763 2525 2935 2581 super
2982 2509 3280 2578 rationale,
3361 2513 3487 2572 etc.,
3544 2524 3710 2578 usque
3753 2509 3830 2562 αλ

2132 2599 2458 2668 impositam
2481 2612 2651 2667 super
2680 2594 2868 2668 λογίου.

2203 2688 2362 2740 Vens.
2387 2689 2473 2741 31.
2509 2715 2569 2726 -—
2599 2688 2784 2740 Facies
2813 2690 2862 2740 et
2926 2686 3182 2751 tunicam,
3227 2688 3332 2738 etc.
3368 2684 3545 2755 (831).,
3593 2683 3688 2738 ubi
3724 2697 3832 2738 str-

2129 2773 2283 2842 pra.)
2314 2771 2525 2826 Tunica
2573 2771 2738 2826 talari
2774 2774 2894 2825 tota
2941 2769 3308 2841 hyacinthina
3371 2769 3606 2824 vestitur
3656 2785 3832 2829 sacer,

2133 2861 2254 2925 dos,
2275 2868 2404 2926 etc.,
2439 2874 2607 2929 usque
2632 2859 2705 2912 ad
2726 2867 2874 2914 recte
2907 2859 3135 2912 additur
3159 2874 3172 2912 :

2065 2974 2105 3027 ρ
2207 2950 2360 3003 Vens.
2403 2951 2490 3003 32.
2537 2977 2603 2987 —-
2652 2948 2726 3001 In
2773 2947 2926 3016 cujus
2957 2946 3130 3001 medio
3184 2961 3356 3016 supra
3404 2947 3510 3000 erit
3566 2947 3832 3017 capitium

2135 3040 2184 3090 et
2217 3052 2313 3090 ora
2341 3051 2437 3105 per
2490 3050 2686 3104 gyrum
2725 3035 2841 3104 ejus
2870 3035 3076 3088 textilis
3105 3049 3118 3086 :
3166 3036 3304 3088 sicut
3330 3035 3471 3103 ﬁeri,
3501 3036 3607 3088 etc.
3673 3034 3826 3105 tiapi~

2133 3123 2278 3179 tium
2306 3124 2498 3178 tunica
2529 3122 2894 3194 hyacinthina
2921 3121 3314 3176 firmissimum
3341 3121 3534 3190 habet,
3578 3126 3636 3176 et
3674 3137 3834 3176 oram

2135 3230 2200 3268 ex
2229 3231 2352 3268 sese
2403 3217 2635 3279 textam,
2689 3229 2759 3266 ne
2813 3211 2975 3265 facile
3017 3214 3338 3282 rumpatur,
3397 3227 3528 3265 cum
3587 3210 3837 3282 primor-

2134 3301 2292 3358 dium
2323 3301 2462 3356 boni
2508 3301 2694 3372 operis
2753 3300 2886 3354 forti
2924 3299 3112 3356 radice
3165 3297 3387 3354 timoris
3431 3299 3656 3354 Domini
3703 3299 3835 3354 sub-

2136 3391 2330 3445 nixum
2361 3395 2416 3444 et
2444 3394 2641 3444 contra
2671 3405 2868 3443 omnes
2899 3388 3132 3444 insidias
3191 3387 3414 3458 antiqui
3471 3388 3648 3442 hostis
3702 3403 3838 3458 pro-

2134 3479 2301 3533 batur
2351 3495 2471 3532 esse
2539 3477 2846 3532 munitum.
2914 3477 3062 3532 Talis
3093 3493 3193 3532 ora
3261 3477 3474 3531 collum
3531 3476 3840 3531 sacerdotis

2134 3583 2237 3639 per
2269 3583 2473 3638 gyrum
2504 3567 2670 3621 vestit
2699 3570 2756 3620 et
2785 3570 2968 3631 ornat,
3022 3565 3251 3636 quando
3309 3548 3515 3619 rectori
3569 3565 3839 3620 ﬁduciam

2135 3655 2482 3728 praedicandi
2529 3654 2776 3710 ccelestia
2822 3653 3085 3724 praebet:
3146 3653 3253 3708 hoc
3293 3653 3444 3723 quod
3492 3669 3606 3706 non
3651 3653 3838 3708 solum

2136 3744 2340 3799 invita:
2370 3760 2534 3798 cursu
2597 3747 2747 3796 recte
2795 3741 3018 3807 vixerit,
3056 3741 3153 3796 sed
3209 3741 3498 3796 exordium
3547 3757 3779 3814 quoque
3807 3760 3841 3797 a

2135 3832 2477 3887 rectitudine
2530 3829 2784 3902 coeperit,
2855 3829 2998 3883 sicut
3037 3829 3287 3899 Samuel,
3331 3828 3624 3897 Jeremias,
3671 3831 3843 3884 Joan-

2135 3937 2256 3986 nes,
2285 3920 2384 3991 qui
2407 3919 2474 3973 ab
2506 3918 2627 3990 ipsa
2679 3917 2922 3972 infantia
2974 3917 3258 3987 spirituali
3306 3916 3491 3987 gratia
3532 3917 3752 3989 repleti,
3786 3923 3844 3974 et

2135 4005 2195 4060 in
2225 4007 2519 4060 doctorum
2552 4005 2751 4060 ordine
2786 4007 2920 4058 sunt
2959 4003 3225 4075 separati.
3260 4004 3404 4069 Quia
3441 4005 3595 4059 enim
3656 4022 3758 4060 vox
3779 4007 3841 4062 in

2134 4096 2279 4148 collo
2303 4099 2402 4156 est.
2432 4109 2534 4165 per
2554 4094 2762 4148 collum
2802 4096 2950 4147 recte
2985 4092 3258 4164 loquendi
3304 4109 3438 4147 usus
3501 4093 3848 4163 exprimitur

2133 4185 2273 4238 sicut
2303 4185 2423 4252 ﬁeri
2467 4184 2598 4237 solet
2653 4183 2995 4250 inplextremis
3051 4183 3279 4236 vestium
3330 4181 3633 4250 partibus:
3697 4181 3848 4238 sicut

2138 4272 2382 4325 vestibus
2440 4286 2632 4342 opera,
2695 4271 2775 4324 ita
2817 4268 3086 4334 extremis
3130 4269 3373 4324 vestium
3405 4269 3664 4338 partibus
3703 4287 3844 4341 ope-

2138 4377 2266 4414 rum
2297 4358 2712 4414 consummatio
2758 4358 3057 4429 figuratur.
3109 4359 3206 4412 Vel
3261 4363 3530 4412 extremas
3599 4359 3849 4414 vestium

2138 4454 2343 4520 partes,
2404 4447 2624 4501 ultimae
2678 4450 2811 4501 sunt
2856 4451 3066 4500 nostra)
3144 4445 3574 4513 sollicitudines,
3630 4445 3846 4517 quibus

2137 4536 2356 4604 ﬁdeles,
2401 4552 2530 4590 cum
2583 4536 2747 4590 linire
2805 4535 2978 4589 vitam
3062 4538 3369 4606 coguntur,
3452 4535 3726 4589 intentius
3774 4535 3846 4590 ab

2139 4626 2296 4680 omni
2334 4624 2459 4679 labe
2492 4625 2774 4679 malorum
2805 4639 2866 4678 se
2916 4639 3232 4694 expurgare
3290 4623 3661 4690 contendunt,
3711 4639 3850 4679 cum

2138 4720 2294 4769 metu
2326 4718 2381 4769 et
2400 4730 2608 4786 pavore
2638 4717 2919 4780 curantes,
2954 4729 3023 4766 ne
3051 4717 3183 4766 ante
3222 4712 3538 4767 districtum
3587 4711 3854 4782 judicem

2137 4802 2398 4873 producti
2423 4818 2525 4872 pro
2567 4801 2794 4856 sordido
2824 4801 3097 4856 vitiorum
3145 4800 3344 4874 habitu
3404 4802 3765 4872 expellantur
3786 4801 3853 4857 in

2137 4891 2399 4945 tenebras
2446 4890 2774 4958 exteriores,
2853 4889 2949 4944 sed
3019 4894 3334 4960 appareant
3408 4889 3617 4956 induti,
3698 4889 3858 4945 sicut

2137 4978 2301 5034 electi
2335 4979 2452 5046 Dei,
2513 4979 2724 5033 viscera
2766 4977 3197 5044 misericordiae,
3237 4977 3676 5049 benignitatem,
3729 4994 3861 5033 mo-

2137 5067 2397 5133 destiam,
2455 5065 2793 5136 patientiam
2815 5069 2872 5120 et
2921 5065 3278 5132 charitatem,
3314 5065 3467 5137 quod
3519 5070 3604 5120 est
3643 5065 3860 5121 vincu-

2138 5158 2257 5211 lum
2311 5152 2675 5226 perfectionis
2736 5154 2958 5223 (Coloss.
3012 5154 3116 5223 ιιι).
3171 5153 3383 5208 Tunica
3429 5168 3563 5222 ergo
3620 5152 3865 5223 hyacin-

2139 5243 2298 5300 thina
2329 5242 2500 5298 habet
2546 5259 2705 5297 oram
2765 5242 2828 5297 in
2873 5242 3082 5312 capitio
3128 5243 3404 5308 textilem,
3455 5243 3600 5296 sicut
3653 5243 3717 5297 in
3747 5260 3864 5297 ex-

2138 5332 2336 5389 tremis
2393 5331 2634 5386 vestium
2696 5331 2952 5402 partibus
3005 5331 3149 5386 solet
3187 5331 3312 5385 ﬁeri
3371 5347 3386 5385 :
3462 5347 3592 5385 cum
3652 5331 3866 5385 doctor

2138 5419 2403 5490 egregius
2431 5435 2464 5472 a
2495 5423 2649 5474 tanta
2688 5418 3036 5489 perfectione
3094 5435 3236 5490 opus
3280 5419 3558 5473 virtutum
3615 5418 3866 5475 inchoat

2138 5507 2206 5560 ad
2239 5509 2510 5577 quantam
2567 5506 2710 5560 alius
2765 5507 2940 5578 longo
2995 5508 3186 5562 labore
3219 5508 3305 5562 vix
3355 5507 3663 5578 aliquando
3724 5524 3868 5577 per-
