4064 6186
228 316 303 367 281
1320 315 1570 370 GLOSSA
1610 316 1771 372 OltDl
1783 319 1833 373 N.

2075 350 2121 356 —
2164 320 2292 373 LIB.
2336 318 2537 372 ΕΧΟΙ).
3578 324 3680 376 ‘28?

225 434 410 503 veniat;
440 438 494 488 et
538 449 671 489 cum
711 437 867 488 tanto
918 434 1121 490 timore
1169 435 1474 492 famulatus
1534 438 1694 493 omni
1731 438 1875 494 hora
1903 443 1943 495 Α
1984 440 2211 495 animus
2227 439 2415 495 divine
2438 438 2683 494 nominis
2708 438 2987 494 memoria
3016 455 3241 509 semper
3264 444 3347 494 est
3374 420 3676 511 praeditus,

224 539 328 579 cum
356 523 460 576 Deo
487 538 585 576 suo
617 522 894 587 ambulat,
930 528 1209 595 quantum
1241 525 1385 580 alius
1415 525 1506 581 vix
1539 526 1873 598 moriturus,
1983 534 2113 600 apte
2165 528 2531 600 subjungitur
2562 545 2574 583 :
2645 527 2758 582 Erit
2819 532 3011 583 autem
3066 528 3280 583 lamina
3335 544 3563 600 semper
3620 530 3677 585 in

226 617 267 667 et
285 611 346 666 ad
376 610 646 682 judicium
680 612 945 666 ultimum
977 612 1339 683 ingressurus
1360 615 1571 670 habere
1602 615 1872 685 sufﬁciat;
1984 619 2174 674 fronte
2197 619 2340 691 ejus,
2365 621 2473 673 etc.

225 701 298 755 sed
332 697 456 771 quia
504 703 623 753 tota
678 699 950 769 perfectio
1010 701 1315 756 sacerdotis
1379 701 1435 756 in
1493 704 1764 774 operibus
1819 710 1875 760 et
2052 708 2185 763 Erit
2214 713 2391 762 autem
2423 707 2645 773 lamina,
2678 710 2782 761 etc.
2816 707 2992 775 (830.,
3022 706 3117 759 ubi
3162 720 3353 775 supra,
3404 721 3530 777 cap.
3595 706 3675 776 8).

223 788 443 844 doctrina
487 787 737 842 veritatis
786 788 1064 858 consistit,
1112 791 1429 845 secundum
1466 791 1607 847 illud
1643 810 1655 847 :
1705 795 1874 865 Coepit
1983 796 2040 851 Si
2069 795 2282 851 lamina
2308 796 2537 850 nomine
2578 795 2678 850 Dei
2710 794 2919 865 scripta
2942 809 3170 864 semper
3201 793 3373 849 fuerit
3404 794 3463 849 in
3496 794 3680 850 fronte

222 880 342 931 Iesus
384 877 556 942 facere
609 880 658 930 et
706 875 889 931 docere
941 877 1083 935 (Act.
1129 878 1189 947 1),
1250 882 1401 933 recte
1456 880 1869 952 subjungitur:
1983 886 2193 950 Aaron,
2228 890 2359 953 etc.,
2389 899 2558 954 usque
2581 883 2655 937 ad
2688 882 3004 954 promereri
3036 882 3325 938 festinant.

223 967 439 1018 Deorsum
474 978 596 1018 vero
633 964 709 1017 ad
743 964 906 1034 pedes
937 965 1175 1034 ejusdem
1208 967 1401 1022 tunicae
1429 968 1626 1031 (Exod.
1660 972 1870 1037 xxvm).
2054 974 2212 1027 Vens.
2249 975 2333 1028 39.
2367 1002 2435 1013 —-
2467 974 2814 1042 Stringesque
2842 973 3098 1026 tunicam.
3133 970 3260 1042 (11).,
3292 971 3455 1041 ibid.)
3492 972 3675 1036 Quare

275 1063 435 1117 Facies
480 1065 529 1116 et
583 1064 840 1127 tunicam,
893 1068 1000 1117 etc.
1056 1063 1245 1134 (Bson,
1298 1069 1359 1119 ut
1395 1065 1608 1135 supra.)
1661 1068 1875 1123 Tunica
1984 1061 2133 1116 linea
2162 1061 2311 1116 dicta
2341 1061 2413 1115 sit
2454 1061 2666 1126 stricta,
2726 1063 2855 1127 etc.,
2902 1074 3071 1129 usque
3108 1059 3183 1113 ad
3230 1074 3360 1113 cum
3420 1058 3672 1113 dicitur:

222 1150 667 1220 superbumeralis
697 1150 924 1220 dicitur,
952 1158 1081 1218 etc.,
1115 1168 1284 1222 usque
1314 1154 1387 1207 ad
1408 1171 1439 1207 a
1479 1154 1662 1224 capite
1694 1172 1875 1228 usque
1984 1154 2053 1206 Et
2093 1153 2292 1205 tiaram
2320 1150 2596 1217 byssinam
2628 1151 2814 1216 facies,
2840 1152 2952 1204 etc.

222 1238 274 1292 ad
299 1239 453 1309 pedes
491 1238 676 1309 gratia
705 1239 979 1294 virtutum
1012 1245 1268 1295 contecta
1297 1258 1418 1297 esse
1450 1243 1675 1299 debere.
2058 1241 2229 1306 (Ben,
2262 1238 2418 1307 ibid.)
2452 1237 2708 1302 Qualiter
2733 1238 2851 1291 haec
2884 1237 3027 1290 facta
3059 1237 3150 1303 sit,
3202 1240 3331 1302 etc.,
3386 1250 3555 1307 usque
3600 1238 3674 1291 ad

278 1326 416 1380 Vens.
476 1329 563 1381 33.
623 1356 693 1365 —
746 1329 998 1381 Deorsum
1052 1343 1193 1395 vero,
1257 1336 1363 1383 etc.
1401 1329 1621 1400 (GREG.,
1695 1332 1792 1387 lib.
1860 1352 1873 1387 ι
1984 1327 2338 1381 auditoribus
2377 1341 2643 1398 asperum
2676 1326 2873 1379 reddat
2902 1329 2959 1378 et
2988 1324 3218 1379 durum.

221 1416 409 1481 Regist.,
459 1430 505 1468 c.
552 1413 663 1483 29.)
713 1414 854 1470 Cum
906 1420 1094 1469 rector
1142 1432 1199 1470 se
1245 1416 1315 1470 ad
1348 1417 1694 1489 loquendum
1727 1437 1873 1491 prze-
2054 1418 2134 1472 Et
2168 1418 2388 1480 tiaram,
2440 1421 2543 1471 etc.
2599 1416 2722 1486 (ln.,
2767 1414 2929 1485 ibid.)
2976 1413 3140 1468 Tiara
3189 1429 3317 1485 quas
3362 1411 3570 1467 cidaris
3621 1417 3679 1468 et

220 1506 367 1573 parat,
410 1507 537 1569 etc.,
594 1518 763 1573 usque
808 1502 882 1558 ad
930 1503 1205 1560 unitatem
1235 1504 1371 1561 ﬁdei
1418 1513 1582 1563 cauta
1609 1509 1871 1564 observa-
1983 1505 2152 1559 mitra
2182 1510 2436 1573 vocatur,
2469 1507 2613 1575 etc.,
2644 1520 2812 1574 usque
2840 1503 2915 1557 ad
2955 1501 3159 1556 timore
3206 1501 3306 1556 Dei
3353 1501 3673 1573 perﬁceret.

220 1591 343 1645 tione
378 1591 634 1645 teneatis.
2055 1592 2183 1663 (lo.)
2219 1594 2294 1647 De
2321 1592 2535 1647 factura
2585 1592 2780 1659 baltei,
2837 1597 2968 1660 etc.,
3026 1605 3193 1661 usque
3241 1590 3316 1645 ad
3368 1594 3426 1644 et
3475 1593 3678 1645 caetera

272 1680 441 1749 (Beas,
494 1684 556 1733 ut
602 1680 815 1750 supra.)
851 1681 1125 1735 Deorsum
1158 1682 1229 1737 ad
1260 1683 1435 1753 pedes
1484 1685 1691 1741 tunica:
1730 1688 1875 1742 ﬁunt
1914 1724 1954 1779 Β
1984 1679 2342 1748 indumenta,
2378 1696 2507 1735 cum
2541 1679 2746 1735 ϐίοίῖοΓ
2781 1697 2794 1734 ε

218 1772 315 1831 etc.,
345 1782 501 1835 usque
526 1766 603 1820 ad
628 1766 872 1822 discreto
896 1769 1172 1823 sermonis
1204 1772 1393 1825 sonitu
1415 1772 1681 1843 produnt,
1914 1766 1954 1779 "
2058 1769 2220 1822 Vens.
2256 1768 2343 1822 40.
2376 1798 2444 1808 -
2472 1770 2638 1823 Porro
2666 1767 2796 1836 ﬁliis
2840 1768 3028 1821 Aaron
3078 1767 3291 1821 tunicas
3330 1766 3559 1836 parabis
3608 1767 3676 1820 li-

269 1855 380 1925 (lo.)
408 1856 715 1910 Possumus
757 1855 819 1910 in
861 1857 1212 1912 duodenario
1261 1876 1623 1930 gemmarum
1672 1862 1873 1932 {ratio-
1984 1872 2130 1925 neas,
2170 1861 2275 1910 etc.
2311 1855 2501 1927 (Ibid.)
2536 1854 2845 1909 Dicendum
2884 1858 2967 1907 est
2995 1858 3188 1907 autem
3228 1853 3297 1907 de
3332 1853 3514 1907 balteo
3540 1867 3678 1922 pon-

214 1943 331 1995 nalis
376 1942 717 2015 intelligere,
767 1949 898 2015 etc.,
950 1961 1119 2015 usque
1164 1947 1239 2001 ad
1272 1949 1347 2001 De
1390 1950 1590 2004 eodem
1623 1967 1773 2006 anno

2074 1943 2170 2010 cis,
2230 1946 2360 2009 etc.,
2411 1956 2581 2011 usque
2633 1940 2708 1995 ad
2762 1945 2817 1995 et
2873 1940 3013 1994 ﬁdes
3072 1938 3409 1993 cinctorium
3473 1953 3676 1993 renum

217 2030 357 2085 David
400 2032 580 2087 dicit:
636 2032 916 2088 Benedices
964 2050 1168 2091 coronae
1242 2040 1377 2091 anni
1421 2037 1723 2106 benignatis
1772 2044 1875 2095 tuae
1983 2029 2105 2100 eius

216 2119 526 2189 (Psai.r.x1v).
2059 2119 2293 2172 Tum'cas
2326 2116 2577 2187 parabis,
2635 2119 2737 2169 etc.
2791 2115 2913 2185 (11).,
2963 2113 3125 2183 ibid.)
3173 2113 3413 2168 Tunicas
3463 2113 3677 2168 habent

267 2208 372 2279 (ln.)
418 2209 511 2263 Vel
552 2209 700 2264 sicut
739 2226 914 2280 supra
941 2210 1155 2266 dictum
1197 2215 1299 2280 est,
1327 2218 1459 2281 etc.,
1494 2230 1664 2284 usque
1709 2214 1783 2269 ad
1814 2215 1872 2269 in
1983 2206 2302 2259 sacerdotes
2342 2206 2542 2271 line",
2593 2208 2737 2271 ρίου,
2790 2219 2957 2273 usque
3001 2203 3075 2257 ad
3126 2207 3182 2257 et
3220 2202 3458 2256 Olfacms
3502 2202 3676 2273 digne

214 2297 458 2351 variarum
490 2297 796 2368 splendore
827 2299 1123 2353 virtutum.
1986 2295 2100 2348 Deo
2132 2294 2537 2347 custodiantur.

271 2385 409 2438 Vens.
441 2387 527 2439 35.
564 2418 633 2425 —
681 2388 745 2441 Ut
775 2387 1061 2453 audiatur,
1108 2393 1212 2442 etc.
1273 2390 1493 2458 (Gnnc.,
1545 2392 1641 2445 ubi
1680 2406 1869 2461 supra.

2067 2383 2213 2436 Vnus.
2246 2383 2333 2438 41.
2369 2411 2438 2423 -
2478 2383 2782 2450 Vestiesque
2811 2382 2915 2445 his,
2950 2385 3055 2434 etc.
3090 2381 3215 2447 (10.,
3248 2378 3409 2445 ibid,
3442 2392 3566 2448 cap.
3599 2377 3672 2446 9.)

133 2488 150 2514 ι
211 2472 443 2526 sacerdos
488 2473 821 2544 ingrediens
870 2475 955 2528 vel
1009 2476 1359 2546 regrediens,
1416 2482 1545 2547 etc.,
1590 2495 1757 2549 usque
1801 2481 1875 2535 αιι
1983 2470 2260 2525 Omnibus
2291 2470 2379 2525 his
2410 2470 2736 2525 vestiendus
2766 2472 2887 2524 erat
2916 2471 3102 2523 Aaron
3134 2472 3191 2522 et
3220 2466 3325 2522 ﬁlii
3373 2466 3517 2537 ejus,
3576 2465 3673 2519 sed

216 2561 308 2630 ipsa
334 2578 554 2632 quoque
588 2578 762 2632 opera
792 2563 1100 2617 sacerdotis
1131 2565 1402 2621 clament,
1978 2558 2266 2625 distincte,
2326 2562 2388 2613 ut
2448 2558 2569 2630 ipse
2624 2558 2859 2629 quidem
2909 2556 3175 2611 omnibus
3228 2554 3318 2609 his
3380 2557 3671 2622 uteretur;

265 2648 435 2717 (Βεοο,
475 2651 574 2705 ubi
593 2651 805 2722 supra.)
839 2651 996 2716 Quod
1026 2651 1071 2705 si
1102 2653 1333 2725 Iosephi
1367 2654 1548 2710 verbis
1578 2656 1873 2712 intendere
1982 2647 2084 2701 ﬁlii
2115 2652 2306 2702 autem
2340 2647 2552 2701 ultimis
2582 2647 2783 2715 tribus,
2834 2662 2963 2718 quae
3011 2646 3093 2699 eis
3138 2644 3370 2715 proprie
3426 2642 3673 2712 ascripta

212 2737 455 2806 volumus,
488 2744 624 2805 etc.,
652 2755 821 2809 usque
854 2740 928 2795 ad
958 2741 1223 2812 quadrati
1255 2743 1408 2798 orbis
1439 2744 1695 2816 partibus
1728 2763 1871 2818 pne-
1983 2741 2137 2805 sunt,
2173 2753 2301 2790 cum
2334 2736 2541 2791 dicitur
2578 2753 2590 2790 :
2627 2738 2788 2791 Porro
2811 2736 2943 2803 ﬁliis
2976 2735 3164 2789 Aaron
3202 2732 3421 2788 tunicas'
3443 2731 3671 2802 parabis

214 2824 480 2881 dicaretur.
1984 2826 2169 2890 lineas,
2206 2830 2312 2880 etc.

263 2914 519 2971 “1113.36.
551 2946 620 2955 —
649 2918 833 2972 Facies
852 2922 903 2972 et
923 2917 1202 2988 laminam,
1227 2925 1332 2976 etc.
1365 2921 1689 2992 (lo.,ibid.,
1724 2924 1868 2995 c.7.)
2053 2914 2178 2985 (ln.)
2219 2912 2527 2967 Feminalia
2571 2928 2699 2984 quae
2741 2912 2811 2965 ad
2866 2909 3233 2981 operiendam
3281 2908 3533 2979 corporis
3581 2908 3666 2962 vel

213 3000 407 3056 Lamina
436 3019 616 3057 aurea
646 3004 706 3057 in
735 3004 923 3059 fronte
953 3006 1261 3075 pontiﬁcis,
1312 3018 1442 3078 etc.,
1476 3026 1643 3080 usque
1686 3011 1761 3065 ad
1809 3016 1869 3065 ut
1900 3003 1937 3056 C
1977 3002 2163 3055 carnis
2192 3000 2606 3070 turpitudinem
2639 3000 2802 3066 ﬁunt,
2838 3003 2966 3064 etc.,
2988 3013 3158 3068 usque
3184 2996 3259 3051 ad
3279 2995 3665 3061 feiniualibus,

210 3090 429 3144 eamdem
457 3091 840 3147 resurrexisse
868 3092 1168 3151 fateamur.
1977 3090 2188 3144 scilicet
2220 3090 2357 3143 linea
2393 3090 2604 3156 stricta,
2633 3089 2885 3159 cingulo,
2919 3090 2977 3141 et
3004 3086 3167 3141 tiara.

262 3178 784 3287 LSanctum‘Domino,
814 3184 918 3235 etc.
946 3182 1097 3287 ⁷(11).)
1153 3183 1309 3249 Quod
1350 3185 1411 3239 in
1444 3186 1654 3287 lamina
1687 3188 1869 3258 sculpi
2604 3231 2827 3287 CAPUT
2864 3231 3017 3286 XXIX

206 3265 414 3335 iubetur,
473 3271 612 3337 etc.,
665 3284 835 3339 usque
886 3270 961 3324 ad
1014 3287 1187 3342 quam
1242 3273 1528 3343 reparavit
1586 3290 1687 3329 sua
1738 3291 1865 3345 pas-
2604 3265 2815 3287 “‘“U'
2864 3265 3038 3286 ““m'

211 3353 352 3407 sione.
2051 3360 2209 3413 Vens.
2258 3363 2301 3412 1.
2346 3388 2405 3397 -
2439 3356 2542 3414 Sed
2570 3360 2619 3411 et
2650 3355 2745 3411 hoc
2773 3357 3092 3423 facies,etc.
3118 3354 3310 3425 (Beas,
3342 3354 3438 3409 ubi
3456 3354 3667 3422 supra.)

260 3442 370 3513 (10.)
418 3442 694 3499 Sanctum
758 3444 983 3499 Domini
1039 3462 1178 3501 auro
1231 3447 1515 3518 sculptum
1575 3448 1633 3503 in
1684 3448 1867 3506 fronte
1979 3448 2260 3502 Hactenus
2290 3449 2475 3501 Aaron
2512 3448 2567 3499 et
2595 3444 2846 3500 ﬁliorum
2880 3445 3001 3514 ejus
3042 3443 3272 3497 habitus
3320 3442 3505 3514 qualis
3547 3458 3669 3497 esse

210 3534 479 3599 Dortamns,
523 3536 655 3598 etc.,
693 3547 863 3602 usque
904 3533 978 3587 ad
1016 3534 1117 3604 qui
1147 3536 1409 3589 omnibus
1440 3537 1653 3593 debent
1685 3554 1868 3593 exem-
1976 3536 2196 3601 debeat,
2233 3540 2362 3603 etc.,
2392 3550 2559 3603 usque
2584 3534 2657 3587 ad
2686 3533 2927 3603 ﬁgurate
2968 3532 3378 3586 demonstrant.

210 3617 334 3684 νίιιπι
357 3620 578 3676 Virtutis
614 3620 941 3676 ostendere.
2052 3626 2193 3679 Tolle
2230 3625 2477 3679 vitulum.
2527 3621 2771 3691 (Suum)
2821 3620 3093 3693 Quisquis
3142 3620 3395 3692 pontifex
3438 3621 3525 3674 vel
3575 3635 3670 3673 sa-

264 3706 401 3763 Vsas.
434 3712 521 3765 37.
556 3740 624 3749 —
658 3709 987 3779 Ligabisque
1009 3725 1143 3765 cam.
1181 3710 1412 3782 Ligatur
1460 3713 1694 3783 lamina,
1726 3718 1867 3787 'quae
1975 3714 2175 3767 cerdos
2206 3718 2433 3767 taurum
2458 3710 2624 3766 debet
2654 3709 2877 3796 otferre,
2904 3710 2959 3763 id
2986 3713 3087 3775 est,
3112 3708 3437 3781 passionem
3462 3708 3671 3763 Christi

209 3799 423 3849 sanctum
480 3796 718 3850 Domini
770 3796 1043 3865 continet,
1103 3797 1219 3852 vita
1296 3799 1664 3870 hyacinthina
1737 3820 1867 3858 cum
1975 3801 2218 3856 ﬁrmiter
2245 3800 2474 3854 credere
2504 3804 2558 3852 et
2588 3797 2838 3864 imitari;
2873 3802 2928 3851 et
2978 3798 3120 3851 duos
3163 3796 3503 3863 arietes,‘ut
3549 3813 3671 3851 cre-

209 3879 320 3935 tiara
369 3884 675 3954 pontiﬁcis,
733 3900 863 3938 cum
931 3902 1028 3955 spe
1086 3888 1397 3944 crelestium
1473 3890 1865 3961 praemiorum,
1976 3891 2071 3945 dat
2104 3889 2369 3943 eumdem
2400 3887 2683 3942 Christum
2713 3903 2774 3939 ex
2802 3902 3042 3957 corpore
3073 3890 3128 3939 et
3152 3887 3345 3939 anima
3370 3891 3666 3950 constare;

207 3981 340 4035 quam
369 3970 711 4042 hyacinthus
741 3972 1043 4043 signiﬁcat,
1076 3974 1139 4028 in
1187 3976 1298 4029 ﬁde
1350 3979 1759 4049 confortamur,
1812 3983 1868 4036 et
1975 3982 2031 4033 et
2063 3993 2239 4049 panes
2288 3991 2538 4048 azymos,
2591 3974 2645 4027 id
2688 3979 2791 4043 est,
2848 3972 3189 4027 munditiam
3231 3972 3397 4041 vitae;
3438 3977 3496 4027 et
3538 3974 3665 4027 oleo

206 4069 253 4107 eo
276 4059 463 4113 arctius
490 4066 851 4115 sacramenta
892 4065 1105 4116 nostra:
1136 4063 1570 4135 redemptionis,
1604 4069 1689 4122 vel
1720 4068 1864 4122 ima-
1973 4081 2324 4137 conspersos,
2378 4068 2440 4117 ut
2493 4062 2642 4116 inter
2693 4077 2890 4115 omnes
2948 4060 3183 4114 virtutes
3242 4076 3361 4114 non
3410 4061 3668 4132 negligat

204 4142 357 4211 ginem
409 4163 473 4202 ac
519 4148 959 4204 similitudinem
1005 4150 1319 4206 conditoris
1367 4170 1429 4207 ac
1489 4154 1866 4227 redemptoris
1975 4172 2147 4227 opera
2178 4152 2586 4209 misericordim
2625 4150 2732 4218 vel,
2767 4166 2879 4204 non
2909 4164 2942 4203 a
2969 4166 3047 4216 se,
3080 4150 3177 4204 sed
3209 4165 3242 4203 a
3271 4149 3424 4203 dono
3466 4150 3665 4221 gratiae

208 4234 347 4289 nostri
396 4236 801 4292 intemeratam
858 4254 1169 4307 servamus,
1221 4256 1334 4312 quo
1410 4242 1633 4297 nullum
1709 4244 1864 4299 aliud
1891 4287 1933 4341 Β
1974 4262 2032 4299 se
2059 4244 2248 4297 credat
2279 4242 2505 4295 habere.

206 4334 297 4373 esse
345 4324 535 4380 salutis
614 4326 726 4381 iter
776 4327 1164 4398 cognovimus.
1227 4330 1305 4383 De
1362 4330 1502 4385 tiara
1551 4347 1656 4387 suo
1737 4333 1861 4388 loco
1891 4324 1932 4341 υ
2047 4335 2207 4387 Vens.
2240 4336 2292 4386 2.
2326 4329 2834 4386 —Etcrustulam.
2886 4328 3080 4398 (Bene,
3128 4328 3223 4383 ubi
3262 4327 3476 4399 supra.)
3525 4327 3665 4382 Cru-

206 4406 401 4466 ἀίεθίιιτο
1973 4423 2177 4475 stulam
2211 4422 2335 4474 oleo
2367 4433 2727 4490 conspersam
2758 4418 2826 4471 ad
2875 4417 3363 4473 consecrationem
3412 4422 3664 4472 nostram

258 4497 389 4555 Vens.
455 4502 543 4557 38.
604 4531 673 4542 —
730 4502 1083 4573 Portabitque
1129 4505 1339 4561 Aaron.
1399 4509 1591 4561 Portat
1650 4509 1864 4564 scilicet
1976 4510 2213 4564 Domino
2260 4507 2574 4575 offerimus,
2631 4522 2759 4559 cum
2811 4505 3026 4575 omnia,
3078 4522 3207 4577 qua:
3256 4506 3514 4573 facimus,
3563 4521 3666 4576 per

207 4589 419 4643 sacerdos
453 4591 792 4662 iniquitates
838 4592 897 4646 in
945 4594 1274 4649 muneribus
1323 4599 1378 4650 et
1421 4596 1675 4651 donariis
1733 4615 1861 4670 qum
1974 4598 2257 4653 interuam
2292 4597 2535 4669 Spiritus
2568 4594 2809 4667 gratiam
2841 4595 3129 4649 in'cordis
3180 4594 3480 4649 devotione
3522 4594 3663 4664 )pin-

207 4672 493 4734 obtulerunt
522 4681 789 4749 Domino,
832 4687 889 4736 et
934 4683 1429 4740 sanctiﬁcaverunt
1480 4686 1583 4741 ﬁlii
1644 4688 1859 4744 Israel:
1972 4691 2269 4757 guescunt.
2333 4686 2550 4756 Legam
2612 4685 2737 4737 oleo
2794 4683 2914 4750 lita,
2971 4699 3099 4737 cum
3158 4682 3291 4736 foris
3347 4682 3663 4754 spiritualia

205 4776 301 4817 cum
336 4782 432 4837 pro
460 4769 745 4823 fructibus
775 4770 963 4841 dignae
994 4771 1372 4841 poenitentiae,
1403 4773 1459 4829 id
1490 4778 1573 4828 est
1604 4776 1861 4829 eleemo-
1972 4792 2111 4841 esse,
2155 4791 2283 4845 qua:
2315 4776 2553 4845 agimus,
2589 4770 2983 4826 indubitanter
3012 4771 3069 4825 in
3093 4771 3414 4840 exemplum
3434 4770 3661 4823 vivendi

206 4852 341 4919 synis,
390 4857 726 4928 ceterisque
783 4858 1051 4930 operibus
1121 4860 1363 4931 justitiaa
1442 4878 1572 4933 quae
1645 4862 1863 4920 faciunt
1971 4862 2606 4933 ostendiluus;quibus
2637 4860 3017 4915 oblationibus
3070 4859 3419 4913 consecratio
3469 4862 3662 4914 nostra

206 4941 521 5024 minitantes,
554 4962 587 4999 a
620 4951 781 5001 reatu
818 4947 1095 5001 scelerum
1141 4948 1397 5003 absolvit.
1451 4951 1581 5005 Haec
1626 4952 1861 5023 quidem
1971 4952 2281 5024 perﬁcitur,
2313 4951 2451 5006 dum
2482 4966 2585 5021 per
2613 4949 2761 5004 bona
2792 4965 2967 5019 opera
2992 4952 3047 5002 et
3085 4947 3458 5019 cogitationes
3484 4963 3660 5018 puras

206 5022 262 5077 ita
284 5033 515 5098 gerenda
549 5034 837 5089 institutio
877 5034 1068 5089 divina
1100 5035 1158 5089 in
1180 5036 1380 5091 habitu
1408 5039 1696 5108 pontiﬁcis
1716 5040 1861 5111 ﬁgu-
1972 5022 2239 5096 meritum
2282 5039 2443 5093 nobis
2508 5037 2919 5105 sanctimoniae,
2973 5039 3087 5093 Deo
3138 5036 3404 5099 donante,
3454 5037 3659 5110 acqui-

206 5117 314 5170 ravit
341 5124 391 5173 et
416 5121 607 5176 verbis
635 5123 931 5178 manifeste
964 5123 1174 5178 docuit.
1214 5125 1364 5179 Proh
1397 5127 1592 5182 dolor!
1642 5134 1856 5194 autem,
1972 5132 2170 5185 rimus.

208 5203 395 5269 quidam
423 5209 663 5265 donaria
694 5211 998 5282 accipiunt,
1029 5212 1145 5267 imo
1175 5214 1430 5284 exigunt,
1474 5219 1530 5269 et
1584 5214 1858 5287 iniquita-
2040 5221 2273 5287 Cumque
2303 5216 2498 5269 laveris
2524 5218 2758 5284 patrem,
2793 5216 2898 5266 etc.
2956 5212 3074 5285 (ln.)
3130 5212 3290 5267 Prius
3344 5214 3519 5267 lavari
3563 5216 3657 5285 ju-

211 5296 266 5343 les
290 5297 467 5367 populi
492 5315 615 5353 non
645 5304 939 5370 asportant
969 5315 1071 5355 nec
1101 5302 1398 5373 castigant,
1449 5319 1579 5358 cum
1634 5304 1707 5358 ob
1752 5305 1860 5359 hoc
1968 5307 2192 5372 bentur,
2225 5306 2430 5361 deinde
2456 5303 2648 5359 ornari
2694 5302 2964 5368 vestibus,
3009 5302 3146 5373 quia
3188 5302 3517 5374 quicunque
3571 5319 3658 5357 sa-

211 5379 351 5437 wlum
412 5386 660 5442 debeant
733 5404 958 5443 sumere
1017 5391 1287 5458 carnalia,
1348 5391 1484 5463 quia
1531 5392 1861 5449 ministrant
1968 5396 2206 5451 cerdotii
2228 5395 2476 5450 ofﬁcium
2498 5395 2756 5462 assumit,
2782 5393 2933 5448 unda
2954 5394 3333 5466 lacrymarum
3357 5392 3660 5448 seabluere

211 5468 497 5555 spiritualia.
548 5476 661 5531 Sed
711 5477 848 5549 quia
891 5493 993 5549 pro
1037 5478 1278 5534 subditis
1323 5484 1511 5551 potest
1558 5480 1860 5537 efﬁcaciter
1969 5484 2157 5550 debet,
2189 5488 2253 5539 ut
2281 5484 2347 5539 ad
2390 5482 2771 5538 ministerium
2822 5481 3076 5537 divinum
3133 5480 3339 5553 dignus
3392 5479 3658 5555 approxi-

214 5552 438 5630 laborare,
480 5565 815 5635 praedicare,
895 5575 951 5621 et
1005 5567 1246 5623 Domino
1306 5569 1631 5641 supplicare
1694 5572 1855 5642 cujus
1969 5576 2103 5625 met.
