4064 6186
225 309 231 316 ἱ
294 220 410 282 283

907 227 1297 284 WALAFRIDI
1337 229 1582 286 STRABI
1625 231 1819 286 FULD.
1866 232 2025 287 MON.
2081 232 2238 287 OPP.
2284 233 2458 289 PARS
2505 234 2549 289 Ι.
2592 262 2661 272 -ο
2701 231 3154 289 THEOLOGICA.

3690 235 3800 290 284

370 349 591 420 (ΒΒΒΔ.)
618 349 814 403 Posset
841 346 903 402 in
931 347 1038 403 hoc
1065 347 1287 402 lavacro
1316 347 1598 419 baptisma
1636 349 1778 403 sacri
1812 349 1985 404 fontis
2015 351 2061 405 A
2101 356 2236 408 sunt
2267 352 2330 407 in
2369 353 2458 409 his
2507 352 2738 408 annulis
2785 356 3032 424 quatuor
3077 351 3368 424 Evangelii
3420 353 3551 408 libri
3595 355 3797 427 accipi,

293 435 563 507 intelligi,
594 436 660 490 'si
709 440 1152 508 consequeretur
1204 439 1266 488 ut
1305 435 1434 506 quis
1494 435 1554 490 in
1609 438 1987 492 sacerdotium

295 526 528 593 electus,
562 528 698 580 tunc
728 525 982 596 primum
1011 541 1161 596 aqua
1185 524 1539 595 baptismatis
1587 524 1647 579 in
1692 527 1985 581 remissio-

293 629 429 668 nem
468 618 830 685 peccatorum
885 613 1232 680 ablueretur,
1290 616 1348 667 et
1405 629 1519 667 non
1577 616 1990 671 contradiceret

290 703 598 773 Apostolus
629 703 821 757 dicens
853 704 1020 774 {Non
1047 703 1374 772 neophytum
1415 705 1474 756 in
1510 705 1822 773 superbiam
1871 706 1988 760 ela-

290 795 400 853 tus,
430 793 491 846 in
507 791 782 861 judicium
812 791 1024 846 incidat
1043 791 1249 845 diaboli
1277 790 1324 861 (1
1356 791 1496 846 Tim.
1531 791 1635 862 ιιι.)

357 881 520 935 Vens.
557 884 608 934 5.
647 880 976 950 -,1ηὰιιοεε
1032 880 1244 950 Aaron,
1302 885 1408 936 etc.
1469 881 1600 952 (10.)
1656 883 1988 939 Notandum

283 968 440 1039 quod
467 984 598 1024 cum
631 969 692 1022 in
723 968 906 1024 Exodo
936 969 1130 1024 Aaron
1169 973 1294 1024 octo
1352 969 1606 1025 vestibus
1657 971 1986 1028 induendus

281 1062 654 1123 asseveretur,
727 1063 859 1123 etc.,
917 1072 1086 1127 usque
1124 1058 1199 1112 ad
1253 1057 1390 1130 quia
1437 1058 1594 1114 venit
1631 1059 1691 1114 in
1751 1063 1986 1116 nomine

293 1145 476 1202 Patris
505 1147 699 1201 dicens
726 1163 739 1201 :
771 1147 895 1215 Ego
924 1149 984 1201 in
1006 1151 1167 1217 patre
1195 1152 1245 1202 et
1281 1151 1439 1216 pater
1462 1150 1521 1203 in
1547 1163 1628 1204 me
1655 1154 1733 1205 est
1762 1166 1776 1205 :
1805 1157 1855 1207 et
1893 1154 1992 1222 qui

287 1235 438 1291 videt
466 1250 566 1301 me,
598 1235 746 1290 videt
767 1239 817 1290 et
845 1239 1056 1305 patrem
1087 1236 1265 1304 (Joan.
1291 1235 1385 1307 ιν).

357 1323 522 1378 Vens.
569 1325 622 1379 9.
671 1353 741 1366 —-
788 1327 1100 1395 Postquam,
1158 1329 1262 1380 etc.
1317 1325 1502 1396 (AUG.,
1559 1331 1750 1398 quaest.
1803 1331 1872 1384 25
1930 1331 1990 1385 in

289 1411 497 1483 Exod.)
555 1411 683 1468 Alia
737 1411 944 1481 littera,
1004 1417 1136 1480 etc.,
1191 1429 1360 1484 usque
1413 1414 1487 1470 ad
1551 1415 1892 1472 sanctiﬁcari
1957 1435 1991 1475 a

291 1503 500 1573 Moyse.

362 1592 525 1694 γειιῇ
559 1593 641 1646 10.
677 1619 739 1694 -τ
787 1590 1130 1694 Applicabis,
1173 1595 1281 1647 etc.
1342 1593 1527 1694 (Anc,
1583 1599 1780 1694 quaest.
1843 1595 1987 1694 126.)
2027 1637 2069 1694 Β

289 1679 417 1735 Alia
441 1679 646 1749 littera,
681 1683 815 1749 etc.,
845 1694 1013 1750 usque
1050 1681 1124 1735 ad
1167 1697 1339 1752 super
1389 1681 1634 1737 vitulum
1680 1683 1986 1740 immolan-

291 1769 449 1824 dum.

356 1857 526 1912 Vens.
565 1858 647 1912 18.
681 1885 750 1897 —
777 1855 988 1912 Oblatio
1035 1860 1114 1913 est
1147 1857 1396 1914 Domino.
1441 1857 1632 1930 (Αιιρ.)
1669 1860 1826 1916 Odor
1855 1877 1984 1917 sna-

288 1945 482 2000 vitatis
516 1943 778 2014 Domino,
810 1951 942 2013 etc.,
977 1960 1147 2016 usque
1183 1946 1258 2001 ad
1286 1946 1520 2002 odorem
1549 1949 1841 2020 corporeis
1877 1967 1988 2005 na—

287 2033 451 2088 ribus
478 2032 649 2088 ducit.

364 2123 528 2177 Vens.
571 2124 659 2177 22.
711 2150 782 2165 -
831 2123 1172 2192 Armumque
1223 2123 1497 2181 dextrum.
1550 2124 1760 2195 (Gaza,
1808 2128 1984 2191 Past.,

287 2213 439 2280 part.
473 2227 534 2277 ιι,
567 2226 614 2264 c.
649 2211 728 2281 3.)
761 2211 1030 2266 Sacerdos
1083 2211 1276 2267 divina
1325 2213 1470 2285 lege,
1522 2219 1651 2284 etc.,
1696 2230 1866 2286 usque
1913 2216 1988 2271 ad

291 2297 363 2352 ad
392 2297 662 2353 sublimia
691 2313 849 2353 armo
879 2297 1070 2368 operis
1095 2297 1312 2354 invitet.

357 2387 518 2442 Vens.
552 2389 640 2442 30.
670 2416 740 2430 —
769 2389 840 2443 Et
869 2388 970 2459 qui
997 2389 1353 2456 ingredietur.
1388 2388 1578 2460 (Aue.,
1611 2395 1799 2460 quaest.
1834 2393 1981 2461 129.)

291 2475 590 2541 Quomodo
622 2491 759 2546 ergo
788 2476 1089 2547 proprium
1121 2476 1258 2531 dicit
1289 2477 1460 2549 hujus
1481 2479 1652 2534 unius
1683 2496 1825 2548 esse,
1850 2485 1983 2552 etc.,

290 2579 458 2634 usque
479 2565 556 2619 ad
593 2568 650 2619 et
681 2563 983 2635 utrobique
1015 2570 1336 2620 servaretur
1360 2567 1510 2638 quod
1543 2568 1819 2640 scriptum
1853 2573 1939 2624 est
1967 2587 1980 2625 :

289 2651 672 2723 Superemaltat
695 2653 1070 2708 misericordia
1092 2653 1368 2722 judicium
1398 2656 1547 2725 (Jac.
1583 2657 1666 2727 ιι).

932 2783 1156 2839 CAPUT
1193 2785 1342 2840 XXX.

2099 446 2232 511 etc.,
2288 457 2460 513 usque
2515 442 2590 498 ad
2646 441 2946 514 sequentia
3017 441 3458 497 demonstrant:
3517 443 3800 515 Ponesque

2098 531 2295 598 altare,
2328 535 2433 585 etc.

2169 620 2332 674 Vens.
2363 625 2414 675 7.
2445 650 2517 660 —
2553 621 2624 675 Et
2672 618 3248 691 adolebitjincensum,
3299 622 3404 674 etc.
3455 620 3586 690 (10.,
3631 621 3798 692 ibid.,

2098 723 2221 780 cap.
2258 709 2367 780 12.)
2431 709 2734 764 Incensum
2795 709 2885 766 vel
2939 709 3272 781 thymiama,
3329 713 3461 776 etc.,
3495 725 3666 781 usque
3717 710 3795 766 ad

2099 797 2312 870 gratias
2351 797 2679 853 reddamus.

2171 885 2307 958 (10.)
2362 888 2434 941 Et
2483 885 2719 941 adolebit
2770 887 3063 953 incensum,
3105 888 3210 940 etc.
3273 885 3433 940 Mane
3507 889 3630 940 orto
3657 887 3793 941 sole

2099 975 2248 1029 clare
2274 973 2486 1040 omnia,
2518 979 2651 1037 etc.,
2678 989 2846 1044 usque
2876 974 2950 1029 ad
2982 973 3041 1028 in
3069 973 3380 1044 caliginoso
3411 975 3557 1029 loco.

2168 1064 2327 1118 Mane
2355 1061 2578 1132 quando
2608 1066 2898 1132 componet.
2933 1061 3060 1131 (10.,
3095 1061 3255 1132 ibid.)
3283 1062 3443 1116 Mane
3480 1064 3670 1117 Aaron
3703 1062 3795 1117 in-

2099 1163 2354 1216 censum,
2382 1152 2494 1203 etc.
2512 1189 2527 1218 ,
2555 1163 2725 1218 usque
2753 1147 2827 1203 ad
2855 1153 2916 1203 et
2945 1147 3210 1220 precibus
3251 1163 3449 1203 vacare
3500 1148 3796 1204 delectan-

2099 1242 2213 1294 tur.

2170 1325 2336 1379 Vsus.
2365 1325 2418 1380 9.
2446 1351 2517 1365 —
2581 1325 2697 1380 Non
2723 1324 2969 1394 offeratis.
3004 1323 3130 1395 (10.,
3171 1322 3336 1394 ibid.)
3387 1325 3452 1379 1n
3499 1325 3795 1396 sequenti-

2097 1412 2224 1479 bus,
2246 1418 2564 1482 etc.,usque
2591 1411 2667 1467 ad
2695 1417 2934 1468 stratum
2970 1427 3139 1468 suum
3172 1428 3276 1484 per
3300 1413 3555 1485 singulas
3596 1416 3796 1468 noctes

2099 1499 2363 1572 irrigant.

2169 1589 2288 1661 (10.)
2366 1591 2670 1646 Possumus
2743 1591 2865 1646 haec
2935 1590 3138 1646 altaria
3204 1589 3595 1662 interpretari,
3658 1594 3793 1660 etc.,

2097 1694 2266 1748 usque
2293 1678 2366 1733 ad
2395 1682 2578 1751 potest
2609 1678 2803 1750 accipi.
3233 1680 3266 1733 β

2167 1770 2328 1822 Vens.
2365 1771 2446 1823 10.
2484 1799 2552 1808 ——
2589 1771 2660 1822 Et
2688 1767 3084 1838 deprecabitur,
3116 1771 3219 1822 etc.
3262 1766 3390 1838 (10.,
3434 1766 3602 1836 ibid.)
3650 1767 3797 1833 Quia

2096 1856 2351 1913 Christus
2383 1856 2644 1912 sacerdos
2673 1861 2886 1925 noster,
2943 1860 3072 1925 etc.,
3124 1871 3294 1926 usque
3332 1855 3407 1910 ad
3453 1860 3603 1910 recte
3652 1855 3793 1910 sub-

2087 1945 2282 2016 jungit
2315 1961 2327 2000 :

2163 2033 2234 2090 Et
2269 2033 2532 2104 placabit,
2579 2036 2684 2089 etc.
2727 2032 2854 2104 (10.)
2895 2033 3084 2088 Placat
3138 2034 3326 2088 Aaron
3385 2048 3559 2104 super
3610 2033 3792 2088 altare

2092 2121 2326 2190 incensi,
2358 2127 2487 2178 etc..
2519 2137 2688 2192 usque
2716 2123 2790 2176 ad
2821 2123 2972 2177 Isaac
3001 2127 3058 2177 et
3087 2122 3283 2188 Israel,
3316 2126 3423 2177 etc.

2163 2212 2322 2265 Vens.
2383 2214 2465 2270 11.
2518 2239 2586 2252 -—
2655 2211 3013 2280 Locutusque,
3071 2214 3178 2265 etc.
3254 2209 3546 2281 Descripto
3619 2210 3788 2265 altari

2091 2299 2329 2364 incensi,
2361 2302 2535 2354 restat
2561 2298 2865 2370 descriptio
2899 2299 3034 2354 labii
3067 2299 3234 2367 aenei,
3267 2299 3328 2354 in
3370 2315 3483 2370 quo
3532 2298 3795 2356 levarent

2092 2404 2296 2442 manus
2321 2391 2378 2442 et
2405 2387 2578 2459 pedes
2605 2387 2920 2458 ingressuri
2968 2387 3399 2442 tabernaculum
3444 2388 3792 2457 sacerdotes,

2090 2477 2187 2532 sed
2218 2493 2399 2532 unum
2429 2476 2761 2532 mandatum
2792 2475 3183 2546 prmmittitur.

2163 2566 2325 2620 Vens.
2385 2568 2467 2620 12.
2526 2593 2598 2607 —
2652 2563 2876 2632 Quando
2936 2565 3144 2619 tuleris.
3206 2565 3397 2633 (BEDA,
3450 2564 3544 2618 ubi
3595 2579 3790 2635 supra,

2092 2669 2214 2724 cap.
2278 2653 2388 2724 13.)
2446 2652 2629 2724 Hujus
2687 2652 2955 2724 przecepti
3006 2651 3216 2706 oblitus
3263 2655 3346 2707 est
3405 2651 3602 2716 David,
3657 2660 3786 2716 etc.,

2090 2757 2261 2811 usque
2281 2742 2354 2797 ad
2383 2742 2630 2812 propriae
2661 2741 2875 2796 divitiae
2905 2756 3042 2796 suae.

2165 2831 2326 2884 VEus.
2361 2833 2447 2887 13.
2478 2859 2550 2871 —
2579 2829 2877 2885 Dimidium
2904 2831 3045 2886 sicli.
3079 2830 3210 2898 (10.,
3242 2830 3401 2899 ibid.)
3452 2830 3512 2885 ld
3562 2833 3645 2884 est
3684 2829 3786 2885 de-

360 2912 524 2968 Vens.
561 2917 606 2968 l.
651 2942 720 2955 —
765 2915 948 2971 Facies
993 2929 1208 2985 quoque
1247 2918 1442 2985 altare,
1493 2921 1598 2975 etc.
1647 2919 1831 2989 (BEDA,
1888 2920 1982 2974 ubi
2011 2927 2050 2985 ο
2090 2934 2211 2973 cem
2243 2919 2457 2986 obolos,
2487 2919 2642 2986 etc.,!
2669 2933 2838 2988 usque
2886 2917 2961 2973 ad
3012 2918 3170 2973 nulla
3222 2922 3412 2990 potest
3465 2917 3791 2974 inﬁdelium

287 3015 480 3070 supra,
539 3017 662 3073 cap.
722 3004 834 3073 11.)
886 3003 1128 3076 Expletis
1177 3005 1460 3060 mandatis
1517 3007 1976 3078 consecrationis,

289 3093 420 3158 etc.,
451 3105 619 3158 usque
645 3091 719 3146 ad
744 3091 916 3146 etiam
947 3093 1008 3146 in
1037 3108 1276 3164 corpore
1305 3095 1792 3167 appropinquant.

360 3178 570 3232 Altare.
607 3179 752 3249 ((10.,
784 3181 942 3250 ibid.)
973 3183 1118 3251 Apte
1149 3181 1321 3236 etiam
1365 3183 1543 3238 altare
1593 3185 1982 3255 thymiamatis

291 3268 570 3335 quantum
591 3267 806 3321 metalli
849 3267 1070 3339 fulgore
1121 3271 1500 3340 praecellebat,
1555 3275 1711 3327 tanto
1759 3273 1982 3343 quanti-

290 3357 404 3408 tate
428 3353 619 3409 minus
649 3360 772 3410 erat
799 3371 812 3410 :
844 3361 1060 3428 quanto
1087 3357 1240 3412 enim
1272 3360 1597 3428 sanctiores,
1631 3365 1807 3416 tanto
1837 3378 1981 3432 pau-

292 3455 494 3494 ClOl‘eS.

356 3531 430 3583 De
459 3529 625 3598 lignis
668 3531 844 3586 setim.
899 3529 1028 3600 (10.,
1082 3532 1241 3603 ibid.)
1289 3535 1431 3606 Apte
1479 3535 1548 3588 de
1601 3534 1769 3604 lignis
1813 3536 1980 3591 setim

288 3617 433 3672 albae
463 3617 644 3688 spinae
670 3618 955 3675 similibus
982 3626 1040 3676 et
1066 3621 1612 3693 incorruptibilibus,
1649 3629 1779 3692 etc.,
1812 3640 1982 3696 usque

285 3706 360 3760 ad
391 3706 546 3761 varia
575 3707 952 3764 donationum
983 3710 1166 3782 gratia
1193 3711 1457 3766 viviticat.

359 3795 519 3851 Vens.
577 3799 629 3851 2.
675 3827 743 3836 —
799 3799 1014 3854 Habens
1065 3799 1324 3854 cubitum.
1391 3800 1517 3870 (10.,
1569 3799 1687 3854 ibid
1711 3801 1735 3869 )
1807 3802 1981 3856 Unius

287 3882 461 3937 cubiti
501 3888 584 3938 est
609 3884 910 3956 longitudo
944 3886 1134 3942 altaris
1166 3891 1222 3942 et
1248 3887 1511 3958 latitudo,
1542 3892 1672 3957 etc.,
1702 3904 1870 3959 usque
1908 3890 1982 3944 ad

287 3971 541 4028 ofﬁcium
573 3973 803 4044 pietatis
831 3974 1144 4046 impendat.

359 4063 826 4132 Quadrangulum.
887 4066 1015 4134 (10.,
1062 4064 1224 4137 ibid.)
1273 4065 1443 4122 Recte
1489 4067 1666 4121 altare
1732 4067 1981 4138 thymia-

285 4148 476 4216 matis,
508 4154 636 4218 etc.,
671 4154 853 4220 usque;
869 4151 945 4205 ad
974 4151 1172 4206 laetitia
1203 4153 1550 4223 sempiterna
1577 4154 1685 4208 erit
1715 4153 1816 4208 eis.

359 4237 600 4292 Cornua.
649 4237 777 4307 (10.,
830 4237 990 4308 ibid.)
1041 4239 1266 4293 Cornua
1317 4240 1688 4295 eminentiam
1736 4241 1872 4296 ﬁdei
1926 4246 1982 4296 et

287 4322 512 4378 virtutis
543 4323 885 4394 signiﬁcant,
935 4330 1064 4392 etc.,
1115 4341 1284 4396 usque
1335 4327 1410 4382 ad
1455 4329 1702 4400 speciem
1751 4329 1978 4401 pietatis

289 4411 585 4479 habentes,
619 4410 890 4466 virtutem
920 4412 1041 4483 ejus
1072 4419 1304 4485 negant.

361 4501 522 4556 Vnus.
554 4503 606 4557 3.
640 4531 708 4540 —
743 4503 1050 4572 Vestiesque
1088 4503 1246 4571 illud,
1293 4507 1400 4559 etc.
1453 4503 1580 4574 (10.,
1633 4505 1793 4577 ibid.)
1833 4509 1978 4578 Apte

284 4604 419 4644 vero
446 4588 586 4643 illud
620 4605 753 4644 aere.
783 4594 912 4658 etc.,
945 4605 1116 4660 usque
1152 4591 1228 4645 ad
1291 4597 1504 4664 quanta
1546 4594 1842 4651 dulcedine
1877 4596 1978 4651 Dei

285 4677 345 4732 in
376 4678 708 4733 abscondito
739 4680 928 4734 vultus
960 4679 1310 4735 reﬁciantur.

359 4768 491 4822 Tam
517 4769 854 4836 craticulam,
889 4773 994 4822 etc.
1027 4768 1150 4840 (10.,
1181 4769 1339 4840 ibid.)
1375 4771 1522 4824 Bene
1571 4771 1843 4827 craticula
1888 4773 1977 4827 al-

287 4853 444 4922 taris,
478 4861 617 4920 etc.,
651 4871 818 4927 usque
842 4857 916 4912 ad
944 4861 1093 4912 recte
1124 4857 1387 4912 subditur
1419 4874 1432 4913 :

355 4944 537 4998 Facies
568 4960 777 5014 quoque
803 4948 854 5002 si
881 4948 931 5000 ei
959 4961 1222 5013 coronam,
1259 4950 1364 5002 etc.
1409 4946 1533 5018 (10.,
1576 4947 1735 5019 ibid.)
1786 4950 1977 5005 Altare

285 5029 505 5085 incensi
537 5048 808 5088 coronam
842 5035 1016 5090 habet
1043 5049 1145 5106 per
1171 5051 1416 5106 gyrum:
1469 5035 1530 5090 in
1574 5036 1662 5090 his
1710 5037 1810 5109 qui
1864 5039 1978 5092 mi-

288 5135 458 5172 nores
483 5124 615 5174 sunt
644 5122 881 5190 meritis,
915 5138 1019 5178 nec
1051 5124 1240 5194 palam
1269 5124 1568 5195 protestati
1598 5124 1814 5180 audent
1843 5126 1978 5180 boui

283 5209 610 5263 certaminis
639 5214 696 5264 et
725 5211 1007 5265 servitutis
1055 5217 1112 5266 et
1161 5212 1294 5267 fidei
1350 5211 1456 5267 sibi
1495 5213 1805 5285 repositam
1853 5230 1975 5268 esse

286 5297 607 5352 mercedem
641 5314 654 5353 :
686 5303 888 5353 cuncta
914 5305 1108 5354 tamen
1139 5304 1319 5372 agunt
1348 5301 1665 5356 intentione
1695 5301 1838 5357 bene
1856 5303 1974 5373 pla-

289 5384 454 5440 cendi
486 5385 622 5452 Deo,
653 5385 751 5440 sed
783 5402 880 5456 spe
904 5386 1288 5458 percipienda:
1319 5389 1614 5444 mercedis.

353 5475 514 5530 Vens.
549 5475 600 5530 4.
627 5503 697 5516 -
722 5475 801 5530 Et
831 5475 964 5532 duos
994 5478 1241 5544 annutos,
1289 5482 1394 5532 etc.
1444 5477 1570 5547 (10..
1627 5478 1786 5548 ibid.)
1836 5481 1973 5534 Pos-

2092 3007 2518 3079 perturbatioue
2551 3006 2862 3076 corrumpi.

2163 3095 2334 3149 Vens.
2372 3096 2452 3150 14.
2482 3124 2550 3135 ——
2583 3095 2691 3160 Qui
2721 3094 2947 3148 habetur
2974 3095 3033 3148 in
3060 3107 3300 3162 numero,
3334 3096 3442 3156 etc,
3471 3094 3593 3164 (10.,
3617 3093 3786 3164 ibid.)

2091 3181 2440 3250 Vicenarius,
2473 3186 2601 3248 etc.,
2636 3196 2804 3251 usque
2832 3181 2906 3236 ad
2929 3185 3213 3254 exspectat
3241 3181 3300 3235 in
3329 3181 3500 3237 caelis.

2161 3273 2324 3325 Vens.
2364 3273 2445 3324 15.
2478 3271 2646 3324 Dives
2673 3285 2778 3324 non
2821 3269 3005 3337 addet,
3064 3275 3170 3324 etc.
3224 3269 3349 3340 (10.,
3407 3269 3574 3340 ibid.)
3641 3269 3788 3335 Quia

2091 3359 2207 3414 sive
2236 3375 2480 3430 magnus
2505 3362 2589 3413 est
2617 3358 2746 3430 quis
2765 3359 2985 3412 meritis
3006 3362 3062 3413 et
3089 3358 3395 3430 perfectus,
3419 3374 3520 3412 seu
3552 3374 3785 3429 parvus,

2092 3453 2148 3504 et
2199 3448 2260 3501 in
2312 3451 2581 3518 provectu
2637 3446 2912 3501 virtutum
2961 3447 3201 3518 positus,
3237 3447 3455 3501 cunctis
3489 3463 3651 3518 seque
3690 3447 3783 3502 lex

2092 3535 2365 3608 decalogi,
2397 3551 2511 3607 qua
2540 3537 2720 3590 Deum
2759 3539 2815 3589 et
2843 3535 3168 3606 proximum
3209 3535 3471 3606 diligant,
3523 3534 3788 3606 imponi-

2090 3630 2202 3681 tur.

2161 3715 2321 3769 Vsus.
2360 3715 2442 3768 16.
2475 3741 2543 3754 —-
2573 3714 2987 3782 Susceptamque
3015 3715 3318 3782 pecuniam,
3345 3715 3450 3766 etc.
3479 3713 3597 3783 (10.,
3623 3713 3785 3781 ibid.)

2095 3805 2208 3858 Hoc
2237 3803 2299 3857 lit
2327 3817 2458 3856 cum
2504 3801 2784 3872 quidquid
2833 3801 3057 3872 agimus
3099 3801 3255 3862 boni,
3317 3805 3447 3869 etc.,
3490 3817 3659 3871 usque
3708 3801 3787 3856 ad

2092 3893 2262 3964 plaga
2292 3890 2562 3945 districts:
2595 3889 2831 3944 ultionis
2859 3889 3114 3944 ferietur.

2166 3981 2328 4035 Vens.
2366 3983 2444 4034 17.
2481 4011 2547 4020 -
2571 3981 2908 4047 Locutusque
2926 3982 3004 4032 est
3030 3979 3304 4046 Dominus,
3329 3980 3433 4032 etc.
3459 3976 3566 4048 (10.
3585 4018 3598 4044 ,
3621 3977 3782 4045 ibid.,

2092 4084 2212 4139 cap.
2251 4069 2354 4138 1i.)
2389 4069 2580 4122 Potest
2608 4066 2670 4120 in
2701 4067 2808 4120 hoc
2837 4065 2990 4119 labio
3019 4065 3105 4119 vel
3138 4065 3317 4135 labro,
3349 4069 3481 4132 etc,,
3515 4080 3685 4135 usque
3709 4066 3788 4120 ad

2094 4173 2221 4228 quae
2252 4155 2607 4211 excubabant
2635 4155 2705 4209 ad
2731 4153 3052 4224 ingressum
3081 4152 3454 4207 tabernaculi.

2162 4247 2320 4299 Vens.
2358 4247 2445 4300 18.
2487 4271 2551 4283 —-
2603 4244 2732 4299 Cum
2776 4243 2894 4296 basi
2937 4257 3058 4298 sua.
3116 4241 3244 4308 (10.,
3303 4239 3462 4311 ibid.)
3514 4239 3668 4296 Basis
3723 4241 3786 4296 in

2088 4349 2200 4404 qua
2233 4333 2457 4387 labrum
2489 4334 2612 4386 erat
2647 4329 2922 4400 positum,
2957 4333 3088 4398 etc.,
3143 4343 3312 4398 usque
3356 4327 3430 4383 ad
3461 4344 3474 4383 :
3522 4332 3585 4382 ut
3621 4328 3784 4383 exhi-

2087 4421 2270 4477 beatis
2299 4435 2543 4490 corpora
2570 4421 2776 4484 vestra,
2805 4421 2910 4473 etc.
2946 4417 3119 4489 (Rom.
3152 4416 3274 4488 xu).
3502 4420 3506 4423 '

2162 4508 2497 4576 Levandum,
2529 4510 2635 4562 etc.
2667 4505 2925 4562 Christus
2952 4521 3181 4576 quoque
3227 4505 3400 4575 hujus
3448 4504 3591 4558 labri
3633 4521 3788 4576 aqua

2089 4602 2174 4653 est
2203 4599 2368 4664 lotus,
2393 4595 2732 4668 priusquam
2763 4595 2833 4650 ad
2863 4594 3041 4649 altare
3072 4593 3370 4647 oblaturus
3411 4593 3671 4660 intraret,
3727 4597 3790 4649 et

2088 4685 2404 4758 thymiama
2447 4683 2590 4738 sacri
2626 4682 2878 4755 corporis
2911 4698 3016 4753 pro
3065 4681 3249 4736 salute
3306 4686 3500 4736 nostra
3559 4682 3620 4736 in
3685 4698 3788 4737 ara

2088 4775 2270 4830 crucis
2314 4773 2680 4828 incenderet:
2741 4787 2844 4843 pro
2884 4774 3081 4824 nostro
3132 4769 3288 4824 enim
3338 4785 3535 4824 amore
3598 4771 3784 4841 lacry-

2090 4880 2210 4918 mas
2236 4862 2398 4927 fudit,
2433 4861 2577 4916 sicut
2600 4860 2660 4915 in
2686 4857 3103 4914 resurrectione
3137 4857 3350 4912 Lazari.

2159 4953 2322 5006 Vens.
2370 4953 2460 5006 21.
2518 4977 2588 4991 -
2655 4951 2733 5004 Ne
2775 4949 2917 5015 forte
2964 4948 3288 5012 moriantur,
3365 4947 3544 5018 (Be0.,
3619 4945 3786 5006 ibid.)

2091 5042 2236 5097 Mors
2261 5039 2415 5095 enim
2445 5038 2700 5094 timenda
2734 5041 2819 5092 est
2863 5041 3099 5105 aeterna,
3154 5039 3286 5105 etc.,
3332 5051 3502 5106 usque
3555 5036 3674 5091 ad:
3737 5041 3791 5092 si

2089 5128 2396 5183 manducet
2427 5131 2482 5182 et
2507 5127 2672 5193 bibit,
2704 5130 2809 5180 etc.
2841 5125 2888 5197 (Ι
2918 5125 3037 5181 Cor.
3074 5123 3174 5194 χι.)

2160 5217 2328 5271 Vnus.
2403 5219 2492 5272 23.
2539 5245 2606 5255 —
2683 5214 2842 5269 Sume
2896 5213 2998 5268 tibi
3052 5210 3253 5281 (SRAB.)
3310 5212 3510 5286 σμύρνα
3569 5212 3782 5280 Graece,

2092 5303 2286 5359 Latine
2339 5303 2545 5358 dicitur
2592 5301 2843 5372 myrrha,
2902 5299 3000 5371 qui
3059 5303 3144 5353 est
3197 5299 3364 5354 arbor
3446 5298 3508 5352 in
3575 5299 3785 5355 Arabia

2087 5392 2343 5462 quinque
2374 5390 2719 5455 cubitorum,
2752 5387 2914 5459 cujus
2955 5387 3203 5458 virgulta
3249 5386 3460 5440 Arabes
3511 5392 3779 5452 exurunt,

2089 5486 2152 5534 ut
2184 5479 2386 5534 melius
2426 5479 2711 5549 pullulent
2759 5482 2814 5532 et
2867 5474 3226 5531 fructiﬁccnt.
3280 5477 3354 5530 Ex
3402 5491 3646 5547 quorum
3691 5475 3779 5530 ni-
3847 5476 3872 5490 “
