4064 6186
224 304 316 355 285
1340 295 1595 352 GLOSSA
1629 294 2035 352 0RDINABIA.
2082 324 2145 334 --
2188 295 2316 349 LIB.
2362 293 2565 350 EXOD.
3615 294 3716 346 286

221 421 348 477 dore
381 420 722 475 incurabiles
749 418 979 473 morbos
1007 416 1425 484 contraherent,
1456 416 1568 472 nisi
1596 418 1755 472 fumo
1794 421 1907 472 sto-
1938 415 1986 471 A
2024 415 2335 471 lationibus
2391 413 2677 469 humanis.
2712 412 2831 468 Soli
2859 412 3014 467 enim
3065 412 3177 466 Deo
3208 412 3286 466 ita
3344 412 3705 467 serviendum

224 510 354 565 racis
415 513 796 564 occurrerent.
859 506 1041 577 Hujus
1115 507 1335 562 arboris
1389 506 1611 579 gummi
1679 507 1912 579 proprie
2020 508 2124 571 est,
2156 504 2307 559 unde
2338 519 2512 574 supra
2539 500 2902 573 prohibetur,
2929 516 3001 556 ne
3023 515 3156 555 caro
3187 499 3438 555 hominis
3468 505 3719 571 ungatur

224 602 381 653 stacte
414 601 667 665 vocatur,
696 596 925 651 abusive
958 595 1130 650 etiam
1160 597 1412 667 myrrha.

284 688 518 744 Calami.
570 684 934 742 Cinnamomi
958 688 1043 740 est
1072 684 1407 755 virgultum,
1439 689 1496 738 et
1545 683 1605 738 in
1634 682 1794 737 India
1822 682 1909 737 vel

225 776 495 847 :Ethiopia
544 774 797 829 nascitur
843 775 1089 828 duorum
1137 778 1366 827 tantum
1419 772 1766 827 cubitorum.
1823 772 1912 826 Di-

226 865 358 918 citur
396 868 592 917 autem
644 863 1101 931 cinnamomum,
1136 862 1272 933 quia
1325 860 1385 915 in
1430 860 1664 915 modum
1715 876 1912 915 canna

224 953 448 1007 subtiles
493 958 552 1007 et
578 952 881 1023 replicatos
912 950 1083 1004 habet
1133 950 1401 1017 calamos,
1456 948 1670 1003 cinerei
1700 950 1787 1002 vel
1818 948 1910 1003 ni-

226 1037 304 1110 gri
339 1037 570 1103 coloris;
597 1035 699 1108 qui
726 1035 919 1089 fractis
938 1034 1156 1088 visibile
1188 1034 1609 1104 spiramentum
1641 1034 1909 1102 reddunt,

225 1132 275 1182 et
300 1125 507 1181 subtile
538 1126 773 1196 quidem
803 1124 1070 1191 charum;
1104 1139 1367 1193 grossum
1390 1139 1541 1189 vero,
1578 1122 1690 1176 vile
1725 1126 1783 1177 et
1811 1122 1909 1177 de-

230 1220 497 1287 spectum.
531 1214 794 1269 Calamus
821 1213 1126 1267 aromatica
1170 1212 1384 1282 species
1412 1211 1577 1282 juxta
1610 1211 1907 1266 Libanum.

227 1303 473 1375 Myrrhae,
526 1301 897 1369 cinnamomi,
945 1300 1168 1367 calami,
1230 1301 1444 1355 cassias.
1507 1302 1603 1355 Ha
1666 1304 1913 1371 quatuor

226 1393 429 1464 species
460 1391 790 1462 signiﬁcant
819 1394 1066 1462 quatuor
1112 1389 1454 1461 principales
1492 1389 1747 1455 virtutes,
1784 1388 1910 1459 qui-

227 1480 321 1535 bus
365 1480 495 1533 oleo
544 1478 851 1545 unctionis,
892 1478 951 1533 id
991 1482 1075 1532 est
1130 1479 1314 1549 gratia
1352 1477 1777 1543 misericordia,
1816 1476 1913 1531 Dei

228 1567 461 1623 Ecclesia
493 1567 810 1621 dedicanda
842 1570 927 1621 est
955 1571 1012 1621 et
1038 1566 1459 1622 sanctiﬁcanda.

2021 608 2090 647 ex
2117 609 2206 648 θο.

2693 732 2918 787 CAPUT
2957 731 3129 786 XXXI.

2091 860 2247 916 Vens.
2281 863 2335 914 2.
2374 890 2440 900 —
2479 858 2724 925 Beseleel,
2758 861 2885 925 etc.,
2922 856 3021 929 qui
3054 857 3464 928 interpretatur
3491 859 3552 911 in
3604 872 3719 911 um-

2020 950 2115 1005 bra
2148 952 2258 1005 Dei.
2302 965 2359 1021 q.
2411 949 2467 1004 d.
2508 951 2767 1004 Dominus
2796 948 3124 1001 illuminatio
3153 962 3269 1001 mea
3297 951 3347 1000 et
3398 947 3549 1001 salus
3596 962 3719 1003 mea

2018 1039 2199 1109 quem(
2252 1038 2395 1094 Psai.
2435 1039 2584 1107 Lxu).
2646 1036 2731 1092 Ab
2761 1037 2867 1091 hoc
2897 1035 3107 1091 dicitur
3148 1035 3324 1090 David
3352 1034 3575 1089 duxisse
3602 1035 3717 1089 ori-

2020 1127 2233 1197 ginem,
2280 1130 2338 1181 et
2394 1124 2751 1196 polymitarii
2806 1139 3035 1185 nomen,
3097 1122 3234 1192 quia
3263 1122 3513 1177 Beseleel
3541 1138 3714 1193 opere

2021 1215 2298 1287 polymito
2327 1213 2759 1268 tabernaculum
2790 1212 3125 1267 construxit.

2092 1306 2255 1357 Vsus.
2290 1306 2341 1357 3.
2376 1334 2446 1342 —
2493 1306 2563 1358 Et
2593 1302 2813 1371 implevi
2846 1304 3025 1371 (Auc,,
3095 1303 3284 1370 quast.
3321 1297 3474 1368 t28.)
3521 1298 3723 1354 Utrum

2019 1393 2262 1464 Spiritus
2293 1391 2474 1446 sancti
2502 1392 2652 1446 dono
2703 1406 2878 1461 opera
2906 1390 3013 1443 ista
3061 1387 3369 1443 tribuenda
3398 1391 3553 1454 sunt,
3587 1404 3717 1458 qua:

2021 1482 2309 1552 pertinere
2336 1479 2604 1533 videntur
2630 1478 2703 1531 ad
2732 1477 3064 1547 opiﬁcium?
3087 1493 3160 1531 an
3182 1476 3299 1530 .hoc
3328 1476 3503 1530 etiam
3534 1474 3717 1545 signi-

2022 1570 2242 1624 ﬁcative
2274 1568 2490 1623 dictum
2522 1570 2625 1632 est,
2652 1570 2715 1619 ut
2744 1582 2808 1619 ea
2841 1565 3169 1635 pertineant
3194 1564 3265 1618 ad
3296 1563 3557 1618 divinum
3588 1561 3721 1633 Spi-

291 1658 453 1712 Vsus.
516 1659 605 1713 29.
639 1684 711 1698 --
758 1659 827 1711 Et
856 1660 1031 1723 erunt,
1086 1661 1192 1711 etc.
1246 1655 1433 1727 (Ave,
1482 1661 1672 1726 quast.
1710 1659 1807 1711 t35
1852 1659 1911 1710 in
1953 1696 1992 1752 Β
2024 1658 2200 1712 ritum
2246 1656 2539 1727 sapientiae
2579 1658 2635 1709 et
2681 1654 3003 1708 intellectus
3053 1658 3109 1707 et
3138 1652 3409 1719 scientias,
3463 1668 3599 1723 quas
3628 1650 3719 1706 his

226 1746 411 1815 Exod.)
440 1746 584 1799 Cum
614 1744 824 1799 scilicet
854 1749 1023 1798 uncta
1054 1744 1287 1799 fuerint.
1312 1744 1459 1809 Quid
1490 1760 1627 1813 ergo
1678 1744 1912 1800 distabit

223 1835 335 1903 jam
360 1834 517 1887 inter
545 1832 646 1887 illa
670 1831 941 1885 interiora
972 1848 1101 1902 quae
1131 1832 1255 1885 velo
1296 1832 1610 1902 teguntur?

289 1923 393 1988 Qui
452 1922 713 1988 tetigerit.
769 1919 1043 1975 Similiter
1075 1920 1143 1974 de
1177 1920 1344 1974 altari
1374 1920 1779 1974 sacriﬁciorum
1810 1936 1912 1974 su-

233 2010 414 2080 perius
462 2010 683 2064 dictum
739 2013 841 2075 est,
888 2010 1043 2079 quod
1103 2008 1183 2062 sic
1210 2008 1654 2079 intelligendum
1694 2013 1798 2075 est,
1854 2012 1915 2063 ut

227 2100 383 2154 liceat
419 2099 645 2169 populo
675 2102 910 2169 tangere
940 2098 1394 2159 tabernaculum,
1440 2097 1670 2167 quando
1715 2097 1915 2151 olfere—

228 2188 354 2241 bant
380 2188 617 2250 hostias,
653 2187 739 2240 vel
771 2186 1041 2257 qualibet
1070 2185 1240 2251 dona,
1288 2188 1346 2239 et
1386 2185 1674 2254 tangendo
1706 2184 1911 2263 sancti-

228 2276 560 2343 ﬁcabantur,
594 2279 828 2345 propter
853 2274 997 2327 illud
1028 2274 1218 2327 oleum
1252 2289 1366 2345 quo
1397 2278 1598 2326 cuncta
1638 2278 1915 2343 peruncta

228 2372 376 2430 sunt;
405 2381 525 2419 non
568 2365 711 2417 sicut
740 2364 1079 2429 sacerdotes,
1110 2361 1210 2433 qui
1241 2362 1435 2429 etiam,
1491 2366 1551 2415 ut
1580 2366 1795 2415 aeterno
1826 2378 1912 2415 sa-

227 2453 465 2509 cerdotio
490 2454 889 2524 fungerentur,
928 2452 1296 2521 ungebantur
1322 2467 1391 2505 ex
1422 2451 1538 2504 illo.

290 2543 447 2595 Vsus.
486 2542 577 2595 34.
612 2569 680 2580 -
711 2540 981 2607 Onychen.
1026 2539 1259 2609 Onyche
1308 2539 1558 2593 ostreola
1587 2538 1770 2591 fertur
1794 2554 1914 2591 esse

226 2631 451 2699 parvula
507 2644 682 2682 suave
741 2618 1023 2692 redolens,
1061 2625 1463 2697 magnitudine
1511 2625 1749 2680 humani
1810 2642 1915 2679 un-

226 2718 383 2787 guis:
453 2717 609 2771 unde
669 2722 726 2771 et
780 2715 998 2787 onyche
1048 2717 1238 2770 Greece
1290 2715 1517 2781 dicitur,
1578 2713 1715 2786 quia
1772 2714 1910 2779 ὄνυξ,

229 2822 384 2876 onyx,
418 2807 615 2861 Graece
647 2805 856 2859 dicitur
894 2803 1126 2873 unguis.

286 2895 613 2951 Galbanum.
670 2894 986 2947 Galbanum
1024 2907 1223 2946 succus
1279 2891 1481 2947 ferulas
1521 2908 1643 2947 esse
1682 2892 1911 2962 dicitur,

2021 1747 2193 1801 rebus
2240 1745 2673 1816 signiﬁcantur?
2703 1745 2845 1798 Tum
2902 1745 3073 1797 etiam
3103 1742 3193 1796 hic
3222 1757 3353 1796 cum
3386 1741 3599 1812 Spiritu
3630 1756 3717 1795 reo

2021 1837 2209 1907 pletus
2228 1835 2468 1900 dicatur,
2504 1833 2609 1887 iste
2637 1833 2827 1887 divino
2856 1831 3151 1901 sapientiae
3180 1835 3237 1885 et
3263 1830 3532 1898 scientias,
3566 1845 3718 1885 non-

2022 1925 2161 1979 dum
2180 1922 2391 1993 legitur
2416 1921 2662 1993 Spiritus
2691 1924 2935 1975 sanctus.

2091 2014 2253 2066 Vens.
2313 2028 2387 2065 γι.
2448 2040 2516 2049 -
2566 2009 2745 2077 Oliab,
2802 2009 2903 2079 qui
2973 2009 3387 2079 interpretatur
3458 2010 3717 2078 protectio

2019 2118 2156 2167 mea,
2190 2106 2466 2172 tanquam
2504 2100 2739 2153 nomine
2792 2099 2957 2162 dicat,
3001 2101 3258 2152 Dominus
3297 2101 3565 2165 protector
3590 2098 3717 2151 vita

2020 2206 2173 2257 mea;
2199 2205 2232 2243 a
2254 2204 2357 2257 quo
2389 2187 2671 2257 trepidabo
2712 2187 2876 2256 (Psat.
2904 2184 3050 2255 xxvr)
3070 2188 3097 2240 γ
3131 2189 3281 2242 Bene
3310 2190 3505 2239 autem
3534 2184 3717 2238 taber-

2023 2278 2292 2330 naculum
2339 2278 2694 2341 construunt,
2729 2273 2828 2346 qui
2865 2277 2981 2327 tam
3013 2278 3339 2329 constanter
3368 2273 3428 2327 in
3468 2272 3713 2327 Domino

2021 2364 2336 2419 conﬁdunt.

2094 2453 2333 2523 (Suum)
2377 2451 2699 2507 Notandum
2738 2451 2893 2522 quod
2942 2451 3003 2505 in
3034 2450 3495 2506 constructionne
3528 2451 3715 2506 taber-

2023 2550 2213 2605 naculi
2262 2550 2599 2621 mysterium
2639 2549 2931 2604 Trinitatis
2963 2548 3307 2615 ostenditur,
3336 2548 3482 2602 sicut
3517 2548 3576 2601 in
3614 2548 3715 2602 ba-

2022 2640 2231 2711 ptismo
2263 2645 2320 2693 et
2356 2639 2417 2693 in
2446 2639 2969 2709 transﬁguratione.
3018 2639 3084 2692 In
3137 2637 3421 2707 baptismo
3469 2636 3624 2691 enim
3653 2636 3713 2691 in

2021 2745 2156 2783 voce
2188 2728 2379 2782 sonuit
2407 2730 2574 2783 Pater
2603 2744 2615 2782 :
2650 2732 2706 2782 et
2737 2726 2909 2781 Filius
2941 2725 3259 2797 baptizatus
3291 2728 3407 2795 est;
3438 2725 3499 2778 in
3529 2725 3717 2795 specie

2023 2818 2306 2872 columbae
2361 2817 2606 2888 Spiritus
2657 2815 2940 2887 apparuit.
2974 2814 3174 2869 Ooliab
3204 2828 3453 2884 quoque,
3504 2813 3604 2884 qui
3633 2814 3720 2868 in-

2025 2906 2374 2973 terpretatur
2419 2903 2679 2971 protectio
2736 2916 2854 2953 mea
2910 2904 3089 2968 pater,
3137 2898 3320 2952 Patris
3360 2913 3712 2967 personam:

227 2989 274 3036 et
303 2985 562 3038 nascitur
592 2984 650 3036 in
692 2982 856 3053 Syria
907 2981 1193 3051 optimum
1252 2981 1759 3052 :cartilaginosum
1809 2987 1913 3051 est,
1947 2976 1986 3031 C
2032 2989 2275 3043 Beseleel
2307 3004 2559 3058 quoque,
2593 2986 2693 3057 qui
2724 2988 2782 3039 in
2813 2986 3009 3039 umbra
3047 2985 3151 3038 Dei
3180 2983 3481 3056 signiﬁcat,
3514 3001 3713 3054 perso-

228 3078 275 3126 ct
299 3074 493 3127 minus
522 3072 837 3142 lignosum,
888 3071 1051 3140 cujus
1082 3071 1255 3124 odore
1289 3070 1565 3141 fugantur
1601 3076 1912 3141 serpentes.

288 3164 355 3216 Et
384 3162 534 3215 thus.
587 3161 743 3214 Thus
798 3160 1010 3225 Grace,
1063 3159 1319 3213 libanum
1377 3160 1572 3213 Latine
1627 3159 1852 3226 dicitur,
1884 3176 1916 3213 a

232 3250 427 3304 Libano
460 3254 661 3304 monte
690 3248 913 3302 Arabiae
955 3263 967 3300 :
1004 3247 1150 3301 alius
1182 3246 1334 3303 enim
1360 3248 1605 3302 Libanus
1638 3252 1722 3301 est
1758 3248 1915 3303 Phas-

228 3338 375 3404 uicis,
410 3338 472 3392 in
504 3354 622 3409 quo
656 3342 790 3390 sunt
819 3334 993 3392 cedri.

290 3428 429 3482 Thus
489 3426 798 3497 optimum,
866 3425 1080 3479 scilicet
1125 3423 1276 3495 quod
1334 3424 1717 3497 masculinum
1773 3423 1912 3479 dici-

228 3519 325 3581 tur,
360 3516 501 3587 quia
529 3515 594 3568 in
645 3514 881 3568 modum
924 3512 1165 3567 humani
1194 3512 1349 3566 testis
1378 3512 1712 3580 rotundum,
1754 3514 1914 3584 cujus

226 3604 381 3658 arbor
437 3604 697 3658 nascitur
750 3603 809 3656 in
864 3601 1072 3657 Arabia
1128 3601 1200 3655 ad
1234 3600 1381 3655 aeris
1410 3600 1742 3671 qualitatem
1782 3618 1912 3673 per-

226 3694 376 3762 plexo
403 3698 464 3748 et
493 3693 556 3748 in
587 3697 739 3746 torto
769 3690 997 3745 vimine.

286 3783 521 3851 Mystice
598 3785 790 3835 aulem
848 3781 939 3834 has
1005 3782 1255 3850 quatuor
1320 3778 1536 3849 species
1589 3779 1914 3850 signiﬁcant

225 3876 539 3923 sanctarum
571 3868 846 3923 virtutum
888 3867 1122 3937 species.

285 3959 440 4013 Vsus.
506 3960 597 4012 23.
655 3987 723 3996 —
788 3959 1077 4025 Faciesque
1138 3953 1465 4025 thymiama,
1518 3959 1623 4009 etc.
1686 3955 1905 4026 (61186.,

225 4047 616 4113 lib.rMoral.,
675 4062 799 4116 cap.
851 4048 939 4110 39,
988 4048 1128 4099 tom.
1176 4044 1243 4115 Ι.)
1293 4043 1631 4115 Thymiama
1678 4060 1745 4113 ex
1778 4062 1909 4099 aro-

224 4134 456 4190 matibus
486 4133 876 4205 compositum
914 4131 1171 4197 facimus,
1230 4136 1363 4200 etc.,
1422 4147 1592 4202 usque
1643 4132 1718 4186 ad
1766 4133 1905 4188 odo-

222 4240 330 4278 rem
360 4226 511 4279 dese
555 4222 817 4277 subtilius
839 4238 957 4276 non
995 4220 1265 4292 aspergit.

285 4314 454 4382 asin.)
496 4314 822 4374 Incensum,
885 4310 1040 4383 quod
1115 4325 1185 4364 ex
1214 4312 1463 4380 quatuor
1491 4309 1908 4366 odoratissimis

221 4403 515 4471 generibus
555 4401 614 4455 in
670 4400 973 4453 maximam
1023 4397 1399 4453 subtilitatem
1428 4399 1818 4466 comminutis,
1848 4400 1909 4455 id

222 4496 313 4558 est,
366 4495 567 4557 stacte,
604 4490 847 4560 ouycha,
897 4488 1166 4560 galbano,
1198 4492 1257 4543 et
1286 4488 1454 4542 thure
1504 4490 1903 4559 componitur;

222 4580 497 4635 orationes
543 4578 801 4634 ﬁdelium
831 4577 1135 4649 signiﬁcat,
1196 4576 1460 4648 quamvis
1494 4582 1743 4648 quatuor
1786 4578 1902 4633 ele-

221 4674 397 4723 menta
447 4670 577 4723 haec
627 4674 873 4739 quatuor
921 4666 1153 4721 videant
1203 4665 1573 4735 signiﬁcare:
1634 4671 1697 4721 ut
1752 4667 1901 4735 thus,

220 4758 358 4826 quod
403 4757 666 4811 lucidum
721 4760 822 4816 est,
871 4754 990 4809 aeri
1039 4757 1425 4824 comparetur,
1467 4758 1669 4808 stactes
1717 4755 1901 4827 aquis,

222 4847 487 4915 galbanus
518 4850 575 4900 et
604 4860 751 4915 onyx
782 4848 947 4897 terra:
981 4847 1037 4897 et
1079 4842 1222 4914 igni,
1242 4908 1243 4911 η
1263 4847 1329 4899 ut
1354 4858 1455 4914 per
1482 4843 1605 4897 haec
1644 4844 1905 4899 omnium

222 4948 335 5003 qua
368 4934 429 4989 in
460 4934 608 4988 coelo
641 4938 696 4987 et
728 4932 876 4986 infra
904 4932 1132 4999 cmlum,
1164 4935 1221 4986 et
1248 4931 1311 4986 in
1340 4936 1512 4998 terra,
1539 4936 1597 4987 et
1627 4931 1689 4987 in
1719 4934 1901 5005 aquis,

222 5028 339 5077 sunt
367 5023 649 5095 placitum
680 5022 794 5075 Deo
823 5021 1121 5076 incensum
1153 5020 1244 5076 sit.

279 5113 463 5182 Opere,
509 5117 624 5167 etc.
663 5111 854 5180 (Auc.,
911 5114 1103 5180 quast.
1140 5110 1273 5179 136.)
1314 5111 1439 5165 Non
1468 5109 1743 5165 debemus
1790 5120 1904 5182 pu-

223 5204 324 5254 tare
356 5204 723 5271 unguentum
772 5199 915 5264 ﬁeri,
971 5199 1070 5253 sed
1111 5198 1428 5270 thymiama
1469 5200 1556 5253 vel
1585 5198 1902 5267 incensum,

225 5290 360 5358 quod
392 5288 713 5361 apponitur
731 5288 817 5342 illi
846 5289 1011 5343 altari
1040 5287 1258 5343 incensi
1291 5287 1391 5341 ubi
1419 5303 1535 5342 non
1572 5286 1781 5343 licebat
1810 5304 1903 5341 sa-

224 5377 465 5446 criﬁcari,
501 5383 561 5431 et
584 5382 708 5433 erat
735 5376 885 5431 intra
912 5380 1103 5431 sancta
1132 5379 1478 5431 sanctorum.

284 5467 439 5522 Vsus.
485 5470 576 5522 37.
602 5497 671 5506 -
720 5468 917 5533 Talem,
959 5470 1064 5521 etc.
1108 5464 1293 5535 (ΗΑΒ.)
1350 5464 1459 5529 Qui
1500 5462 1716 5519 scilicet
1771 5481 1905 5535 pre-

226 5554 364 5609 cibus
413 5560 471 5611 et
520 5555 785 5610 laudibus
834 5554 1039 5610 divinis
1085 5569 1202 5609 non
1233 5553 1504 5609 debemus
1534 5552 1617 5607 uti
1649 5551 1708 5607 in
1762 5554 1902 5609 adu-

2026 3093 2160 3131 nam
2190 3076 2431 3147 Spiritus
2484 3074 2663 3128 sancti
2698 3090 2711 3128 :
2748 3075 2817 3129 de
2848 3090 2960 3144 quo
2990 3073 3222 3127 dicitur.
3284 3075 3355 3127 Et
3396 3070 3573 3128 virtus
3604 3074 3719 3128 Αι-

2026 3168 2225 3219 tissimi
2253 3164 2594 3220 obumbrabit
2624 3164 2744 3218 tibi.
2794 3163 2983 3217 Virtus
3024 3163 3175 3216 enim
3231 3160 3509 3216 Altissimi
3539 3161 3717 3232 Spiri-

2023 3259 2114 3307 tus
2157 3259 2382 3307 sanctus
2425 3252 2792 3322 intelligitur.
2834 3252 2989 3307 Unde
3041 3250 3317 3306 Dominus
3374 3250 3550 3306 dicit:
3602 3254 3718 3320 Ego

2023 3346 2148 3397 novi
2175 3345 2427 3397 virtutem
2448 3342 2515 3396 de
2556 3357 2639 3396 me
2669 3344 2843 3396 emisse
2871 3340 3025 3410 (Luc.
3076 3338 3215 3411 vui).
3246 3340 3450 3407 ,Jussio
3500 3342 3716 3407 autem,

2023 3431 2080 3485 id
2110 3435 2195 3484 est
2240 3431 2497 3498 verbum,
2548 3446 2663 3501 quo
2720 3429 3149 3483 tabernaculum
3178 3428 3303 3483 ﬁeri
3327 3429 3551 3499 jussum
3606 3432 3714 3494 est,

2024 3520 2193 3574 Filius
2222 3525 2327 3587 est,
2355 3536 2458 3590 per
2496 3534 2668 3591 quem
2703 3520 2868 3573 Pater
2913 3518 2973 3573 in
3002 3519 3211 3573 virtute
3264 3518 3507 3589 Spiritus
3538 3516 3719 3572 sancti

2022 3607 2216 3663 omnia
2240 3612 2531 3677 operatur.

2093 3697 2250 3751 Vens.
2294 3698 2376 3752 l3.
2422 3725 2492 3738 —
2528 3696 2738 3761 Videte,
2770 3698 2875 3750 etc.
2924 3696 3123 3750 Fustra
3174 3694 3493 3765 gloriantur
3530 3692 3715 3749 Judaei

2019 3785 2088 3840 de
2150 3786 2320 3855 legali
2368 3785 2783 3840 observatione.
2828 3786 3036 3853 Aperte
3090 3784 3244 3837 enim
3318 3782 3527 3837 dicitur
3578 3781 3714 3853 quia

2018 3874 2247 3944 signum
2300 3878 2385 3927 est
2412 3874 2638 3939 futura,
2690 3873 2902 3926 scilicet
2932 3871 3163 3943 quietis,
3227 3876 3283 3925 et
3309 3870 3707 3935 beatitudinis;

2018 3963 2105 4015 vel
2136 3961 2347 4032 quietis
2378 3965 2703 4015 sanctorum
2742 3960 2800 4014 in
2830 3961 3121 4030 praesenti,
3177 3959 3314 4030 quia
3343 3960 3648 4031 quiescunt
3680 3974 3712 4012 a

2017 4051 2269 4105 tumultu
2292 4048 2671 4103 mundialium
2712 4064 2944 4119 operum
2981 4052 3039 4102 et
3060 4047 3351 4101 vitiorum.

2088 4140 2259 4193 Vens.
2331 4142 2413 4194 18.
2479 4166 2548 4178 -
2609 4141 2755 4192 Duas
2808 4137 3021 4191 tabulas
3069 4134 3254 4207 (Ana,
3314 4140 3502 4204 quast.
3569 4137 3709 4205 140.)

2018 4228 2160 4283 Cum
2196 4228 2388 4282 multa
2444 4227 2670 4282 locutus
2718 4225 2790 4281 sit
2840 4226 3003 4289 Deus,
3044 4226 3172 4281 duae
3222 4229 3448 4280 tantum
3504 4224 3713 4280 tabulae

2015 4316 2225 4371 dantur
2277 4314 2415 4370 Mosi
2464 4315 2692 4386 lepida,
2737 4330 2867 4386 qua:
2898 4314 3167 4371 dicuntur
3215 4313 3425 4369 tabula:
3452 4313 3709 4368 testimo-

2016 4406 2097 4459 nii
2127 4405 2262 4477 quia
2293 4410 2497 4459 caetera
2549 4404 2761 4473 omnia,
2794 4420 2922 4476 qua:
2967 4404 3237 4475 praecepit
3285 4404 3448 4468 Deus,
3503 4418 3568 4457 ex
3598 4402 3710 4456 illis

2014 4495 2209 4549 decem
2249 4494 2568 4566 praeceptis,
2615 4510 2743 4564 quae
2784 4493 2845 4549 in
2888 4494 3108 4549 duabus
3139 4492 3350 4564 scripta
3377 4496 3511 4547 sunt
3536 4492 3703 4547 tabu-

2014 4583 2103 4650 lis,
2144 4584 2393 4653 pendere
2435 4583 2839 4653 intelliguntur
2894 4582 2941 4636 si
3001 4582 3309 4653 diligenter
3350 4585 3703 4651 quarantur,

2014 4676 2072 4725 et
2102 4672 2245 4725 bene
2299 4672 2736 4741 intelliguntur;
2773 4671 2918 4725 sicut
2948 4670 3071 4741 ipsa
3126 4670 3323 4725 decem
3364 4686 3431 4723 ex
3462 4669 3708 4735 duobus,

2016 4760 2337 4823 dilectione,
2373 4761 2602 4825 scilicet,
2632 4759 2732 4815 Dei
2758 4764 2813 4813 et
2866 4758 3114 4830 proximi
3145 4774 3160 4813 :
3212 4758 3272 4812 in
3316 4757 3524 4829 quibus
3552 4757 3707 4812 scili-

2012 4854 2101 4905 cet
2132 4854 2243 4904 totu
2271 4850 2360 4903 tea
2386 4848 2581 4918 pendet
2626 4853 2677 4903 et
2695 4849 2975 4917 propheta
3001 4848 3219 4917 (Matth.
3252 4846 3407 4917 χχιι).

2632 4987 2855 5044 CAPUT
2892 4986 3094 5043 XXXII.

2083 5117 2243 5169 Vsus.
2298 5118 2346 5169 1.
2397 5143 2465 5154 -
2502 5115 2606 5168 Fac
2634 5112 2805 5180 nobis,
2857 5114 2962 5166 etc.
2998 5112 3144 5166 Deos
3196 5111 3518 5183 pluraliter,
3567 5130 3701 5170 cum

2014 5219 2161 5257 unus
2236 5206 2457 5257 tantum
2509 5200 2720 5255 vitulus
2774 5200 2955 5255 factus
3007 5199 3100 5265 sit,
3159 5200 3233 5254 ad
3310 5200 3703 5258 simitudinem

2013 5292 2223 5346 scilicet
2248 5290 2410 5345 bovis
2441 5289 2598 5360 Apis,
2628 5304 2800 5360 quem
2855 5287 2915 5342 in
2944 5289 3187 5360 Egypto
3218 5290 3549 5359 coluerunt;
3609 5292 3706 5347 sed

2013 5380 2113 5451 qui
2156 5378 2532 5433 idololatriam
2583 5376 2737 5444 colit,
2775 5376 3044 5432 omnibus
3095 5377 3245 5432 vitiis
3274 5377 3503 5450 subjicit
3528 5395 3607 5448 se,
3649 5385 3708 5435 et

2013 5466 2177 5538 quasi
2204 5470 2291 5521 tot
2317 5466 2424 5522 diis
2457 5471 2513 5521 et
2534 5466 2889 5521 daemonibus
2919 5470 3058 5538 quot
3074 5466 3225 5527 vitiis
3255 5468 3453 5524 servit.

2087 5557 2246 5610 Vens.
2308 5559 2359 5610 2.
2401 5587 2469 5596 —
2522 5557 2789 5628 Dixitque
2814 5554 2909 5624 ad,
2960 5560 3064 5611 etc.
3093 5557 3281 5627 (Ana,
3342 5563 3531 5627 quast.
3604 5560 3690 5615 141
