4052 6180
316 285 422 338 287

933 283 1324 339 WALAFRIDI
1365 285 1613 339 STRABI
1654 284 1856 339 FULD.
1905 284 2070 339 MON.
2110 283 2262 338 OPP.
2307 281 2486 337 PARS
2523 281 2568 336 Ι.
2607 309 2677 319 —-
2721 278 3178 336 THEOLOGICA.
3716 282 3819 334 288

313 410 371 462 in
422 407 626 474 Exod.)
672 406 1015 477 lntelligitur
1068 410 1258 461 Aaron
1290 406 1544 460 difﬁcilia
1576 407 1906 476 pracipere,
1943 408 2008 458 ut

2192 420 2350 474 Eniam
2401 417 2580 474 sordis
2623 421 2674 472 et
2715 418 2859 472 inter
2886 417 3082 486 hostes,
3129 421 3216 472 etc
3278 419 3622 486 Notandum,
3666 421 3821 491 quod

316 495 426 550 hoc
456 494 627 549 modo
683 494 878 550 eos‘ab
908 494 1007 549 illa
1056 494 1369 549 intentione
1425 497 1732 548 revocaret.
1776 495 2006 549 Factum

319 587 406 637 est
432 587 625 638 tamen
656 583 798 638 illud
825 583 1014 654 ipsum
1046 582 1298 650 difficile,
1335 587 1396 637 ut
1425 587 1571 637 esset
1591 598 1795 638 aurum
1829 583 1894 638 ad
1939 582 2014 636 fa-

319 671 584 726 ciendum
615 671 835 726 idolum
869 689 881 727 :
922 672 1076 744 quod
1108 676 1346 742 propter
1402 689 1499 726 eos
1533 672 1854 727 notandum
1905 688 2012 742 pu-

319 759 434 814 tavi
493 760 593 831 qui
635 761 1049 815 contristantur
1104 760 1150 814 si
1205 761 1343 832 quid
1397 762 1510 816 tale
1563 765 1797 833 propter
1837 762 2012 815 vitam

317 851 588 903 aternam
639 847 911 902 divinitus
964 848 1109 918 ﬁeri,
1163 849 1250 904 vel
1309 865 1475 921 sequo
1523 849 1715 904 animo
1769 848 2013 904 tolerare

316 936 647 1009 jubeantur.

396 1024 555 1078 Vens.
599 1025 650 1077 6.
709 1053 776 1064 —
828 1025 900 1079 Et
927 1025 1067 1080 sedit
1120 1027 1352 1096 populus
1391 1027 1678 1093 comedere,
1723 1032 1828 1082 etc.
1879 1027 2014 1081 Esus

320 1116 609 1184 potusque
640 1113 711 1167 ad
748 1113 938 1168 lusum
982 1114 1232 1185 impulit,
1262 1116 1418 1169 lusus
1448 1116 1517 1170 ad
1577 1114 1959 1170 idololatriam
1995 1133 2008 1170 :

325 1199 460 1271 quia
507 1199 552 1253 si
602 1199 870 1255 vanitatis
925 1202 1091 1274 culpa
1140 1219 1252 1258 non
1293 1207 1454 1258 caute
1499 1203 1897 1273 compescitur,
1941 1204 2012 1257 ab

317 1285 620 1358 iniquitate
675 1304 835 1342 mens
868 1288 1095 1343 incauta
1138 1289 1460 1346 devoratur.
1505 1291 1700 1346 Unde:
1738 1293 1847 1357 Qui
1890 1308 2011 1348 mo-

320 1375 446 1430 dica
471 1377 698 1445 spernit,
750 1379 1023 1447 paulatim
1052 1378 1272 1433 decidit.
1307 1379 1363 1435 Si
1393 1379 1546 1435 enim
1591 1396 1789 1435 curare
1841 1396 2014 1452 parva

320 1464 679 1536 negligemus
725 1466 1133 1522 insensibiliter
1174 1469 1411 1537 seducti,
1461 1470 1631 1525 etiam
1666 1470 1885 1542 majora
1917 1487 2014 1526 au-

323 1553 526 1608 denter
551 1559 965 1625 perpetramus.

2123 509 2372 580 populus
2400 506 2554 572 fecit,
2577 505 2690 578 ipsi
2735 509 2923 561 Aaron
2945 506 3240 566 tribuitur,
3275 507 3408 578 quia
3439 509 3722 562 consensit
3747 508 3820 562 ad

2123 595 2445 650 faciendum
2473 595 2626 667 quod
2654 595 2804 649 male
2829 594 3128 666 petiverat.
3167 595 3343 667 Magis
3393 597 3549 650 cnim
3601 596 3821 651 dictum

2124 689 2228 752 est,
2259 683 2498 739 nudavit
2539 699 2636 738 eos
2677 683 2889 751 Aaron,
2933 683 3069 754 quia
3097 682 3264 739 cessit
3292 683 3394 749 eis,
3429 701 3601 756 quam
3633 684 3820 739 nuda-

2122 778 2326 828 verunt
2353 789 2410 827 se
2441 771 2570 844 ipsi,
2603 771 2704 843 qui
2732 776 2958 826 tantum
2989 772 3204 827 malum
3251 773 3673 844 ﬂagitaverunt.
3712 774 3817 828 Or—

2125 862 2408 916 namentis
2436 860 2644 933 quibus
2689 860 3030 915 fabricatum
3057 861 3246 916 fuerat
3287 861 3529 930 idolum,
3564 863 3645 917 vel
3680 862 3817 934 quia

2123 951 2333 1006 malam
2383 950 2737 1004 voluntatem
2792 949 2953 1020 prius
3010 951 3278 1005 latentem
3335 951 3673 1019 ostenderat,
3725 953 3813 1006 vel

2122 1038 2398 1095 auxilium
2429 1042 2487 1093 et
2515 1038 2924 1110 protectionem
2957 1037 3056 1092 Dei
3084 1038 3431 1108 perdiderat.

2191 1129 2354 1181 Vens.
2405 1131 2493 1182 27.
2525 1155 2598 1168 —
2622 1129 2793 1182 Ponat
2819 1129 2908 1180 vir
2942 1125 3210 1196 gladium,
3269 1130 3375 1181 etc.
3408 1126 3629 1196 (finem,
3664 1127 3812 1180 Past.

2121 1234 2178 1287 p.
2221 1231 2300 1285 ιιι,
2363 1233 2411 1270 c.
2465 1216 2582 1285 26.)
2632 1215 2915 1282 Gladium,
2965 1219 3096 1282 etc.,
3156 1231 3324 1284 usque
3362 1214 3436 1269 ad
3482 1215 3636 1270 Unde
3682 1213 3816 1267 sub-

2121 1305 2320 1361 dﬁur:

2192 1392 2417 1450 Occidat
2469 1393 2842 1464 unusquisque
2889 1393 3124 1460 fratrem
3168 1406 3346 1458 suum,
3405 1395 3510 1446 etc.
3577 1393 3686 1446 Hos
3740 1390 3819 1445 in-

2122 1481 2361 1546 terfecit,
2417 1497 2562 1553 quos
2625 1480 2952 1552 puniendos
3004 1479 3221 1534 invenit
3278 1479 3347 1534 ab
3409 1479 3818 1551 increpationis

2122 1570 2335 1642 gladio,
2366 1586 2471 1626 nec
2499 1570 2580 1624 eis
2619 1585 2760 1641 quos
2788 1585 2892 1641 per
2925 1568 3324 1641 cognationem
3375 1567 3562 1622 carnis
3603 1568 3815 1640 diligit,

395 1641 566 1697 Vena.
605 1645 664 1698 8.
705 1673 766 1684 —
803 1645 914 1698 Isti
964 1648 1090 1700 sunt
1127 1645 1212 1700 dii
1257 1649 1358 1702 tui.
1399 1646 1584 1716 (AUG.,
1619 1652 1808 1717 quast.
1865 1649 2010 1720 142.)

2192 1659 2329 1714 LI‘Cit.
2364 1659 2419 1714 Si
2457 1675 2592 1729 ergo
2626 1658 2720 1712 ille
2753 1658 2852 1712 Dei
2881 1657 3106 1725 dicitur,
3140 1658 3239 1729 qui
3268 1657 3339 1712 ad
3375 1657 3632 1712 ferienda
3676 1657 3817 1710 vitia

323 1730 601 1784 Dominus
629 1731 886 1786 indicans
917 1733 1089 1804 Moysi
1119 1733 1254 1805 quid
1311 1734 1509 1790 fecerit
1555 1736 1800 1808 populus
1831 1737 1899 1792 de
1934 1737 2015 1791 vi-

324 1819 447 1873 tulo
467 1823 538 1898 tet
566 1819 636 1874 de
668 1820 821 1874 idolo
862 1823 1017 1893 quod
1047 1839 1113 1878 ex
1142 1839 1282 1878 auro
1317 1840 1418 1879 suo
1448 1824 1718 1894 fecerant,
1752 1825 1891 1880 dicit
1920 1842 2015 1881 eos

323 1905 563 1962 dixisse:
597 1908 665 1964 Hi
695 1914 829 1964 sunt
874 1911 954 1965 dii
991 1911 1098 1980 tui,
1131 1913 1321 1980 Israel,
1357 1913 1455 1985 qui
1497 1917 1552 1967 te
1598 1914 1915 1970 eduxerunt
1943 1916 2014 1970 de

321 1999 475 2050 terra
511 1997 757 2068 Egypti.
788 1999 950 2063 Quod
980 2015 1077 2054 eos
1113 2000 1318 2056 dixisse
1349 2019 1464 2056 non
1496 2003 1727 2074 legitur;
1761 2004 1857 2058 sed
1888 2004 2012 2058 ani-

321 2099 481 2138 mum
541 2101 741 2141 eorum
797 2087 952 2142 hunc
1024 2088 1196 2144 fuisse
1254 2091 1402 2145 Deus
1469 2093 1732 2161 ostendit,
1803 2093 2012 2149 borum

318 2172 533 2244 quippe
563 2175 839 2244 gerebant
857 2177 1161 2233 verborum
1195 2179 1253 2234 in
1283 2180 1451 2236 corde
1480 2182 1840 2250 sententiam,
1882 2199 2012 2254 quae

323 2261 503 2315 Deum
534 2262 708 2317 latere
741 2280 855 2318 non
887 2269 1127 2336 poterat.

391 2351 553 2407 Vens.
631 2354 711 2408 10.
788 2385 857 2394 --
915 2357 1134 2412 Dimitte
1181 2373 1280 2424 me,
1354 2363 1460 2413 etc.
1516 2359 1734 2430 (Gaza,
1787 2361 1884 2416 lib.
1957 2377 2010 2415 1x

319 2440 538 2504 Moral.,
585 2457 710 2512 cap.
761 2443 873 2514 11.)
907 2445 1051 2509 Quid
1099 2451 1182 2500 est
1225 2463 1386 2501 servo
1420 2447 1627 2513 dicere,
1681 2453 1811 2515 etc.,
1845 2465 2012 2519 usque

318 2529 394 2583 ad
423 2529 568 2583 iram
602 2529 701 2584 Dei
729 2547 845 2585 non
875 2534 1053 2588 valuit
1076 2551 1181 2605 pro
1210 2536 1394 2607 seipso
1426 2541 1767 2608 temperare.

391 2615 522 2686 (10.,
579 2617 675 2672 lib.
725 2634 798 2674 xx
834 2621 1050 2688 Moral.,
1094 2639 1197 2694 cap
1242 2625 1332 2693 6.)
1393 2624 1689 2679 zEdiﬁcare
1737 2625 2010 2681 lectorem

311 2705 474 2775 juxta
526 2705 818 2762 historiam
878 2713 1083 2779 potest,
1139 2715 1266 2779 etc.,
1309 2727 1476 2782 usque
1526 2713 1600 2769 ad
1635 2730 1739 2769 ncc
1787 2714 2009 2769 miseri-

317 2793 513 2849 cordia
544 2795 880 2868 disciplina.

389 2883 548 2938 Vens.
612 2887 694 2940 l3.
738 2915 806 2928 —
853 2888 1151 2942 Recordare
1193 2889 1496 2958 Abraham,
1527 2890 1712 2958 Isaac,
1744 2895 1848 2946 etc.
1909 2895 2009 2946 Pa-

2129 1749 2250 1802 zelo
2313 1747 2505 1802 divino
2545 1746 2760 1802 amoris
2817 1746 3106 1809 excitatur,
3165 1746 3417 1817 profecto
3448 1763 3570 1800 esse
3600 1763 3658 1800 se
3714 1745 3817 1800 Dei

2126 1841 2317 1907 negat,
2352 1835 2450 1907 qui
2481 1840 2761 1908 quantum
2800 1835 3027 1904 sufﬁcit,
3059 1835 3232 1890 vitam
3263 1835 3582 1890 carnalium
3627 1833 3817 1888 incre-

2123 1942 2260 1998 pare
2277 1929 2516 1979 recusat.

2191 2016 2356 2069 Vans.
2409 2015 2498 2069 28.
2559 2042 2617 2053 —
2678 2015 3058 2083 Feceruntque,
3123 2016 3229 2067 etc.
3281 2012 3438 2084 (Anc.
3472 2011 3532 2065 in
3566 2014 3818 2066 Locutio-

2123 2104 2300 2171 nibus,
2335 2103 2504 2157 locut.
2545 2101 2682 2167 124.)
2727 2101 2950 2156 Pluralc
2982 2118 3086 2172 pro
3120 2101 3398 2171 singulari
3447 2100 3653 2172 posuit,
3700 2105 3811 2154 etc.

2122 2206 2289 2261 usque
2319 2189 2394 2244 ad
2433 2189 2715 2260 certisque
2761 2187 2972 2259 regulis
3020 2188 3139 2242 istac
3194 2187 3508 2243 locutiones
3554 2187 3814 2258 interpo-

2121 2283 2362 2336 nuntur.

2191 2370 2360 2423 Vans.
2406 2369 2492 2424 31.
2528 2396 2588 2408 -
2616 2366 2730 2420 Aut
2757 2365 2976 2421 dimitte
3003 2367 3098 2432 eis,
3133 2368 3236 2420 etc.
3267 2366 3454 2434 (Auo.,
3485 2368 3673 2436 quast.
3712 2365 3817 2418 147

2121 2461 2180 2512 in
2212 2455 2416 2528 Exod.)
2461 2455 2701 2511 Securus
2758 2453 2989 2525 quidem
3044 2453 3150 2508 hoc
3179 2453 3331 2520 dicit,
3366 2458 3492 2518 etc.,
3543 2468 3710 2522 usque
3739 2453 3822 2506 ad

2121 2550 2184 2600 ut
2213 2561 2318 2615 pro
2350 2544 2432 2599 eis
2464 2543 2563 2597 illa
2591 2543 2763 2597 verba
2793 2543 2906 2597 Deo
2935 2541 3220 2597 funderet.

2192 2635 2349 2688 Vens.
2385 2637 2478 2689 35.
2514 2661 2583 2673 —
2622 2632 2785 2699 Quem
2811 2631 2944 2698 fecit
2974 2632 3181 2686 Aaron.
3228 2631 3389 2700 (Aac.
3439 2632 3628 2700 quast.
3661 2628 3822 2695 148.)

2121 2721 2409 2788 Quaeritur
2436 2737 2566 2775 cum
2598 2719 2860 2790 superius
2887 2720 3170 2790 populum
3219 2717 3463 2772 nudasse
3493 2717 3679 2772 dictus
3740 2707 3824 2769 sit

2121 2812 2333 2874 Aaron,
2393 2813 2523 2875 etc.,
2581 2823 2749 2877 usque
2803 2807 2878 2861 ad
2901 2808 3057 2878 quod
3087 2805 3392 2878 Apostolus
3438 2805 3575 2860 dicit
3629 2803 3823 2858 excla-

2121 2914 2282 2952 mans
2317 2897 2526 2964 :Quam
2581 2895 2967 2951 inscrutabilia
3023 2897 3166 2950 enim
3213 2899 3340 2950 sunt
3371 2894 3590 2964 judicia
3645 2893 3762 2963 ejus
3803 2909 3818 2947 :

317 2973 451 3038 tres,
485 2970 582 3042 qui
613 2971 956 3042 diliguntur,
993 2973 1207 3029 inducit
1239 2993 1345 3046 pro
1375 2978 1532 3046 ﬁliis,
1573 2978 1672 3050 qui
1693 2978 2007 3034 offendunt.
2050 2995 2088 3050 ρ
2122 2991 2226 3042 etc,
2264 2986 2434 3057 (Rom.
2465 2987 2567 3056 χι).

317 3073 422 3111 nec
451 3065 747 3114 merentur
787 3063 1010 3130 audiri;
1045 3064 1181 3136 quia
1229 3065 1378 3119 bona
1409 3071 1736 3122 sanctorum
1779 3073 2007 3140 patrum

319 3161 470 3216 saepe
495 3148 842 3204 subveniunt
870 3151 1020 3205 ﬁliis.

311 3239 316 3244 ‘
391 3235 549 3289 Vens.
597 3237 680 3291 14.
738 3267 806 3278 -
856 3241 1217 3309 Placatusque
1273 3247 1350 3296 est
1392 3244 1657 3298 Dominus
1697 3260 1763 3298 ne
1806 3245 2010 3310 faceret

318 3323 539 3378 malum.
574 3322 759 3396 (AUG.)
787 3326 1056 3383 Malitiam
1115 3329 1208 3385 hic
1255 3347 1482 3402 poenam
1521 3331 1765 3404 intelligi
1809 3332 2006 3386 voluit.

322 3409 466 3464 sicut
497 3417 581 3466 est
610 3413 751 3467 illud
787 3431 799 3470 :
852 3415 1143 3471 Estimata
1200 3423 1286 3473 est
1314 3420 1533 3475 malitia
1565 3422 1750 3475 exitus
1779 3421 2008 3476 illorum

324 3497 652 3556 Secundum
684 3501 791 3556 hoc
819 3503 1027 3560 dicitur
1065 3511 1124 3562 et
1173 3507 1389 3564 bonum
1439 3515 1496 3564 et
1552 3511 1768 3564 malum
1803 3526 1925 3565 esse
1978 3528 2011 3565 a

323 3589 460 3657 Deo,
488 3605 604 3644 non
626 3591 936 3646 secundum
967 3595 1241 3651 malitiam
1266 3598 1398 3668 quia
1419 3597 1682 3652 homines
1712 3598 1849 3652 mali
1881 3603 2013 3652 sunt

322 3677 498 3732 Malus
545 3678 699 3732 enim
754 3680 901 3734 Deus
932 3697 1051 3736 non
1081 3687 1163 3738 est
1197 3701 1209 3738 :
1245 3685 1337 3740 sed
1372 3685 1537 3740 malis
1583 3685 1793 3758 ingerit
1839 3687 2008 3754 mala,

319 3765 455 3836 quia
478 3766 665 3836 justus
684 3773 792 3824 est.

392 3855 552 3911 Vens.
618 3859 697 3912 l9.
757 3886 824 3899 —-
875 3861 1159 3930 Iratusque
1208 3863 1382 3917 valde.
1437 3862 1565 3932 (ln.,
1622 3869 1811 3933 quast.
1866 3865 2006 3930 144.)

321 3947 502 3998 Iratus
562 3945 795 4016 Moyses,
827 3947 1049 4001 tabulas
1078 3949 1395 4004 testimonii
1429 3952 1610 4022 digito
1645 3952 1739 4007 Dei
1775 3953 2013 4024 scriptas

322 4033 555 4105 fregisse
585 4034 830 4090 videtur.
870 4037 1066 4107 Magno
1114 4041 1309 4094 tamen
1340 4041 1610 4111 mysterio
1656 4042 1901 4113 ﬁgurata
1930 4047 2014 4095 cst

321 4122 546 4178 iteratio
600 4124 945 4180 Teslamcnti
1001 4125 1164 4189 Novi,
1219 4128 1353 4198 quia
1385 4135 1544 4183 vetus
1575 4130 1758 4184 fuerat
1788 4131 2014 4185 abolen-

323 4212 479 4279 dum,
545 4217 602 4266 ct
655 4214 870 4268 Novum
943 4215 1424 4273 constituendum.
1498 4219 1822 4272 Notandum
1880 4235 2014 4272 sane

2731 3116 2954 3172 CAPUT
2991 3116 3215 3172 XXXIII.

2189 3254 2351 3306 Vens.
2428 3256 2473 3306 1.
2535 3279 2604 3292 --
2663 3251 3017 3319 Locutusque,
3089 3251 3194 3304 etc.
3251 3250 3411 3313 Aac,
3469 3250 3656 3316 quast.
3715 3247 3821 3299 149

2120 3344 2176 3394 in
2231 3339 2430 3410 Exod.)
2503 3340 2647 3394 Deus
2694 3337 2895 3398 iratus,
2971 3341 3099 3406 etc.,
3160 3352 3330 3408 usque
3376 3336 3450 3391 ad
3521 3351 3654 3389 voce
3703 3338 3822 3388 ter-

2119 3429 2296 3482 rebat.

2194 3515 2360 3583 Vade,
2395 3519 2500 3570 etc.
2541 3514 2664 3585 (lo.,
2699 3517 2885 3584 quast.
2930 3512 3074 3583 l50.)
3121 3511 3402 3567 Continuo
3435 3517 3710 3581 tanquam
3747 3511 3820 3565 ad

2121 3604 2308 3674 ipsum
2343 3605 2549 3671 Mosen,
2585 3608 2714 3667 etc.,
2747 3617 2915 3671 usque
2935 3601 3008 3655 ad
3039 3617 3072 3654 a
3104 3601 3243 3655 facie
3268 3599 3516 3654 Domini.

2193 3694 2355 3746 Vens.
2407 3694 2462 3748 2.
2525 3722 2593 3732 —
2644 3694 2853 3746 Mittam
2904 3704 3311 3760 praecursorem,
3371 3688 3556 3759 (Ana,
3612 3691 3816 3758 quasi.

2126 3782 2277 3848 150.)
2312 3782 2459 3834 Deus
2508 3795 2638 3834 cum
2686 3779 2855 3849 justis
2883 3783 2970 3832 est
3025 3777 3333 3842 visitando,
3376 3776 3721 3843 miserando,
3763 3782 3826 3830 et

2122 3867 2544 3923 confortando:
2593 3882 2722 3920 cum
2771 3854 2964 3937 impiis
3011 3881 3165 3932 vero,
3217 3864 3541 3919 ulciscendo
3600 3870 3655 3916 et.
3706 3880 3823 3930 pu-

2124 3957 2352 4012 niendo.
2387 3959 2448 4012 Et
2489 3960 2574 4011 est
2607 3971 2850 4009 sensus:
2894 3956 3032 4008 Cum
3092 3954 3181 4008 his
3225 3969 3338 4007 non
3394 3968 3631 4023 possum
3692 3968 3824 4004 esse

2124 4052 2362 4117 propter
2401 4050 2479 4115 te,
2510 4049 2574 4098 ut
2604 4043 2884 4098 vindicem
2919 4047 2976 4096 et
3002 4043 3272 4115 puniam;
3303 4057 3408 4096 nec
3437 4045 3670 4113 propter
3696 4057 3824 4107 eos,

2127 4139 2186 4188 ut
2213 4134 2438 4189 visitem
2487 4137 2543 4188 et
2595 4131 2910 4187 confortem
2952 4147 2967 4185 :
3025 4129 3248 4185 mittam
3297 4130 3566 4201 angelum
3619 4144 3826 4184 meum

2124 4223 2347 4277 saltem.

322 4301 536 4367 quanta
567 4314 672 4369 pro
710 4302 923 4371 populo
971 4303 1040 4355 ad
1092 4304 1270 4358 Deum
1321 4306 1739 4377 supplicatione
1790 4307 2009 4364 labora-
2043 4297 2084 4351 Ῑ)
2195 4311 2352 4365 Vens.
2416 4312 2468 4364 4.
2527 4341 2593 4350 -
2646 4308 2890 4365 Audiens
2941 4308 3194 4378 populus.
3251 4306 3434 4376 (ΗΑΒ.)
3497 4304 3823 4361 Pessimum

322 4384 483 4450 verit,
517 4386 614 4456 qui
650 4390 764 4440 tam
801 4403 1028 4444 severus
1058 4389 1117 4443 in
1148 4407 1245 4444 eos
1282 4393 1625 4448 vindicando
1671 4394 1794 4449 fuit.

396 4474 551 4529 Vens.
583 4477 670 4530 20.
722 4507 789 4516 --
839 4478 1235 4549 Arripiensque
1263 4480 1497 4539 vitulum
1552 4499 1708 4553 quem
1745 4485 2006 4550 fecerant.

323 4564 470 4631 (Ism.
502 4566 560 4618 in
611 4565 810 4636 Exod,
845 4572 989 4624 tom.
1040 4569 1122 4639 V.)
1163 4571 1385 4625 Diaboli
1421 4589 1629 4644 corpus
1658 4573 2012 4645 signiﬁcatur

323 4651 380 4706 in
414 4652 612 4720 vitulo,
647 4660 775 4722 etc.,
816 4672 984 4728 usque
1014 4658 1087 4712 ad
1119 4659 1416 4731 absorptus
1447 4666 1546 4716 est.

395 4743 464 4796 Et
500 4742 652 4798 dedit
679 4759 747 4800 ea:
784 4760 841 4800 eo
864 4751 1053 4816 potum
1080 4749 1212 4816 ﬁliis
1261 4750 1450 4804 Israel.
1479 4750 1736 4804 Tradunt
1792 4750 2010 4805 Hebraei

267 4835 269 4837 ’
322 4831 476 4900 quod
564 4831 669 4887 ﬁlii
739 4835 904 4888 Israel
953 4835 1212 4890 bibentes
1287 4853 1494 4907 aquam
1558 4837 1721 4891 vituli
1778 4839 2011 4908 pulvere

325 4917 614 4989 infectam,
670 4922 769 4994 qui
820 4922 1224 4978 commiserant
1283 4924 1664 4979 idololatriam
1717 4925 1775 4979 in
1822 4925 2014 4980 barbis

324 5007 616 5076 pulverem
675 5011 799 5064 auri
857 5012 1257 5083 praeferebant,
1318 5027 1430 5083 quo
1489 5012 1658 5066 etiam
1707 5014 1869 5085 signo
1931 5013 2013 5067 rei

325 5095 412 5148 vel
467 5095 754 5152 immunes
813 5100 1038 5155 sceleris
1093 5101 1465 5172 apparebant,
1522 5106 1577 5156 et
1647 5102 1728 5156 rei
1794 5103 2010 5157 interli-

324 5181 639 5238 ciebantur.

394 5271 556 5326 Vens.
623 5274 711 5328 24.
763 5275 832 5330 Et
881 5275 1142 5331 dederunt
1200 5279 1354 5346 mihi,
1415 5283 1500 5333 etc
1588 5279 1772 5348 (Auc.,
1823 5285 2010 5348 quasi.

330 5359 473 5431 145.)
504 5361 919 5432 Compendiose
967 5365 1183 5420 locutus
1223 5371 1326 5421 est.
1375 5372 1505 5434 ctc,,
1564 5382 1732 5436 usque
1780 5367 1855 5420 ad
1904 5384 2013 5422 non

332 5447 644 5519 redarguit.

397 5537 556 5590 Vens.
590 5540 658 5592 25
718 5567 786 5578 —
827 5540 1181 5608 'Spoliarerat
1219 5543 1358 5595 enim
1397 5557 1515 5595 cum
1540 5545 1729 5596 Aaron
1760 5545 1816 5597 in
1871 5545 2016 5611 igno-

2121 4415 2443 4453 sermonem
2503 4397 2637 4454 dicit
2693 4395 2975 4451 audivisse
3027 4395 3328 4466 populum,
3375 4395 3481 4449 hoc
3524 4397 3626 4459 est,
3683 4409 3823 4447 crn-

2121 4485 2473 4542 delissimum
2504 4491 2676 4557 atque
2707 4483 3156 4540 mcestissimum.
3210 4483 3372 4548 Quod
3427 4481 3580 4537 enim
3629 4483 3826 4552 maius

2121 4573 2290 4627 alicui
2330 4572 2588 4644 praeteri
2645 4575 2832 4643 potest
2893 4571 3257 4634 beneﬁcium,
3289 4585 3461 4641 quam
3524 4569 3623 4624 Dei
3680 4585 3822 4639 gra-

2119 4663 2258 4718 tiam
2288 4661 2498 4716 habere
2545 4665 2908 4732 praesentem,
2942 4675 3005 4713 ac
3036 4659 3390 4713 conditorem
3446 4673 3610 4711 suum
3640 4673 3830 4728 agno-

2121 4765 2275 4806 scere
2307 4749 2414 4803 sibi
2443 4765 2562 4803 csse
2593 4747 2939 4819 propitium;
2973 4751 3070 4800 aut
3108 4746 3260 4818 quod
3293 4745 3477 4816 majus
3507 4749 3590 4799 est
3621 4745 3830 4801 discri-

2122 4853 2274 4900 men,
2343 4851 2517 4907 quam
2602 4835 2849 4889 auctoris
2909 4833 3146 4888 suﬁerre
3203 4833 3393 4887 iram?
3448 4833 3595 4888 Nihil
3644 4832 3838 4890 habet

2124 4926 2284 4992 boni,
2333 4923 2433 4996 qui
2472 4925 2740 4979 creatoris
2796 4924 2884 4978 sui
2943 4922 3152 4978 carebit
3209 4922 3392 4993 gratia
3445 4927 3616 4994 atque
3668 4939 3834 4993 pree-

2125 5031 2220 5070 sen
2230 5014 2305 5067 tia

2197 5104 2353 5156 Vens.
2390 5107 2441 5155 7.
2507 5130 2575 5139 -
2643 5099 2852 5154 Totiens
2909 5100 3333 5164 tabernaculum,
3392 5104 3496 5152 etc.
3553 5099 3664 5152 Hoc
3720 5116 3840 5170 per

2124 5189 2432 5263 prolepsim
2459 5189 2875 5260 accipiendum,
2910 5187 2958 5242 si
3021 5188 3089 5242 de
3121 5187 3218 5241 illo
3254 5186 3619 5240 tabernaculo
3675 5191 3838 5242 acci-

2127 5280 2302 5351 pitur,
2333 5278 2492 5350 quod
2518 5278 2692 5348 Moysi
2736 5277 2794 5330 in
2843 5280 3040 5330 monte
3073 5279 3448 5329 monstratum
3497 5279 3600 5339 est,
3649 5281 3704 5328 ct.
3739 5277 3836 5330 fa-

2126 5368 2428 5431 bricatum,
2455 5364 2820 5437 praecipiente
2854 5363 3115 5431 Domino,
3152 5378 3186 5417 a
3216 5361 3463 5416 Beseleel
3493 5366 3550 5415 ct
3598 5361 3838 5416 Ooliah.

2126 5455 2222 5510 Vel
2253 5455 2406 5509 aliud
2438 5453 2870 5508 tabernaculum
2900 5452 3030 5519 fuit,
3063 5452 3131 5506 ad
3165 5450 3317 5522 quod
3367 5450 3489 5520 jam
3522 5451 3844 5503 convenie-

2128 5544 2266 5598 bant
2293 5541 2361 5595 ad
2385 5540 2782 5611 judicandum.
