4052 6180
229 273 333 325 289

323 394 489 448 Vens.
544 394 596 450 8.
641 420 711 434 —
761 392 998 460 Cumque
1074 390 1435 460 egrederetur,
1525 397 1629 445 etc.

229 482 364 535 hom.
405 483 469 535 13
516 482 574 535 in
603 480 820 547 Ezech.)
867 479 1137 534 Hebraeus
1194 480 1442 551 populus
1484 479 1554 533 de
1610 480 1938 550 Egyptiaca

230 568 500 624 servitute
555 569 849 635 liberatus,
902 573 1035 637 etc.,
1087 582 1256 638 usque
1338 568 1413 622 ad
1488 569 1758 639 progredi
1833 584 1933 622 co-

231 664 461 711 nantur.

294 747 744 816 Aspiciebantur,
799 750 903 800 etc.
982 743 1220 815 (Summ)
1281 745 1500 815 Moyses
1554 748 1710 800 tenet
1787 746 1938 817 ligu-

230 852 348 888 ram
410 835 569 904 legis.
631 835 807 904 Moysi
891 848 1028 903 ergo
1073 838 1303 903 tergum
1358 834 1605 904 pepulus
1667 833 1935 887 Judaicus

229 924 560 993 aspiciebat,
588 922 723 993 quia
754 922 899 976 nihil
950 922 1276 992 mysticum,
1324 921 1470 975 nihil
1529 921 1828 992 spirituale
1876 922 1934 975 in

228 1011 349 1081 lege
372 1012 552 1065 voluit
596 1010 939 1080 intelligere,
994 1010 1093 1064 sed
1149 1009 1507 1079 superﬁciem
1568 1015 1792 1066 tantum
1840 1010 1934 1065 lit-

227 1102 384 1152 terae.
448 1098 581 1152 Ideo
611 1098 732 1168 ejus
768 1096 940 1151 facies
982 1097 1309 1151 abscondita
1362 1102 1503 1165 erat,
1556 1098 1615 1153 id
1656 1104 1741 1153 est
1806 1114 1936 1151 vera

228 1193 282 1240 et
312 1203 477 1241 mera
542 1185 806 1256 cognitio.
867 1186 1126 1254 Ingresso
1181 1186 1281 1241 illo
1331 1187 1784 1256 tabernaculum,
1837 1191 1935 1244 de-

228 1275 537 1329 Scendebat
564 1277 830 1328 columna
858 1274 1046 1337 nubis,
1082 1280 1139 1327 et
1167 1275 1354 1329 stabat
1396 1275 1468 1329 ad
1518 1276 1753 1331 ostium.
1812 1278 1937 1331 Alia

227 1364 525 1419 translatio
554 1362 691 1417 dicit
722 1364 878 1433 quod
910 1362 1083 1433 Moysi
1118 1362 1330 1417 volenti
1382 1363 1608 1435 ingredi
1666 1366 1933 1420 taberna-

228 1453 449 1518 culum,
471 1452 806 1522 opponebat
825 1468 883 1505 se
907 1451 1088 1504 nubes
1126 1457 1255 1505 ante
1287 1455 1342 1505 et
1384 1453 1723 1522 prohibebat
1780 1470 1931 1509 eum.

232 1542 327 1595 llic
357 1546 554 1595 autem
575 1541 803 1609 dicitur,
829 1539 983 1610 quod
1011 1540 1107 1593 illo
1150 1539 1404 1610 ingresso
1453 1542 1793 1612 loquebatur
1842 1560 1939 1597 nu-

228 1632 325 1684 bes
348 1636 486 1683 ante
512 1629 725 1683 ostium
754 1645 886 1682 cum
918 1645 1005 1683 eo.
1066 1628 1374 1683 Sciendum
1430 1646 1566 1699 ergo
1624 1632 1776 1702 quod
1831 1632 1935 1685 ali-

227 1735 400 1791 quam
433 1723 658 1788 partem
686 1716 1138 1788 ingrediebatur,
1170 1719 1383 1772 atrium
1426 1718 1659 1787 scilicet,
1704 1724 1758 1775 et
1804 1726 1938 1775 tunc

228 1811 545 1877 antequam
590 1806 830 1859 intraret
884 1804 942 1859 in
988 1805 1443 1871 tabernaculum,
1504 1809 1831 1879 opponebat
1879 1825 1937 1863 se

228 1895 412 1949 nubes
442 1895 590 1951 :hoc
617 1910 755 1965 ergo
787 1895 908 1948 loco
933 1894 1219 1963 signiﬁcat
1257 1911 1353 1948 eos
1410 1896 1511 1966 qui
1568 1896 1757 1951 minus
1804 1904 1940 1953 sunt

226 1983 467 2052 perfecti
490 1982 729 2037 scientia
766 1986 822 2036 et
850 1998 1043 2052 opere,
1084 1998 1188 2036 nec
1215 1984 1405 2038 valent
1435 1985 1637 2039 intima
1691 1986 1939 2057 scriptu-

228 2088 424 2125 rarum
444 2076 768 2141 penetrare.
791 2071 942 2124 Alibi
972 2075 1166 2124 autem
1180 2072 1409 2141 quando
1440 2074 1693 2128 medium
1714 2074 1939 2129 nebulai

230 2161 549 2230 ingressus,
581 2165 687 2225 est,
720 2160 1107 2229 perfectorum
1163 2160 1409 2229 tiguram
1458 2162 1663 2228 tenuit,
1728 2163 1941 2218 scilicet

229 2250 325 2320 qui
358 2248 732 2318 mysticorum
758 2263 1028 2301 sensuum
1061 2263 1265 2301 arcana
1290 2248 1652 2319 investigent.

300 2354 649 2421 Loquebatur
709 2358 887 2408 autem
962 2355 1231 2407 Dominus.
1318 2354 1645 2410 Secundum
1714 2356 1939 2427 opinio-

232 2458 366 2496 nem
387 2442 589 2511 populi
622 2442 880 2512 loquitur
904 2441 1216 2512 Scriptura,
1274 2443 1373 2513 qui
1414 2443 1653 2513 putabat
1711 2446 1939 2516 Moysen

234 2546 332 2583 ore
361 2531 435 2583 ad
467 2547 529 2583 os
563 2530 720 2600 loqui
759 2546 888 2584 cum
916 2531 1052 2599 Deo,
1089 2546 1217 2584 cum
1258 2547 1360 2601 per
1414 2532 1726 2603 subjectam
1784 2550 1940 2588 crea-

230 2624 447 2685 turam,
472 2618 528 2673 id
562 2624 645 2673 est
672 2634 776 2690 per
808 2619 1076 2690 angelum
1104 2623 1161 2673 et
1197 2620 1409 2674 nubem
1438 2620 1491 2674 ei
1522 2622 1856 2692 loqueretur
1886 2627 1943 2677 et

235 2711 557 2777 appareret.
590 2707 728 2761 Nam
764 2706 886 2777 ejus
915 2707 1289 2761 substantiam
1338 2724 1443 2762 nec
1486 2708 1790 2764 hominum
1838 2726 1942 2766 nec

234 2796 575 2865 angelorum
605 2796 777 2865 (sicut
806 2795 909 2865 est)
940 2794 1246 2866 quisquam
1280 2795 1468 2850 videre
1500 2798 1703 2867 potuit,
1749 2799 1936 2853 unde:

235 2886 366 2950 Regi
394 2888 575 2939 autem
604 2885 919 2938 saculorum
967 2884 1296 2947 immortali,
1355 2886 1648 2953 invisibili,
1706 2890 1816 2941 etc.
1878 2888 1941 2941 Et

234 2973 417 3026 alibi:
477 2975 669 3027 Lucem
718 2973 933 3027 habitat
1000 2973 1441 3038 inaccessibilem,
1524 2979 1630 3028 etc.
1691 2975 1735 3041 (Ι
1802 2978 1939 3030 Tim.
1972 2966 2009 3020 C

236 3076 271 3125 I,
304 3061 402 3129 γι).

304 3166 671 3236 (6336.,in1
720 3166 883 3234 Reg,
934 3182 1055 3239 cap.
1109 3165 1223 3240 10.)
1286 3168 1470 3223 Facies
1531 3170 1628 3224 Dei
1688 3169 1942 3242 cognitio

234 3254 355 3324 ejus
385 3259 489 3309 est.
523 3255 893 3327 Cognoscitur
921 3259 1112 3310 autem
1140 3257 1288 3310 Deus
1326 3272 1431 3327 per
1485 3258 1801 3329 speculum,
1850 3275 1940 3314 co-

235 3344 531 3415 gnoscitur
579 3360 683 3415 per
749 3344 1020 3415 seipsum.
1109 3346 1214 3399 Per
1272 3345 1568 3417 speculum
1652 3346 1763 3414 hic,
1842 3362 1946 3418 per

235 3432 606 3502 semetipsum
657 3432 717 3487 in
767 3432 928 3487 caelo.
992 3431 1298 3503 Speculum
1362 3450 1496 3489 vero
1540 3438 1626 3489 est
1697 3434 1797 3488 illa
1846 3435 1945 3489 lux

236 3538 412 3593 quam
444 3521 661 3577 habitat
703 3522 851 3577 Deus
885 3539 896 3575 :
956 3521 1077 3593 ipse
1118 3530 1310 3578 autem
1366 3522 1462 3579 lux
1511 3523 1610 3579 illa
1639 3539 1768 3594 qua
1824 3524 1943 3595 ipse

235 3615 341 3663 est.

304 3714 367 3769 Si
405 3730 531 3783 ergo
575 3718 758 3770 inveni
806 3719 1068 3786 gratiam,
1129 3723 1233 3772 etc.
1285 3718 1475 3789 (AUG.,
1537 3723 1724 3787 quast.
1780 3720 1941 3787 151.)

235 3803 333 3857 Hi3
378 3804 569 3858 verbis
612 3805 863 3860 ostendit
921 3807 1156 3878 Moyses,
1209 3810 1341 3874 etc.,
1402 3822 1570 3875 usque
1638 3807 1712 3863 ad
1776 3812 1840 3862 ut
1885 3824 1943 3862 se

232 3892 481 3947 mundos
511 3898 568 3947 et
593 3893 894 3949 inviolatos
918 3895 1242 3950 custodiant
1270 3899 1328 3950 et
1379 3894 1701 3967 proﬁciant.

302 3980 469 4033 Vens.
505 3983 591 4034 17.
624 4009 694 4021 —-
744 3983 813 4036 Et
857 3983 1089 4051 teipsum
1144 3982 1290 4051 novi,
1349 3988 1456 4037 etc.
1510 3983 1693 4051 (Acc.,
1751 3987 1938 4052 quast.

236 4068 379 4131 153.)
429 4068 698 4134 Quoniam
754 4072 863 4125 scio
925 4076 973 4124 te
1020 4086 1136 4140 pra
1178 4070 1447 4135 omnibus,
1513 4076 1615 4125 ets.
1671 4071 1941 4143 Nunquid

236 4156 381 4209 Deus
406 4158 536 4227 plus
570 4159 764 4231 aliqua
788 4158 889 4213 scit
917 4162 972 4213 et
996 4159 1190 4230 aliqua
1220 4159 1411 4214 minus
1430 4162 1456 4213 ?
1480 4164 1609 4227 etc.,
1655 4175 1822 4229 usque
1870 4160 1944 4215 ad

1377 268 1631 325 GLOSSA
1668 267 2073 325 ORDINABIA.
2116 297 2183 304 —
2227 267 2358 322 LIB.
2402 266 2604 323 EXOD.

3637 280 3739 335 290

1711 392 1925 461 (Casa,
1965 392 2011 448 Α
2037 391 2084 446 Α
2114 391 2230 445 Deo
2261 389 2523 445 homines
2548 389 2721 444 nullis
2767 391 3221 460 praecedentibus
3268 394 3483 449 meritis
3533 400 3736 466 vocari,

2047 486 2178 546 etc.,
2210 495 2379 550 usque
2403 478 2477 533 ad
2502 478 2549 533 si
2578 480 2803 535 deserat
2833 480 2933 552 qui
2965 482 3195 536 vocavit.

2116 569 2232 624 Non
2256 569 2482 637 poteris,
2510 570 2615 621 etc.
2652 566 2841 635 (Aue.,
2892 574 3080 637 quast.
3135 569 3281 640 154.)
3335 572 3467 625 Post
3516 572 3737 629 miseri-

2044 655 2254 709 cordiae
2278 670 2396 709 sua
2426 655 3000 725 commendationem,
3025 663 3153 724 etc.,
3178 674 3345 729 usque
3364 660 3439 713 ad
3459 660 3591 716 huic
3613 664 3741 720 vitae

2044 743 2415 798 moriendum
2442 748 2545 798 est.

2116 832 2275 886 Vsus.
2331 834 2421 886 20.
2479 861 2551 874 —
2609 834 2725 888 Non
2781 836 2942 894 enim,
3001 838 3107 887 etc.
3163 834 3378 905 (61:50.,
3434 837 3533 893 lib.
3606 856 3739 895 xvm

2043 921 2260 986 Morat.,
2283 935 2407 990 cap.
2441 922 2528 987 37,
2557 926 2703 976 tom.
2742 922 2817 990 Ι.)
2850 923 3097 976 Joannes
3143 939 3376 994 quoque
3427 926 3507 981 ait
3539 944 3551 981 :
3601 934 3731 996 etc.,

2042 1007 2473 1079 usqueadquia
2521 1009 2750 1064 satietas
2798 1025 2867 1063 ex
2918 1010 3198 1065 desiderio
3249 1028 3480 1083 semper
3530 1032 3735 1071 accen-

2047 1096 2222 1151 ditur.

2116 1186 2277 1240 Vens.
2308 1188 2396 1240 21.
2428 1216 2495 1226 -—
2519 1187 2665 1253 Ecce,
2699 1186 2904 1257 inquit,
2937 1188 3079 1242 locus
3110 1192 3188 1243 est
3217 1189 3368 1258 apud
3396 1206 3497 1258 me,
3530 1198 3580 1248 et
3616 1199 3731 1250 sta-

2045 1273 2124 1328 bis
2154 1289 2343 1343 supra,
2377 1277 2481 1328 etc.
2515 1275 2706 1343 (AUG.,
2758 1281 2948 1344 quast.
3003 1277 3144 1347 154.)
3200 1278 3339 1332 Item
3389 1280 3729 1351 interposito

2045 1361 2284 1416 articulo
2318 1362 2540 1415 dicente
2570 1360 2880 1431 Scriptura,
2913 1368 3042 1430 etc.,
3083 1379 3252 1433 usque
3300 1366 3374 1420 ad
3424 1371 3580 1425 stetit
3624 1390 3735 1443 po-

2046 1451 2216 1520 pulus
2244 1449 2428 1505 ﬁdelis
2456 1467 2630 1520 supra
2655 1456 2897 1520 petram.

2118 1540 2328 1609 (GREG.,
2359 1540 2456 1594 lib.
2490 1556 2592 1593 xxv
2639 1541 2856 1604 Moral.,
2906 1556 3027 1611 cap.
3087 1544 3196 1609 16.)
3253 1547 3347 1599 Est
3394 1547 3537 1603 locus
3590 1553 3740 1620 apud

2047 1641 2150 1689 me,
2212 1631 2319 1679 etc.
2384 1626 2561 1679 Locus
2619 1626 2880 1680 Ecclesia.
2936 1628 3100 1680 Petra
3149 1630 3448 1698 Dominus,
3523 1635 3739 1706 Moyses

2048 1713 2280 1768 Judaica
2310 1713 2491 1783 plebs,
2524 1730 2652 1784 quae
2686 1714 2923 1767 Domino
2955 1714 3300 1784 praedicante
3340 1716 3399 1770 in
3433 1722 3585 1772 terra
3623 1736 3738 1775 non

2049 1801 2313 1855 credidit.
2382 1802 2508 1872 Ipsa
2565 1816 2701 1872 ergo
2759 1802 2819 1855 in
2889 1809 3048 1873 petra
3100 1802 3255 1857 stetit
3313 1809 3473 1875 terga
3514 1808 3749 1881 Domini

2051 1889 2396 1943 transeuntis
2434 1890 2712 1961 aspicens,
2761 1890 2913 1961 quia,
2966 1889 3178 1945 scilicet
3224 1897 3351 1961 post
3415 1895 3741 1964 passionem

2048 1978 2550 2049 ascensionemque
2581 1978 2809 2033 Domini
2834 1979 2981 2033 intra
3016 1980 3318 2035 Ecclesiam
3350 1982 3592 2038 deducta
3639 2001 3741 2055 per

2047 2067 2221 2121 tidem
2252 2066 2537 2121 Christum
2562 2067 2855 2137 percipere
2905 2068 3132 2133 meruit,
3177 2073 3233 2123 et
3279 2070 3441 2141 cujus
3488 2088 3739 2143 prasen-

2047 2155 2187 2209 tiam
2220 2172 2333 2209 non
2361 2154 2520 2223 vidit,
2551 2158 2675 2226 ejus
2706 2155 3025 2226 posteriora
3055 2157 3342 2227 cognovit.

2119 2246 2336 2311 (Gneo.
2381 2243 2558 2313 ibid.)
2612 2246 2710 2299 Est
2762 2245 2907 2299 locus
2964 2246 3114 2314 apud
3162 2262 3263 2313 me,
3329 2252 3436 2303 etc.
3497 2250 3744 2306 Ecclesia

2048 2332 2281 2397 scilicet,
2315 2337 2445 2398 etc.,
2479 2348 2646 2401 usque
2676 2333 2750 2387 ad
2774 2334 2854 2387 De
2886 2350 2998 2404 qua
3024 2334 3305 2390 soliditate
3345 2336 3589 2393 dicitur:
3636 2342 3738 2396 Su-

2047 2438 2143 2491 per
2181 2423 2318 2476 hanc
2342 2427 2557 2490 petram
2583 2421 2860 2491 aediﬁcabo
2888 2423 3213 2479 Ecclesium.

2123 2512 2283 2566 Vens.
2316 2512 2407 2565 22.
2462 2540 2530 2551 -—
2593 2512 2829 2581 Cumque
2882 2512 3142 2566 transibit
3195 2513 3378 2580 gloria
3434 2531 3571 2583 mea,
3631 2521 3741 2572 etc.

2052 2599 2402 2669 (EUCHERIUS,
2432 2600 2531 2655 lib.
2565 2599 2630 2654 de
2664 2602 2837 2654 Form.
2864 2600 3074 2672 spirit.)
3111 2601 3220 2656 Sed
3267 2608 3325 2657 et
3370 2604 3612 2660 transire
3655 2606 3743 2660 di-

2049 2685 2196 2740 citur
2227 2688 2397 2754 Deus,
2432 2702 2562 2740 cum
2594 2686 2664 2740 de
2692 2687 2956 2741 cordibus
2999 2689 3386 2757 quorumdam
3416 2691 3740 2757 hominum,

2049 2774 2110 2829 in
2140 2774 2349 2845 quibus
2379 2781 2511 2829 ante
2540 2791 2644 2845 per
2692 2775 2863 2829 tidem
2912 2777 3271 2847 credebatur,
3322 2784 3516 2849 postea
3558 2797 3744 2836 surre-

2052 2870 2222 2933 pente
2253 2864 2493 2934 perﬁdia
2522 2865 2610 2918 vel
2638 2863 2896 2934 quolibet
2926 2864 3152 2933 delicto,
3186 2867 3256 2921 ab
3297 2867 3377 2922 eis
3424 2868 3637 2924 recedit
3690 2874 3746 2925 et

2051 2953 2120 3005 ad
2152 2951 2294 3005 alios
2340 2951 2564 3022 transit,
2610 2952 3094 3024 quemadmodum
3139 2954 3208 3008 de
3237 2956 3447 3011 Judais
3483 2957 3554 3012 ad
3597 2973 3744 3029 gen-

2052 3053 2157 3114 tes,
2189 3048 2258 3103 de
2290 3048 2571 3103 haereticis
2598 3049 2666 3103 ad
2705 3049 3032 3114 catholicos,
3082 3056 3137 3107 et
3169 3053 3239 3107 de
3283 3054 3632 3124 quibuslibet
3674 3055 3745 3110 ir-

2053 3136 2336 3207 religiosis
2365 3137 2437 3191 ad
2463 3136 2781 3207 religiosos.

2123 3226 2205 3280 Et
2228 3230 2509 3295 protegam
2542 3228 2720 3296 (Auc.,
2757 3227 2851 3282 ubi
2875 3231 3092 3301 supra.)
3128 3233 3199 3287 Et
3230 3235 3405 3301 tegam
3434 3249 3600 3288 manu
3627 3251 3746 3289 mea

2053 3330 2215 3385 super
2239 3320 2307 3383 te,
2344 3321 2475 3383 etc.,
2503 3330 2671 3385 usque
2702 3316 2776 3371 ad
2805 3318 3011 3373 deinde
3043 3319 3292 3375 contexit
3312 3321 3451 3392 quid
3470 3322 3746 3377 Dominus

2056 3408 2250 3475 postea
2278 3404 2429 3459 dicat
2460 3421 2474 3459 :
2505 3405 2711 3460 Eacide
2740 3406 2843 3461 tibi
2872 3406 3011 3463 duas
3053 3408 3269 3465 tabulas
3319 3410 3587 3481 lapideas,
3637 3415 3745 3465 etc.

2660 3536 2887 3592 CAPUT
2917 3537 3134 3593 XXXIV.

2347 3672 2377 3687 ρ.

2127 3669 2286 3723 Vens.
2347 3672 2399 3722 7.
2451 3697 2516 3707 -—
2559 3666 2669 3735 Qui
2709 3668 2893 3723 reddis
2941 3672 3288 3739 iniquitatem
3340 3676 3567 3741 patrum
3618 3672 3748 3743 ﬁliis

2053 3774 2116 3813 ac
2146 3759 2425 3826 nepotibus
2458 3760 2515 3813 in
2554 3762 2772 3813 tertiam
2796 3764 2847 3813 et
2886 3765 3162 3829 quartam,
3209 3766 3340 3829 etc.,
3383 3762 3595 3831 (GM-26.,
3646 3761 3745 3815 lib.

2053 3863 2121 3900 xv
2150 3848 2369 3913 Morat,
2402 3863 2532 3917 cap.
2571 3849 2640 3900 22
2679 3846 2866 3916 )Cum
2916 3848 3191 3917 scriptum
3238 3849 3331 3917 sit,
3396 3854 3527 3917 etc.,
3581 3864 3751 3917 usque

2053 3935 2128 3989 ad
2157 3936 2258 4005 qui
2288 3935 2553 3990 viderunt
2580 3935 2733 4005 quod
2764 3936 2912 3989 male
2944 3942 3349 4006 sequerentur.

2128 4024 2291 4079 Vsus.
2353 4024 2436 4077 14.
2498 4023 2758 4077 Dominus
2827 4023 3036 4077 zelotes.
3117 4024 3299 4092 (Ana,
3377 4028 3566 4093 quast.
3649 4027 3748 4079 158

2026 4114 2111 4166 vin
2142 4110 2342 4182 Exod.)
2394 4110 2668 4165 Dominus
2722 4111 2870 4165 Deus
2925 4110 3082 4165 enim
3130 4112 3338 4181 zelaus,
3394 4117 3524 4181 etc.,
3582 4128 3751 4184 usque

2054 4201 2129 4256 ad
2161 4206 2217 4255 et
2252 4198 2440 4271 perdit
2472 4215 2704 4254 omnem
2735 4199 2835 4270 qui
2864 4198 3174 4255 fornicatur
3203 4217 3237 4256 a
3264 4218 3345 4257 se.

406 4245 416 4253 .
452 4245 463 4255 .
613 4246 623 4255 .
900 4245 912 4257 .
1354 4248 1365 4260 .
1530 4247 1541 4258 .
1618 4248 1628 4259 .
1897 4249 1907 4259 .
2055 4243 2128 4256 ν...
2161 4243 2217 4255 ..-
2253 4243 2440 4271 εμπ-υ-
2474 4243 2704 4254 -..μυ-η
2736 4243 2835 4270 ιι...
2864 4243 3165 4255 -..μην-η...
3203 4243 3237 4256 υ.
3264 4243 3345 4257 υ...

743 4247 1176 4361 fqu‘fff‘fguﬂ
1216 4251 1301 4302 θεῖ
1351 4264 1411 4303 m
1456 4248 1741 4320 pnombus
1793 4248 1938 4303 se”-
1966 4268 2013 4326 (Ῑ
2124 4291 2285 4344 Vsus.
2319 4292 2410 4344 20.
2458 4318 2528 4330 ——
2575 4290 3004 4357 Primogenitum
3043 4292 3208 4358 asini,
3258 4295 3364 4345 etc.
3416 4291 3596 4361 (1311).)
3644 4291 3752 4345 Per

231 4337 419 4401 ptura
456 4334 714 4404 partibus
740 4350 813 4388 an
847 4351 975 4390 vere
997 4335 1070 4389 sit
1102 4335 1201 4390 ita.

304 4421 468 4476 Vsus.
502 4425 595 4480 19.
645 4453 715 4465 —
769 4424 890 4492 Ego
933 4425 1210 4481 ostendam
1294 4426 1485 4496 (Auc.,
1544 4429 1733 4496 quast.
1796 4426 1941 4497 154.)

237 4508 375 4563 Cum
398 4510 633 4567 dixisset
716 4513 930 4584 Moyses
1004 4514 1075 4568 ad
1166 4512 1494 4581 Dominum,
1561 4517 1692 4584 etc.,
1776 4529 1944 4583 usque

236 4598 308 4650 ad
367 4605 607 4655 vocatur
651 4602 927 4657 Dominus
986 4601 1241 4657 Christus
1328 4602 1388 4657 in
1450 4601 1717 4657 omnibus
1798 4618 1943 4674 gen-

237 4687 408 4742 tibus.

316 4796 385 4851 Et
412 4799 638 4854 vocabo.
679 4800 858 4867 (Ana,
902 4802 1088 4869 quast.
1140 4799 1287 4869 154.)
1353 4798 1559 4854 Vocabo
1609 4802 1801 4854 autem
1851 4798 1943 4853 di—

232 4890 335 4956 xit,
371 4906 490 4944 non
517 4887 779 4954 vocabor,
812 4887 1061 4943 activum
1092 4888 1329 4942 verbum
1380 4903 1488 4958 pro
1550 4886 1776 4958 passivo
1829 4903 1937 4959 po-

234 4994 396 5047 nens,
430 4992 644 5048 genere
670 4975 977 5030 locutionis
1000 4976 1290 5044 inusitata,
1319 4975 1379 5030 in
1409 4992 1522 5047 quo
1555 4976 1702 5032 forte
1755 4975 1939 5048 signi-

235 5066 400 5121 ﬁcare
432 5066 617 5120 voluit
651 5064 904 5135 seipsum
956 5064 1064 5118 hoc
1115 5063 1322 5134 facere,
1371 5063 1432 5118 id
1470 5068 1573 5132 est,
1632 5065 1815 5135 gratia
1841 5082 1943 5120 sua

236 5156 375 5223 ﬁeri,
409 5158 727 5210 utvocetur
758 5152 1032 5208 Dominus
1064 5152 1119 5207 in
1180 5152 1450 5207 omnibus
1490 5153 1776 5223 gentibus.

304 5247 371 5299 Et
398 5243 711 5312 miserebor,
767 5246 871 5297 etc.
910 5244 1088 5312 (Ana,
1119 5242 1216 5297 ubi
1255 5240 1469 5314 supra.)
1488 5241 1649 5307 Quod
1706 5242 1938 5312 addidit,

236 5336 359 5401 etc.,
390 5348 559 5402 usque
592 5332 667 5386 ad
708 5332 788 5386 sic
840 5332 988 5386 Deus
1046 5331 1443 5403 pronuntiavit
1484 5332 1936 5388 misericordiam

237 5436 289 5475 se
322 5438 441 5476 esse
473 5422 785 5476 facturum.

301 5530 485 5597 (Aea,
510 5530 610 5584 lib.
644 5529 713 5582 de
754 5527 1240 5583 Pradestinatioue
1293 5532 1345 5582 et
1383 5528 1597 5596 Gratia,
1653 5544 1775 5599 cap.
1823 5532 1933 5600 10.)

2053 4378 2279 4434 asinum
2312 4376 2702 4445 immunditia,
2729 4392 2833 4447 per
2859 4394 3021 4433 ovem
3044 4379 3374 4435 innocentia
3400 4379 3749 4450 designatur.

2052 4467 2213 4523 Asini
2253 4483 2390 4539 ergo
2434 4466 2822 4538 primogenita
2866 4484 2967 4522 ove
3016 4474 3260 4538 mutare,
3307 4473 3392 4524 est
3434 4468 3749 4523 immundae

2053 4557 2182 4611 vitae
2210 4555 2523 4628 primordia
2547 4552 2618 4611 ad
2650 4555 2990 4611 innocentia:
3044 4558 3471 4629 simplicitatem
3518 4572 3750 4613 conver-

2051 4650 2193 4715 tere,
2226 4650 2291 4699 ut
2337 4647 2645 4715 postquam
2700 4644 2798 4698 illa
2848 4650 3111 4715 peccator
3159 4646 3295 4717 egit,
3352 4663 3482 4718 quas
3527 4650 3592 4701 ut
3640 4644 3749 4700 im-

2053 4733 2272 4789 munda
2331 4732 2607 4788 Dominus
2661 4734 2902 4801 respuit,
2932 4750 2999 4789 ea
3041 4735 3161 4805 jam
3202 4735 3425 4805 agendo
3473 4734 3748 4805 proferat,

2056 4837 2184 4893 quae
2218 4820 2319 4875 Dei
2352 4820 2631 4875 sacriﬁcio
2664 4822 2879 4876 munda
2909 4821 3191 4893 imponat.

2123 4910 2284 4964 Vens.
2314 4913 2372 4964 ‘21
2394 4950 2408 4965 .
2446 4940 2515 4950 —-
2545 4910 2650 4964 Die
2674 4912 2917 4980 septimo.
2954 4910 3137 4981 (Aea,
3173 4915 3362 4982 quast.
3408 4913 3555 4984 161.)
3594 4912 3751 4983 ,Ωυω

2054 4999 2124 5054 de
2155 4997 2400 5054 Sabbato
2428 4997 2786 5069 praeciperet,
2818 5004 2947 5066 etc.,
2979 5014 3149 5069 usque
3186 4999 3260 5056 ad
3288 5000 3448 5056 omni
3491 5006 3751 5074 tempore

2052 5086 2285 5142 sabbato
2316 5085 2523 5142 debere
2553 5087 2781 5143 cessari.

2124 5176 2283 5231 Vens.
2315 5176 2404 5230 24.
2433 5205 2501 5217 -
2531 5176 2723 5232 Nullus
2753 5176 3110 5232 insidiabitur
3167 5180 3347 5245 (AUG.,
3380 5183 3569 5250 quast.
3609 5180 3752 5250 161.)

2050 5263 2213 5330 Quod
2265 5263 2427 5331 dixit,
2480 5267 2609 5334 etc.,
2658 5280 2828 5335 usque
2876 5267 2951 5321 ad
3003 5268 3102 5323 ubi
3161 5269 3597 5326 tabernaculum
3661 5269 3750 5324 vel

2049 5353 2330 5424 templum
2362 5354 2512 5407 Deus
2537 5352 2725 5408 fuerat
2750 5353 3078 5411 habiturus.

2119 5442 2280 5497 Vens.
2330 5444 2419 5497 25.
2469 5472 2536 5480 —
2585 5443 2704 5500 Non
2760 5444 3092 5513 immolabis,
3149 5448 3255 5501 etc.
3316 5446 3495 5517 (AUG.,
3553 5451 3746 5516 quast.

2050 5535 2152 5587 162
2176 5538 2232 5589 et
2274 5532 2423 5604 163.)
2449 5532 2596 5598 Quid
2630 5537 2716 5589 est
2757 5535 2909 5606 quod
2952 5534 3078 5590 ait:
3129 5536 3254 5590 Non
3297 5535 3523 5592 occides
3566 5551 3747 5606 super
