4064 6186
284 273 387 325 291

905 265 1301 322 WALAFRIDI
1343 264 1591 320 STRABI
1633 263 1832 319 FULD.
1875 262 2036 318 MON.
2075 259 2230 317 OPP.
2276 260 2450 317 PARS
2485 261 2528 314 1.
2570 287 2639 296 -—
2677 256 3139 314 THEOLOGICA.

3682 256 3790 306 292

277 386 629 449 fermentum
659 391 1000 462 sanguinem
1049 389 1482 444 immolatorum
1527 389 1836 442 meorum?
1883 389 1974 442 An
2002 397 2046 452 Α
2083 403 2214 442 cum
2263 383 2516 442 scientia)
2581 383 2803 440 lumine
2873 383 3196 454 igniculum
3277 381 3596 438 severitatis
3682 382 3790 437 ad-

276 483 374 538 illa
401 484 508 538 hoc
538 482 664 537 loco
695 481 833 536 dicit
885 481 1185 535 immolata
1232 495 1353 542 sua,
1417 493 1547 548 qua)
1594 491 1699 547 per
1757 476 1970 546 pascha

279 573 636 638 occiduntur,
667 574 723 625 et
749 569 1014 641 praecipit
1042 585 1112 622 ne
1146 572 1282 622 tunc
1309 566 1384 620 sit
1412 565 1473 620 in
1498 565 1670 620 domo
1714 564 1969 622 fermen-

281 666 422 728 tum,
459 659 689 732 quando
719 662 850 713 sunt
877 658 997 713 dies
1025 671 1358 728 azymorum
1382 655 1409 711 ?

351 751 512 805 Vens.
546 752 635 804 26.
666 775 734 791 —
785 749 902 805 Non
949 760 1137 816 coques
1193 744 1405 799 haedum
1459 745 1518 798 in
1576 744 1728 798 lacte.
1781 741 1970 811 (AUG.,

280 840 376 894 ubi
431 837 642 908 supra.)
699 837 824 891 Non
881 851 1088 906 coques
1139 849 1354 904 agnum
1425 832 1486 886 in
1560 833 1702 886 lacte
1776 829 1974 885 matris

281 944 431 1000 quae,
465 931 594 993 etc.,
624 940 793 994 usque
819 924 894 979 ad
921 924 1017 978 sed
1045 923 1314 978 historica
1338 920 1590 976 narratio
1620 924 1724 976 est.

353 1015 537 1086 (1511).)
607 1014 820 1084 Moyses
881 1011 1262 1083 quadraginta
1320 1010 1520 1065 diebus
1566 1007 1869 1080 jejunavit,
1919 1010 1975 1061 et

286 1101 454 1169 Elias,
487 1107 546 1157 et
592 1101 714 1172 ipse
765 1100 1060 1156 Dominus.
1111 1099 1448 1170 Praecipitur
1492 1098 1648 1152 enim
1695 1096 1860 1151 nobis
1905 1111 1976 1149 ex

285 1191 429 1261 lege,
461 1207 531 1244 ex
555 1188 852 1260 prophetis
884 1194 940 1242 et
987 1187 1315 1258 Evangelio.
1367 1186 1528 1250 Quod
1584 1183 1976 1239 testimonium

283 1295 349 1332 ex
374 1278 462 1332 his
482 1277 674 1332 habet.
705 1275 862 1331 Unde
881 1275 942 1330 in
969 1280 1159 1330 monte
1185 1276 1334 1330 inter
1351 1279 1654 1345 utramque
1671 1288 1973 1344 personam

283 1366 510 1421 medius
539 1366 794 1420 Salvator
821 1365 1052 1434 elfulsit,
1086 1368 1148 1418 ut
1195 1364 1264 1418 ab
1311 1363 1580 1418 omnibus
1619 1361 1818 1416 mundi
1856 1361 1978 1414 ille-

282 1453 464 1509 cebris
496 1452 824 1507 aviditatem
861 1455 1119 1506 nostram
1165 1454 1440 1522 tanquam
1485 1448 1708 1520 jejunio
1753 1452 1974 1518 tempe-

282 1542 486 1598 rantiae
516 1542 892 1607 refrenemus,
938 1539 1192 1612 quandiu
1245 1538 1517 1610 perfectio
1565 1536 1827 1607 Decalogi
1873 1551 1977 1606 per

281 1636 530 1704 quatuor
559 1631 812 1703 ejusdem
847 1629 1050 1684 mundi
1082 1633 1292 1701 partes,
1325 1628 1384 1682 id
1409 1633 1495 1682 est
1522 1627 1628 1682 toti
1658 1625 1784 1681 orbi
1827 1640 1974 1696 praa-

2081 477 2341 532 misceat.

2152 565 2278 636 (11).)
2311 564 2369 620 Si
2412 564 2541 636 quis
2596 563 2770 635 digne
2826 562 3111 634 intelligat
3147 562 3364 617 exitum
3415 560 3792 616 Hebraeorum

2081 654 2150 709 de
2166 656 2426 725 Egypto,
2459 658 2585 719 etc.,
2616 668 2783 722 usque
2803 653 2877 708 ad
2906 657 2962 707 et
2992 652 3275 707 nobiliora
3296 651 3560 722 designat
3613 650 3790 704 indu-

2080 749 2274 798 menta
2305 758 2320 796 :
2348 743 2565 798 Induite
2591 757 2684 797 vos
2706 744 2989 798 Dominum
3015 744 3195 796 Jesum
3233 741 3533 808 Christum,
3574 744 3626 794 et
3655 754 3790 794 car-

2078 835 2166 888 nis
2187 847 2372 888 curam
2396 847 2462 886 ne
2485 833 2724 899 feceritis
2763 833 2819 885 in
2857 829 3066 886 deliciis
3095 830 3264 900 (Rom.
3296 829 3431 896 χιιι).

2169 921 2394 992 (Gaza,
2462 921 2555 975 ubi
2628 919 2846 990 supra.)
2885 920 2950 974 In
3021 919 3445 974 constructione
3516 916 3787 972 taberna-

2081 1009 2214 1078 culi,
2238 1015 2367 1077 etc.,
2391 1025 2561 1080 usque
2587 1009 2662 1064 ad
2681 1008 2844 1081 quasi
2869 1008 2993 1064 sine
3014 1008 3139 1063 luce
3170 1008 3424 1062 sonitum
3465 1006 3780 1061 dederunt.

2153 1099 2363 1170 (ORIG.,
2412 1098 2508 1153 ubi
2563 1097 2774 1168 supra.)
2834 1098 2965 1152 Post
3009 1097 3133 1152 hazc
3189 1095 3296 1150 viri
3357 1098 3700 1166 acceperunt
3753 1109 3788 1147 a

2082 1187 2419 1242 mulieribus
2441 1187 2576 1254 suis,
2600 1191 2728 1254 etc.,
2781 1202 2951 1256 usque
2988 1186 3062 1240 ad
3089 1185 3240 1240 unde
3274 1202 3286 1239 :
3317 1187 3436 1242 Non
3455 1199 3636 1240 omnes
3692 1199 3783 1238 ca-

2079 1279 2239 1343 piunt
2260 1279 2477 1332 verbum
2507 1277 2672 1343 istud,
2705 1277 2799 1331 sed
2831 1277 3024 1346 quibus
3046 1275 3236 1330 datum
3263 1281 3342 1330 est
3373 1276 3586 1344 (Matth.
3638 1271 3788 1340 jxm).

2157 1366 2318 1419 Vens.
2352 1368 2403 1420 6.
2443 1395 2513 1407 —
2571 1365 2824 1434 Pilosque
2875 1380 3189 1434 caprarum.
3241 1364 3425 1433 (Ome.
3491 1363 3635 1418 hom.
3678 1361 3792 1430 l9.)

2084 1453 2191 1508 Pili
2219 1470 2520 1525 caprarum
2550 1455 2888 1521 offeruntur,
2930 1458 3062 1523 etc.,
3093 1468 3265 1524 usque
3292 1451 3368 1507 ad
3405 1451 3506 1523 qui
3543 1450 3795 1505 Domino

2085 1541 2251 1596 offert
2278 1543 2456 1613 pelles
2483 1543 2748 1597 arietum.
3279 1527 3297 1544 ⁸

2156 1631 2314 1685 Vens.
2348 1635 2438 1687 21.
2463 1661 2531 1674 -
2571 1630 2856 1701 Quidquid
2901 1630 2975 1686 ad
3011 1631 3234 1698 cultum,
3289 1634 3395 1685 etc.
3450 1630 3662 1696 (GREG.,
3696 1626 3799 1680 ubi

283 1721 524 1790 dicatur,
556 1726 622 1776 ut
653 1721 848 1774 decem
880 1723 1086 1790 quater
1116 1717 1284 1772 ducta
1314 1713 1836 1788 quadragenarium
1866 1728 1975 1767 nu-
2005 1695 2046 1751 Β
2087 1718 2312 1790 supra.)
2343 1721 2406 1774 In
2425 1724 2763 1774 ornamento
2796 1720 3149 1774 tabernaculi
3209 1719 3317 1772 viri
3354 1735 3486 1773 cum
3529 1715 3798 1772 mulieri-

282 1824 510 1864 merum
543 1807 794 1878 signent.

356 1899 516 1952 Vens.
551 1899 640 1951 28.
667 1925 735 1936 -
762 1898 834 1950 Et
852 1896 1069 1964 scripsit
1097 1895 1157 1948 in
1186 1893 1406 1960 tabulis,
1430 1895 1538 1946 etc.
1567 1890 1761 1962 (Auc.,
1786 1892 1976 1958 quaest.

282 1984 424 2054 166.)
459 1986 536 2038 De
563 1984 749 2054 Moyse
780 1983 998 2037 dictum
1031 1987 1116 2035 est
1169 1980 1321 2052 quod
1363 1979 1484 2050 ipse
1537 1977 1782 2050 scripsit,
1835 1980 1967 2043 etc.,

281 2089 452 2142 usque
479 2073 554 2128 ad
581 2072 679 2127 sed
707 2088 811 2143 per
835 2071 1079 2143 gratiam
1112 2070 1231 2125 Dei.

356 2164 518 2217 Vnus.
548 2165 639 2219 29.
672 2191 742 2201 —
772 2162 1017 2229 Cumque
1053 2158 1410 2214 descenderet.
1465 2158 1614 2230 (1511).
1667 2159 1726 2212 in
1777 2155 1976 2222 Exod,

282 2255 422 2306 tom.
462 2250 544 2320 V.)
590 2250 859 2305 Ascendit
909 2252 1123 2321 Moyses
1171 2249 1360 2304 denuo
1408 2248 1470 2303 in
1519 2251 1798 2314 montem,
1845 2250 1975 2313 etc.,

281 2355 452 2409 usque
479 2339 554 2393 ad
581 2340 743 2409 cujus
769 2339 961 2410 imago
988 2339 1096 2393 fuit
1124 2339 1185 2392 in
1211 2337 1440 2392 tabulis.

358 2429 505 2498 (st1).
533 2427 698 2496 ibid.)
739 2427 1119 2482 Descendente
1155 2426 1342 2496 Moyse
1392 2439 1524 2478 cum
1570 2421 1799 2488 tabulis,
1847 2424 1976 2489 etc.,

246 2531 452 2586 usque
474 2515 548 2570 ad
593 2515 795 2570 unde:
845 2515 1038 2571 Revela
1096 2515 1272 2570 oculos
1322 2528 1460 2569 meos
1518 2517 1568 2568 et
1627 2510 1979 2568 considerabo

283 2607 565 2662 mirabilia
602 2605 667 2659 de
693 2606 803 2674 lege
833 2610 928 2659 tua
957 2604 1124 2673 (Psal.
1165 2602 1373 2676 cxvm).

354 2696 519 2750 Vens.
578 2695 666 2748 30.
719 2722 788 2733 —
843 2692 1043 2748 Videns
1099 2697 1278 2748 autem
1331 2692 1544 2758 Aaron,
1603 2694 1709 2745 etc.
1769 2689 1976 2761 (01110.,

289 2785 431 2839 hom.
475 2784 537 2836 12
561 2785 620 2836 in
647 2781 848 2851 Exod.)
880 2781 1170 2852 Scriptum
1201 2785 1288 2836 est
1317 2780 1453 2852 quia
1499 2779 1640 2834 vidit
1684 2781 1876 2833 Aaron
1925 2779 1981 2830 et

285 2887 484 2926 omnes
514 2870 621 2925 ﬁlii
652 2870 824 2924 Israel
857 2871 1106 2942 Moysen,
1140 2875 1272 2939 etc.,
1301 2886 1470 2940 usque
1489 2869 1564 2924 ad
1587 2868 1801 2924 habent
1825 2866 1979 2923 enim

284 2961 529 3032 gloriam
557 2977 624 3015 ea
651 2977 779 3032 qua)
817 2961 1091 3031 loquitur,
1143 2961 1244 3016 sed
1280 2961 1496 3032 tegitur
1542 2965 1596 3015 et
1649 2961 1982 3024 occultatur,
2022 2989 2060 3045 Ο

287 3057 343 3106 et
372 3052 560 3107 omnis
591 3051 775 3122 gloria
805 3050 928 3122 ejus
957 3049 1318 3106 intrinsecus.

359 3141 542 3210 (Ome.
573 3140 738 3211 ibid.)
766 3139 909 3194 lllud
944 3155 1171 3212 quoque
1194 3140 1419 3194 intuere
1446 3138 1602 3210 quod
1633 3137 1693 3192 in
1712 3138 1834 3207 lege
1857 3135 1981 3190 vul-

288 3232 378 3283 tus
405 3229 580 3300 Moysi
603 3228 974 3299 glorificatur,
1005 3227 1134 3282 licet
1166 3227 1444 3284 velamine
1466 3230 1821 3298 contegatur,
1847 3227 1978 3288 etc.,

287 3329 454 3383 usque
515 3315 589 3370 ad
644 3315 714 3370 de
770 3313 1044 3368 servitute
1103 3315 1296 3369 saeculi
1351 3313 1586 3370 liberari
1659 3313 1980 3367 libertatem

289 3402 539 3458 scientia)
569 3402 949 3474 requiramus.

361 3493 523 3548 Vens.
557 3493 644 3548 34.
693 3519 763 3532 -
818 3493 889 3548 Et
943 3496 1068 3547 tunc
1115 3491 1433 3560 loquebatur
1487 3490 1562 3545 ad
1614 3490 1754 3559 ﬁlios
1812 3487 1986 3543 Israel

289 3580 470 3632 omnia
498 3577 758 3647 quae'sibi
811 3580 1055 3646 fuerant,
1113 3582 1219 3633 etc.
1281 3577 1467 3648 (AUG.,
1526 3583 1721 3647 quaest.
1770 3579 1869 3631 172
1926 3577 1986 3628 in

291 3666 498 3738 Exod.)
535 3668 841 3737 Postquam
883 3666 1172 3722 descendit
1219 3667 1432 3737 Moyses
1479 3667 1548 3722 de
1593 3670 1808 3732 monte,
1851 3669 1983 3735 etc.,

291 3767 461 3822 usque
487 3753 561 3807 ad
590 3757 655 3808 ut
685 3752 793 3807 hoc
820 3768 1034 3808 nomen
1060 3752 1404 3823 acciperent.

905 3899 1130 3954 CAPUT
1164 3899 1364 3954 XXXV.

365 4025 522 4080 Vens.
559 4026 625 4086 5.,
660 4052 727 4066 —-
779 4025 1060 4093 Separate.
1108 4024 1308 4094 (01116.,
1377 4023 1516 4080 hom.
1553 4025 1616 4080 13
1670 4026 1728 4078 in
1775 4023 1985 4093 Exod.)

293 4113 420 4169 Alia
471 4112 708 4167 littera:
767 4111 986 4166 Sumite
1041 4127 1075 4165 a
1122 4111 1282 4166 vobis
1340 4111 1478 4182 ipsis
1533 4112 1985 4184 redemptionem

297 4201 562 4268 Domino,
593 4205 723 4268 etc.,
754 4215 924 4270 usque
969 4199 1044 4254 ad
1098 4205 1154 4256 et
1205 4205 1510 4272 argentum
1554 4206 1738 4265 tuum,
1785 4201 1844 4256 id
1903 4204 1988 4255 est

295 4303 484 4344 sermo
511 4291 664 4346 tuus,
694 4285 1025 4357 probatum.

367 4375 492 4446 (11).)
529 4372 736 4444 Nostis,
785 4371 885 4445 qui
935 4373 1144 4428 divinis
1199 4373 1485 4443 mysteriis
1532 4375 1808 4430 interesse
1855 4391 1988 4430 con-

295 4462 574 4531 suevistis,
609 4467 745 4531 etc.,
778 4475 950 4531 usque
994 4461 1071 4516 ad
1116 4461 1239 4516 haec
1293 4461 1489 4517 omnia
1540 4478 1671 4534 qua;
1716 4463 1775 4517 in
1824 4462 1989 4519 nobis

298 4557 434 4610 sunt
454 4551 692 4607 faciunt.

369 4643 574 4698 Omnis.
609 4639 733 4711 (11).)
764 4639 892 4695 Alia
920 4638 1111 4694 littera
1140 4655 1154 4693 :
1188 4639 1585 4712 Unusquisque
1609 4645 1881 4708 vestrum,
1906 4639 1989 4696 in-

298 4731 440 4804 quit,
474 4733 604 4795 etc_.,
632 4743 802 4798 usque
828 4726 905 4782 ad
931 4727 1012 4782 ita
1039 4728 1087 4782 si
1134 4727 1368 4783 veniens
1410 4729 1682 4784 dominus
1736 4728 1993 4785 inveniat

302 4817 519 4890 aliquid
541 4822 708 4873 tuum
732 4817 794 4872 in
835 4817 1207 4872 tabernaculo
1260 4833 1387 4885 suo,
1445 4816 1552 4872 sibi
1605 4821 1660 4872 te
1715 4818 1990 4891 defendit,

300 4913 357 4964 et
383 4924 554 4963 suum
583 4907 740 4962 dicit.

369 4999 483 5053 Es.
516 4996 635 5067 (11).)
667 4998 776 5050 Pro
807 4994 1141 5052 fortitudine
1177 4995 1318 5068 poni
1349 4995 1596 5066 videtur,
1643 5001 1773 5065 etc.,
1823 5013 1994 5069 usque

302 5085 377 5141 ad
406 5083 608 5140 Omnia
628 5099 763 5152 ergo
793 5084 1107 5141 offerantur
1138 5086 1271 5150 Deo,
1305 5100 1522 5152 sensus,
1556 5101 1743 5141 sermo
1773 5091 1830 5141 et
1859 5103 1988 5143 vox.

372 5172 532 5226 Vens.
586 5174 637 5226 6.
687 5201 754 5212 —-
802 5175 1190 5242 Hyacinthum.
1252 5175 1353 5246 (11).
1406 5175 1713 5231 Videamus
1763 5180 1989 5242 cratera,

302 5259 696 5332 hyacinthum,
752 5265 885 5330 etc.,
941 5277 1110 5332 usque
1167 5264 1242 5320 ad
1286 5269 1344 5319 et
1407 5263 1658 5320 offeretis
1709 5265 1994 5336 primitias

306 5347 572 5404 Domino'

375 5439 710 5507 Coccumque
740 5437 822 5494 bis
851 5440 1092 5497 tinctum.
1127 5441 1144 5514 (
1176 5442 1275 5510 11).)
1303 5443 1486 5499 homit.
1545 5447 1607 5500 13
1655 5446 1718 5500 in
1753 5443 1942 5500 Exod.
1976 5443 1994 5514 )

303 5526 610 5583 Videamus
637 5543 814 5599 quare
842 5543 1042 5584 coccus
1072 5530 1414 5600 duplicatur,
1445 5537 1580 5596 etc.,
1606 5548 1776 5602 usque
1812 5532 1888 5587 ad
1933 5537 1997 5587 ut

2086 1806 2192 1861 bus
2222 1807 2374 1861 dona
2395 1807 2661 1875 offerunt,
2691 1811 2814 1873 etc.,
2851 1822 3022 1877 usque
3050 1807 3125 1861 ad
3163 1809 3336 1878 prout
3375 1805 3496 1877 ipse
3545 1801 3792 1868 dederit,

2086 1894 2476 1966 proferuntur.
3011 1889 3018 1894 ’
3427 1923 3434 1928 -

2159 1985 2336 2038 Vens.
2367 1987 2455 2038 27.
2479 2012 2550 2024 —
2573 1985 2850 2052 Principes
2904 1997 3027 2037 vero
3054 1982 3362 2038 obtulerunt
3384 1981 3614 2050 lapides,
3679 1983 3794 2035 etc.

2089 2069 2300 2140 (01110.,
2326 2072 2421 2126 ubi
2436 2071 2655 2142 supra.)
2676 2071 2969 2141 Principes
2990 2071 3322 2125 obtulerunt
3338 2071 3621 2135 donasua,
3654 2073 3794 2135 etc.,

2087 2174 2258 2228 usque
2287 2160 2362 2214 ad
2389 2165 2454 2214 ut
2481 2177 2726 2231 praeesse
2756 2161 2987 2230 populis
3017 2164 3366 2214 mereantur.

2163 2248 2342 2318 (Ome.
2369 2251 2508 2303 hom.
2541 2252 2576 2303 9
2606 2251 2665 2303 in
2717 2248 2917 2318 Exod.)
2967 2247 3224 2303 Offerunt
3275 2247 3447 2302 etiam
3501 2246 3799 2319 principes

2091 2339 2284 2393 oleum
2315 2338 2562 2393 lucernis
2593 2342 2650 2392 et
2675 2337 2968 2392 chrismati
3006 2338 3395 2408 profuturum,
3431 2342 3562 2404 etc.,
3621 2350 3799 2403 usque

2087 2426 2162 2481 ad
2193 2443 2324 2481 cum
2354 2431 2410 2481 te
2434 2425 2708 2482 Dominus
2738 2427 2798 2480 in
2825 2426 2950 2481 loco
3005 2425 3170 2481 viridi
3215 2425 3580 2480 collocaverit
3620 2438 3801 2494 super

2090 2532 2300 2588 aquam
2327 2515 2669 2571 refectionis.

2162 2606 2322 2661 Vens.
2357 2608 2444 2660 30.
2499 2636 2569 2646 —
2624 2606 2867 2661 Beseleel.
2919 2605 3081 2675 (Rau.
3141 2607 3200 2660 in
3252 2603 3454 2671 Exod,
3512 2607 3653 2658 tom.
3696 2603 3800 2671 Il.)

2094 2693 2306 2749 Umbra
2335 2693 2562 2761 dicitur,
2594 2697 2725 2761 etc.,
2759 2709 2929 2764 usque
2982 2693 3056 2748 ad
3109 2693 3169 2747 in
3220 2693 3444 2764 justitia
3473 2696 3529 2748 et
3575 2691 3798 2763 judicio

2089 2779 2289 2836 fratres
2311 2797 2444 2837 suos
2471 2781 2824 2836 exhortando
2855 2781 3146 2836 roborant.

2692 2917 2914 2971 CAPUT
2951 2916 3182 2971 XXXVI.

2163 3047 2325 3103 Vens.
2361 3051 2407 3101 1.
2431 3076 2499 3088 -
2525 3049 2670 3102 Fecit
2697 3063 2821 3116 ergo
2852 3050 3092 3116 Beseleel,
3116 3056 3222 3105 etc.
3263 3050 3443 3118 (1113.,
3474 3051 3534 3102 in
3571 3042 3798 3114 Exod.,)

2092 3136 2417 3191 Notandum
2438 3136 2589 3207 quod
2619 3153 2736 3192 non
2762 3138 2947 3192 solum
2979 3139 3048 3193 de
3080 3137 3233 3192 tribu
3269 3137 3470 3208 regali,
3530 3141 3660 3204 etc.,
3690 3152 3797 3192 us-

2089 3238 2192 3292 que
2213 3224 2286 3278 ad
2311 3223 2381 3278 ad
2414 3225 2665 3295 corporis
2693 3226 2782 3280 sui
2811 3226 3090 3281 unitatem
3120 3226 3299 3280 voluit
3324 3226 3628 3296 pertinere.

2161 3313 2331 3368 Vens.
2360 3315 2412 3368 2.
2443 3343 2514 3354 —-
2543 3314 2780 3384 Cumque
2834 3321 3070 3370 vocasset
3111 3330 3216 3383 eos,
3297 3319 3402 3371 etc.
3459 3316 3668 3386 (0316.,
3697 3315 3800 3370 ubi

2089 3401 2305 3472 supra.)
2328 3403 2395 3456 Et
2417 3407 2724 3475 postquam
2755 3405 2966 3460 obtulit
3002 3405 3273 3476 populus,
3309 3404 3546 3471 vocavit,
3605 3404 3804 3476 inquit

2093 3493 2324 3562 Moyses,
2356 3497 2486 3560 etc.,
2516 3508 2686 3563 usque
2722 3494 2798 3549 ad
2835 3499 2892 3549 et
2919 3493 2980 3549 in
3009 3511 3112 3550 suo
3145 3494 3270 3550 loco
3335 3498 3532 3566 aptare
3580 3493 3800 3548 debeas

2093 3585 2149 3635 et
2174 3580 2468 3651 proferre?

2164 3671 2235 3724 Et
2259 3671 2356 3737 qui
2380 3673 2584 3739 sponte,
2619 3674 2728 3725 etc.
2768 3669 2954 3740 (Aoc.,
2989 3677 3159 3740 quxst
3185 3711 3200 3726 .
3263 3674 3360 3726 170
3396 3673 3456 3726 in
3501 3670 3695 3739 Exod.)
3728 3673 3804 3724 Et

2092 3771 2269 3813 omnes
2301 3760 2398 3826 qui
2423 3763 2610 3828 sponte
2635 3760 2830 3815 vellent
2857 3762 2938 3815 ire
2983 3760 3059 3815 ad
3105 3776 3288 3830 opera,
3342 3765 3404 3815 ut
3461 3775 3803 3836 consumma-

2091 3851 2212 3901 rent
2266 3862 2349 3914 ea,
2380 3852 2488 3904 etc.
2519 3848 3002 3925 Commemoravit
3053 3850 3270 3920 Moyses
3323 3849 3622 3920 quosdam,
3663 3852 3800 3911 etc.,

2093 3949 2262 4003 usque
2286 3934 2361 3988 ad
2392 3935 2488 3990 sed
2527 3936 2838 3990 liberaliter
2866 3941 2922 3990 et
2949 3941 3151 4007 sponte
3181 3937 3436 3992 devotus.

2168 4023 2328 4078 Vens.
2349 4023 2402 4077 4.
2426 4053 2498 4064 -—
2533 4025 2680 4079 Unde
2709 4024 2969 4095 artiﬁces,
3001 4031 3108 4080 etc.
3144 4024 3329 4095 (AUG.,
3397 4029 3587 4096 quaest.
3651 4026 3802 4090 171.)

2093 4110 2240 4165 Nota
2276 4111 2412 4182 quia
2441 4113 2727 4184 sapientes
2779 4113 3074 4168 effectores
3121 4129 3360 4184 operum
3410 4113 3588 4168 sancti
3623 4112 3803 4167 etiam

2093 4199 2352 4255 moribus
2398 4207 2600 4258 erant:
2659 4206 2922 4274 poterant
2979 4207 3194 4273 autem,
3232 4203 3280 4257 si
3334 4203 3564 4270 vellent,
3619 4203 3809 4256 multa

2018 4278 2061 4334 Ῑ)
2099 4287 2362 4360 auferre;
2395 4291 2494 4346 sed
2524 4291 2804 4347 modestia
2831 4291 3150 4362 prohibuit,
3200 4292 3286 4347 vel
3324 4292 3528 4364 religio
3575 4291 3805 4346 terruit.

2703 4435 2928 4489 CAPUT
2953 4434 3203 4491 XXXVII.

2176 4557 2341 4612 Vens.
2377 4560 2426 4612 1.
2467 4586 2537 4598 —
2585 4560 2731 4613 Fecit
2776 4563 2955 4614 autem
2988 4561 3214 4616 Beseleel
3257 4575 3461 4616 arcam.
3511 4562 3694 4633 (1511).,
3745 4566 3807 4618 in

2098 4646 2302 4712 Exod,
2333 4650 2473 4701 tom.
2505 4647 2595 4717 V.)
2629 4648 2692 4701 1n
2717 4662 2850 4702 arca
2877 4649 3202 4704 testamenti
3231 4649 3343 4704 fuit
3412 4666 3558 4705 urna
3605 4667 3805 4719 aurea,

2099 4740 2230 4802 etc.,
2251 4751 2421 4806 usque
2442 4735 2516 4790 ad
2539 4736 2877 4792 immortalis
2900 4738 3195 4793 memoria)
3239 4755 3466 4811 semper
3520 4740 3809 4796 viriditate

2100 4825 2425 4883 florentem.

2170 4916 2332 4970 Vens.
2361 4918 2414 4970 2.
2440 4945 2508 4956 —
2540 4917 2812 4971 Coronam
2869 4931 3111 4983 auream,
3149 4921 3253 4971 etc.
3273 4917 3418 4982 Quia
3448 4915 3508 4972 in
3550 4933 3618 4972 eo
3650 4919 3806 4989 quod

2101 5003 2350 5059 Ecclesia
2380 5021 2485 5075 per
2511 5009 2763 5076 quatuor
2791 5004 2995 5060 mundi
3025 5009 3216 5077 partes
3237 5005 3530 5076 dilatatur,
3558 5011 3810 5078 quatuor

2100 5093 2279 5149 sancti
2301 5094 2592 5165 Evangelii
2624 5093 2782 5150 libris
2827 5093 3076 5148 accincta
3123 5094 3484 5164 praedicatur.
3542 5111 3671 5166 quae
3718 5101 3812 5151 ta-

2102 5183 2403 5238 menintra
2427 5183 2600 5237 unius
2657 5199 2883 5238 corona:
2925 5182 3228 5249 ambitum,
3265 5183 3324 5237 id
3356 5187 3441 5238 est
3487 5181 3640 5238 intra
3670 5184 3796 5254 ejus

2103 5272 2235 5328 dem
2264 5271 2399 5327 ﬁdei
2435 5271 2790 5339 firmitatem,
2835 5271 2894 5326 id
2941 5276 3028 5327 est
3060 5271 3365 5338 unitatem,
3425 5273 3811 5329 concluditur.

2171 5359 2330 5414 Vens.
2365 5359 2416 5413 4.
2444 5389 2514 5400 —-
2553 5361 2732 5416 Vestes
2765 5375 2994 5428 quoque.
3029 5359 3205 5430 (1311).,
3245 5359 3406 5429 ibid.)
3447 5358 3593 5424 Quia
3639 5360 3817 5416 fortes

2098 5451 2644 5519 perseverantesque
2691 5447 2949 5502 doctores
3005 5447 3160 5500 velut
3209 5446 3588 5518 imputribilia
3651 5448 3812 5518 ligna

2103 5535 2408 5609 quaerendi
2435 5539 2593 5602 sunt,
2626 5534 2729 5607 qui
2744 5535 3108 5591 instructioni
3129 5551 3420 5591 sacrorum
3450 5536 3812 5594 voluminum
