  <div class='ocr_page' id='page_1' title='image "/cluster/home/n/w/nwhite01/storage/ocr_20150623/113/hvd.32044054759782/152.png"; bbox 0 0 4064 6186; ppageno 0'>
   <div class='ocr_carea' id='block_1_1' title="bbox 218 260 3665 332">
    <p class='ocr_par' dir='ltr' id='par_1_1' title="bbox 218 260 3665 332">
     <span class='ocr_line' id='line_1_1' title="bbox 218 260 3665 332; baseline -0.003 0"><span class='ocrx_word' id='word_1_1' title='bbox 218 280 297 332; x_wconf 79' lang='lat'><strong>293</strong></span> <span class='ocrx_word' id='word_1_2' title='bbox 1280 264 1535 321; x_wconf 85' lang='lat' dir='ltr'><strong>GLOSSA</strong></span> <span class='ocrx_word' id='word_1_3' title='bbox 1576 263 1983 320; x_wconf 80' lang='lat' dir='ltr'><strong>ORDINA&#39;RIA.</strong></span> <span class='ocrx_word' id='word_1_4' title='bbox 2023 290 2094 303; x_wconf 90' lang='grc'><strong>-</strong></span> <span class='ocrx_word' id='word_1_5' title='bbox 2139 263 2265 317; x_wconf 86' lang='lat' dir='ltr'><strong>LIB.</strong></span> <span class='ocrx_word' id='word_1_6' title='bbox 2310 260 2523 317; x_wconf 73' lang='lat' dir='ltr'><strong>exon.</strong></span> <span class='ocrx_word' id='word_1_7' title='bbox 3556 271 3665 324; x_wconf 71' lang='lat'><strong>294</strong></span> 
     </span>
    </p>
   </div>
   <div class='ocr_carea' id='block_1_2' title="bbox 218 383 3669 468">
    <p class='ocr_par' dir='ltr' id='par_1_2' title="bbox 218 383 3669 468">
     <span class='ocr_line' id='line_1_2' title="bbox 218 383 3669 468; baseline -0.004 -15"><span class='ocrx_word' id='word_1_8' title='bbox 218 412 393 468; x_wconf 78' lang='lat' dir='ltr'><strong>semper</strong></span> <span class='ocrx_word' id='word_1_9' title='bbox 417 393 775 462; x_wconf 68' lang='lat' dir='ltr'><strong>inhmrentes,</strong></span> <span class='ocrx_word' id='word_1_10' title='bbox 800 389 1060 445; x_wconf 68' lang='lat' dir='ltr'><strong>Ecclesiae</strong></span> <span class='ocrx_word' id='word_1_11' title='bbox 1089 387 1370 443; x_wconf 85' lang='lat' dir='ltr'><strong>unitatem</strong></span> <span class='ocrx_word' id='word_1_12' title='bbox 1399 386 1761 457; x_wconf 84' lang='lat' dir='ltr'><strong>denuntient,</strong></span> <span class='ocrx_word' id='word_1_13' title='bbox 1791 390 1846 440; x_wconf 89' lang='lat' dir='ltr'><strong>et</strong></span> <span class='ocrx_word' id='word_1_14' title='bbox 1873 390 1917 444; x_wconf 83' lang='lat' dir='ltr'><strong>A</strong></span> <span class='ocrx_word' id='word_1_15' title='bbox 2026 385 2193 456; x_wconf 69' lang='lat' dir='ltr'><strong>(Rau.</strong></span> <span class='ocrx_word' id='word_1_16' title='bbox 2220 386 2279 439; x_wconf 80' lang='lat' dir='ltr'><strong>in</strong></span> <span class='ocrx_word' id='word_1_17' title='bbox 2299 384 2500 452; x_wconf 54' lang='lat' dir='ltr'><strong>Exod,</strong></span> <span class='ocrx_word' id='word_1_18' title='bbox 2533 388 2673 438; x_wconf 88' lang='lat' dir='ltr'><strong>tom.</strong></span> <span class='ocrx_word' id='word_1_19' title='bbox 2696 384 2789 454; x_wconf 88' lang='lat' dir='ltr'><strong>ll.)</strong></span> <span class='ocrx_word' id='word_1_20' title='bbox 2839 383 3063 439; x_wconf 85' lang='lat' dir='ltr'><strong>Primus</strong></span> <span class='ocrx_word' id='word_1_21' title='bbox 3084 401 3268 440; x_wconf 88' lang='lat' dir='ltr'><strong>annus</strong></span> <span class='ocrx_word' id='word_1_22' title='bbox 3300 402 3468 444; x_wconf 92' lang='lat' dir='ltr'><strong>omne</strong></span> <span class='ocrx_word' id='word_1_23' title='bbox 3528 393 3669 444; x_wconf 89' lang='lat' dir='ltr'><strong>tem-</strong></span> 
     </span>
    </p>
   </div>
   <div class='ocr_carea' id='block_1_3' title="bbox 222 472 3662 560">
    <p class='ocr_par' dir='ltr' id='par_1_3' title="bbox 222 472 3662 560">
     <span class='ocr_line' id='line_1_3' title="bbox 222 472 3662 560; baseline -0.003 -18"><span class='ocrx_word' id='word_1_24' title='bbox 222 488 345 560; x_wconf 85' lang='lat' dir='ltr'><strong>quasi</strong></span> <span class='ocrx_word' id='word_1_25' title='bbox 380 481 707 539; x_wconf 76' lang='lat' dir='ltr'><strong>intromissis</strong></span> <span class='ocrx_word' id='word_1_26' title='bbox 754 479 979 536; x_wconf 85' lang='lat' dir='ltr'><strong>circulis</strong></span> <span class='ocrx_word' id='word_1_27' title='bbox 1021 494 1212 534; x_wconf 89' lang='lat' dir='ltr'><strong>arcam</strong></span> <span class='ocrx_word' id='word_1_28' title='bbox 1267 480 1530 548; x_wconf 83' lang='lat' dir='ltr'><strong>portent;</strong></span> <span class='ocrx_word' id='word_1_29' title='bbox 1582 476 1682 547; x_wconf 87' lang='lat' dir='ltr'><strong>qui</strong></span> <span class='ocrx_word' id='word_1_30' title='bbox 1711 492 1851 530; x_wconf 91' lang='lat' dir='ltr'><strong>auro</strong></span> <span class='ocrx_word' id='word_1_31' title='bbox 1962 489 2069 543; x_wconf 92' lang='lat' dir='ltr'><strong>pus</strong></span> <span class='ocrx_word' id='word_1_32' title='bbox 2096 474 2258 545; x_wconf 80' lang='lat' dir='ltr'><strong>legis,</strong></span> <span class='ocrx_word' id='word_1_33' title='bbox 2307 477 2440 534; x_wconf 87' lang='lat' dir='ltr'><strong>etc.,</strong></span> <span class='ocrx_word' id='word_1_34' title='bbox 2487 488 2657 543; x_wconf 88' lang='lat' dir='ltr'><strong>usque</strong></span> <span class='ocrx_word' id='word_1_35' title='bbox 2696 472 2770 527; x_wconf 89' lang='lat' dir='ltr'><strong>ad</strong></span> <span class='ocrx_word' id='word_1_36' title='bbox 2824 477 2887 527; x_wconf 92' lang='lat' dir='ltr'><strong>ut</strong></span> <span class='ocrx_word' id='word_1_37' title='bbox 2928 474 3191 529; x_wconf 89' lang='lat' dir='ltr'><strong>doctores</strong></span> <span class='ocrx_word' id='word_1_38' title='bbox 3224 475 3513 547; x_wconf 82' lang='lat' dir='ltr'><strong>Evangelii</strong></span> <span class='ocrx_word' id='word_1_39' title='bbox 3567 476 3662 531; x_wconf 89' lang='lat' dir='ltr'><strong>his</strong></span> 
     </span>
    </p>
   </div>
   <div class='ocr_carea' id='block_1_4' title="bbox 222 561 2926 648">
    <p class='ocr_par' dir='ltr' id='par_1_4' title="bbox 222 561 2926 648">
     <span class='ocr_line' id='line_1_4' title="bbox 222 561 2926 648; baseline -0.005 -19"><span class='ocrx_word' id='word_1_40' title='bbox 222 590 402 648; x_wconf 85' lang='lat' dir='ltr'><strong>quoque</strong></span> <span class='ocrx_word' id='word_1_41' title='bbox 419 571 687 644; x_wconf 87' lang='lat' dir='ltr'><strong>jubentur</strong></span> <span class='ocrx_word' id='word_1_42' title='bbox 716 569 943 642; x_wconf 83' lang='lat' dir='ltr'><strong>cperiri,</strong></span> <span class='ocrx_word' id='word_1_43' title='bbox 976 572 1040 623; x_wconf 90' lang='lat' dir='ltr'><strong>ut</strong></span> <span class='ocrx_word' id='word_1_44' title='bbox 1062 570 1205 638; x_wconf 39' lang='lat' dir='ltr'><strong>Icum</strong></span> <span class='ocrx_word' id='word_1_45' title='bbox 1252 582 1516 620; x_wconf 87' lang='lat' dir='ltr'><strong>sermone</strong></span> <span class='ocrx_word' id='word_1_46' title='bbox 1551 565 1673 619; x_wconf 91' lang='lat' dir='ltr'><strong>aliis</strong></span> <span class='ocrx_word' id='word_1_47' title='bbox 1709 564 1855 619; x_wconf 83' lang='lat' dir='ltr'><strong>inso—</strong></span> <span class='ocrx_word' id='word_1_48' title='bbox 1961 567 2197 618; x_wconf 83' lang='lat' dir='ltr'><strong>utantur</strong></span> <span class='ocrx_word' id='word_1_49' title='bbox 2222 562 2281 617; x_wconf 91' lang='lat' dir='ltr'><strong>in</strong></span> <span class='ocrx_word' id='word_1_50' title='bbox 2311 561 2745 618; x_wconf 89' lang='lat' dir='ltr'><strong>conﬁrmatione</strong></span> <span class='ocrx_word' id='word_1_51' title='bbox 2771 561 2926 616; x_wconf 88' lang='lat' dir='ltr'><strong>ﬁdei.</strong></span> 
     </span>
    </p>
   </div>
   <div class='ocr_carea' id='block_1_5' title="bbox 224 651 3663 733">
    <p class='ocr_par' dir='ltr' id='par_1_5' title="bbox 224 651 3663 733">
     <span class='ocr_line' id='line_1_5' title="bbox 224 651 3663 733; baseline -0.003 -15"><span class='ocrx_word' id='word_1_52' title='bbox 224 668 342 730; x_wconf 87' lang='lat' dir='ltr'><strong>nant,</strong></span> <span class='ocrx_word' id='word_1_53' title='bbox 370 661 466 733; x_wconf 89' lang='lat' dir='ltr'><strong>ipsi</strong></span> <span class='ocrx_word' id='word_1_54' title='bbox 493 660 668 714; x_wconf 90' lang='lat' dir='ltr'><strong>etiam</strong></span> <span class='ocrx_word' id='word_1_55' title='bbox 689 659 821 713; x_wconf 55' lang='lat' dir='ltr'><strong>vita».</strong></span> <span class='ocrx_word' id='word_1_56' title='bbox 852 658 1157 729; x_wconf 88' lang='lat' dir='ltr'><strong>splendore</strong></span> <span class='ocrx_word' id='word_1_57' title='bbox 1190 656 1536 727; x_wconf 90' lang='lat' dir='ltr'><strong>fulgescant.</strong></span> <span class='ocrx_word' id='word_1_58' title='bbox 2035 651 2197 706; x_wconf 75' lang='lat' dir='ltr'><strong>Vens.</strong></span> <span class='ocrx_word' id='word_1_59' title='bbox 2263 654 2316 707; x_wconf 88' lang='lat'><strong>9.</strong></span> <span class='ocrx_word' id='word_1_60' title='bbox 2395 681 2464 691; x_wconf 94' lang='lat'>—</span> <span class='ocrx_word' id='word_1_61' title='bbox 2542 652 2712 719; x_wconf 85' lang='lat' dir='ltr'><strong>Unges</strong></span> <span class='ocrx_word' id='word_1_62' title='bbox 2766 652 3190 719; x_wconf 81' lang='lat' dir='ltr'><strong>tabernaculum,</strong></span> <span class='ocrx_word' id='word_1_63' title='bbox 3279 656 3365 707; x_wconf 85' lang='lat' dir='ltr'><strong>etc</strong></span> <span class='ocrx_word' id='word_1_64' title='bbox 3426 652 3663 723; x_wconf 61' lang='lat' dir='ltr'><strong>(Suum)</strong></span> 
     </span>
    </p>
   </div>
   <div class='ocr_carea' id='block_1_6' title="bbox 271 739 3664 817">
    <p class='ocr_par' dir='ltr' id='par_1_6' title="bbox 271 739 3664 817">
     <span class='ocr_line' id='line_1_6' title="bbox 271 739 3664 817; baseline -0.003 -11"><span class='ocrx_word' id='word_1_65' title='bbox 271 754 404 807; x_wconf 73' lang='lat' dir='ltr'><strong>Vsus.</strong></span> <span class='ocrx_word' id='word_1_66' title='bbox 435 753 482 804; x_wconf 89' lang='lat'><strong>6.</strong></span> <span class='ocrx_word' id='word_1_67' title='bbox 513 778 585 790; x_wconf 93' lang='lat'><strong><em>—</em></strong></span> <span class='ocrx_word' id='word_1_68' title='bbox 611 750 754 803; x_wconf 80' lang='lat' dir='ltr'><strong>Fecit</strong></span> <span class='ocrx_word' id='word_1_69' title='bbox 775 751 824 803; x_wconf 86' lang='lat' dir='ltr'><strong>et</strong></span> <span class='ocrx_word' id='word_1_70' title='bbox 844 748 1317 817; x_wconf 79' lang='lat' dir='ltr'><strong>propitiatorium,</strong></span> <span class='ocrx_word' id='word_1_71' title='bbox 1350 749 1455 799; x_wconf 86' lang='lat' dir='ltr'><strong>etc.</strong></span> <span class='ocrx_word' id='word_1_72' title='bbox 1486 743 1657 813; x_wconf 77' lang='lat'><strong>(1510.,</strong></span> <span class='ocrx_word' id='word_1_73' title='bbox 1688 742 1854 813; x_wconf 81' lang='lat' dir='ltr'><strong>ibid.)</strong></span> <span class='ocrx_word' id='word_1_74' title='bbox 1966 740 2420 795; x_wconf 89' lang='lat' dir='ltr'><strong>Tabernaculum</strong></span> <span class='ocrx_word' id='word_1_75' title='bbox 2451 755 2582 794; x_wconf 93' lang='lat' dir='ltr'><strong>cum</strong></span> <span class='ocrx_word' id='word_1_76' title='bbox 2631 739 2778 793; x_wconf 83' lang='lat' dir='ltr'><strong>vasis</strong></span> <span class='ocrx_word' id='word_1_77' title='bbox 2810 740 2927 794; x_wconf 88' lang='lat' dir='ltr'><strong>suis</strong></span> <span class='ocrx_word' id='word_1_78' title='bbox 2958 741 3245 794; x_wconf 86' lang='lat' dir='ltr'><strong>unctionis</strong></span> <span class='ocrx_word' id='word_1_79' title='bbox 3300 742 3425 796; x_wconf 91' lang='lat' dir='ltr'><strong>oleo</strong></span> <span class='ocrx_word' id='word_1_80' title='bbox 3463 758 3664 796; x_wconf 89' lang='lat' dir='ltr'><strong>conse-</strong></span> 
     </span>
    </p>
   </div>
   <div class='ocr_carea' id='block_1_7' title="bbox 225 828 3669 912">
    <p class='ocr_par' dir='ltr' id='par_1_7' title="bbox 225 828 3669 912">
     <span class='ocr_line' id='line_1_7' title="bbox 225 828 3669 912; baseline -0.004 -15"><span class='ocrx_word' id='word_1_81' title='bbox 225 838 632 912; x_wconf 85' lang='lat' dir='ltr'><strong>Propitiatorium</strong></span> <span class='ocrx_word' id='word_1_82' title='bbox 658 852 829 908; x_wconf 85' lang='lat' dir='ltr'><strong>super</strong></span> <span class='ocrx_word' id='word_1_83' title='bbox 851 852 1040 892; x_wconf 90' lang='lat' dir='ltr'><strong>arcam</strong></span> <span class='ocrx_word' id='word_1_84' title='bbox 1061 833 1405 903; x_wconf 83' lang='lat' dir='ltr'><strong>testamenti,</strong></span> <span class='ocrx_word' id='word_1_85' title='bbox 1430 837 1560 902; x_wconf 90' lang='lat' dir='ltr'><strong>etc.,</strong></span> <span class='ocrx_word' id='word_1_86' title='bbox 1587 847 1756 902; x_wconf 86' lang='lat' dir='ltr'><strong>usque</strong></span> <span class='ocrx_word' id='word_1_87' title='bbox 1784 832 1859 886; x_wconf 73' lang='lat' dir='ltr'><strong>ari</strong></span> <span class='ocrx_word' id='word_1_88' title='bbox 1965 833 2189 896; x_wconf 83' lang='lat' dir='ltr'><strong>oratur;</strong></span> <span class='ocrx_word' id='word_1_89' title='bbox 2218 829 2354 901; x_wconf 87' lang='lat' dir='ltr'><strong>quia</strong></span> <span class='ocrx_word' id='word_1_90' title='bbox 2405 834 2599 884; x_wconf 90' lang='lat' dir='ltr'><strong>sancta</strong></span> <span class='ocrx_word' id='word_1_91' title='bbox 2630 828 2875 883; x_wconf 82' lang='lat' dir='ltr'><strong>Ecclesia</strong></span> <span class='ocrx_word' id='word_1_92' title='bbox 2905 830 3185 901; x_wconf 84' lang='lat' dir='ltr'><strong>quidquid</strong></span> <span class='ocrx_word' id='word_1_93' title='bbox 3236 830 3357 901; x_wconf 83' lang='lat' dir='ltr'><strong>agit</strong></span> <span class='ocrx_word' id='word_1_94' title='bbox 3385 846 3516 884; x_wconf 91' lang='lat' dir='ltr'><strong>cum</strong></span> <span class='ocrx_word' id='word_1_95' title='bbox 3548 831 3669 885; x_wconf 88' lang='lat' dir='ltr'><strong>vir-</strong></span> 
     </span>
    </p>
   </div>
   <div class='ocr_carea' id='block_1_8' title="bbox 220 917 3670 1003">
    <p class='ocr_par' dir='ltr' id='par_1_8' title="bbox 220 917 3670 1003">
     <span class='ocr_line' id='line_1_8' title="bbox 220 917 3670 1003; baseline -0.003 -18"><span class='ocrx_word' id='word_1_96' title='bbox 220 930 322 1003; x_wconf 86' lang='lat' dir='ltr'><strong>quia</strong></span> <span class='ocrx_word' id='word_1_97' title='bbox 348 926 585 984; x_wconf 88' lang='lat' dir='ltr'><strong>Christus</strong></span> <span class='ocrx_word' id='word_1_98' title='bbox 613 930 700 981; x_wconf 88' lang='lat' dir='ltr'><strong>est</strong></span> <span class='ocrx_word' id='word_1_99' title='bbox 730 924 991 979; x_wconf 78' lang='lat' dir='ltr'><strong>Ecclesiae</strong></span> <span class='ocrx_word' id='word_1_100' title='bbox 1020 928 1210 995; x_wconf 91' lang='lat' dir='ltr'><strong>caput.</strong></span> <span class='ocrx_word' id='word_1_101' title='bbox 1962 917 2181 973; x_wconf 80' lang='lat' dir='ltr'><strong>tatibus</strong></span> <span class='ocrx_word' id='word_1_102' title='bbox 2233 918 2349 972; x_wconf 87' lang='lat' dir='ltr'><strong>suis</strong></span> <span class='ocrx_word' id='word_1_103' title='bbox 2418 918 2587 973; x_wconf 86' lang='lat' dir='ltr'><strong>debet</strong></span> <span class='ocrx_word' id='word_1_104' title='bbox 2643 917 2904 972; x_wconf 83' lang='lat' dir='ltr'><strong>dedicare</strong></span> <span class='ocrx_word' id='word_1_105' title='bbox 2960 922 3017 972; x_wconf 88' lang='lat' dir='ltr'><strong>et</strong></span> <span class='ocrx_word' id='word_1_106' title='bbox 3074 935 3406 973; x_wconf 89' lang='lat' dir='ltr'><strong>consecrare</strong></span> <span class='ocrx_word' id='word_1_107' title='bbox 3470 919 3670 990; x_wconf 65' lang='lat' dir='ltr'><strong>gratia:</strong></span> 
     </span>
    </p>
   </div>
   <div class='ocr_carea' id='block_1_9' title="bbox 269 1006 3662 1083">
    <p class='ocr_par' dir='ltr' id='par_1_9' title="bbox 269 1006 3662 1083">
     <span class='ocr_line' id='line_1_9' title="bbox 269 1006 3662 1083; baseline -0.003 -10"><span class='ocrx_word' id='word_1_108' title='bbox 269 1020 405 1073; x_wconf 73' lang='lat' dir='ltr'><strong>Vens.</strong></span> <span class='ocrx_word' id='word_1_109' title='bbox 440 1020 517 1071; x_wconf 85' lang='grc'><strong>17.</strong></span> <span class='ocrx_word' id='word_1_110' title='bbox 550 1044 612 1056; x_wconf 90' lang='grc'><strong>-</strong></span> <span class='ocrx_word' id='word_1_111' title='bbox 647 1017 899 1083; x_wconf 80' lang='lat' dir='ltr'><strong>Fecitque</strong></span> <span class='ocrx_word' id='word_1_112' title='bbox 947 1013 1352 1078; x_wconf 76' lang='lat' dir='ltr'><strong>candelabrum,</strong></span> <span class='ocrx_word' id='word_1_113' title='bbox 1403 1016 1509 1066; x_wconf 92' lang='lat' dir='ltr'><strong>etc.</strong></span> <span class='ocrx_word' id='word_1_114' title='bbox 1542 1010 1701 1075; x_wconf 88' lang='lat' dir='ltr'><strong>Quod</strong></span> <span class='ocrx_word' id='word_1_115' title='bbox 1731 1008 1857 1081; x_wconf 87' lang='lat' dir='ltr'><strong>Spi-</strong></span> <span class='ocrx_word' id='word_1_116' title='bbox 1966 1006 2206 1077; x_wconf 88' lang='lat' dir='ltr'><strong>Spiritus</strong></span> <span class='ocrx_word' id='word_1_117' title='bbox 2267 1006 2465 1061; x_wconf 86' lang='lat' dir='ltr'><strong>sancti.</strong></span> <span class='ocrx_word' id='word_1_118' title='bbox 2526 1007 2728 1062; x_wconf 88' lang='lat' dir='ltr'><strong>Oleum</strong></span> <span class='ocrx_word' id='word_1_119' title='bbox 2787 1007 3000 1078; x_wconf 90' lang='lat' dir='ltr'><strong>quippe</strong></span> <span class='ocrx_word' id='word_1_120' title='bbox 3034 1007 3318 1062; x_wconf 87' lang='lat' dir='ltr'><strong>unctionis</strong></span> <span class='ocrx_word' id='word_1_121' title='bbox 3373 1007 3662 1078; x_wconf 90' lang='lat' dir='ltr'><strong>spirituali</strong></span> 
     </span>
    </p>
   </div>
   <div class='ocr_carea' id='block_1_10' title="bbox 216 1095 3671 1174">
    <p class='ocr_par' dir='ltr' id='par_1_10' title="bbox 216 1095 3671 1174">
     <span class='ocr_line' id='line_1_10' title="bbox 216 1095 3671 1174; baseline -0.003 -11"><span class='ocrx_word' id='word_1_122' title='bbox 216 1108 349 1164; x_wconf 83' lang='lat' dir='ltr'><strong>ritum</strong></span> <span class='ocrx_word' id='word_1_123' title='bbox 376 1108 622 1160; x_wconf 88' lang='lat' dir='ltr'><strong>sanctum</strong></span> <span class='ocrx_word' id='word_1_124' title='bbox 662 1104 964 1174; x_wconf 88' lang='lat' dir='ltr'><strong>signiﬁcat,</strong></span> <span class='ocrx_word' id='word_1_125' title='bbox 1021 1102 1121 1174; x_wconf 92' lang='lat' dir='ltr'><strong>qui</strong></span> <span class='ocrx_word' id='word_1_126' title='bbox 1161 1100 1480 1171; x_wconf 83' lang='lat' dir='ltr'><strong>septiformi</strong></span> <span class='ocrx_word' id='word_1_127' title='bbox 1510 1100 1693 1171; x_wconf 87' lang='lat' dir='ltr'><strong>gratia</strong></span> <span class='ocrx_word' id='word_1_128' title='bbox 1722 1098 1859 1153; x_wconf 91' lang='lat' dir='ltr'><strong>illu-</strong></span> <span class='ocrx_word' id='word_1_129' title='bbox 1966 1096 2165 1168; x_wconf 66' lang='lat' dir='ltr'><strong>gratias</strong></span> <span class='ocrx_word' id='word_1_130' title='bbox 2224 1101 2609 1166; x_wconf 85' lang='lat' dir='ltr'><strong>comparatur,</strong></span> <span class='ocrx_word' id='word_1_131' title='bbox 2669 1112 2784 1167; x_wconf 90' lang='lat' dir='ltr'><strong>qua</strong></span> <span class='ocrx_word' id='word_1_132' title='bbox 2822 1096 3096 1167; x_wconf 66' lang='lat' dir='ltr'><strong>{omnium</strong></span> <span class='ocrx_word' id='word_1_133' title='bbox 3148 1095 3440 1165; x_wconf 35' lang='lat' dir='ltr'><strong>,virtutum</strong></span> <span class='ocrx_word' id='word_1_134' title='bbox 3492 1113 3671 1168; x_wconf 86' lang='lat' dir='ltr'><strong>opera</strong></span> 
     </span>
    </p>
   </div>
   <div class='ocr_carea' id='block_1_11' title="bbox 218 1185 2675 1255">
    <p class='ocr_par' dir='ltr' id='par_1_11' title="bbox 218 1185 2675 1255">
     <span class='ocr_line' id='line_1_11' title="bbox 218 1185 2675 1255; baseline -0.006 -4"><span class='ocrx_word' id='word_1_135' title='bbox 218 1201 325 1251; x_wconf 85' lang='lat' dir='ltr'><strong>strat</strong></span> <span class='ocrx_word' id='word_1_136' title='bbox 370 1194 661 1249; x_wconf 89' lang='lat' dir='ltr'><strong>Ecclesiam</strong></span> <span class='ocrx_word' id='word_1_137' title='bbox 715 1193 778 1247; x_wconf 92' lang='lat' dir='ltr'><strong>in</strong></span> <span class='ocrx_word' id='word_1_138' title='bbox 837 1191 1053 1245; x_wconf 90' lang='lat' dir='ltr'><strong>unitate</strong></span> <span class='ocrx_word' id='word_1_139' title='bbox 1105 1189 1241 1245; x_wconf 90' lang='lat' dir='ltr'><strong>ﬁdei</strong></span> <span class='ocrx_word' id='word_1_140' title='bbox 1292 1187 1717 1255; x_wconf 87' lang='lat' dir='ltr'><strong>consistentem,</strong></span> <span class='ocrx_word' id='word_1_141' title='bbox 1772 1187 1858 1241; x_wconf 88' lang='lat' dir='ltr'><strong>vel</strong></span> <span class='ocrx_word' id='word_1_142' title='bbox 1970 1185 2217 1241; x_wconf 91' lang='lat' dir='ltr'><strong>Domino</strong></span> <span class='ocrx_word' id='word_1_143' title='bbox 2248 1188 2675 1239; x_wconf 88' lang='lat' dir='ltr'><strong>consecrantur.</strong></span> 
     </span>
    </p>
   </div>
   <div class='ocr_carea' id='block_1_12' title="bbox 217 1273 3668 1354">
    <p class='ocr_par' dir='ltr' id='par_1_12' title="bbox 217 1273 3668 1354">
     <span class='ocr_line' id='line_1_12' title="bbox 217 1273 3668 1354; baseline -0.003 -15"><span class='ocrx_word' id='word_1_144' title='bbox 217 1284 454 1341; x_wconf 80' lang='lat' dir='ltr'><strong>Christum</strong></span> <span class='ocrx_word' id='word_1_145' title='bbox 504 1286 825 1354; x_wconf 86' lang='lat' dir='ltr'><strong>portantem</strong></span> <span class='ocrx_word' id='word_1_146' title='bbox 856 1279 1119 1335; x_wconf 88' lang='lat' dir='ltr'><strong>ecclesias</strong></span> <span class='ocrx_word' id='word_1_147' title='bbox 1157 1283 1398 1349; x_wconf 87' lang='lat' dir='ltr'><strong>septem,</strong></span> <span class='ocrx_word' id='word_1_148' title='bbox 1429 1276 1489 1331; x_wconf 93' lang='lat' dir='ltr'><strong>in</strong></span> <span class='ocrx_word' id='word_1_149' title='bbox 1545 1276 1751 1348; x_wconf 87' lang='lat' dir='ltr'><strong>quibus</strong></span> <span class='ocrx_word' id='word_1_150' title='bbox 1778 1291 1858 1329; x_wconf 89' lang='lat' dir='ltr'><strong>se-</strong></span> <span class='ocrx_word' id='word_1_151' title='bbox 2040 1276 2201 1329; x_wconf 71' lang='lat' dir='ltr'><strong>Vens.</strong></span> <span class='ocrx_word' id='word_1_152' title='bbox 2256 1277 2341 1328; x_wconf 77' lang='lat' dir='ltr'><strong>l2.</strong></span> <span class='ocrx_word' id='word_1_153' title='bbox 2393 1301 2465 1314; x_wconf 93' lang='lat'><strong><em>—</em></strong></span> <span class='ocrx_word' id='word_1_154' title='bbox 2521 1273 2946 1343; x_wconf 80' lang='lat' dir='ltr'><strong>Applicabisque</strong></span> <span class='ocrx_word' id='word_1_155' title='bbox 3000 1276 3212 1341; x_wconf 84' lang='lat' dir='ltr'><strong>Aaron,</strong></span> <span class='ocrx_word' id='word_1_156' title='bbox 3280 1280 3367 1329; x_wconf 93' lang='lat' dir='ltr'><strong>etc</strong></span> <span class='ocrx_word' id='word_1_157' title='bbox 3420 1275 3668 1346; x_wconf 59' lang='lat' dir='ltr'><strong>(Suum)</strong></span> 
     </span>
    </p>
   </div>
   <div class='ocr_carea' id='block_1_13' title="bbox 216 1361 3673 1445">
    <p class='ocr_par' dir='ltr' id='par_1_13' title="bbox 216 1361 3673 1445">
     <span class='ocr_line' id='line_1_13' title="bbox 216 1361 3673 1445; baseline -0.003 -18"><span class='ocrx_word' id='word_1_158' title='bbox 216 1372 454 1445; x_wconf 85' lang='lat' dir='ltr'><strong>ptitormis</strong></span> <span class='ocrx_word' id='word_1_159' title='bbox 482 1370 727 1442; x_wconf 86' lang='lat' dir='ltr'><strong>Spiritus</strong></span> <span class='ocrx_word' id='word_1_160' title='bbox 758 1369 1032 1441; x_wconf 89' lang='lat' dir='ltr'><strong>splendor</strong></span> <span class='ocrx_word' id='word_1_161' title='bbox 1060 1367 1290 1421; x_wconf 88' lang='lat' dir='ltr'><strong>emicat.</strong></span> <span class='ocrx_word' id='word_1_162' title='bbox 1970 1364 2138 1418; x_wconf 84' lang='lat' dir='ltr'><strong>Fores</strong></span> <span class='ocrx_word' id='word_1_163' title='bbox 2195 1362 2566 1427; x_wconf 87' lang='lat' dir='ltr'><strong>tabernaculi,</strong></span> <span class='ocrx_word' id='word_1_164' title='bbox 2635 1361 2692 1415; x_wconf 91' lang='lat' dir='ltr'><strong>id</strong></span> <span class='ocrx_word' id='word_1_165' title='bbox 2763 1366 2867 1428; x_wconf 88' lang='lat' dir='ltr'><strong>est,</strong></span> <span class='ocrx_word' id='word_1_166' title='bbox 2930 1368 3140 1417; x_wconf 70' lang='lat' dir='ltr'><strong>sanctae</strong></span> <span class='ocrx_word' id='word_1_167' title='bbox 3197 1363 3472 1430; x_wconf 67' lang='lat' dir='ltr'><strong>Ecclesiae,</strong></span> <span class='ocrx_word' id='word_1_168' title='bbox 3533 1368 3673 1418; x_wconf 90' lang='lat' dir='ltr'><strong>sunt</strong></span> 
     </span>
    </p>
   </div>
   <div class='ocr_carea' id='block_1_14' title="bbox 269 1450 3670 1523">
    <p class='ocr_par' dir='ltr' id='par_1_14' title="bbox 269 1450 3670 1523">
     <span class='ocr_line' id='line_1_14' title="bbox 269 1450 3670 1523; baseline -0.003 -8"><span class='ocrx_word' id='word_1_169' title='bbox 269 1463 403 1515; x_wconf 74' lang='lat' dir='ltr'><strong>Vens.</strong></span> <span class='ocrx_word' id='word_1_170' title='bbox 445 1463 531 1514; x_wconf 84' lang='lat'><strong>23.</strong></span> <span class='ocrx_word' id='word_1_171' title='bbox 562 1489 632 1498; x_wconf 89' lang='lat'><strong>——</strong></span> <span class='ocrx_word' id='word_1_172' title='bbox 679 1460 821 1513; x_wconf 86' lang='lat' dir='ltr'><strong>Cum</strong></span> <span class='ocrx_word' id='word_1_173' title='bbox 850 1459 1214 1512; x_wconf 81' lang='lat' dir='ltr'><strong>emunctoriis.</strong></span> <span class='ocrx_word' id='word_1_174' title='bbox 1249 1455 1385 1519; x_wconf 61' lang='lat' dir='ltr'><strong>Quae</strong></span> <span class='ocrx_word' id='word_1_175' title='bbox 1416 1454 1476 1508; x_wconf 92' lang='lat' dir='ltr'><strong>in</strong></span> <span class='ocrx_word' id='word_1_176' title='bbox 1504 1452 1647 1507; x_wconf 88' lang='lat' dir='ltr'><strong>Isaia</strong></span> <span class='ocrx_word' id='word_1_177' title='bbox 1698 1452 1861 1506; x_wconf 89' lang='lat' dir='ltr'><strong>forci-</strong></span> <span class='ocrx_word' id='word_1_178' title='bbox 1969 1451 2229 1523; x_wconf 90' lang='lat' dir='ltr'><strong>apostoli,</strong></span> <span class='ocrx_word' id='word_1_179' title='bbox 2257 1467 2361 1522; x_wconf 91' lang='lat' dir='ltr'><strong>per</strong></span> <span class='ocrx_word' id='word_1_180' title='bbox 2386 1468 2526 1522; x_wconf 89' lang='lat' dir='ltr'><strong>quos</strong></span> <span class='ocrx_word' id='word_1_181' title='bbox 2568 1451 2733 1505; x_wconf 90' lang='lat' dir='ltr'><strong>debet</strong></span> <span class='ocrx_word' id='word_1_182' title='bbox 2762 1450 2952 1505; x_wconf 88' lang='lat' dir='ltr'><strong>aulam</strong></span> <span class='ocrx_word' id='word_1_183' title='bbox 2984 1452 3109 1505; x_wconf 85' lang='lat' dir='ltr'><strong>coeli</strong></span> <span class='ocrx_word' id='word_1_184' title='bbox 3148 1452 3371 1523; x_wconf 85' lang='lat' dir='ltr'><strong>ingredi</strong></span> <span class='ocrx_word' id='word_1_185' title='bbox 3405 1469 3418 1506; x_wconf 89' lang='lat'><strong>:</strong></span> <span class='ocrx_word' id='word_1_186' title='bbox 3459 1452 3529 1506; x_wconf 93' lang='lat' dir='ltr'><strong>ad</strong></span> <span class='ocrx_word' id='word_1_187' title='bbox 3560 1453 3670 1506; x_wconf 88' lang='lat' dir='ltr'><strong>hos</strong></span> 
     </span>
    </p>
   </div>
   <div class='ocr_carea' id='block_1_15' title="bbox 216 1540 3669 1623">
    <p class='ocr_par' dir='ltr' id='par_1_15' title="bbox 216 1540 3669 1623">
     <span class='ocr_line' id='line_1_15' title="bbox 216 1540 3669 1623; baseline -0.002 -20"><span class='ocrx_word' id='word_1_188' title='bbox 216 1568 290 1623; x_wconf 89' lang='lat' dir='ltr'><strong>pes</strong></span> <span class='ocrx_word' id='word_1_189' title='bbox 314 1549 675 1621; x_wconf 87' lang='lat' dir='ltr'><strong>appellantur,</strong></span> <span class='ocrx_word' id='word_1_190' title='bbox 709 1546 822 1601; x_wconf 90' lang='lat' dir='ltr'><strong>duo</strong></span> <span class='ocrx_word' id='word_1_191' title='bbox 852 1548 1234 1611; x_wconf 90' lang='lat' dir='ltr'><strong>Testamenta,</strong></span> <span class='ocrx_word' id='word_1_192' title='bbox 1266 1543 1478 1597; x_wconf 88' lang='lat' dir='ltr'><strong>scilicet</strong></span> <span class='ocrx_word' id='word_1_193' title='bbox 1504 1542 1710 1614; x_wconf 90' lang='lat' dir='ltr'><strong>quibus</strong></span> <span class='ocrx_word' id='word_1_194' title='bbox 1738 1558 1862 1613; x_wconf 90' lang='lat' dir='ltr'><strong>pec—</strong></span> <span class='ocrx_word' id='word_1_195' title='bbox 1971 1540 2296 1612; x_wconf 89' lang='lat' dir='ltr'><strong>applicandi</strong></span> <span class='ocrx_word' id='word_1_196' title='bbox 2327 1545 2463 1595; x_wconf 89' lang='lat' dir='ltr'><strong>sunt</strong></span> <span class='ocrx_word' id='word_1_197' title='bbox 2490 1544 2682 1595; x_wconf 87' lang='lat' dir='ltr'><strong>Aaron</strong></span> <span class='ocrx_word' id='word_1_198' title='bbox 2713 1544 2767 1593; x_wconf 91' lang='lat' dir='ltr'><strong>et</strong></span> <span class='ocrx_word' id='word_1_199' title='bbox 2793 1540 2896 1593; x_wconf 84' lang='lat' dir='ltr'><strong>ﬁlii</strong></span> <span class='ocrx_word' id='word_1_200' title='bbox 2935 1541 3077 1611; x_wconf 85' lang='lat' dir='ltr'><strong>ejus,</strong></span> <span class='ocrx_word' id='word_1_201' title='bbox 3116 1540 3172 1595; x_wconf 92' lang='lat' dir='ltr'><strong>id</strong></span> <span class='ocrx_word' id='word_1_202' title='bbox 3224 1545 3306 1595; x_wconf 89' lang='lat' dir='ltr'><strong>est</strong></span> <span class='ocrx_word' id='word_1_203' title='bbox 3334 1540 3520 1596; x_wconf 90' lang='lat' dir='ltr'><strong>omnis</strong></span> <span class='ocrx_word' id='word_1_204' title='bbox 3550 1557 3669 1596; x_wconf 76' lang='lat' dir='ltr'><strong>cce-</strong></span> 
     </span>
    </p>
   </div>
   <div class='ocr_carea' id='block_1_16' title="bbox 217 1628 3672 1732">
    <p class='ocr_par' dir='ltr' id='par_1_16' title="bbox 217 1628 3672 1732">
     <span class='ocr_line' id='line_1_16' title="bbox 217 1628 3672 1732; baseline -0.002 -39"><span class='ocrx_word' id='word_1_205' title='bbox 217 1644 312 1693; x_wconf 88' lang='lat' dir='ltr'><strong>cata</strong></span> <span class='ocrx_word' id='word_1_206' title='bbox 350 1640 679 1709; x_wconf 85' lang='lat' dir='ltr'><strong>purgantur,</strong></span> <span class='ocrx_word' id='word_1_207' title='bbox 734 1650 990 1707; x_wconf 59' lang='lat' dir='ltr'><strong>quasque</strong></span> <span class='ocrx_word' id='word_1_208' title='bbox 1046 1634 1196 1687; x_wconf 89' lang='lat' dir='ltr'><strong>intra</strong></span> <span class='ocrx_word' id='word_1_209' title='bbox 1252 1648 1310 1685; x_wconf 91' lang='lat' dir='ltr'><strong>se</strong></span> <span class='ocrx_word' id='word_1_210' title='bbox 1378 1630 1557 1685; x_wconf 89' lang='lat' dir='ltr'><strong>sancti</strong></span> <span class='ocrx_word' id='word_1_211' title='bbox 1619 1630 1862 1701; x_wconf 90' lang='lat' dir='ltr'><strong>Spiritus</strong></span> <span class='ocrx_word' id='word_1_212' title='bbox 1902 1677 1942 1732; x_wconf 74' lang='grc' dir='ltr'>Β</span> <span class='ocrx_word' id='word_1_213' title='bbox 1978 1634 2068 1683; x_wconf 90' lang='lat' dir='ltr'><strong>tus</strong></span> <span class='ocrx_word' id='word_1_214' title='bbox 2147 1632 2475 1683; x_wconf 90' lang='lat' dir='ltr'><strong>sanctorum</strong></span> <span class='ocrx_word' id='word_1_215' title='bbox 2546 1634 2601 1683; x_wconf 88' lang='lat' dir='ltr'><strong>et</strong></span> <span class='ocrx_word' id='word_1_216' title='bbox 2658 1628 2904 1684; x_wconf 81' lang='lat' dir='ltr'><strong>maxime</strong></span> <span class='ocrx_word' id='word_1_217' title='bbox 2952 1630 3412 1700; x_wconf 60' lang='lat' dir='ltr'><strong>praepositorum,</strong></span> <span class='ocrx_word' id='word_1_218' title='bbox 3464 1634 3527 1685; x_wconf 92' lang='lat' dir='ltr'><strong>ut</strong></span> <span class='ocrx_word' id='word_1_219' title='bbox 3574 1647 3672 1685; x_wconf 91' lang='lat' dir='ltr'><strong>eos</strong></span> 
     </span>
    </p>
   </div>
   <div class='ocr_carea' id='block_1_17' title="bbox 215 1718 3216 1790">
    <p class='ocr_par' dir='ltr' id='par_1_17' title="bbox 215 1718 3216 1790">
     <span class='ocr_line' id='line_1_17' title="bbox 215 1718 3216 1790; baseline -0.002 -9"><span class='ocrx_word' id='word_1_220' title='bbox 215 1727 385 1782; x_wconf 88' lang='lat' dir='ltr'><strong>unione</strong></span> <span class='ocrx_word' id='word_1_221' title='bbox 409 1726 717 1781; x_wconf 86' lang='lat' dir='ltr'><strong>sociantur.</strong></span> <span class='ocrx_word' id='word_1_222' title='bbox 1902 1718 1941 1732; x_wconf 76' lang='lat'><strong><em>&quot;</em></strong></span> <span class='ocrx_word' id='word_1_223' title='bbox 1972 1718 2272 1773; x_wconf 90' lang='lat' dir='ltr'><strong>imitentur</strong></span> <span class='ocrx_word' id='word_1_224' title='bbox 2301 1723 2357 1773; x_wconf 93' lang='lat' dir='ltr'><strong>et</strong></span> <span class='ocrx_word' id='word_1_225' title='bbox 2385 1735 2585 1773; x_wconf 91' lang='lat' dir='ltr'><strong>eorum</strong></span> <span class='ocrx_word' id='word_1_226' title='bbox 2618 1718 2859 1790; x_wconf 88' lang='lat' dir='ltr'><strong>vestigia</strong></span> <span class='ocrx_word' id='word_1_227' title='bbox 2884 1723 3216 1789; x_wconf 90' lang='lat' dir='ltr'><strong>sequantur.</strong></span> 
     </span>
    </p>
   </div>
   <div class='ocr_carea' id='block_1_18' title="bbox 754 1808 3673 1904">
    <p class='ocr_par' dir='ltr' id='par_1_18' title="bbox 754 1808 3673 1904">
     <span class='ocr_line' id='line_1_18' title="bbox 754 1808 3673 1904; baseline -0.01 -21"><span class='ocrx_word' id='word_1_228' title='bbox 754 1849 979 1904; x_wconf 69' lang='lat' dir='ltr'><strong>CAPUT</strong></span> <span class='ocrx_word' id='word_1_229' title='bbox 1016 1846 1287 1902; x_wconf 68' lang='lat' dir='ltr'><strong>XXXan</strong></span> <span class='ocrx_word' id='word_1_230' title='bbox 2044 1808 2203 1904; x_wconf 63' lang='lat' dir='ltr'><strong>Vens.</strong></span> <span class='ocrx_word' id='word_1_231' title='bbox 2250 1809 2335 1904; x_wconf 67' lang='lat' dir='ltr'><strong>lt}.</strong></span> <span class='ocrx_word' id='word_1_232' title='bbox 2367 1838 2435 1904; x_wconf 50' lang='lat'><strong>_—-</strong></span> <span class='ocrx_word' id='word_1_233' title='bbox 2463 1810 2535 1904; x_wconf 53' lang='grc' dir='ltr'><strong>ξι</strong></span> <span class='ocrx_word' id='word_1_234' title='bbox 2576 1812 2764 1904; x_wconf 69' lang='lat' dir='ltr'><strong>vectes.</strong></span> <span class='ocrx_word' id='word_1_235' title='bbox 2811 1808 2994 1904; x_wconf 43' lang='lat' dir='ltr'><strong>_Vectis</strong></span> <span class='ocrx_word' id='word_1_236' title='bbox 3024 1823 3142 1861; x_wconf 92' lang='lat' dir='ltr'><strong>non</strong></span> <span class='ocrx_word' id='word_1_237' title='bbox 3179 1808 3372 1904; x_wconf 68' lang='lat' dir='ltr'><strong>solum</strong></span> <span class='ocrx_word' id='word_1_238' title='bbox 3425 1808 3673 1880; x_wconf 82' lang='lat' dir='ltr'><strong>parietes</strong></span> 
     </span>
    </p>
   </div>
   <div class='ocr_carea' id='block_1_19' title="bbox 1276 1885 3674 1959">
    <p class='ocr_par' dir='ltr' id='par_1_19' title="bbox 1276 1885 3674 1959">
     <span class='ocr_line' id='line_1_19' title="bbox 1276 1885 3674 1959; baseline 0.001 -9"><span class='ocrx_word' id='word_1_239' title='bbox 1276 1885 1287 1897; x_wconf 81' lang='grc'><strong>’</strong></span> <span class='ocrx_word' id='word_1_240' title='bbox 1974 1896 2168 1959; x_wconf 89' lang='lat' dir='ltr'><strong>nectit,</strong></span> <span class='ocrx_word' id='word_1_241' title='bbox 2202 1896 2301 1950; x_wconf 89' lang='lat' dir='ltr'><strong>sed</strong></span> <span class='ocrx_word' id='word_1_242' title='bbox 2330 1900 2386 1949; x_wconf 90' lang='lat' dir='ltr'><strong>et</strong></span> <span class='ocrx_word' id='word_1_243' title='bbox 2416 1896 2708 1950; x_wconf 88' lang='lat' dir='ltr'><strong>columnas</strong></span> <span class='ocrx_word' id='word_1_244' title='bbox 2740 1895 3013 1951; x_wconf 86' lang='lat' dir='ltr'><strong>introitus</strong></span> <span class='ocrx_word' id='word_1_245' title='bbox 3062 1896 3366 1951; x_wconf 88' lang='lat' dir='ltr'><strong>conﬁrmat</strong></span> <span class='ocrx_word' id='word_1_246' title='bbox 3416 1914 3489 1952; x_wconf 93' lang='lat' dir='ltr'><strong>ne</strong></span> <span class='ocrx_word' id='word_1_247' title='bbox 3545 1913 3674 1952; x_wconf 90' lang='lat' dir='ltr'><strong>cor-</strong></span> 
     </span>
    </p>
   </div>
   <div class='ocr_carea' id='block_1_20' title="bbox 266 1968 1871 2057">
    <p class='ocr_par' dir='ltr' id='par_1_20' title="bbox 266 1968 1865 2037">
     <span class='ocr_line' id='line_1_20' title="bbox 266 1968 1865 2037; baseline -0.006 -8"><span class='ocrx_word' id='word_1_248' title='bbox 266 1976 408 2030; x_wconf 76' lang='lat' dir='ltr'><strong>Veas.</strong></span> <span class='ocrx_word' id='word_1_249' title='bbox 466 1977 516 2029; x_wconf 91' lang='lat'><strong>8.</strong></span> <span class='ocrx_word' id='word_1_250' title='bbox 578 2003 650 2014; x_wconf 92' lang='lat'>—</span> <span class='ocrx_word' id='word_1_251' title='bbox 703 1974 847 2028; x_wconf 86' lang='lat' dir='ltr'><strong>Fecit</strong></span> <span class='ocrx_word' id='word_1_252' title='bbox 877 1976 927 2026; x_wconf 88' lang='lat' dir='ltr'><strong>et</strong></span> <span class='ocrx_word' id='word_1_253' title='bbox 978 1971 1191 2024; x_wconf 82' lang='lat' dir='ltr'><strong>labrum</strong></span> <span class='ocrx_word' id='word_1_254' title='bbox 1246 1984 1468 2034; x_wconf 71' lang='lat' dir='ltr'><strong>aeneum,</strong></span> <span class='ocrx_word' id='word_1_255' title='bbox 1502 1972 1609 2023; x_wconf 90' lang='lat' dir='ltr'><strong>etc.</strong></span> <span class='ocrx_word' id='word_1_256' title='bbox 1656 1968 1865 2037; x_wconf 78' lang='lat' dir='ltr'><strong>(GBEG.,</strong></span> 
     </span>
    </p>
   </div>
   <div class='ocr_carea' id='block_1_21' title="bbox 2069 1968 3674 2057">
    <p class='ocr_par' dir='ltr' id='par_1_21' title="bbox 2069 1985 3674 2057">
     <span class='ocr_line' id='line_1_21' title="bbox 2069 1985 3674 2057; baseline 0.001 -18"><span class='ocrx_word' id='word_1_257' title='bbox 2069 1989 2162 2050; x_wconf 71' lang='lat' dir='ltr'><strong>int,</strong></span> <span class='ocrx_word' id='word_1_258' title='bbox 2196 1988 2295 2038; x_wconf 90' lang='lat' dir='ltr'><strong>aut</strong></span> <span class='ocrx_word' id='word_1_259' title='bbox 2338 2002 2369 2039; x_wconf 93' lang='lat' dir='ltr'><strong>a</strong></span> <span class='ocrx_word' id='word_1_260' title='bbox 2426 1990 2580 2038; x_wconf 89' lang='lat' dir='ltr'><strong>recto</strong></span> <span class='ocrx_word' id='word_1_261' title='bbox 2641 1989 2790 2038; x_wconf 87' lang='lat' dir='ltr'><strong>statu</strong></span> <span class='ocrx_word' id='word_1_262' title='bbox 2842 1985 3167 2051; x_wconf 87' lang='lat' dir='ltr'><strong>detlectant,</strong></span> <span class='ocrx_word' id='word_1_263' title='bbox 3230 1986 3364 2057; x_wconf 90' lang='lat' dir='ltr'><strong>quia</strong></span> <span class='ocrx_word' id='word_1_264' title='bbox 3396 1986 3674 2042; x_wconf 90' lang='lat' dir='ltr'><strong>Dominus</strong></span> 
     </span>
    </p>
   </div>
   <div class='ocr_carea' id='block_1_22' title="bbox 211 2056 3671 2144">
    <p class='ocr_par' dir='ltr' id='par_1_22' title="bbox 211 2056 3671 2144">
     <span class='ocr_line' id='line_1_22' title="bbox 211 2056 3671 2144; baseline 0.001 -17"><span class='ocrx_word' id='word_1_265' title='bbox 211 2065 322 2118; x_wconf 71' lang='grc' dir='ltr'><strong>Ῐιοτπ·</strong></span> <span class='ocrx_word' id='word_1_266' title='bbox 378 2067 436 2118; x_wconf 73' lang='grc'>17</span> <span class='ocrx_word' id='word_1_267' title='bbox 463 2066 523 2118; x_wconf 60' lang='lat' dir='ltr'><strong>in</strong></span> <span class='ocrx_word' id='word_1_268' title='bbox 572 2062 825 2131; x_wconf 58' lang='lat' dir='ltr'><strong>Emme)</strong></span> <span class='ocrx_word' id='word_1_269' title='bbox 860 2060 1105 2115; x_wconf 70' lang='lat' dir='ltr'><strong>Labmm</strong></span> <span class='ocrx_word' id='word_1_270' title='bbox 1153 2073 1377 2112; x_wconf 51' lang='lat' dir='ltr'><strong>{meum</strong></span> <span class='ocrx_word' id='word_1_271' title='bbox 1428 2058 1641 2127; x_wconf 69' lang='lat' dir='ltr'><strong>Moyses</strong></span> <span class='ocrx_word' id='word_1_272' title='bbox 1685 2056 1866 2127; x_wconf 65' lang='lat' dir='ltr'><strong>Ponit:</strong></span> <span class='ocrx_word' id='word_1_273' title='bbox 1975 2079 2032 2128; x_wconf 90' lang='lat' dir='ltr'><strong>et</strong></span> <span class='ocrx_word' id='word_1_274' title='bbox 2064 2078 2372 2144; x_wconf 89' lang='lat' dir='ltr'><strong>utrumque</strong></span> <span class='ocrx_word' id='word_1_275' title='bbox 2421 2073 2700 2143; x_wconf 84' lang='lat' dir='ltr'><strong>populum</strong></span> <span class='ocrx_word' id='word_1_276' title='bbox 2731 2073 2791 2127; x_wconf 94' lang='lat' dir='ltr'><strong>in</strong></span> <span class='ocrx_word' id='word_1_277' title='bbox 2840 2090 2957 2127; x_wconf 88' lang='lat' dir='ltr'><strong>una</strong></span> <span class='ocrx_word' id='word_1_278' title='bbox 2984 2074 3097 2128; x_wconf 87' lang='lat' dir='ltr'><strong>ﬁde</strong></span> <span class='ocrx_word' id='word_1_279' title='bbox 3149 2056 3468 2129; x_wconf 81' lang='lat' dir='ltr'><strong>dilectionis</strong></span> <span class='ocrx_word' id='word_1_280' title='bbox 3491 2075 3671 2130; x_wconf 90' lang='lat' dir='ltr'><strong>socia-</strong></span> 
     </span>
    </p>
   </div>
   <div class='ocr_carea' id='block_1_23' title="bbox 213 2146 3675 2236">
    <p class='ocr_par' dir='ltr' id='par_1_23' title="bbox 213 2146 3675 2236">
     <span class='ocr_line' id='line_1_23' title="bbox 213 2146 3675 2236; baseline -0.001 -15"><span class='ocrx_word' id='word_1_281' title='bbox 213 2157 316 2220; x_wconf 66' lang='grc' dir='ltr'>θίοι,</span> <span class='ocrx_word' id='word_1_282' title='bbox 342 2168 501 2222; x_wconf 70' lang='lat' dir='ltr'><strong><em>usque</em></strong></span> <span class='ocrx_word' id='word_1_283' title='bbox 526 2152 605 2206; x_wconf 68' lang='lat' dir='ltr'><strong><em>ad</em></strong></span> <span class='ocrx_word' id='word_1_284' title='bbox 634 2156 698 2205; x_wconf 72' lang='grc' dir='ltr'><strong>ιη</strong></span> <span class='ocrx_word' id='word_1_285' title='bbox 724 2166 829 2221; x_wconf 66' lang='lat' dir='ltr'><strong>Per</strong></span> <span class='ocrx_word' id='word_1_286' title='bbox 853 2150 975 2204; x_wconf 56' lang='lat' dir='ltr'><strong>ham</strong></span> <span class='ocrx_word' id='word_1_287' title='bbox 1015 2148 1293 2220; x_wconf 61' lang='lat' dir='ltr'><strong>Pmﬁcere</strong></span> <span class='ocrx_word' id='word_1_288' title='bbox 1321 2146 1735 2200; x_wconf 61' lang='lat' dir='ltr'><strong>contendamus</strong></span> <span class='ocrx_word' id='word_1_289' title='bbox 1764 2161 1871 2217; x_wconf 69' lang='lat' dir='ltr'><strong>Per</strong></span> <span class='ocrx_word' id='word_1_290' title='bbox 1974 2162 2072 2231; x_wconf 87' lang='lat' dir='ltr'><strong>vit,</strong></span> <span class='ocrx_word' id='word_1_291' title='bbox 2100 2167 2157 2215; x_wconf 91' lang='lat' dir='ltr'><strong>et</strong></span> <span class='ocrx_word' id='word_1_292' title='bbox 2176 2177 2378 2215; x_wconf 90' lang='lat' dir='ltr'><strong>eorum</strong></span> <span class='ocrx_word' id='word_1_293' title='bbox 2407 2161 2687 2230; x_wconf 91' lang='lat' dir='ltr'><strong>doctores,</strong></span> <span class='ocrx_word' id='word_1_294' title='bbox 2722 2166 2785 2217; x_wconf 91' lang='lat' dir='ltr'><strong>ut</strong></span> <span class='ocrx_word' id='word_1_295' title='bbox 2832 2162 2892 2215; x_wconf 91' lang='lat' dir='ltr'><strong>in</strong></span> <span class='ocrx_word' id='word_1_296' title='bbox 2924 2162 3054 2231; x_wconf 81' lang='lat' dir='ltr'><strong>ﬁde</strong></span> <span class='ocrx_word' id='word_1_297' title='bbox 3095 2168 3149 2216; x_wconf 93' lang='lat' dir='ltr'><strong>et</strong></span> <span class='ocrx_word' id='word_1_298' title='bbox 3175 2163 3400 2218; x_wconf 88' lang='lat' dir='ltr'><strong>actione</strong></span> <span class='ocrx_word' id='word_1_299' title='bbox 3450 2168 3506 2219; x_wconf 90' lang='lat' dir='ltr'><strong>et</strong></span> <span class='ocrx_word' id='word_1_300' title='bbox 3532 2180 3675 2236; x_wconf 71' lang='lat' dir='ltr'><strong>pra:-</strong></span> 
     </span>
    </p>
   </div>
   <div class='ocr_carea' id='block_1_24' title="bbox 212 2238 1817 2320">
    <p class='ocr_par' dir='ltr' id='par_1_24' title="bbox 212 2238 1747 2312">
     <span class='ocr_line' id='line_1_24' title="bbox 212 2238 1747 2312; baseline -0.005 -16"><span class='ocrx_word' id='word_1_301' title='bbox 212 2257 315 2311; x_wconf 71' lang='lat' dir='ltr'><strong>qua:</strong></span> <span class='ocrx_word' id='word_1_302' title='bbox 338 2240 632 2312; x_wconf 85' lang='lat' dir='ltr'><strong>profecisse</strong></span> <span class='ocrx_word' id='word_1_303' title='bbox 663 2238 1034 2310; x_wconf 82' lang='lat' dir='ltr'><strong>cognovimus</strong></span> <span class='ocrx_word' id='word_1_304' title='bbox 1067 2252 1211 2308; x_wconf 82' lang='lat' dir='ltr'><strong>quos</strong></span> <span class='ocrx_word' id='word_1_305' title='bbox 1232 2250 1591 2289; x_wconf 88' lang='lat' dir='ltr'><strong>veneramur.</strong></span> <span class='ocrx_word' id='word_1_306' title='bbox 1744 2256 1747 2259; x_wconf 58' lang='grc' dir='ltr'><strong><em>λ</em></strong></span> 
     </span>
    </p>
   </div>
   <div class='ocr_carea' id='block_1_25' title="bbox 2073 2238 3678 2320">
    <p class='ocr_par' dir='ltr' id='par_1_25' title="bbox 2073 2250 3678 2320">
     <span class='ocr_line' id='line_1_25' title="bbox 2073 2250 3678 2320; baseline 0.002 -17"><span class='ocrx_word' id='word_1_307' title='bbox 2073 2250 2259 2304; x_wconf 89' lang='lat' dir='ltr'><strong>atione</strong></span> <span class='ocrx_word' id='word_1_308' title='bbox 2304 2255 2689 2320; x_wconf 89' lang='lat' dir='ltr'><strong>perseverent,</strong></span> <span class='ocrx_word' id='word_1_309' title='bbox 2748 2250 3053 2305; x_wconf 84' lang='lat' dir='ltr'><strong>confortat.</strong></span> <span class='ocrx_word' id='word_1_310' title='bbox 3096 2252 3209 2305; x_wconf 92' lang='lat' dir='ltr'><strong>Nec</strong></span> <span class='ocrx_word' id='word_1_311' title='bbox 3265 2252 3481 2307; x_wconf 91' lang='lat' dir='ltr'><strong>mirum</strong></span> <span class='ocrx_word' id='word_1_312' title='bbox 3528 2252 3576 2307; x_wconf 92' lang='lat' dir='ltr'><strong>si</strong></span> <span class='ocrx_word' id='word_1_313' title='bbox 3623 2258 3678 2308; x_wconf 92' lang='lat' dir='ltr'><strong>et</strong></span> 
     </span>
    </p>
   </div>
   <div class='ocr_carea' id='block_1_26' title="bbox 268 2321 1873 2413">
    <p class='ocr_par' dir='ltr' id='par_1_26' title="bbox 268 2321 1869 2396">
     <span class='ocr_line' id='line_1_26' title="bbox 268 2321 1869 2396; baseline -0.006 -12"><span class='ocrx_word' id='word_1_314' title='bbox 268 2331 407 2384; x_wconf 73' lang='lat' dir='ltr'><strong>Vens.</strong></span> <span class='ocrx_word' id='word_1_315' title='bbox 437 2332 522 2384; x_wconf 83' lang='lat'><strong>20.</strong></span> <span class='ocrx_word' id='word_1_316' title='bbox 572 2359 637 2369; x_wconf 88' lang='lat'><strong><em>—</em></strong></span> <span class='ocrx_word' id='word_1_317' title='bbox 690 2327 932 2383; x_wconf 63' lang='lat' dir='ltr'><strong>Pastillos</strong></span> <span class='ocrx_word' id='word_1_318' title='bbox 986 2341 1220 2396; x_wconf 85' lang='lat' dir='ltr'><strong>quoque.</strong></span> <span class='ocrx_word' id='word_1_319' title='bbox 1262 2324 1498 2394; x_wconf 60' lang='lat' dir='ltr'><strong>(Summ)</strong></span> <span class='ocrx_word' id='word_1_320' title='bbox 1532 2321 1731 2378; x_wconf 84' lang='lat' dir='ltr'><strong>Paxilli</strong></span> <span class='ocrx_word' id='word_1_321' title='bbox 1780 2338 1869 2376; x_wconf 90' lang='lat' dir='ltr'><strong>se-</strong></span> 
     </span>
    </p>
   </div>
   <div class='ocr_carea' id='block_1_27' title="bbox 2071 2321 3676 2413">
    <p class='ocr_par' dir='ltr' id='par_1_27' title="bbox 2071 2340 3676 2413">
     <span class='ocr_line' id='line_1_27' title="bbox 2071 2340 3676 2413; baseline 0.002 -20"><span class='ocrx_word' id='word_1_322' title='bbox 2071 2340 2293 2411; x_wconf 79' lang='lat' dir='ltr'><strong>&#39;capita</strong></span> <span class='ocrx_word' id='word_1_323' title='bbox 2320 2340 2446 2411; x_wconf 89' lang='lat' dir='ltr'><strong>ipsa</strong></span> <span class='ocrx_word' id='word_1_324' title='bbox 2476 2345 2532 2395; x_wconf 92' lang='lat' dir='ltr'><strong>et</strong></span> <span class='ocrx_word' id='word_1_325' title='bbox 2573 2357 2677 2411; x_wconf 91' lang='lat' dir='ltr'><strong>per</strong></span> <span class='ocrx_word' id='word_1_326' title='bbox 2724 2345 2938 2395; x_wconf 88' lang='lat' dir='ltr'><strong>vectem</strong></span> <span class='ocrx_word' id='word_1_327' title='bbox 2971 2341 3157 2411; x_wconf 88' lang='lat' dir='ltr'><strong>capita</strong></span> <span class='ocrx_word' id='word_1_328' title='bbox 3196 2341 3318 2413; x_wconf 89' lang='lat' dir='ltr'><strong>ipsa</strong></span> <span class='ocrx_word' id='word_1_329' title='bbox 3375 2342 3676 2397; x_wconf 90' lang='lat' dir='ltr'><strong>continen-</strong></span> 
     </span>
    </p>
   </div>
   <div class='ocr_carea' id='block_1_28' title="bbox 217 2413 3677 2502">
    <p class='ocr_par' dir='ltr' id='par_1_28' title="bbox 217 2413 3677 2502">
     <span class='ocr_line' id='line_1_28' title="bbox 217 2413 3677 2502; baseline -0.001 -15"><span class='ocrx_word' id='word_1_330' title='bbox 217 2419 428 2473; x_wconf 70' lang='grc' dir='ltr'>ειωάυω</span> <span class='ocrx_word' id='word_1_331' title='bbox 474 2419 724 2473; x_wconf 59' lang='lat' dir='ltr'><strong>litteram</strong></span> <span class='ocrx_word' id='word_1_332' title='bbox 785 2420 947 2470; x_wconf 61' lang='lat' dir='ltr'><strong>erant</strong></span> <span class='ocrx_word' id='word_1_333' title='bbox 994 2416 1055 2469; x_wconf 70' lang='lat' dir='ltr'><strong>in</strong></span> <span class='ocrx_word' id='word_1_334' title='bbox 1085 2413 1413 2469; x_wconf 66' lang='lat' dir='ltr'><strong>summitate</strong></span> <span class='ocrx_word' id='word_1_335' title='bbox 1469 2413 1870 2502; x_wconf 16' lang='grc' dir='ltr'><strong>θνοῙυωΠωἮω</strong></span> <span class='ocrx_word' id='word_1_336' title='bbox 1975 2434 2115 2496; x_wconf 86' lang='lat' dir='ltr'><strong>tem,</strong></span> <span class='ocrx_word' id='word_1_337' title='bbox 2150 2429 2406 2484; x_wconf 88' lang='lat' dir='ltr'><strong>Christus</strong></span> <span class='ocrx_word' id='word_1_338' title='bbox 2434 2430 2733 2501; x_wconf 88' lang='lat' dir='ltr'><strong>accipitur,</strong></span> <span class='ocrx_word' id='word_1_339' title='bbox 2774 2430 2911 2501; x_wconf 86' lang='lat' dir='ltr'><strong>quia</strong></span> <span class='ocrx_word' id='word_1_340' title='bbox 2940 2430 3216 2501; x_wconf 88' lang='lat' dir='ltr'><strong>cujusque</strong></span> <span class='ocrx_word' id='word_1_341' title='bbox 3271 2429 3432 2485; x_wconf 89' lang='lat' dir='ltr'><strong>electi</strong></span> <span class='ocrx_word' id='word_1_342' title='bbox 3465 2448 3677 2502; x_wconf 90' lang='lat' dir='ltr'><strong>regen-</strong></span> 
     </span>
    </p>
   </div>
   <div class='ocr_carea' id='block_1_29' title="bbox 215 2501 3672 2592">
    <p class='ocr_par' dir='ltr' id='par_1_29' title="bbox 215 2501 3672 2592">
     <span class='ocr_line' id='line_1_29' title="bbox 215 2501 3672 2592; baseline -0.001 -13"><span class='ocrx_word' id='word_1_343' title='bbox 215 2505 309 2569; x_wconf 63' lang='lat' dir='ltr'><strong>ﬁXi»</strong></span> <span class='ocrx_word' id='word_1_344' title='bbox 337 2507 533 2579; x_wconf 59' lang='lat' dir='ltr'><strong>limbus</strong></span> <span class='ocrx_word' id='word_1_345' title='bbox 557 2507 727 2561; x_wconf 71' lang='lat' dir='ltr'><strong>funes</strong></span> <span class='ocrx_word' id='word_1_346' title='bbox 756 2505 1145 2576; x_wconf 63' lang='grc' dir='ltr'><strong>τθιίεδῦδηίυπ</strong></span> <span class='ocrx_word' id='word_1_347' title='bbox 1176 2519 1189 2557; x_wconf 71' lang='grc'>³</span> <span class='ocrx_word' id='word_1_348' title='bbox 1226 2502 1325 2574; x_wconf 62' lang='lat' dir='ltr'><strong>(Illi</strong></span> <span class='ocrx_word' id='word_1_349' title='bbox 1368 2501 1615 2556; x_wconf 59' lang='lat' dir='ltr'><strong>cortinas</strong></span> <span class='ocrx_word' id='word_1_350' title='bbox 1656 2516 1692 2592; x_wconf 48' lang='grc' dir='ltr'><strong>ἐξ</strong></span> <span class='ocrx_word' id='word_1_351' title='bbox 1720 2505 1872 2592; x_wconf 37' lang='lat' dir='ltr'><strong>terra</strong></span> <span class='ocrx_word' id='word_1_352' title='bbox 1979 2518 2052 2573; x_wconf 93' lang='lat' dir='ltr'><strong>do</strong></span> <span class='ocrx_word' id='word_1_353' title='bbox 2104 2522 2276 2590; x_wconf 90' lang='lat' dir='ltr'><strong>caput</strong></span> <span class='ocrx_word' id='word_1_354' title='bbox 2306 2523 2409 2586; x_wconf 90' lang='lat' dir='ltr'><strong>est,</strong></span> <span class='ocrx_word' id='word_1_355' title='bbox 2448 2519 2599 2574; x_wconf 91' lang='lat' dir='ltr'><strong>unde</strong></span> <span class='ocrx_word' id='word_1_356' title='bbox 2636 2536 2648 2573; x_wconf 92' lang='lat'>:</span> <span class='ocrx_word' id='word_1_357' title='bbox 2683 2519 2858 2589; x_wconf 82' lang='lat' dir='ltr'><strong>Caput</strong></span> <span class='ocrx_word' id='word_1_358' title='bbox 2890 2522 3003 2575; x_wconf 79' lang='lat' dir='ltr'><strong>viri</strong></span> <span class='ocrx_word' id='word_1_359' title='bbox 3032 2521 3289 2575; x_wconf 83' lang='lat' dir='ltr'><strong>Christus</strong></span> <span class='ocrx_word' id='word_1_360' title='bbox 3321 2524 3401 2574; x_wconf 81' lang='lat' dir='ltr'><strong>est</strong></span> <span class='ocrx_word' id='word_1_361' title='bbox 3431 2523 3504 2592; x_wconf 86' lang='lat' dir='ltr'><strong>(II</strong></span> <span class='ocrx_word' id='word_1_362' title='bbox 3542 2501 3672 2577; x_wconf 14' lang='grc' dir='ltr'><strong>θεον.</strong></span> 
     </span>
    </p>
   </div>
   <div class='ocr_carea' id='block_1_30' title="bbox 213 2590 3678 2681">
    <p class='ocr_par' dir='ltr' id='par_1_30' title="bbox 213 2590 3678 2681">
     <span class='ocr_line' id='line_1_30' title="bbox 213 2590 3678 2681; baseline 0 -33"><span class='ocrx_word' id='word_1_363' title='bbox 213 2596 561 2665; x_wconf 80' lang='lat' dir='ltr'><strong>sublevabant,</strong></span> <span class='ocrx_word' id='word_1_364' title='bbox 598 2594 812 2650; x_wconf 89' lang='lat' dir='ltr'><strong>ﬁrmati</strong></span> <span class='ocrx_word' id='word_1_365' title='bbox 848 2593 1109 2664; x_wconf 89' lang='lat' dir='ltr'><strong>superius</strong></span> <span class='ocrx_word' id='word_1_366' title='bbox 1139 2592 1483 2681; x_wconf 81' lang='lat' dir='ltr'><strong>quibusdam</strong></span> <span class='ocrx_word' id='word_1_367' title='bbox 1514 2590 1759 2681; x_wconf 65' lang='lat' dir='ltr'><strong>ansulis,</strong></span> <span class='ocrx_word' id='word_1_368' title='bbox 1781 2590 1874 2643; x_wconf 89' lang='lat' dir='ltr'><strong>in-</strong></span> <span class='ocrx_word' id='word_1_369' title='bbox 1977 2605 2055 2677; x_wconf 68' lang='grc' dir='ltr'><strong>χι)</strong></span> <span class='ocrx_word' id='word_1_370' title='bbox 2089 2623 2102 2661; x_wconf 65' lang='grc' dir='ltr'>ε</span> <span class='ocrx_word' id='word_1_371' title='bbox 2139 2612 2195 2660; x_wconf 68' lang='grc' dir='ltr'><strong>ει</strong></span> <span class='ocrx_word' id='word_1_372' title='bbox 2228 2607 2363 2678; x_wconf 67' lang='lat' dir='ltr'><strong>quia</strong></span> <span class='ocrx_word' id='word_1_373' title='bbox 2402 2623 2519 2661; x_wconf 75' lang='grc' dir='ltr'><strong>ηοη</strong></span> <span class='ocrx_word' id='word_1_374' title='bbox 2551 2608 2739 2662; x_wconf 70' lang='lat' dir='ltr'><strong>solum</strong></span> <span class='ocrx_word' id='word_1_375' title='bbox 2770 2607 3026 2679; x_wconf 70' lang='lat' dir='ltr'><strong>singulos</strong></span> <span class='ocrx_word' id='word_1_376' title='bbox 3066 2609 3134 2663; x_wconf 67' lang='lat' dir='ltr'><strong>ad</strong></span> <span class='ocrx_word' id='word_1_377' title='bbox 3166 2590 3476 2681; x_wconf 21' lang='lat' dir='ltr'><strong>quwrend‘a</strong></span> <span class='ocrx_word' id='word_1_378' title='bbox 3516 2609 3678 2664; x_wconf 55' lang='lat' dir='ltr'><strong>caele-</strong></span> 
     </span>
    </p>
   </div>
   <div class='ocr_carea' id='block_1_31' title="bbox 208 2679 1813 2767">
    <p class='ocr_par' dir='ltr' id='par_1_31' title="bbox 208 2679 1813 2755">
     <span class='ocr_line' id='line_1_31' title="bbox 208 2679 1813 2755; baseline -0.005 -18"><span class='ocrx_word' id='word_1_379' title='bbox 208 2684 352 2738; x_wconf 80' lang='lat' dir='ltr'><strong>terius</strong></span> <span class='ocrx_word' id='word_1_380' title='bbox 393 2702 523 2739; x_wconf 87' lang='lat' dir='ltr'><strong>vero</strong></span> <span class='ocrx_word' id='word_1_381' title='bbox 572 2684 801 2755; x_wconf 87' lang='lat' dir='ltr'><strong>religati</strong></span> <span class='ocrx_word' id='word_1_382' title='bbox 846 2683 914 2737; x_wconf 87' lang='lat' dir='ltr'><strong>ad</strong></span> <span class='ocrx_word' id='word_1_383' title='bbox 968 2681 1269 2753; x_wconf 61' lang='lat' dir='ltr'><strong>praedictos</strong></span> <span class='ocrx_word' id='word_1_384' title='bbox 1326 2679 1565 2751; x_wconf 84' lang='lat' dir='ltr'><strong>paxillos</strong></span> <span class='ocrx_word' id='word_1_385' title='bbox 1620 2679 1813 2734; x_wconf 60' lang='lat' dir='ltr'><strong>cortin.</strong></span> 
     </span>
    </p>
   </div>
   <div class='ocr_carea' id='block_1_32' title="bbox 2074 2679 3679 2767">
    <p class='ocr_par' dir='ltr' id='par_1_32' title="bbox 2074 2695 3679 2767">
     <span class='ocr_line' id='line_1_32' title="bbox 2074 2695 3679 2767; baseline 0.001 -18"><span class='ocrx_word' id='word_1_386' title='bbox 2074 2712 2088 2749; x_wconf 88' lang='grc' dir='ltr'>ι</span> <span class='ocrx_word' id='word_1_387' title='bbox 2126 2695 2319 2766; x_wconf 90' lang='lat' dir='ltr'><strong>erigit,</strong></span> <span class='ocrx_word' id='word_1_388' title='bbox 2359 2696 2460 2751; x_wconf 91' lang='lat' dir='ltr'><strong>sed</strong></span> <span class='ocrx_word' id='word_1_389' title='bbox 2491 2696 2663 2751; x_wconf 89' lang='lat' dir='ltr'><strong>etiam</strong></span> <span class='ocrx_word' id='word_1_390' title='bbox 2693 2714 2890 2751; x_wconf 91' lang='lat' dir='ltr'><strong>omnes</strong></span> <span class='ocrx_word' id='word_1_391' title='bbox 2921 2697 3193 2765; x_wconf 87' lang='lat' dir='ltr'><strong>continet,</strong></span> <span class='ocrx_word' id='word_1_392' title='bbox 3241 2702 3296 2753; x_wconf 88' lang='lat' dir='ltr'><strong>et</strong></span> <span class='ocrx_word' id='word_1_393' title='bbox 3325 2714 3395 2753; x_wconf 89' lang='lat' dir='ltr'><strong>ne</strong></span> <span class='ocrx_word' id='word_1_394' title='bbox 3452 2715 3483 2752; x_wconf 89' lang='lat' dir='ltr'><strong>a</strong></span> <span class='ocrx_word' id='word_1_395' title='bbox 3526 2702 3679 2767; x_wconf 90' lang='lat' dir='ltr'><strong>recto</strong></span> 
     </span>
    </p>
   </div>
   <div class='ocr_carea' id='block_1_33' title="bbox 210 2770 3683 2858">
    <p class='ocr_par' dir='ltr' id='par_1_33' title="bbox 210 2770 3683 2858">
     <span class='ocr_line' id='line_1_33' title="bbox 210 2770 3683 2858; baseline 0.003 -28"><span class='ocrx_word' id='word_1_396' title='bbox 210 2773 575 2840; x_wconf 72' lang='lat' dir='ltr'><strong>extendebant,</strong></span> <span class='ocrx_word' id='word_1_397' title='bbox 608 2789 681 2827; x_wconf 85' lang='lat' dir='ltr'><strong>ne</strong></span> <span class='ocrx_word' id='word_1_398' title='bbox 708 2787 910 2842; x_wconf 83' lang='lat' dir='ltr'><strong>rugam</strong></span> <span class='ocrx_word' id='word_1_399' title='bbox 946 2770 1369 2825; x_wconf 52' lang='lat' dir='ltr'><strong>contraherent</strong></span> <span class='ocrx_word' id='word_1_400' title='bbox 1576 2857 1580 2858; x_wconf 10' lang='grc' dir='ltr'>ί</span> <span class='ocrx_word' id='word_1_401' title='bbox 1979 2788 2127 2838; x_wconf 88' lang='lat' dir='ltr'><strong>statu</strong></span> <span class='ocrx_word' id='word_1_402' title='bbox 2177 2784 2419 2854; x_wconf 84' lang='lat' dir='ltr'><strong>deﬂecti,</strong></span> <span class='ocrx_word' id='word_1_403' title='bbox 2478 2802 2581 2840; x_wconf 92' lang='lat' dir='ltr'><strong>nec</strong></span> <span class='ocrx_word' id='word_1_404' title='bbox 2628 2787 2699 2841; x_wconf 89' lang='lat' dir='ltr'><strong>ab</strong></span> <span class='ocrx_word' id='word_1_405' title='bbox 2753 2785 2999 2840; x_wconf 88' lang='lat' dir='ltr'><strong>invicem</strong></span> <span class='ocrx_word' id='word_1_406' title='bbox 3043 2786 3415 2841; x_wconf 88' lang='lat' dir='ltr'><strong>discordando</strong></span> <span class='ocrx_word' id='word_1_407' title='bbox 3459 2787 3683 2858; x_wconf 88' lang='lat' dir='ltr'><strong>possint</strong></span> 
     </span>
    </p>
   </div>
   <div class='ocr_carea' id='block_1_34' title="bbox 262 2857 1867 2944">
    <p class='ocr_par' dir='ltr' id='par_1_34' title="bbox 262 2857 1867 2934">
     <span class='ocr_line' id='line_1_34' title="bbox 262 2857 1867 2934; baseline -0.004 -17"><span class='ocrx_word' id='word_1_408' title='bbox 262 2864 466 2934; x_wconf 79' lang='lat' dir='ltr'><strong>Mystice</strong></span> <span class='ocrx_word' id='word_1_409' title='bbox 487 2879 627 2919; x_wconf 87' lang='lat' dir='ltr'><strong>vero</strong></span> <span class='ocrx_word' id='word_1_410' title='bbox 647 2861 813 2917; x_wconf 88' lang='lat' dir='ltr'><strong>funes</strong></span> <span class='ocrx_word' id='word_1_411' title='bbox 836 2861 1160 2930; x_wconf 87' lang='lat' dir='ltr'><strong>signiﬁcant</strong></span> <span class='ocrx_word' id='word_1_412' title='bbox 1186 2862 1440 2913; x_wconf 89' lang='lat' dir='ltr'><strong>sanctam</strong></span> <span class='ocrx_word' id='word_1_413' title='bbox 1469 2857 1819 2928; x_wconf 89' lang='lat' dir='ltr'><strong>Scripturam</strong></span> <span class='ocrx_word' id='word_1_414' title='bbox 1855 2873 1867 2911; x_wconf 92' lang='lat'><strong>:</strong></span> 
     </span>
    </p>
   </div>
   <div class='ocr_carea' id='block_1_35' title="bbox 2075 2857 3680 2944">
    <p class='ocr_par' dir='ltr' id='par_1_35' title="bbox 2075 2872 3680 2944">
     <span class='ocr_line' id='line_1_35' title="bbox 2075 2872 3680 2944; baseline 0.002 -19"><span class='ocrx_word' id='word_1_415' title='bbox 2075 2872 2251 2939; x_wconf 79' lang='lat' dir='ltr'><strong>arari,</strong></span> <span class='ocrx_word' id='word_1_416' title='bbox 2308 2872 2535 2928; x_wconf 87' lang='lat' dir='ltr'><strong>vinculo</strong></span> <span class='ocrx_word' id='word_1_417' title='bbox 2590 2873 2744 2944; x_wconf 89' lang='lat' dir='ltr'><strong>pacis</strong></span> <span class='ocrx_word' id='word_1_418' title='bbox 2808 2876 3128 2929; x_wconf 90' lang='lat' dir='ltr'><strong>conﬁrmat.</strong></span> <span class='ocrx_word' id='word_1_419' title='bbox 3194 2875 3296 2930; x_wconf 91' lang='lat' dir='ltr'><strong>Cui</strong></span> <span class='ocrx_word' id='word_1_420' title='bbox 3356 2875 3543 2930; x_wconf 91' lang='lat' dir='ltr'><strong>simile</strong></span> <span class='ocrx_word' id='word_1_421' title='bbox 3594 2879 3680 2929; x_wconf 89' lang='lat' dir='ltr'><strong>est</strong></span> 
     </span>
    </p>
   </div>
   <div class='ocr_carea' id='block_1_36' title="bbox 212 2946 3677 3034">
    <p class='ocr_par' dir='ltr' id='par_1_36' title="bbox 212 2946 3677 3034">
     <span class='ocr_line' id='line_1_36' title="bbox 212 2946 3677 3034; baseline -0.001 -13"><span class='ocrx_word' id='word_1_422' title='bbox 212 2951 265 3004; x_wconf 71' lang='lat' dir='ltr'><strong>de</strong></span> <span class='ocrx_word' id='word_1_423' title='bbox 287 2968 385 3021; x_wconf 68' lang='lat' dir='ltr'><strong>qua</strong></span> <span class='ocrx_word' id='word_1_424' title='bbox 423 2952 697 3007; x_wconf 66' lang='lat' dir='ltr'><strong>Salomon</strong></span> <span class='ocrx_word' id='word_1_425' title='bbox 728 2950 808 3003; x_wconf 67' lang='lat' dir='ltr'><strong>ait</strong></span> <span class='ocrx_word' id='word_1_426' title='bbox 839 2965 852 3003; x_wconf 73' lang='grc'>⁵</span> <span class='ocrx_word' id='word_1_427' title='bbox 886 2949 1187 3002; x_wconf 61' lang='grc' dir='ltr'><strong>Ὲηηίσαῖαε</strong></span> <span class='ocrx_word' id='word_1_428' title='bbox 1222 2948 1423 3016; x_wconf 59' lang='lat' dir='ltr'><strong>tripl“?</strong></span> <span class='ocrx_word' id='word_1_429' title='bbox 1453 2946 1683 3015; x_wconf 66' lang='grc' dir='ltr'><strong>ἀίΠῖσίῖθ</strong></span> <span class='ocrx_word' id='word_1_430' title='bbox 1725 2961 1871 3000; x_wconf 65' lang='lat' dir='ltr'><strong>rum‘</strong></span> <span class='ocrx_word' id='word_1_431' title='bbox 1904 2964 1943 3019; x_wconf 91' lang='lat' dir='ltr'><strong>C</strong></span> <span class='ocrx_word' id='word_1_432' title='bbox 1984 2961 2137 3032; x_wconf 92' lang='lat' dir='ltr'><strong>quod</strong></span> <span class='ocrx_word' id='word_1_433' title='bbox 2166 2962 2444 3017; x_wconf 89' lang='lat' dir='ltr'><strong>Dominus</strong></span> <span class='ocrx_word' id='word_1_434' title='bbox 2476 2962 2683 3016; x_wconf 90' lang='lat' dir='ltr'><strong>dicitur</strong></span> <span class='ocrx_word' id='word_1_435' title='bbox 2712 2967 2769 3017; x_wconf 89' lang='lat' dir='ltr'><strong>et</strong></span> <span class='ocrx_word' id='word_1_436' title='bbox 2798 2980 2998 3034; x_wconf 87' lang='lat' dir='ltr'><strong>agnus,</strong></span> <span class='ocrx_word' id='word_1_437' title='bbox 3032 2968 3087 3018; x_wconf 90' lang='lat' dir='ltr'><strong>et</strong></span> <span class='ocrx_word' id='word_1_438' title='bbox 3117 2967 3332 3034; x_wconf 86' lang='lat' dir='ltr'><strong>pastor,</strong></span> <span class='ocrx_word' id='word_1_439' title='bbox 3365 2969 3421 3019; x_wconf 90' lang='lat' dir='ltr'><strong>et</strong></span> <span class='ocrx_word' id='word_1_440' title='bbox 3447 2964 3677 3031; x_wconf 89' lang='lat' dir='ltr'><strong>ostium,</strong></span> 
     </span>
    </p>
   </div>
   <div class='ocr_carea' id='block_1_37' title="bbox 208 3035 3684 3124">
    <p class='ocr_par' dir='ltr' id='par_1_37' title="bbox 208 3035 3684 3124">
     <span class='ocr_line' id='line_1_37' title="bbox 208 3035 3684 3124; baseline -0.002 -32"><span class='ocrx_word' id='word_1_441' title='bbox 208 3043 332 3107; x_wconf 78' lang='lat' dir='ltr'><strong>pitur</strong></span> <span class='ocrx_word' id='word_1_442' title='bbox 359 3041 552 3109; x_wconf 83' lang='lat' dir='ltr'><strong>(Eccle.</strong></span> <span class='ocrx_word' id='word_1_443' title='bbox 591 3038 699 3109; x_wconf 83' lang='lat' dir='ltr'><strong>iv):</strong></span> <span class='ocrx_word' id='word_1_444' title='bbox 731 3037 867 3109; x_wconf 89' lang='lat' dir='ltr'><strong>quia</strong></span> <span class='ocrx_word' id='word_1_445' title='bbox 893 3041 1087 3091; x_wconf 88' lang='lat' dir='ltr'><strong>sancta</strong></span> <span class='ocrx_word' id='word_1_446' title='bbox 1109 3035 1424 3106; x_wconf 88' lang='lat' dir='ltr'><strong>Scriptura,</strong></span> <span class='ocrx_word' id='word_1_447' title='bbox 1456 3035 1717 3124; x_wconf 91' lang='lat' dir='ltr'><strong>historia,</strong></span> <span class='ocrx_word' id='word_1_448' title='bbox 1760 3051 1876 3087; x_wconf 82' lang='lat' dir='ltr'><strong>mo-</strong></span> <span class='ocrx_word' id='word_1_449' title='bbox 1983 3064 2115 3104; x_wconf 69' lang='lat' dir='ltr'><strong>cum</strong></span> <span class='ocrx_word' id='word_1_450' title='bbox 2165 3054 2358 3122; x_wconf 66' lang='lat' dir='ltr'><strong>pastor</strong></span> <span class='ocrx_word' id='word_1_451' title='bbox 2419 3067 2632 3122; x_wconf 69' lang='lat' dir='ltr'><strong>agnum</strong></span> <span class='ocrx_word' id='word_1_452' title='bbox 2690 3056 2901 3121; x_wconf 60' lang='lat' dir='ltr'><strong>pascat,</strong></span> <span class='ocrx_word' id='word_1_453' title='bbox 2962 3058 3020 3106; x_wconf 65' lang='lat' dir='ltr'><strong>et</strong></span> <span class='ocrx_word' id='word_1_454' title='bbox 3074 3052 3242 3107; x_wconf 68' lang='lat' dir='ltr'><strong>ambo</strong></span> <span class='ocrx_word' id='word_1_455' title='bbox 3303 3052 3519 3108; x_wconf 63' lang='lat' dir='ltr'><strong>intrent</strong></span> <span class='ocrx_word' id='word_1_456' title='bbox 3580 3069 3684 3124; x_wconf 62' lang='lat' dir='ltr'><strong>per</strong></span> 
     </span>
    </p>
   </div>
   <div class='ocr_carea' id='block_1_38' title="bbox 210 3123 3683 3212">
    <p class='ocr_par' dir='ltr' id='par_1_38' title="bbox 210 3123 3683 3212">
     <span class='ocr_line' id='line_1_38' title="bbox 210 3123 3683 3212; baseline 0.001 -31"><span class='ocrx_word' id='word_1_457' title='bbox 210 3128 397 3183; x_wconf 81' lang='lat' dir='ltr'><strong>ralitate</strong></span> <span class='ocrx_word' id='word_1_458' title='bbox 462 3134 521 3183; x_wconf 88' lang='lat' dir='ltr'><strong>et</strong></span> <span class='ocrx_word' id='word_1_459' title='bbox 580 3127 855 3197; x_wconf 87' lang='lat' dir='ltr'><strong>allegoria</strong></span> <span class='ocrx_word' id='word_1_460' title='bbox 919 3129 1205 3191; x_wconf 88' lang='lat' dir='ltr'><strong>constans,</strong></span> <span class='ocrx_word' id='word_1_461' title='bbox 1266 3123 1440 3178; x_wconf 88' lang='lat' dir='ltr'><strong>nullis</strong></span> <span class='ocrx_word' id='word_1_462' title='bbox 1469 3123 1875 3178; x_wconf 77' lang='lat' dir='ltr'><strong>haereticorum</strong></span> <span class='ocrx_word' id='word_1_463' title='bbox 1986 3145 2218 3209; x_wconf 59' lang='lat' dir='ltr'><strong>ostium;</strong></span> <span class='ocrx_word' id='word_1_464' title='bbox 2254 3156 2385 3195; x_wconf 71' lang='lat' dir='ltr'><strong>cum</strong></span> <span class='ocrx_word' id='word_1_465' title='bbox 2414 3140 2643 3210; x_wconf 68' lang='lat' dir='ltr'><strong>proprie</strong></span> <span class='ocrx_word' id='word_1_466' title='bbox 2683 3140 2755 3194; x_wconf 62' lang='lat' dir='ltr'><strong>sit</strong></span> <span class='ocrx_word' id='word_1_467' title='bbox 2795 3140 3038 3194; x_wconf 68' lang='lat' dir='ltr'><strong>verbum</strong></span> <span class='ocrx_word' id='word_1_468' title='bbox 3073 3140 3135 3194; x_wconf 74' lang='lat' dir='ltr'><strong>in</strong></span> <span class='ocrx_word' id='word_1_469' title='bbox 3162 3141 3447 3212; x_wconf 71' lang='lat' dir='ltr'><strong>principio</strong></span> <span class='ocrx_word' id='word_1_470' title='bbox 3504 3123 3683 3211; x_wconf 53' lang='lat' dir='ltr'><strong>(han,</strong></span> 
     </span>
    </p>
   </div>
   <div class='ocr_carea' id='block_1_39' title="bbox 208 3212 1813 3306">
    <p class='ocr_par' dir='ltr' id='par_1_39' title="bbox 208 3212 1813 3288">
     <span class='ocr_line' id='line_1_39' title="bbox 208 3212 1813 3288; baseline -0.001 -21"><span class='ocrx_word' id='word_1_471' title='bbox 208 3212 535 3285; x_wconf 87' lang='lat' dir='ltr'><strong>dogmatibus</strong></span> <span class='ocrx_word' id='word_1_472' title='bbox 549 3220 745 3288; x_wconf 88' lang='lat' dir='ltr'><strong>potest</strong></span> <span class='ocrx_word' id='word_1_473' title='bbox 764 3214 1063 3285; x_wconf 87' lang='lat' dir='ltr'><strong>disrumpi.</strong></span> <span class='ocrx_word' id='word_1_474' title='bbox 1086 3212 1288 3268; x_wconf 85' lang='lat' dir='ltr'><strong>Paxilli</strong></span> <span class='ocrx_word' id='word_1_475' title='bbox 1307 3212 1365 3266; x_wconf 94' lang='lat' dir='ltr'><strong>in</strong></span> <span class='ocrx_word' id='word_1_476' title='bbox 1386 3213 1623 3267; x_wconf 92' lang='lat' dir='ltr'><strong>modum</strong></span> <span class='ocrx_word' id='word_1_477' title='bbox 1661 3212 1813 3282; x_wconf 87' lang='lat' dir='ltr'><strong>lingu</strong></span> 
     </span>
    </p>
   </div>
   <div class='ocr_carea' id='block_1_40' title="bbox 2076 3212 3681 3306">
    <p class='ocr_par' dir='ltr' id='par_1_40' title="bbox 2076 3228 3681 3301">
     <span class='ocr_line' id='line_1_40' title="bbox 2076 3228 3681 3301; baseline -0.002 -13"><span class='ocrx_word' id='word_1_478' title='bbox 2076 3242 2082 3299; x_wconf 59' lang='grc' dir='ltr'><strong>ι</strong></span> <span class='ocrx_word' id='word_1_479' title='bbox 2121 3232 2362 3288; x_wconf 89' lang='lat' dir='ltr'><strong>:horum</strong></span> <span class='ocrx_word' id='word_1_480' title='bbox 2387 3245 2519 3282; x_wconf 89' lang='lat' dir='ltr'><strong>vero</strong></span> <span class='ocrx_word' id='word_1_481' title='bbox 2564 3228 2789 3282; x_wconf 91' lang='lat' dir='ltr'><strong>nullum</strong></span> <span class='ocrx_word' id='word_1_482' title='bbox 2817 3228 2890 3283; x_wconf 90' lang='lat' dir='ltr'><strong>sit</strong></span> <span class='ocrx_word' id='word_1_483' title='bbox 2918 3229 3170 3300; x_wconf 90' lang='lat' dir='ltr'><strong>proprie,</strong></span> <span class='ocrx_word' id='word_1_484' title='bbox 3218 3230 3315 3285; x_wconf 91' lang='lat' dir='ltr'><strong>sed</strong></span> <span class='ocrx_word' id='word_1_485' title='bbox 3343 3230 3681 3301; x_wconf 87' lang='lat' dir='ltr'><strong>ﬁguraliter.</strong></span> 
     </span>
    </p>
   </div>
   <div class='ocr_carea' id='block_1_41' title="bbox 208 3300 3684 3391">
    <p class='ocr_par' dir='ltr' id='par_1_41' title="bbox 208 3300 3684 3391">
     <span class='ocr_line' id='line_1_41' title="bbox 208 3300 3684 3391; baseline -0.001 -37"><span class='ocrx_word' id='word_1_486' title='bbox 208 3301 315 3356; x_wconf 84' lang='lat' dir='ltr'><strong>tacti</strong></span> <span class='ocrx_word' id='word_1_487' title='bbox 373 3304 605 3373; x_wconf 84' lang='lat' dir='ltr'><strong>linguas</strong></span> <span class='ocrx_word' id='word_1_488' title='bbox 652 3303 953 3357; x_wconf 91' lang='lat' dir='ltr'><strong>doctorum</strong></span> <span class='ocrx_word' id='word_1_489' title='bbox 1010 3300 1352 3391; x_wconf 16' lang='lat' dir='ltr'><strong>signiﬁcant,</strong></span> <span class='ocrx_word' id='word_1_490' title='bbox 1377 3300 1479 3391; x_wconf 82' lang='lat' dir='ltr'><strong>qui</strong></span> <span class='ocrx_word' id='word_1_491' title='bbox 1523 3300 1876 3370; x_wconf 88' lang='lat' dir='ltr'><strong>Scripturam</strong></span> <span class='ocrx_word' id='word_1_492' title='bbox 1984 3300 2201 3389; x_wconf 42' lang='lat' dir='ltr'><strong>pastor,</strong></span> <span class='ocrx_word' id='word_1_493' title='bbox 2244 3318 2382 3391; x_wconf 62' lang='lat' dir='ltr'><strong>quia</strong></span> <span class='ocrx_word' id='word_1_494' title='bbox 2413 3316 2571 3371; x_wconf 62' lang='lat' dir='ltr'><strong>ducit</strong></span> <span class='ocrx_word' id='word_1_495' title='bbox 2605 3316 2675 3370; x_wconf 72' lang='lat' dir='ltr'><strong>ad</strong></span> <span class='ocrx_word' id='word_1_496' title='bbox 2704 3332 2915 3387; x_wconf 67' lang='lat' dir='ltr'><strong>pascua</strong></span> <span class='ocrx_word' id='word_1_497' title='bbox 2943 3317 3109 3384; x_wconf 56' lang='lat' dir='ltr'><strong>vim;</strong></span> <span class='ocrx_word' id='word_1_498' title='bbox 3144 3318 3354 3373; x_wconf 60' lang='lat' dir='ltr'><strong>ostium</strong></span> <span class='ocrx_word' id='word_1_499' title='bbox 3383 3300 3519 3391; x_wconf 56' lang='lat' dir='ltr'>quia</span> <span class='ocrx_word' id='word_1_500' title='bbox 3564 3334 3684 3373; x_wconf 71' lang='lat' dir='ltr'><strong>non</strong></span> 
     </span>
    </p>
   </div>
   <div class='ocr_carea' id='block_1_42' title="bbox 209 3389 3687 3481">
    <p class='ocr_par' dir='ltr' id='par_1_42' title="bbox 209 3389 3687 3481">
     <span class='ocr_line' id='line_1_42' title="bbox 209 3389 3687 3481; baseline -0.001 -37"><span class='ocrx_word' id='word_1_501' title='bbox 209 3397 482 3462; x_wconf 83' lang='lat' dir='ltr'><strong>exponunt.</strong></span> <span class='ocrx_word' id='word_1_502' title='bbox 519 3391 788 3448; x_wconf 89' lang='lat' dir='ltr'><strong>Cortinas</strong></span> <span class='ocrx_word' id='word_1_503' title='bbox 819 3390 991 3445; x_wconf 88' lang='lat' dir='ltr'><strong>etiam</strong></span> <span class='ocrx_word' id='word_1_504' title='bbox 1027 3406 1061 3444; x_wconf 91' lang='lat' dir='ltr'><strong>a</strong></span> <span class='ocrx_word' id='word_1_505' title='bbox 1087 3394 1243 3444; x_wconf 88' lang='lat' dir='ltr'><strong>terra</strong></span> <span class='ocrx_word' id='word_1_506' title='bbox 1271 3389 1569 3444; x_wconf 90' lang='lat' dir='ltr'><strong>sublevant</strong></span> <span class='ocrx_word' id='word_1_507' title='bbox 1598 3393 1653 3443; x_wconf 90' lang='lat' dir='ltr'><strong>et</strong></span> <span class='ocrx_word' id='word_1_508' title='bbox 1697 3393 1878 3443; x_wconf 81' lang='lat' dir='ltr'><strong>exten-</strong></span> <span class='ocrx_word' id='word_1_509' title='bbox 1987 3411 2099 3466; x_wconf 65' lang='lat' dir='ltr'><strong>nisi</strong></span> <span class='ocrx_word' id='word_1_510' title='bbox 2130 3426 2233 3481; x_wconf 62' lang='lat' dir='ltr'><strong>per</strong></span> <span class='ocrx_word' id='word_1_511' title='bbox 2260 3389 2439 3463; x_wconf 64' lang='lat' dir='ltr'><strong>mum</strong></span> <span class='ocrx_word' id='word_1_512' title='bbox 2486 3406 2819 3478; x_wconf 58' lang='lat' dir='ltr'><strong>pervenitur</strong></span> <span class='ocrx_word' id='word_1_513' title='bbox 2850 3406 2919 3459; x_wconf 69' lang='lat' dir='ltr'>ad</span> <span class='ocrx_word' id='word_1_514' title='bbox 2962 3408 3223 3476; x_wconf 64' lang='lat' dir='ltr'><strong>patrem;</strong></span> <span class='ocrx_word' id='word_1_515' title='bbox 3278 3389 3496 3478; x_wconf 42' lang='lat' dir='ltr'><strong>Agn‘us,</strong></span> <span class='ocrx_word' id='word_1_516' title='bbox 3549 3407 3687 3479; x_wconf 64' lang='lat' dir='ltr'><strong>quia</strong></span> 
     </span>
    </p>
   </div>
   <div class='ocr_carea' id='block_1_43' title="bbox 210 3476 3686 3570">
    <p class='ocr_par' dir='ltr' id='par_1_43' title="bbox 210 3476 3686 3570">
     <span class='ocr_line' id='line_1_43' title="bbox 210 3476 3686 3570; baseline 0.005 -36"><span class='ocrx_word' id='word_1_517' title='bbox 210 3479 361 3570; x_wconf 87' lang='lat' dir='ltr'><strong>dunt:</strong></span> <span class='ocrx_word' id='word_1_518' title='bbox 415 3482 555 3553; x_wconf 86' lang='lat' dir='ltr'><strong>quia</strong></span> <span class='ocrx_word' id='word_1_519' title='bbox 606 3480 895 3570; x_wconf 80' lang='lat' dir='ltr'><strong>subjectos</strong></span> <span class='ocrx_word' id='word_1_520' title='bbox 941 3478 1146 3570; x_wconf 82' lang='lat' dir='ltr'><strong>docent</strong></span> <span class='ocrx_word' id='word_1_521' title='bbox 1177 3477 1359 3570; x_wconf 69' lang='lat' dir='ltr'><strong>sequi,</strong></span> <span class='ocrx_word' id='word_1_522' title='bbox 1475 3476 1689 3530; x_wconf 68' lang='lat' dir='ltr'><strong>imitari</strong></span> <span class='ocrx_word' id='word_1_523' title='bbox 1718 3476 1880 3530; x_wconf 66' lang='grc' dir='ltr'><strong>οωιθ·</strong></span> <span class='ocrx_word' id='word_1_524' title='bbox 1988 3501 2059 3556; x_wconf 90' lang='lat' dir='ltr'><strong>ab</strong></span> <span class='ocrx_word' id='word_1_525' title='bbox 2090 3476 2329 3570; x_wconf 62' lang='lat' dir='ltr'><strong>ngypto</strong></span> <span class='ocrx_word' id='word_1_526' title='bbox 2385 3476 2581 3552; x_wconf 72' lang='lat' dir='ltr'><strong>salvat.</strong></span> <span class='ocrx_word' id='word_1_527' title='bbox 2625 3495 2713 3550; x_wconf 92' lang='lat' dir='ltr'><strong>Sic</strong></span> <span class='ocrx_word' id='word_1_528' title='bbox 2767 3499 2826 3550; x_wconf 91' lang='lat' dir='ltr'><strong>et</strong></span> <span class='ocrx_word' id='word_1_529' title='bbox 2865 3495 2957 3549; x_wconf 88' lang='lat' dir='ltr'><strong>hic</strong></span> <span class='ocrx_word' id='word_1_530' title='bbox 3010 3512 3115 3567; x_wconf 89' lang='lat' dir='ltr'><strong>per</strong></span> <span class='ocrx_word' id='word_1_531' title='bbox 3162 3476 3355 3568; x_wconf 72' lang='lat' dir='ltr'><strong>capita</strong></span> <span class='ocrx_word' id='word_1_532' title='bbox 3401 3476 3686 3569; x_wconf 77' lang='lat' dir='ltr'><strong>ﬁguratur</strong></span> 
     </span>
    </p>
   </div>
   <div class='ocr_carea' id='block_1_44' title="bbox 210 3565 3679 3662">
    <p class='ocr_par' dir='ltr' id='par_1_44' title="bbox 210 3565 3679 3662">
     <span class='ocr_line' id='line_1_44' title="bbox 210 3565 3679 3662; baseline -0.001 -16"><span class='ocrx_word' id='word_1_533' title='bbox 210 3568 671 3662; x_wconf 48' lang='lat' dir='ltr'><strong>summissoque</strong></span> <span class='ocrx_word' id='word_1_534' title='bbox 718 3567 858 3662; x_wconf 38' lang='lat' dir='ltr'><strong>{nali</strong></span> <span class='ocrx_word' id='word_1_535' title='bbox 915 3567 1104 3639; x_wconf 68' lang='lat' dir='ltr'><strong>operis</strong></span> <span class='ocrx_word' id='word_1_536' title='bbox 1136 3567 1222 3621; x_wconf 62' lang='lat' dir='ltr'><strong>vel</strong></span> <span class='ocrx_word' id='word_1_537' title='bbox 1265 3565 1479 3621; x_wconf 65' lang='lat' dir='ltr'><strong>fraudis</strong></span> <span class='ocrx_word' id='word_1_538' title='bbox 1507 3580 1712 3637; x_wconf 69' lang='lat' dir='ltr'>rugam</span> <span class='ocrx_word' id='word_1_539' title='bbox 1740 3580 1877 3619; x_wconf 71' lang='lat' dir='ltr'><strong>con&#39;</strong></span> <span class='ocrx_word' id='word_1_540' title='bbox 1988 3565 2253 3662; x_wconf 39' lang='lat' dir='ltr'><strong>propter:</strong></span> <span class='ocrx_word' id='word_1_541' title='bbox 2279 3585 2562 3656; x_wconf 91' lang='lat' dir='ltr'><strong>regimen,</strong></span> <span class='ocrx_word' id='word_1_542' title='bbox 2621 3601 2736 3655; x_wconf 89' lang='lat' dir='ltr'><strong>quo</strong></span> <span class='ocrx_word' id='word_1_543' title='bbox 2788 3565 3030 3655; x_wconf 80' lang='lat' dir='ltr'><strong>singulis</strong></span> <span class='ocrx_word' id='word_1_544' title='bbox 3076 3565 3303 3656; x_wconf 63' lang='lat' dir='ltr'><strong>praeest,</strong></span> <span class='ocrx_word' id='word_1_545' title='bbox 3363 3591 3421 3641; x_wconf 90' lang='lat' dir='ltr'><strong>et</strong></span> <span class='ocrx_word' id='word_1_546' title='bbox 3450 3565 3567 3657; x_wconf 71' lang='lat' dir='ltr'><strong>per</strong></span> <span class='ocrx_word' id='word_1_547' title='bbox 3591 3602 3679 3642; x_wconf 89' lang='lat' dir='ltr'><strong>ve-</strong></span> 
     </span>
    </p>
   </div>
   <div class='ocr_carea' id='block_1_45' title="bbox 209 3656 3685 3747">
    <p class='ocr_par' dir='ltr' id='par_1_45' title="bbox 209 3656 3685 3747">
     <span class='ocr_line' id='line_1_45' title="bbox 209 3656 3685 3747; baseline 0.001 -18"><span class='ocrx_word' id='word_1_548' title='bbox 209 3659 401 3715; x_wconf 62' lang='lat' dir='ltr'><strong>mber&quot;</strong></span> <span class='ocrx_word' id='word_1_549' title='bbox 432 3661 669 3731; x_wconf 72' lang='grc' dir='ltr'><strong>(ΕΡῙιεεο</strong></span> <span class='ocrx_word' id='word_1_550' title='bbox 694 3656 769 3727; x_wconf 78' lang='grc' dir='ltr'><strong>ν)·</strong></span> <span class='ocrx_word' id='word_1_551' title='bbox 1988 3656 2157 3740; x_wconf 76' lang='lat' dir='ltr'><strong>ctem,</strong></span> <span class='ocrx_word' id='word_1_552' title='bbox 2192 3676 2263 3730; x_wconf 90' lang='lat' dir='ltr'><strong>ob</strong></span> <span class='ocrx_word' id='word_1_553' title='bbox 2293 3675 2620 3746; x_wconf 88' lang='lat' dir='ltr'><strong>generalem</strong></span> <span class='ocrx_word' id='word_1_554' title='bbox 2664 3673 3108 3744; x_wconf 85' lang='lat' dir='ltr'><strong>providentiam,</strong></span> <span class='ocrx_word' id='word_1_555' title='bbox 3160 3675 3296 3747; x_wconf 88' lang='lat' dir='ltr'><strong>quia</strong></span> <span class='ocrx_word' id='word_1_556' title='bbox 3325 3656 3526 3730; x_wconf 78' lang='lat' dir='ltr'><strong>omnes</strong></span> <span class='ocrx_word' id='word_1_557' title='bbox 3555 3692 3685 3731; x_wconf 90' lang='lat' dir='ltr'><strong>con-</strong></span> 
     </span>
    </p>
   </div>
   <div class='ocr_carea' id='block_1_46' title="bbox 796 3762 2961 3838">
    <p class='ocr_par' dir='ltr' id='par_1_46' title="bbox 796 3762 2961 3838">
     <span class='ocr_line' id='line_1_46' title="bbox 796 3762 2961 3838; baseline -0.009 -1"><span class='ocrx_word' id='word_1_558' title='bbox 796 3782 1021 3838; x_wconf 84' lang='lat' dir='ltr'><strong>CAPUT</strong></span> <span class='ocrx_word' id='word_1_559' title='bbox 1058 3780 1274 3837; x_wconf 81' lang='lat' dir='ltr'><strong>XXXIX.</strong></span> <span class='ocrx_word' id='word_1_560' title='bbox 1991 3767 2183 3823; x_wconf 84' lang='lat' dir='ltr'><strong>ﬁrmat</strong></span> <span class='ocrx_word' id='word_1_561' title='bbox 2208 3764 2386 3837; x_wconf 88' lang='lat' dir='ltr'><strong>(Num.</strong></span> <span class='ocrx_word' id='word_1_562' title='bbox 2430 3776 2521 3832; x_wconf 82' lang='lat' dir='ltr'><strong>1x;</strong></span> <span class='ocrx_word' id='word_1_563' title='bbox 2553 3764 2637 3818; x_wconf 86' lang='grc' dir='ltr'><strong>ΙΙΙ</strong></span> <span class='ocrx_word' id='word_1_564' title='bbox 2662 3766 2790 3829; x_wconf 88' lang='lat' dir='ltr'><strong>Reg.</strong></span> <span class='ocrx_word' id='word_1_565' title='bbox 2825 3762 2961 3833; x_wconf 83' lang='lat' dir='ltr'><strong>Vill).</strong></span> 
     </span>
    </p>
   </div>
   <div class='ocr_carea' id='block_1_47' title="bbox 2060 3850 3689 3924">
    <p class='ocr_par' dir='ltr' id='par_1_47' title="bbox 2060 3850 3689 3924">
     <span class='ocr_line' id='line_1_47' title="bbox 2060 3850 3689 3924; baseline -0.002 -13"><span class='ocrx_word' id='word_1_566' title='bbox 2060 3853 2268 3924; x_wconf 82' lang='lat' dir='ltr'><strong>(BEDA.)</strong></span> <span class='ocrx_word' id='word_1_567' title='bbox 2297 3852 2387 3907; x_wconf 90' lang='lat' dir='ltr'><strong>Sic</strong></span> <span class='ocrx_word' id='word_1_568' title='bbox 2426 3852 2617 3905; x_wconf 91' lang='lat' dir='ltr'><strong>anima</strong></span> <span class='ocrx_word' id='word_1_569' title='bbox 2646 3867 2751 3921; x_wconf 91' lang='lat' dir='ltr'><strong>pro</strong></span> <span class='ocrx_word' id='word_1_570' title='bbox 2806 3850 3042 3905; x_wconf 86' lang='lat' dir='ltr'><strong>diversis</strong></span> <span class='ocrx_word' id='word_1_571' title='bbox 3107 3851 3423 3907; x_wconf 88' lang='lat' dir='ltr'><strong>actionibus</strong></span> <span class='ocrx_word' id='word_1_572' title='bbox 3465 3853 3689 3909; x_wconf 88' lang='lat' dir='ltr'><strong>diversa</strong></span> 
     </span>
    </p>
   </div>
   <div class='ocr_carea' id='block_1_48' title="bbox 1989 3938 3686 4010">
    <p class='ocr_par' dir='ltr' id='par_1_48' title="bbox 1989 3938 3686 4010">
     <span class='ocr_line' id='line_1_48' title="bbox 1989 3938 3686 4010; baseline -0.002 -10"><span class='ocrx_word' id='word_1_573' title='bbox 1989 3943 2229 4000; x_wconf 86' lang='lat' dir='ltr'><strong>nomina</strong></span> <span class='ocrx_word' id='word_1_574' title='bbox 2260 3941 2513 3997; x_wconf 86' lang='lat' dir='ltr'><strong>sortitur.</strong></span> <span class='ocrx_word' id='word_1_575' title='bbox 2547 3941 2694 3994; x_wconf 90' lang='lat' dir='ltr'><strong>Dum</strong></span> <span class='ocrx_word' id='word_1_576' title='bbox 2725 3938 2968 3993; x_wconf 85' lang='lat' dir='ltr'><strong>viviﬁcat</strong></span> <span class='ocrx_word' id='word_1_577' title='bbox 3008 3955 3234 4010; x_wconf 90' lang='lat' dir='ltr'><strong>corpus,</strong></span> <span class='ocrx_word' id='word_1_578' title='bbox 3268 3940 3460 3995; x_wconf 87' lang='lat' dir='ltr'><strong>anima</strong></span> <span class='ocrx_word' id='word_1_579' title='bbox 3495 3943 3686 3997; x_wconf 90' lang='lat' dir='ltr'><strong>nomi-</strong></span> 
     </span>
    </p>
   </div>
   <div class='ocr_carea' id='block_1_49' title="bbox 848 4011 3685 4100">
    <p class='ocr_par' dir='ltr' id='par_1_49' title="bbox 848 4011 3685 4100">
     <span class='ocr_line' id='line_1_49' title="bbox 848 4011 3685 4100; baseline 0.002 -20"><span class='ocrx_word' id='word_1_580' title='bbox 848 4012 1074 4067; x_wconf 72' lang='lat' dir='ltr'><strong>CAPUT</strong></span> <span class='ocrx_word' id='word_1_581' title='bbox 1113 4011 1219 4067; x_wconf 75' lang='lat' dir='ltr'><strong>XL-</strong></span> <span class='ocrx_word' id='word_1_582' title='bbox 1992 4039 2191 4100; x_wconf 87' lang='lat' dir='ltr'><strong>natur;</strong></span> <span class='ocrx_word' id='word_1_583' title='bbox 2221 4031 2361 4086; x_wconf 87' lang='lat' dir='ltr'><strong>dum</strong></span> <span class='ocrx_word' id='word_1_584' title='bbox 2387 4030 2528 4092; x_wconf 83' lang='lat' dir='ltr'><strong>vult,</strong></span> <span class='ocrx_word' id='word_1_585' title='bbox 2570 4027 2794 4082; x_wconf 90' lang='lat' dir='ltr'><strong>animus</strong></span> <span class='ocrx_word' id='word_1_586' title='bbox 2827 4033 2940 4096; x_wconf 87' lang='lat' dir='ltr'><strong>est;</strong></span> <span class='ocrx_word' id='word_1_587' title='bbox 2996 4028 3133 4082; x_wconf 91' lang='lat' dir='ltr'><strong>dum</strong></span> <span class='ocrx_word' id='word_1_588' title='bbox 3165 4030 3286 4095; x_wconf 91' lang='lat' dir='ltr'><strong>scit,</strong></span> <span class='ocrx_word' id='word_1_589' title='bbox 3345 4046 3507 4085; x_wconf 89' lang='lat' dir='ltr'><strong>mens</strong></span> <span class='ocrx_word' id='word_1_590' title='bbox 3552 4035 3637 4087; x_wconf 90' lang='lat' dir='ltr'><strong>est</strong></span> <span class='ocrx_word' id='word_1_591' title='bbox 3671 4048 3685 4085; x_wconf 91' lang='lat'><strong>:</strong></span> 
     </span>
    </p>
   </div>
   <div class='ocr_carea' id='block_1_50' title="bbox 266 4116 3686 4189">
    <p class='ocr_par' dir='ltr' id='par_1_50' title="bbox 266 4116 3686 4189">
     <span class='ocr_line' id='line_1_50' title="bbox 266 4116 3686 4189; baseline -0 -13"><span class='ocrx_word' id='word_1_592' title='bbox 266 4123 407 4179; x_wconf 76' lang='lat' dir='ltr'><strong>Vens.</strong></span> <span class='ocrx_word' id='word_1_593' title='bbox 466 4128 515 4179; x_wconf 78' lang='lat' dir='ltr'><strong>t.</strong></span> <span class='ocrx_word' id='word_1_594' title='bbox 575 4152 649 4162; x_wconf 93' lang='lat'><strong>—</strong></span> <span class='ocrx_word' id='word_1_595' title='bbox 687 4122 1024 4189; x_wconf 84' lang='lat' dir='ltr'><strong>Locutusque</strong></span> <span class='ocrx_word' id='word_1_596' title='bbox 1076 4124 1154 4174; x_wconf 92' lang='lat' dir='ltr'><strong>est</strong></span> <span class='ocrx_word' id='word_1_597' title='bbox 1211 4119 1479 4173; x_wconf 82' lang='lat' dir='ltr'><strong>Dominus</strong></span> <span class='ocrx_word' id='word_1_598' title='bbox 1532 4118 1606 4173; x_wconf 86' lang='lat' dir='ltr'><strong>ad</strong></span> <span class='ocrx_word' id='word_1_599' title='bbox 1660 4119 1881 4189; x_wconf 83' lang='lat' dir='ltr'><strong>Moysen</strong></span> <span class='ocrx_word' id='word_1_600' title='bbox 1991 4122 2130 4178; x_wconf 90' lang='lat' dir='ltr'><strong>dum</strong></span> <span class='ocrx_word' id='word_1_601' title='bbox 2160 4118 2380 4186; x_wconf 88' lang='lat' dir='ltr'><strong>recolit,</strong></span> <span class='ocrx_word' id='word_1_602' title='bbox 2437 4117 2715 4172; x_wconf 87' lang='lat' dir='ltr'><strong>memoria</strong></span> <span class='ocrx_word' id='word_1_603' title='bbox 2760 4120 2876 4185; x_wconf 89' lang='lat' dir='ltr'><strong>est;</strong></span> <span class='ocrx_word' id='word_1_604' title='bbox 2908 4116 3044 4171; x_wconf 92' lang='lat' dir='ltr'><strong>dum</strong></span> <span class='ocrx_word' id='word_1_605' title='bbox 3072 4118 3309 4188; x_wconf 86' lang='lat' dir='ltr'><strong>judicat,</strong></span> <span class='ocrx_word' id='word_1_606' title='bbox 3352 4118 3498 4174; x_wconf 89' lang='lat' dir='ltr'><strong>ratio</strong></span> <span class='ocrx_word' id='word_1_607' title='bbox 3563 4124 3686 4187; x_wconf 89' lang='lat' dir='ltr'><strong>est;</strong></span> 
     </span>
    </p>
   </div>
   <div class='ocr_carea' id='block_1_51' title="bbox 208 4205 3519 4309">
    <p class='ocr_par' dir='ltr' id='par_1_51' title="bbox 208 4205 3519 4309">
     <span class='ocr_line' id='line_1_51' title="bbox 208 4205 3519 4309; baseline -0 -45"><span class='ocrx_word' id='word_1_608' title='bbox 208 4209 358 4267; x_wconf 81' lang='lat' dir='ltr'><strong>dicens</strong></span> <span class='ocrx_word' id='word_1_609' title='bbox 388 4230 401 4268; x_wconf 88' lang='lat'><strong>:</strong></span> <span class='ocrx_word' id='word_1_610' title='bbox 457 4215 645 4268; x_wconf 82' lang='lat' dir='ltr'><strong>Mense</strong></span> <span class='ocrx_word' id='word_1_611' title='bbox 701 4213 899 4280; x_wconf 73' lang='lat' dir='ltr'><strong>primo,</strong></span> <span class='ocrx_word' id='word_1_612' title='bbox 986 4212 1090 4263; x_wconf 69' lang='lat' dir='ltr'><strong>etc.</strong></span> <span class='ocrx_word' id='word_1_613' title='bbox 1148 4205 1384 4279; x_wconf 79' lang='lat' dir='ltr'><strong>(STRAB-)</strong></span> <span class='ocrx_word' id='word_1_614' title='bbox 1444 4206 1671 4261; x_wconf 77' lang='lat' dir='ltr'><strong>Primus</strong></span> <span class='ocrx_word' id='word_1_615' title='bbox 1744 4205 1880 4260; x_wconf 78' lang='lat' dir='ltr'><strong>anni</strong></span> <span class='ocrx_word' id='word_1_616' title='bbox 1924 4255 1967 4309; x_wconf 67' lang='grc' dir='ltr'><strong>Β</strong></span> <span class='ocrx_word' id='word_1_617' title='bbox 1992 4212 2129 4267; x_wconf 92' lang='lat' dir='ltr'><strong>dum</strong></span> <span class='ocrx_word' id='word_1_618' title='bbox 2161 4208 2359 4280; x_wconf 89' lang='lat' dir='ltr'><strong>spirat,</strong></span> <span class='ocrx_word' id='word_1_619' title='bbox 2391 4206 2622 4279; x_wconf 90' lang='lat' dir='ltr'><strong>spiritus</strong></span> <span class='ocrx_word' id='word_1_620' title='bbox 2650 4209 2763 4274; x_wconf 89' lang='lat' dir='ltr'><strong>est;</strong></span> <span class='ocrx_word' id='word_1_621' title='bbox 2798 4206 2935 4260; x_wconf 93' lang='lat' dir='ltr'><strong>dum</strong></span> <span class='ocrx_word' id='word_1_622' title='bbox 2967 4207 3156 4276; x_wconf 89' lang='lat' dir='ltr'><strong>sentit,</strong></span> <span class='ocrx_word' id='word_1_623' title='bbox 3186 4223 3387 4262; x_wconf 87' lang='lat' dir='ltr'><strong>sensus</strong></span> <span class='ocrx_word' id='word_1_624' title='bbox 3417 4212 3519 4265; x_wconf 89' lang='lat' dir='ltr'><strong>est.</strong></span> 
     </span>
    </p>
   </div>
   <div class='ocr_carea' id='block_1_52' title="bbox 208 4295 3690 4373">
    <p class='ocr_par' dir='ltr' id='par_1_52' title="bbox 208 4295 3690 4373">
     <span class='ocr_line' id='line_1_52' title="bbox 208 4295 3690 4373; baseline -0 -21"><span class='ocrx_word' id='word_1_625' title='bbox 208 4301 387 4354; x_wconf 83' lang='lat' dir='ltr'><strong>mensis</strong></span> <span class='ocrx_word' id='word_1_626' title='bbox 415 4301 543 4373; x_wconf 87' lang='lat' dir='ltr'><strong>ipse</strong></span> <span class='ocrx_word' id='word_1_627' title='bbox 606 4304 695 4355; x_wconf 89' lang='lat' dir='ltr'><strong>est</strong></span> <span class='ocrx_word' id='word_1_628' title='bbox 721 4298 916 4365; x_wconf 86' lang='lat' dir='ltr'><strong>Nisan,</strong></span> <span class='ocrx_word' id='word_1_629' title='bbox 959 4297 1057 4368; x_wconf 91' lang='lat' dir='ltr'><strong>qui</strong></span> <span class='ocrx_word' id='word_1_630' title='bbox 1088 4299 1143 4350; x_wconf 93' lang='lat' dir='ltr'><strong>et</strong></span> <span class='ocrx_word' id='word_1_631' title='bbox 1187 4296 1421 4368; x_wconf 85' lang='lat' dir='ltr'><strong>Aprilis,</strong></span> <span class='ocrx_word' id='word_1_632' title='bbox 1453 4295 1513 4349; x_wconf 94' lang='lat' dir='ltr'><strong>in</strong></span> <span class='ocrx_word' id='word_1_633' title='bbox 1557 4311 1671 4365; x_wconf 90' lang='lat' dir='ltr'><strong>quo</strong></span> <span class='ocrx_word' id='word_1_634' title='bbox 1703 4295 1884 4349; x_wconf 81' lang='lat' dir='ltr'><strong>Judaei</strong></span> <span class='ocrx_word' id='word_1_635' title='bbox 1925 4295 1964 4309; x_wconf 81' lang='grc'><strong>¹’</strong></span> <span class='ocrx_word' id='word_1_636' title='bbox 2064 4301 2223 4354; x_wconf 72' lang='lat' dir='ltr'><strong>Vens.</strong></span> <span class='ocrx_word' id='word_1_637' title='bbox 2290 4299 2376 4352; x_wconf 90' lang='lat'><strong>33.</strong></span> <span class='ocrx_word' id='word_1_638' title='bbox 2425 4325 2497 4336; x_wconf 94' lang='lat'><em>—</em></span> <span class='ocrx_word' id='word_1_639' title='bbox 2558 4298 2661 4352; x_wconf 87' lang='lat' dir='ltr'><strong>Nec</strong></span> <span class='ocrx_word' id='word_1_640' title='bbox 2716 4299 2931 4365; x_wconf 81' lang='lat' dir='ltr'><strong>poterat</strong></span> <span class='ocrx_word' id='word_1_641' title='bbox 2993 4298 3223 4367; x_wconf 82' lang='lat' dir='ltr'><strong>Moyses,</strong></span> <span class='ocrx_word' id='word_1_642' title='bbox 3281 4300 3386 4352; x_wconf 88' lang='lat' dir='ltr'><strong>etc.</strong></span> <span class='ocrx_word' id='word_1_643' title='bbox 3447 4297 3690 4369; x_wconf 62' lang='lat' dir='ltr'><strong>(Suum)</strong></span> 
     </span>
    </p>
   </div>
   <div class='ocr_carea' id='block_1_53' title="bbox 206 4383 3690 4460">
    <p class='ocr_par' dir='ltr' id='par_1_53' title="bbox 206 4383 3690 4460">
     <span class='ocr_line' id='line_1_53' title="bbox 206 4383 3690 4460; baseline 0 -19"><span class='ocrx_word' id='word_1_644' title='bbox 206 4390 387 4456; x_wconf 85' lang='lat' dir='ltr'><strong>pascha</strong></span> <span class='ocrx_word' id='word_1_645' title='bbox 429 4389 829 4455; x_wconf 88' lang='lat' dir='ltr'><strong>celebrabant,</strong></span> <span class='ocrx_word' id='word_1_646' title='bbox 887 4392 944 4441; x_wconf 89' lang='lat' dir='ltr'><strong>et</strong></span> <span class='ocrx_word' id='word_1_647' title='bbox 984 4386 1416 4441; x_wconf 90' lang='lat' dir='ltr'><strong>tabernaculum</strong></span> <span class='ocrx_word' id='word_1_648' title='bbox 1470 4387 1723 4439; x_wconf 90' lang='lat' dir='ltr'><strong>erectum</strong></span> <span class='ocrx_word' id='word_1_649' title='bbox 1776 4389 1880 4439; x_wconf 90' lang='lat' dir='ltr'><strong>est.</strong></span> <span class='ocrx_word' id='word_1_650' title='bbox 1995 4390 2212 4460; x_wconf 84' lang='lat' dir='ltr'><strong>Moyses</strong></span> <span class='ocrx_word' id='word_1_651' title='bbox 2242 4401 2379 4457; x_wconf 85' lang='lat' dir='ltr'><strong>ergo</strong></span> <span class='ocrx_word' id='word_1_652' title='bbox 2410 4384 2469 4438; x_wconf 93' lang='lat' dir='ltr'><strong>in</strong></span> <span class='ocrx_word' id='word_1_653' title='bbox 2498 4384 2606 4439; x_wconf 92' lang='lat' dir='ltr'><strong>hoc</strong></span> <span class='ocrx_word' id='word_1_654' title='bbox 2631 4384 2778 4455; x_wconf 91' lang='lat' dir='ltr'><strong>loco,</strong></span> <span class='ocrx_word' id='word_1_655' title='bbox 2805 4383 2952 4439; x_wconf 90' lang='lat' dir='ltr'><strong>sicut</strong></span> <span class='ocrx_word' id='word_1_656' title='bbox 2982 4384 3041 4438; x_wconf 93' lang='lat' dir='ltr'><strong>in</strong></span> <span class='ocrx_word' id='word_1_657' title='bbox 3072 4384 3197 4439; x_wconf 90' lang='lat' dir='ltr'><strong>aliis</strong></span> <span class='ocrx_word' id='word_1_658' title='bbox 3229 4385 3510 4457; x_wconf 90' lang='lat' dir='ltr'><strong>pluribus,</strong></span> <span class='ocrx_word' id='word_1_659' title='bbox 3540 4385 3690 4457; x_wconf 89' lang='lat' dir='ltr'><strong>ﬁgu-</strong></span> 
     </span>
    </p>
   </div>
   <div class='ocr_carea' id='block_1_54' title="bbox 208 4471 3691 4548">
    <p class='ocr_par' dir='ltr' id='par_1_54' title="bbox 208 4471 3691 4548">
     <span class='ocr_line' id='line_1_54' title="bbox 208 4471 3691 4548; baseline 0.001 -20"><span class='ocrx_word' id='word_1_660' title='bbox 208 4476 495 4548; x_wconf 74' lang='lat' dir='ltr'><strong>Allegorice</strong></span> <span class='ocrx_word' id='word_1_661' title='bbox 527 4483 731 4532; x_wconf 87' lang='lat' dir='ltr'><strong>autem</strong></span> <span class='ocrx_word' id='word_1_662' title='bbox 762 4475 987 4546; x_wconf 90' lang='lat' dir='ltr'><strong>primus</strong></span> <span class='ocrx_word' id='word_1_663' title='bbox 1010 4473 1223 4528; x_wconf 90' lang='lat' dir='ltr'><strong>mensis</strong></span> <span class='ocrx_word' id='word_1_664' title='bbox 1266 4473 1454 4544; x_wconf 86' lang='lat' dir='ltr'><strong>signat</strong></span> <span class='ocrx_word' id='word_1_665' title='bbox 1484 4471 1716 4527; x_wconf 89' lang='lat' dir='ltr'><strong>initium</strong></span> <span class='ocrx_word' id='word_1_666' title='bbox 1747 4488 1883 4542; x_wconf 85' lang='lat' dir='ltr'><strong>gra-</strong></span> <span class='ocrx_word' id='word_1_667' title='bbox 1992 4492 2117 4531; x_wconf 88' lang='lat' dir='ltr'><strong>ram</strong></span> <span class='ocrx_word' id='word_1_668' title='bbox 2146 4478 2300 4531; x_wconf 89' lang='lat' dir='ltr'><strong>tenet</strong></span> <span class='ocrx_word' id='word_1_669' title='bbox 2320 4471 2531 4529; x_wconf 70' lang='lat' dir='ltr'><strong>Iudaici</strong></span> <span class='ocrx_word' id='word_1_670' title='bbox 2562 4473 2783 4544; x_wconf 91' lang='lat' dir='ltr'><strong>populi.</strong></span> <span class='ocrx_word' id='word_1_671' title='bbox 2817 4473 3031 4544; x_wconf 83' lang='lat' dir='ltr'><strong>Moyses</strong></span> <span class='ocrx_word' id='word_1_672' title='bbox 3059 4490 3213 4545; x_wconf 90' lang='lat' dir='ltr'><strong>ergo,</strong></span> <span class='ocrx_word' id='word_1_673' title='bbox 3256 4474 3408 4530; x_wconf 91' lang='lat' dir='ltr'><strong>nube</strong></span> <span class='ocrx_word' id='word_1_674' title='bbox 3445 4473 3691 4547; x_wconf 79' lang='lat' dir='ltr'><strong>[obstan-</strong></span> 
     </span>
    </p>
   </div>
   <div class='ocr_carea' id='block_1_55' title="bbox 203 4561 3691 4639">
    <p class='ocr_par' dir='ltr' id='par_1_55' title="bbox 203 4561 3691 4639">
     <span class='ocr_line' id='line_1_55' title="bbox 203 4561 3691 4639; baseline 0 -22"><span class='ocrx_word' id='word_1_675' title='bbox 203 4564 298 4633; x_wconf 65' lang='lat' dir='ltr'><strong>tiae,</strong></span> <span class='ocrx_word' id='word_1_676' title='bbox 317 4568 546 4639; x_wconf 85' lang='lat' dir='ltr'><strong>quando</strong></span> <span class='ocrx_word' id='word_1_677' title='bbox 581 4564 1021 4621; x_wconf 87' lang='lat' dir='ltr'><strong>tabernaculum</strong></span> <span class='ocrx_word' id='word_1_678' title='bbox 1057 4562 1179 4629; x_wconf 89' lang='lat' dir='ltr'><strong>Dei,</strong></span> <span class='ocrx_word' id='word_1_679' title='bbox 1211 4561 1267 4615; x_wconf 93' lang='lat' dir='ltr'><strong>id</strong></span> <span class='ocrx_word' id='word_1_680' title='bbox 1299 4565 1383 4616; x_wconf 89' lang='lat' dir='ltr'><strong>est</strong></span> <span class='ocrx_word' id='word_1_681' title='bbox 1412 4561 1656 4615; x_wconf 89' lang='lat' dir='ltr'><strong>Ecclesia</strong></span> <span class='ocrx_word' id='word_1_682' title='bbox 1694 4564 1885 4615; x_wconf 90' lang='lat' dir='ltr'><strong>erecta</strong></span> <span class='ocrx_word' id='word_1_683' title='bbox 1991 4568 2069 4630; x_wconf 87' lang='lat' dir='ltr'><strong>te,</strong></span> <span class='ocrx_word' id='word_1_684' title='bbox 2120 4564 2180 4619; x_wconf 91' lang='lat' dir='ltr'><strong>in</strong></span> <span class='ocrx_word' id='word_1_685' title='bbox 2228 4562 2665 4619; x_wconf 89' lang='lat' dir='ltr'><strong>tabernaculum</strong></span> <span class='ocrx_word' id='word_1_686' title='bbox 2723 4578 2839 4617; x_wconf 92' lang='lat' dir='ltr'><strong>non</strong></span> <span class='ocrx_word' id='word_1_687' title='bbox 2898 4568 3123 4633; x_wconf 87' lang='lat' dir='ltr'><strong>poterat</strong></span> <span class='ocrx_word' id='word_1_688' title='bbox 3151 4563 3387 4631; x_wconf 89' lang='lat' dir='ltr'><strong>intrare,</strong></span> <span class='ocrx_word' id='word_1_689' title='bbox 3424 4563 3568 4635; x_wconf 90' lang='lat' dir='ltr'><strong>&#39;quia</strong></span> <span class='ocrx_word' id='word_1_690' title='bbox 3594 4565 3691 4619; x_wconf 87' lang='lat' dir='ltr'><strong>Ju-</strong></span> 
     </span>
    </p>
   </div>
   <div class='ocr_carea' id='block_1_56' title="bbox 208 4649 3690 4724">
    <p class='ocr_par' dir='ltr' id='par_1_56' title="bbox 208 4649 3690 4724">
     <span class='ocr_line' id='line_1_56' title="bbox 208 4649 3690 4724; baseline 0.001 -20"><span class='ocrx_word' id='word_1_691' title='bbox 208 4658 439 4719; x_wconf 86' lang='lat' dir='ltr'><strong>est,cum</strong></span> <span class='ocrx_word' id='word_1_692' title='bbox 500 4655 794 4721; x_wconf 91' lang='lat' dir='ltr'><strong>Christus,</strong></span> <span class='ocrx_word' id='word_1_693' title='bbox 836 4651 1051 4706; x_wconf 89' lang='lat' dir='ltr'><strong>scilicet</strong></span> <span class='ocrx_word' id='word_1_694' title='bbox 1099 4650 1400 4705; x_wconf 81' lang='lat' dir='ltr'><strong>cruciﬁxus</strong></span> <span class='ocrx_word' id='word_1_695' title='bbox 1447 4650 1515 4705; x_wconf 91' lang='lat' dir='ltr'><strong>de</strong></span> <span class='ocrx_word' id='word_1_696' title='bbox 1555 4649 1732 4703; x_wconf 92' lang='lat' dir='ltr'><strong>latere</strong></span> <span class='ocrx_word' id='word_1_697' title='bbox 1782 4664 1885 4703; x_wconf 92' lang='lat' dir='ltr'><strong>suo</strong></span> <span class='ocrx_word' id='word_1_698' title='bbox 1993 4653 2185 4708; x_wconf 89' lang='lat' dir='ltr'><strong>daicus</strong></span> <span class='ocrx_word' id='word_1_699' title='bbox 2222 4652 2471 4723; x_wconf 81' lang='lat' dir='ltr'><strong>papulas</strong></span> <span class='ocrx_word' id='word_1_700' title='bbox 2505 4668 2802 4723; x_wconf 90' lang='lat' dir='ltr'><strong>nunquam</strong></span> <span class='ocrx_word' id='word_1_701' title='bbox 2830 4658 3187 4706; x_wconf 88' lang='lat' dir='ltr'><strong>sacramenta</strong></span> <span class='ocrx_word' id='word_1_702' title='bbox 3233 4652 3540 4724; x_wconf 66' lang='lat' dir='ltr'><strong>Scriptura:</strong></span> <span class='ocrx_word' id='word_1_703' title='bbox 3594 4669 3690 4707; x_wconf 89' lang='lat' dir='ltr'><strong>va-</strong></span> 
     </span>
    </p>
   </div>
   <div class='ocr_carea' id='block_1_57' title="bbox 205 4738 3690 4814">
    <p class='ocr_par' dir='ltr' id='par_1_57' title="bbox 205 4738 3690 4814">
     <span class='ocr_line' id='line_1_57' title="bbox 205 4738 3690 4814; baseline 0 -20"><span class='ocrx_word' id='word_1_704' title='bbox 205 4744 445 4810; x_wconf 79' lang='lat' dir='ltr'><strong>produxit</strong></span> <span class='ocrx_word' id='word_1_705' title='bbox 477 4742 765 4814; x_wconf 81' lang='lat' dir='ltr'><strong>mysteria</strong></span> <span class='ocrx_word' id='word_1_706' title='bbox 794 4740 1092 4811; x_wconf 90' lang='lat' dir='ltr'><strong>sanguinis</strong></span> <span class='ocrx_word' id='word_1_707' title='bbox 1121 4743 1179 4793; x_wconf 92' lang='lat' dir='ltr'><strong>et</strong></span> <span class='ocrx_word' id='word_1_708' title='bbox 1213 4754 1397 4811; x_wconf 71' lang='lat' dir='ltr'><strong>aqum,</strong></span> <span class='ocrx_word' id='word_1_709' title='bbox 1431 4738 1640 4809; x_wconf 87' lang='lat' dir='ltr'><strong>quibus</strong></span> <span class='ocrx_word' id='word_1_710' title='bbox 1691 4738 1882 4792; x_wconf 91' lang='lat' dir='ltr'><strong>Eccle-</strong></span> <span class='ocrx_word' id='word_1_711' title='bbox 1995 4741 2101 4796; x_wconf 93' lang='lat' dir='ltr'><strong>luit</strong></span> <span class='ocrx_word' id='word_1_712' title='bbox 2146 4745 2465 4812; x_wconf 89' lang='lat' dir='ltr'><strong>penetrare.</strong></span> <span class='ocrx_word' id='word_1_713' title='bbox 2503 4740 2693 4794; x_wconf 90' lang='lat' dir='ltr'><strong>Nubes</strong></span> <span class='ocrx_word' id='word_1_714' title='bbox 2736 4740 2891 4793; x_wconf 90' lang='lat' dir='ltr'><strong>enim</strong></span> <span class='ocrx_word' id='word_1_715' title='bbox 2922 4740 3152 4795; x_wconf 89' lang='lat' dir='ltr'><strong>Domini</strong></span> <span class='ocrx_word' id='word_1_716' title='bbox 3198 4757 3299 4811; x_wconf 89' lang='lat' dir='ltr'><strong>per</strong></span> <span class='ocrx_word' id='word_1_717' title='bbox 3346 4741 3498 4795; x_wconf 92' lang='lat' dir='ltr'><strong>diem</strong></span> <span class='ocrx_word' id='word_1_718' title='bbox 3527 4741 3690 4796; x_wconf 85' lang='lat' dir='ltr'><strong>incu-</strong></span> 
     </span>
    </p>
   </div>
   <div class='ocr_carea' id='block_1_58' title="bbox 206 4826 3690 4902">
    <p class='ocr_par' dir='ltr' id='par_1_58' title="bbox 206 4826 3690 4902">
     <span class='ocr_line' id='line_1_58' title="bbox 206 4826 3690 4902; baseline 0.001 -21"><span class='ocrx_word' id='word_1_719' title='bbox 206 4830 272 4883; x_wconf 82' lang='lat' dir='ltr'><strong>sia</strong></span> <span class='ocrx_word' id='word_1_720' title='bbox 292 4832 588 4887; x_wconf 89' lang='lat' dir='ltr'><strong>dedicatur</strong></span> <span class='ocrx_word' id='word_1_721' title='bbox 619 4836 679 4885; x_wconf 89' lang='lat' dir='ltr'><strong>et</strong></span> <span class='ocrx_word' id='word_1_722' title='bbox 724 4834 1102 4885; x_wconf 87' lang='lat' dir='ltr'><strong>consecratur.</strong></span> <span class='ocrx_word' id='word_1_723' title='bbox 1159 4829 1224 4882; x_wconf 90' lang='lat' dir='ltr'><strong>Et</strong></span> <span class='ocrx_word' id='word_1_724' title='bbox 1260 4828 1575 4882; x_wconf 89' lang='lat' dir='ltr'><strong>notandum</strong></span> <span class='ocrx_word' id='word_1_725' title='bbox 1631 4826 1768 4898; x_wconf 88' lang='lat' dir='ltr'><strong>quia</strong></span> <span class='ocrx_word' id='word_1_726' title='bbox 1794 4826 1886 4881; x_wconf 92' lang='lat' dir='ltr'><strong>hic</strong></span> <span class='ocrx_word' id='word_1_727' title='bbox 1993 4830 2166 4886; x_wconf 86' lang='lat' dir='ltr'><strong>babat</strong></span> <span class='ocrx_word' id='word_1_728' title='bbox 2191 4829 2581 4898; x_wconf 89' lang='lat' dir='ltr'><strong>tabernaculo,</strong></span> <span class='ocrx_word' id='word_1_729' title='bbox 2630 4832 2686 4883; x_wconf 88' lang='lat' dir='ltr'><strong>et</strong></span> <span class='ocrx_word' id='word_1_730' title='bbox 2712 4828 2861 4900; x_wconf 88' lang='lat' dir='ltr'><strong>ignis</strong></span> <span class='ocrx_word' id='word_1_731' title='bbox 2891 4828 2951 4882; x_wconf 94' lang='lat' dir='ltr'><strong>in</strong></span> <span class='ocrx_word' id='word_1_732' title='bbox 2983 4833 3144 4883; x_wconf 89' lang='lat' dir='ltr'><strong>nocte</strong></span> <span class='ocrx_word' id='word_1_733' title='bbox 3171 4845 3185 4883; x_wconf 88' lang='lat'><strong>:</strong></span> <span class='ocrx_word' id='word_1_734' title='bbox 3213 4829 3317 4883; x_wconf 92' lang='lat' dir='ltr'><strong>hoc</strong></span> <span class='ocrx_word' id='word_1_735' title='bbox 3364 4830 3488 4884; x_wconf 93' lang='lat' dir='ltr'><strong>loco</strong></span> <span class='ocrx_word' id='word_1_736' title='bbox 3536 4830 3690 4902; x_wconf 90' lang='lat' dir='ltr'><strong>ignis</strong></span> 
     </span>
    </p>
   </div>
   <div class='ocr_carea' id='block_1_59' title="bbox 204 4916 3691 4990">
    <p class='ocr_par' dir='ltr' id='par_1_59' title="bbox 204 4916 3691 4990">
     <span class='ocr_line' id='line_1_59' title="bbox 204 4916 3691 4990; baseline -0 -16"><span class='ocrx_word' id='word_1_737' title='bbox 204 4920 397 4987; x_wconf 89' lang='lat' dir='ltr'><strong>primus</strong></span> <span class='ocrx_word' id='word_1_738' title='bbox 452 4919 675 4976; x_wconf 89' lang='lat' dir='ltr'><strong>mensis</strong></span> <span class='ocrx_word' id='word_1_739' title='bbox 713 4918 947 4973; x_wconf 91' lang='lat' dir='ltr'><strong>secundi</strong></span> <span class='ocrx_word' id='word_1_740' title='bbox 974 4917 1111 4971; x_wconf 87' lang='lat' dir='ltr'><strong>anni</strong></span> <span class='ocrx_word' id='word_1_741' title='bbox 1139 4917 1281 4971; x_wconf 84' lang='lat' dir='ltr'><strong>fuit:</strong></span> <span class='ocrx_word' id='word_1_742' title='bbox 1319 4916 1540 4989; x_wconf 89' lang='lat' dir='ltr'><strong>primus</strong></span> <span class='ocrx_word' id='word_1_743' title='bbox 1596 4917 1749 4970; x_wconf 92' lang='lat' dir='ltr'><strong>enim</strong></span> <span class='ocrx_word' id='word_1_744' title='bbox 1782 4932 1885 4970; x_wconf 85' lang='lat' dir='ltr'><strong>an-</strong></span> <span class='ocrx_word' id='word_1_745' title='bbox 1993 4919 2321 4976; x_wconf 91' lang='lat' dir='ltr'><strong>divinorum</strong></span> <span class='ocrx_word' id='word_1_746' title='bbox 2364 4918 2766 4990; x_wconf 84' lang='lat' dir='ltr'><strong>mysteriorum</strong></span> <span class='ocrx_word' id='word_1_747' title='bbox 2824 4917 3123 4972; x_wconf 88' lang='lat' dir='ltr'><strong>scientiam</strong></span> <span class='ocrx_word' id='word_1_748' title='bbox 3179 4917 3481 4988; x_wconf 90' lang='lat' dir='ltr'><strong>signiﬁcat.</strong></span> <span class='ocrx_word' id='word_1_749' title='bbox 3541 4919 3691 4975; x_wconf 90' lang='lat' dir='ltr'><strong>Scri-</strong></span> 
     </span>
    </p>
   </div>
   <div class='ocr_carea' id='block_1_60' title="bbox 207 5004 3691 5080">
    <p class='ocr_par' dir='ltr' id='par_1_60' title="bbox 207 5004 3691 5080">
     <span class='ocr_line' id='line_1_60' title="bbox 207 5004 3691 5080; baseline 0.001 -19"><span class='ocrx_word' id='word_1_750' title='bbox 207 5023 295 5062; x_wconf 88' lang='lat' dir='ltr'><strong>nus</strong></span> <span class='ocrx_word' id='word_1_751' title='bbox 345 5015 474 5065; x_wconf 89' lang='lat' dir='ltr'><strong>ante</strong></span> <span class='ocrx_word' id='word_1_752' title='bbox 536 5011 732 5080; x_wconf 90' lang='lat' dir='ltr'><strong>legem</strong></span> <span class='ocrx_word' id='word_1_753' title='bbox 784 5007 915 5070; x_wconf 87' lang='lat' dir='ltr'><strong>fuit,</strong></span> <span class='ocrx_word' id='word_1_754' title='bbox 966 5005 1251 5061; x_wconf 85' lang='lat' dir='ltr'><strong>secundus</strong></span> <span class='ocrx_word' id='word_1_755' title='bbox 1307 5021 1490 5059; x_wconf 88' lang='lat' dir='ltr'><strong>annus</strong></span> <span class='ocrx_word' id='word_1_756' title='bbox 1549 5005 1653 5059; x_wconf 88' lang='lat' dir='ltr'><strong>sub</strong></span> <span class='ocrx_word' id='word_1_757' title='bbox 1702 5004 1888 5075; x_wconf 89' lang='lat' dir='ltr'><strong>gratia</strong></span> <span class='ocrx_word' id='word_1_758' title='bbox 1996 5012 2167 5080; x_wconf 85' lang='lat' dir='ltr'><strong>ptura</strong></span> <span class='ocrx_word' id='word_1_759' title='bbox 2218 5008 2371 5061; x_wconf 92' lang='lat' dir='ltr'><strong>enim</strong></span> <span class='ocrx_word' id='word_1_760' title='bbox 2434 5011 2627 5062; x_wconf 87' lang='lat' dir='ltr'><strong>sancta</strong></span> <span class='ocrx_word' id='word_1_761' title='bbox 2683 5007 2914 5075; x_wconf 89' lang='lat' dir='ltr'><strong>sanctis,</strong></span> <span class='ocrx_word' id='word_1_762' title='bbox 2974 5010 3030 5061; x_wconf 90' lang='lat' dir='ltr'><strong>et</strong></span> <span class='ocrx_word' id='word_1_763' title='bbox 3085 5006 3471 5077; x_wconf 88' lang='lat' dir='ltr'><strong>ignorantiam</strong></span> <span class='ocrx_word' id='word_1_764' title='bbox 3527 5025 3691 5065; x_wconf 88' lang='lat' dir='ltr'><strong>suam</strong></span> 
     </span>
    </p>
   </div>
   <div class='ocr_carea' id='block_1_61' title="bbox 208 5092 3694 5167">
    <p class='ocr_par' dir='ltr' id='par_1_61' title="bbox 208 5092 3694 5167">
     <span class='ocr_line' id='line_1_61' title="bbox 208 5092 3694 5167; baseline 0.001 -17"><span class='ocrx_word' id='word_1_765' title='bbox 208 5096 492 5167; x_wconf 75' lang='lat' dir='ltr'><strong>Evangelii,</strong></span> <span class='ocrx_word' id='word_1_766' title='bbox 527 5096 628 5152; x_wconf 89' lang='lat' dir='ltr'><strong>cui</strong></span> <span class='ocrx_word' id='word_1_767' title='bbox 657 5096 932 5150; x_wconf 89' lang='lat' dir='ltr'><strong>Dominus</strong></span> <span class='ocrx_word' id='word_1_768' title='bbox 967 5093 1275 5149; x_wconf 83' lang='lat' dir='ltr'><strong>benedixit.</strong></span> <span class='ocrx_word' id='word_1_769' title='bbox 1332 5094 1539 5148; x_wconf 87' lang='lat' dir='ltr'><strong>Unde:</strong></span> <span class='ocrx_word' id='word_1_770' title='bbox 1594 5092 1887 5149; x_wconf 83' lang='lat' dir='ltr'><strong>Benedices</strong></span> <span class='ocrx_word' id='word_1_771' title='bbox 1995 5096 2323 5163; x_wconf 83' lang='lat' dir='ltr'><strong>fatentibus,</strong></span> <span class='ocrx_word' id='word_1_772' title='bbox 2372 5097 2567 5150; x_wconf 90' lang='lat' dir='ltr'><strong>lumen</strong></span> <span class='ocrx_word' id='word_1_773' title='bbox 2618 5101 2750 5151; x_wconf 90' lang='lat' dir='ltr'><strong>est:</strong></span> <span class='ocrx_word' id='word_1_774' title='bbox 2802 5096 3016 5167; x_wconf 88' lang='lat' dir='ltr'><strong>iniquis</strong></span> <span class='ocrx_word' id='word_1_775' title='bbox 3072 5112 3228 5165; x_wconf 88' lang='lat' dir='ltr'><strong>vero,</strong></span> <span class='ocrx_word' id='word_1_776' title='bbox 3283 5102 3341 5152; x_wconf 92' lang='lat' dir='ltr'><strong>et</strong></span> <span class='ocrx_word' id='word_1_777' title='bbox 3394 5097 3694 5154; x_wconf 87' lang='lat' dir='ltr'><strong>scientiam</strong></span> 
     </span>
    </p>
   </div>
   <div class='ocr_carea' id='block_1_62' title="bbox 209 5179 3179 5258">
    <p class='ocr_par' dir='ltr' id='par_1_62' title="bbox 209 5179 3179 5258">
     <span class='ocr_line' id='line_1_62' title="bbox 209 5179 3179 5258; baseline -0 -23"><span class='ocrx_word' id='word_1_778' title='bbox 209 5197 381 5239; x_wconf 60' lang='lat' dir='ltr'><strong>corona</strong></span> <span class='ocrx_word' id='word_1_779' title='bbox 431 5187 573 5240; x_wconf 83' lang='lat' dir='ltr'><strong>anni</strong></span> <span class='ocrx_word' id='word_1_780' title='bbox 630 5184 988 5252; x_wconf 72' lang='lat' dir='ltr'><strong>benignitatis</strong></span> <span class='ocrx_word' id='word_1_781' title='bbox 1046 5186 1151 5236; x_wconf 57' lang='lat' dir='ltr'><strong>tum</strong></span> <span class='ocrx_word' id='word_1_782' title='bbox 1198 5180 1371 5251; x_wconf 82' lang='lat' dir='ltr'><strong>(Psal.</strong></span> <span class='ocrx_word' id='word_1_783' title='bbox 1437 5179 1619 5251; x_wconf 74' lang='lat' dir='ltr'><strong>LXIV).</strong></span> <span class='ocrx_word' id='word_1_784' title='bbox 1688 5183 1887 5233; x_wconf 85' lang='lat' dir='ltr'><strong>Annus</strong></span> <span class='ocrx_word' id='word_1_785' title='bbox 1991 5184 2359 5258; x_wconf 77' lang='lat' dir='ltr'><strong>jactantibus,</strong></span> <span class='ocrx_word' id='word_1_786' title='bbox 2390 5184 2592 5251; x_wconf 79' lang='lat' dir='ltr'><strong>nubes,</strong></span> <span class='ocrx_word' id='word_1_787' title='bbox 2625 5185 2760 5255; x_wconf 84' lang='lat' dir='ltr'><strong>quia</strong></span> <span class='ocrx_word' id='word_1_788' title='bbox 2789 5190 3033 5239; x_wconf 69' lang='lat' dir='ltr'><strong>excmcat</strong></span> <span class='ocrx_word' id='word_1_789' title='bbox 3062 5202 3179 5240; x_wconf 83' lang='lat' dir='ltr'><strong>eos.</strong></span> 
     </span>
    </p>
   </div>
   <div class='ocr_carea' id='block_1_63' title="bbox 210 5269 3694 5345">
    <p class='ocr_par' dir='ltr' id='par_1_63' title="bbox 210 5269 3694 5345">
     <span class='ocr_line' id='line_1_63' title="bbox 210 5269 3694 5345; baseline 0.002 -20"><span class='ocrx_word' id='word_1_790' title='bbox 210 5273 334 5329; x_wconf 86' lang='lat' dir='ltr'><strong>enim</strong></span> <span class='ocrx_word' id='word_1_791' title='bbox 382 5272 767 5345; x_wconf 88' lang='lat' dir='ltr'><strong>benignitatis</strong></span> <span class='ocrx_word' id='word_1_792' title='bbox 793 5271 924 5338; x_wconf 86' lang='lat' dir='ltr'><strong>fuit,</strong></span> <span class='ocrx_word' id='word_1_793' title='bbox 948 5287 1062 5341; x_wconf 92' lang='lat' dir='ltr'><strong>quo</strong></span> <span class='ocrx_word' id='word_1_794' title='bbox 1096 5270 1248 5324; x_wconf 88' lang='lat' dir='ltr'><strong>salus</strong></span> <span class='ocrx_word' id='word_1_795' title='bbox 1273 5269 1516 5324; x_wconf 87' lang='lat' dir='ltr'><strong>humani</strong></span> <span class='ocrx_word' id='word_1_796' title='bbox 1546 5269 1772 5340; x_wconf 90' lang='lat' dir='ltr'><strong>generis</strong></span> <span class='ocrx_word' id='word_1_797' title='bbox 1787 5286 1891 5340; x_wconf 89' lang='lat' dir='ltr'><strong>per</strong></span> <span class='ocrx_word' id='word_1_798' title='bbox 2070 5273 2253 5345; x_wconf 84' lang='lat' dir='ltr'><strong>(Auo.,</strong></span> <span class='ocrx_word' id='word_1_799' title='bbox 2286 5277 2477 5343; x_wconf 56' lang='lat' dir='ltr'><strong>quast.</strong></span> <span class='ocrx_word' id='word_1_800' title='bbox 2536 5276 2633 5328; x_wconf 87' lang='lat' dir='ltr'><strong>l76</strong></span> <span class='ocrx_word' id='word_1_801' title='bbox 2666 5276 2723 5327; x_wconf 86' lang='lat' dir='ltr'><strong>in</strong></span> <span class='ocrx_word' id='word_1_802' title='bbox 2770 5273 2970 5345; x_wconf 68' lang='lat' dir='ltr'><strong>Exod.)</strong></span> <span class='ocrx_word' id='word_1_803' title='bbox 3023 5274 3283 5329; x_wconf 87' lang='lat' dir='ltr'><strong>Notanda</strong></span> <span class='ocrx_word' id='word_1_804' title='bbox 3328 5279 3413 5330; x_wconf 91' lang='lat' dir='ltr'><strong>est</strong></span> <span class='ocrx_word' id='word_1_805' title='bbox 3454 5291 3546 5331; x_wconf 89' lang='lat' dir='ltr'><strong>res</strong></span> <span class='ocrx_word' id='word_1_806' title='bbox 3584 5276 3694 5331; x_wconf 89' lang='lat' dir='ltr'><strong>mi-</strong></span> 
     </span>
    </p>
   </div>
   <div class='ocr_carea' id='block_1_64' title="bbox 210 5358 3694 5437">
    <p class='ocr_par' dir='ltr' id='par_1_64' title="bbox 210 5358 3694 5437">
     <span class='ocr_line' id='line_1_64' title="bbox 210 5358 3694 5437; baseline 0.003 -25"><span class='ocrx_word' id='word_1_807' title='bbox 210 5358 605 5417; x_wconf 86' lang='lat' dir='ltr'><strong>humanitatem</strong></span> <span class='ocrx_word' id='word_1_808' title='bbox 664 5358 879 5417; x_wconf 88' lang='lat' dir='ltr'><strong>Christi</strong></span> <span class='ocrx_word' id='word_1_809' title='bbox 904 5359 1218 5430; x_wconf 89' lang='lat' dir='ltr'><strong>apparuit:</strong></span> <span class='ocrx_word' id='word_1_810' title='bbox 1264 5358 1376 5413; x_wconf 92' lang='lat' dir='ltr'><strong>hoc</strong></span> <span class='ocrx_word' id='word_1_811' title='bbox 1430 5374 1566 5429; x_wconf 90' lang='lat' dir='ltr'><strong>ergo</strong></span> <span class='ocrx_word' id='word_1_812' title='bbox 1596 5374 1748 5413; x_wconf 87' lang='lat' dir='ltr'><strong>anno</strong></span> <span class='ocrx_word' id='word_1_813' title='bbox 1803 5362 1889 5412; x_wconf 86' lang='lat' dir='ltr'><strong>ta-</strong></span> <span class='ocrx_word' id='word_1_814' title='bbox 2000 5362 2196 5417; x_wconf 87' lang='lat' dir='ltr'><strong>rabilis</strong></span> <span class='ocrx_word' id='word_1_815' title='bbox 2264 5362 2530 5427; x_wconf 91' lang='lat' dir='ltr'><strong>multum,</strong></span> <span class='ocrx_word' id='word_1_816' title='bbox 2591 5366 2721 5428; x_wconf 91' lang='lat' dir='ltr'><strong>etc.,</strong></span> <span class='ocrx_word' id='word_1_817' title='bbox 2789 5378 2959 5432; x_wconf 86' lang='lat' dir='ltr'><strong>usque</strong></span> <span class='ocrx_word' id='word_1_818' title='bbox 3005 5363 3079 5418; x_wconf 86' lang='lat' dir='ltr'><strong>ad</strong></span> <span class='ocrx_word' id='word_1_819' title='bbox 3124 5364 3305 5419; x_wconf 87' lang='lat' dir='ltr'><strong>nubes</strong></span> <span class='ocrx_word' id='word_1_820' title='bbox 3357 5380 3464 5436; x_wconf 90' lang='lat' dir='ltr'><strong>per</strong></span> <span class='ocrx_word' id='word_1_821' title='bbox 3516 5364 3694 5437; x_wconf 92' lang='lat' dir='ltr'><strong>diem,</strong></span> 
     </span>
    </p>
   </div>
   <div class='ocr_carea' id='block_1_65' title="bbox 210 5445 2630 5522">
    <p class='ocr_par' dir='ltr' id='par_1_65' title="bbox 210 5445 2630 5522">
     <span class='ocr_line' id='line_1_65' title="bbox 210 5445 2630 5522; baseline 0.002 -21"><span class='ocrx_word' id='word_1_822' title='bbox 210 5445 555 5507; x_wconf 86' lang='lat' dir='ltr'><strong>bernaculum</strong></span> <span class='ocrx_word' id='word_1_823' title='bbox 594 5450 694 5505; x_wconf 89' lang='lat' dir='ltr'><strong>Dei</strong></span> <span class='ocrx_word' id='word_1_824' title='bbox 727 5452 980 5504; x_wconf 87' lang='lat' dir='ltr'><strong>erectum</strong></span> <span class='ocrx_word' id='word_1_825' title='bbox 1006 5452 1110 5514; x_wconf 90' lang='lat' dir='ltr'><strong>est,</strong></span> <span class='ocrx_word' id='word_1_826' title='bbox 1144 5447 1199 5501; x_wconf 91' lang='lat' dir='ltr'><strong>id</strong></span> <span class='ocrx_word' id='word_1_827' title='bbox 1228 5452 1316 5504; x_wconf 91' lang='lat' dir='ltr'><strong>est</strong></span> <span class='ocrx_word' id='word_1_828' title='bbox 1357 5448 1603 5503; x_wconf 89' lang='lat' dir='ltr'><strong>Ecclesia</strong></span> <span class='ocrx_word' id='word_1_829' title='bbox 1652 5446 1890 5503; x_wconf 86' lang='lat' dir='ltr'><strong>fundata</strong></span> <span class='ocrx_word' id='word_1_830' title='bbox 2000 5452 2235 5507; x_wconf 87' lang='lat' dir='ltr'><strong>ﬂamma</strong></span> <span class='ocrx_word' id='word_1_831' title='bbox 2263 5468 2364 5522; x_wconf 90' lang='lat' dir='ltr'><strong>per</strong></span> <span class='ocrx_word' id='word_1_832' title='bbox 2384 5456 2630 5507; x_wconf 90' lang='lat' dir='ltr'><strong>noctem.</strong></span> 
     </span>
    </p>
   </div>
   <div class='ocr_carea' id='block_1_66' title="bbox 214 5539 3694 5616">
    <p class='ocr_par' dir='ltr' id='par_1_66' title="bbox 214 5539 3694 5616">
     <span class='ocr_line' id='line_1_66' title="bbox 214 5539 3694 5616; baseline 0.003 -26"><span class='ocrx_word' id='word_1_833' title='bbox 214 5544 525 5596; x_wconf 80' lang='lat' dir='ltr'><strong>elexaltata.</strong></span> <span class='ocrx_word' id='word_1_834' title='bbox 2074 5541 2136 5595; x_wconf 90' lang='lat' dir='ltr'><strong>ln</strong></span> <span class='ocrx_word' id='word_1_835' title='bbox 2163 5539 2532 5596; x_wconf 88' lang='lat' dir='ltr'><strong>tabernaculo</strong></span> <span class='ocrx_word' id='word_1_836' title='bbox 2564 5543 2756 5595; x_wconf 89' lang='lat' dir='ltr'><strong>autem</strong></span> <span class='ocrx_word' id='word_1_837' title='bbox 2791 5541 3024 5596; x_wconf 91' lang='lat' dir='ltr'><strong>Domini</strong></span> <span class='ocrx_word' id='word_1_838' title='bbox 3054 5547 3217 5598; x_wconf 90' lang='lat' dir='ltr'><strong>erant</strong></span> <span class='ocrx_word' id='word_1_839' title='bbox 3263 5542 3497 5611; x_wconf 81' lang='lat' dir='ltr'><strong>tabulae,</strong></span> <span class='ocrx_word' id='word_1_840' title='bbox 3546 5560 3694 5616; x_wconf 86' lang='lat' dir='ltr'><strong>qua-</strong></span> 
     </span>
    </p>
   </div>
  </div>
