4052 6180
339 238 451 290 295

964 231 1352 287 WALAFRIDI
1392 229 1640 285 STRABI
1682 229 1878 282 FULD.
1923 228 2082 281 MON.
2123 226 2282 284 OPP.
2333 227 2509 283 PARS
2546 227 2588 280 Ι.
2631 255 2698 265 -—
2738 226 3192 284 TIIEOLOGICA.

3745 233 3850 286 ?96

332 373 464 413 rum
520 355 750 412 annulis
808 358 972 409 erant
1018 353 1180 408 inﬁxi
1233 357 1418 406 vectes
1467 351 1535 406 de
1595 350 1766 422 lignis
1795 350 2026 415 sethim,
2066 349 2330 406 Astoriae
2389 355 2447 405 et
2498 349 2812 405 secundum
2863 349 3221 420 allegoriam,
3283 365 3536 421 congrue
3595 351 3655 405 in
3714 355 3853 406 Pen-

336 445 544 518 quibus
603 447 840 517 possent
890 442 1066 498 levari
1113 444 1169 496 et
1222 439 1439 512 portari
1493 439 1560 493 de
1620 437 1918 493 mansione
1962 437 2034 491 ad

337 534 716 602 mansionem,
766 547 895 605 quae
925 530 1118 586 omnia
1175 529 1460 602 mysteriis
1497 529 1670 600 plena
1726 530 1875 581 sunt.
1929 527 2036 581 Per

334 623 766 678 tabernaculum
798 620 1173 692 intelligimus
1207 618 1512 674 Ecclesiam
1577 621 1940 688 praesentem,
1972 614 2034 669 in

333 728 448 783 qua
505 714 639 766 sunt
692 711 921 774 tabulae,
968 709 1184 764 scilicet
1239 707 1416 762 sancti
1471 705 1802 761 humilitate
1841 703 2020 775 pleni,

2142 438 2430 506 tateucho,
2467 438 2751 494 secundus
2796 443 2880 494 est
2933 437 3074 493 liber
3124 437 3276 494 iste:
3330 445 3640 511 postquam
3695 440 3851 496 enim

2143 527 2201 582 in
2263 527 2464 583 Genesi
2516 527 2633 600 egit
2694 527 2764 583 de
2818 528 3106 582 creatione
3144 528 3270 582 coeli
3326 532 3381 582 et
3431 531 3614 593 terrae,
3672 533 3727 584 et
3782 530 3854 585 de

2143 616 2378 671 introitu
2451 617 2704 672 ﬁliorum
2780 617 2951 671 Israel
3032 615 3092 670 in
3172 618 3499 688 Egyptum,
3585 620 3855 690 congruit

2146 709 2207 759 ut
2253 710 2666 778 consequenter
2711 707 2778 761 de
2825 705 2980 760 exitu
3039 721 3239 760 eorum
3296 710 3445 778 agat.
3502 708 3635 761 Ecce
3691 709 3848 779 quod

335 801 546 872 quibus
579 800 834 872 quinque
863 803 1050 853 vectes
1083 802 1217 851 sunt
1266 793 1443 864 afﬁxi,
1495 793 1552 850 id
1581 799 1666 848 est
1718 792 2034 865 spiritualis
2138 793 2300 866 juxta
2360 795 2618 850 ordinem
2667 794 2921 850 historiae
2973 795 3236 866 congruit
3269 812 3281 849 ε
3313 796 3479 866 juxta
3512 795 3848 867 allegoriam

337 889 537 944 notitia
597 888 854 960 quinque
905 887 1183 940 librorum
1249 884 1441 955 Moysi,
1500 899 1604 954 per
1632 897 1805 954 quam
1861 897 1918 935 se
1980 885 2037 936 et

335 977 474 1032 alios
527 978 831 1032 sustollant
887 975 954 1030 ad
1014 974 1330 1028 claritatem
1361 976 1592 1026 aeternae
1643 968 2033 1024 beatitudinis.

343 1069 447 1121 Per
475 1070 660 1120 vectes
700 1081 857 1135 ergo,
906 1067 966 1118 ut
1023 1063 1291 1130 diximus,
1345 1060 1598 1132 quinque
1649 1059 1821 1113 libros
1863 1057 2036 1129 Moysi

334 1153 733 1224 intelligimus,
792 1151 892 1224 qui
937 1156 1070 1205 sunt
1126 1149 1378 1216 Genesis,
1438 1148 1678 1216 Exodus,
1732 1146 2033 1216 Leviticus,

342 1243 486 1298 liber
534 1245 936 1308 Numerorum,
986 1245 1040 1294 et
1096 1237 1652 1293 Deuteronomium:
1714 1235 1772 1290 in
1826 1236 2034 1306 quibus

331 1332 655 1387 continetur
683 1329 1028 1402 principium
1061 1326 1262 1380 mundi
1294 1330 1348 1381 et
1391 1325 1647 1380 medium
1681 1329 1738 1379 et
1768 1340 2035 1378 consum-

333 1421 533 1476 matio.
588 1421 651 1474 In
690 1417 894 1474 Genesi
947 1415 1286 1471 describitur
1332 1415 1542 1468 creatio
1588 1414 1810 1477 mundi,
1867 1418 1920 1466 et
1973 1413 2032 1467 in

335 1510 520 1567 Exodo
552 1508 853 1574 recreatio;
915 1505 972 1560 iu
1028 1505 1270 1562 Levitico
1317 1507 1803 1557 sacramentorum
1848 1501 2035 1555 Eccle-

334 1601 432 1656 siae
457 1595 912 1663 administratio;
948 1594 1005 1648 in
1069 1594 1214 1648 libro
1263 1594 1646 1647 Numerorum
1699 1589 2035 1659 Evangelica

333 1685 694 1756 praedicatio;
781 1685 839 1738 in
910 1683 1352 1738 Deuteronomio
1431 1681 1633 1735 ultima
1686 1679 2028 1733 benedictio.

337 1775 493 1830 Unde
521 1779 576 1829 et
604 1774 666 1828 in
694 1771 1188 1828 benedictionibus
1221 1770 1581 1825 terminatur.
1621 1769 1712 1822 Est
1740 1767 1935 1839 itaque
1972 1767 2035 1821 in

335 1863 536 1918 Genesi
600 1861 742 1916 ordo
809 1859 1138 1926 creatiouis;
1197 1859 1257 1913 in
1315 1860 1502 1913 Exodo
1557 1857 1896 1928 mysterium
1946 1874 2036 1911 re-

333 1951 637 2006 creationis
663 1967 676 2017 ;
706 1949 765 2004 in
799 1948 1041 2004 Levitico
1073 1947 1334 2002 sanctitas
1378 1945 1811 2001 Eccclesiasticze
1845 1945 2032 2000 admi-

332 2039 808 2106 nistrationis;in
867 2037 1010 2092 libro
1051 2039 1434 2092 Numerorum
1487 2034 1800 2088 consolatio
1863 2049 2033 2088 evan-

331 2129 529 2201 gelicae
556 2127 1018 2199 praedicationis;
1070 2125 1128 2179 in
1188 2122 2035 2194 Deuteronomioiconsumma-

341 2219 422 2274 tio
479 2222 708 2272 internae
739 2214 1169 2270 benedictionis.
1204 2215 1357 2267 Inter
1384 2213 1489 2267 hos
1547 2215 1737 2265 autem
1778 2211 2034 2281 quinque

337 2307 510 2362 libros
544 2304 714 2377 Moysi
765 2303 985 2358 excellit
1037 2302 1280 2368 Exodus,
1313 2316 1487 2372 quem
1511 2315 1666 2354 nunc
1719 2299 1788 2353 ad
1830 2314 2036 2352 manus

334 2395 628 2450 habemus.
662 2395 727 2448 In
784 2391 1035 2446 eoenim
1069 2395 1122 2445 et
1170 2406 1299 2462 quas
1359 2388 1490 2443 ﬁliis
1539 2388 1709 2442 Israel
1743 2387 1802 2440 in
1849 2388 2035 2456 ﬁgura

337 2481 769 2553 contingebant,
804 2485 858 2534 et
899 2479 1165 2551 mysteria
1208 2477 1377 2549 plene
1430 2475 1797 2530 continentur
1827 2473 2034 2529 Christi

336 2577 391 2626 et
446 2571 704 2626 Ecclesia:
768 2569 867 2623 Hic
925 2575 1118 2622 tamen
1179 2566 1432 2638 primum
1501 2565 1570 2620 de
1617 2563 1773 2618 exitu
1825 2564 2033 2618 actuali

334 2659 647 2714 carnalium
682 2658 932 2712 ﬁliorum
967 2657 1159 2723 Israel,
1194 2655 1262 2709 de
1313 2653 1594 2708 historiali
1622 2654 1862 2724 Egypto
1911 2652 2034 2722 agi-

333 2755 449 2819 tur,
486 2749 542 2802 in
590 2764 702 2819 quo
762 2745 1118 2817 signiﬁcatur
1167 2743 1476 2815 spiritualis
1525 2742 1706 2796 exitus
1761 2741 2032 2810 spiritua—

335 2839 480 2893 lium
510 2837 896 2891 Israelitarum
931 2835 1000 2888 de
1034 2850 1163 2888 vera
1215 2834 1475 2904 zEgypto,
1521 2830 1732 2883 scilicet
1780 2830 1847 2884 de
1874 2833 2032 2882 tene-

334 2926 450 2982 bris
502 2924 787 2980 vitiorum.
827 2922 1034 2993 Agitur
1064 2921 1235 2976 etiam
1295 2921 1365 2974 de
1408 2919 1653 2973 transitu
1690 2917 1864 2971 maris
1919 2918 2028 2972 Ru-

2144 899 2373 955 quoque
2437 899 2552 938 nou
2587 883 2902 956 incongrue
2953 884 3165 939 factum
3200 889 3302 939 est.
3362 885 3504 939 Nam
3534 889 3840 957 postquam

2145 971 2284 1026 dixit
2343 972 2412 1026 de
2476 972 2688 1026 carnali
2759 971 3151 1043 generatione,
3218 989 3331 1043 qua
3384 990 3486 1044 per
3544 980 3839 1045 peccatum

2141 1061 2316 1130 primi
2379 1061 2632 1116 hominis
2689 1061 2981 1116 nascimur
3040 1062 3143 1116 ﬁlii
3175 1062 3406 1130 diaboli,
3451 1063 3716 1134 congruit
3779 1068 3846 1117 ut

2149 1148 2341 1202 statim
2373 1149 2578 1204 subdat
2627 1150 2694 1204 de
2751 1149 3187 1222 regeneratione
3219 1149 3521 1222 spirituali.
3559 1151 3695 1223 quia
3737 1169 3844 1222 per

2140 1237 2610 1310 justiﬁcationem
2643 1238 2882 1293 secundi
2931 1239 3200 1305 hominis,
3249 1239 3302 1293 id
3354 1245 3458 1307 est,
3500 1239 3705 1294 Christi
3745 1257 3837 1294 re-

2145 1326 2433 1381 nascimur
2484 1327 2588 1380 ﬁlii
2620 1327 2738 1382 Dei.
2796 1327 2962 1381 Liber
2993 1333 3178 1382 autem
3213 1329 3319 1381 iste
3367 1334 3602 1382 vocatur
3662 1325 3839 1391 ἔξοδος

2144 1415 2354 1480 Graece,
2385 1414 2563 1474 mni?
2597 1399 2740 1474 n55“.
2799 1415 2976 1468 veelle
3032 1416 3258 1470 semoth
3321 1415 3612 1484 Hebraice,
3655 1417 3841 1470 exitus

2144 1504 2231 1556 vel
2289 1520 2548 1573 egressus
2607 1503 2845 1558 Latine:
2900 1504 3028 1558 ideo
3085 1503 3218 1576 quia
3250 1504 3319 1558 de
3375 1505 3526 1559 exitu
3585 1505 3839 1560 ﬁliorum

2147 1591 2314 1644 Israel
2367 1591 2434 1644 de
2477 1593 2717 1662 Egypto
2766 1591 2900 1662 agit.
2957 1591 3063 1645 Sed
3107 1592 3288 1664 quaeri
3326 1596 3512 1663 potest
3559 1610 3660 1647 cur
3697 1594 3843 1648 liber

2146 1677 2249 1732 iste
2303 1679 2525 1733 dicatur
2587 1679 2831 1749 Exodus,
2885 1680 3020 1750 quia
3078 1680 3146 1734 de
3193 1681 3351 1735 exitu
3409 1680 3634 1736 illorum
3698 1683 3840 1753 agit,

2143 1783 2271 1822 cum
2306 1768 2364 1822 in
2390 1768 2675 1838 principio
2724 1784 2837 1822 non
2868 1769 2936 1823 de
2967 1768 3142 1837 exitu,
3169 1769 3264 1824 sed
3297 1769 3364 1823 de
3397 1769 3654 1839 ingressu
3707 1772 3839 1825 illo-

2144 1871 2269 1910 rum
2315 1862 2534 1926 agatur.
2582 1856 2666 1910 Ad
2695 1857 2849 1927 quod
2879 1856 2991 1910 dici
3022 1861 3226 1928 potest,
3262 1858 3394 1930 quia
3427 1859 3686 1930 quamvis
3717 1876 3841 1930 spe-

2145 1944 2364 1998 cialiter
2393 1945 2462 1999 de
2500 1945 2649 1999 exitu
2704 1945 2932 2000 illorum
2966 1962 3135 2017 agere
3167 1947 3444 2017 intendat,
3479 1952 3672 2002 tamen
3705 1950 3844 2020 quia

2145 2033 2387 2087 multum
2421 2037 2646 2104 tempus
2687 2033 2962 2103 proﬂuxit
3010 2033 3160 2088 inter
3206 2035 3441 2102 exitum,
3475 2036 3544 2090 de
3597 2053 3710 2107 quo
3745 2037 3840 2092 hic

2143 2120 2280 2191 agit,
2337 2125 2391 2175 et
2422 2121 2742 2191 ingressum
2776 2121 2834 2175 in
2862 2127 2986 2192 'quo
3020 2125 3236 2193 primus
3284 2125 3430 2178 liber
3489 2125 3840 2181 terminatur

2141 2219 2229 2273 vel
2260 2219 2685 2281 terminaverat,
2736 2224 2802 2273 ut
2848 2220 3270 2291 competentius
3297 2221 3506 2291 jungat
3560 2223 3842 2278 narratio-

2143 2321 2276 2360 nem
2311 2321 2472 2360 suam
2501 2306 2769 2374 breviter,
2806 2307 2964 2378 prius
3003 2308 3211 2378 repetit
3251 2309 3319 2362 de
3377 2309 3636 2378 introitu,
3677 2317 3732 2364 et
3764 2312 3847 2367 ita

2147 2395 2354 2450 melius
2407 2395 2701 2450 descendit
2751 2395 2820 2450 ad
2874 2395 3110 2452 exitum.
3159 2395 3248 2452 Sic
3301 2403 3358 2452 et
3405 2415 3510 2452 nos
3541 2399 3598 2453 in
3630 2401 3846 2456 nostris

2143 2483 2506 2538 sermonibus
2554 2484 2700 2538 facta
2739 2484 2912 2556 longa
2959 2485 3414 2556 interpositione,
3446 2486 3652 2542 dicturi
3701 2489 3840 2556 alia,

2141 2573 2458 2643 repetimus
2505 2573 2821 2643 superiora,
2853 2577 2915 2628 ut
2962 2574 3163 2628 melius
3221 2575 3370 2629 dicta
3413 2577 3838 2633 continuemus.

2142 2660 2237 2713 His
2267 2658 2660 2728 consideratis,
2693 2659 2938 2713 videnda
2967 2663 3051 2713 est
3102 2661 3361 2727 materia,
3417 2677 3545 2732 quae
3600 2666 3684 2713 est
3715 2677 3840 2715 cor—

2146 2748 2358 2818 poralis
2383 2747 2566 2801 exitus
2595 2747 2848 2802 ﬁliorum
2878 2748 3047 2801 Israel
3083 2747 3150 2802 de
3182 2750 3445 2819 Egypto,
3475 2755 3531 2802 ct
3574 2748 3846 2819 spiritua-

2141 2836 2210 2890 lis
2257 2835 2441 2890 exitus
2487 2841 2714 2890 sanctus
2759 2840 3078 2890 sanctorum
3124 2837 3192 2892 de
3231 2837 3468 2892 mundo.
3522 2837 3845 2891 Intentione

2137 2925 2408 2979 admonet
2471 2941 2576 2979 nos
2656 2925 3030 2996 spiritualiter
3096 2926 3248 2980 exire
3313 2925 3383 2980 de
3443 2926 3846 2980 conformitate

334 3014 423 3070 bri
453 3017 509 3069 et
535 3011 928 3067 submersione
952 3009 1265 3066 Pharaonis
1296 3014 1349 3064 et
1396 3007 1649 3062 exercitu
1681 3006 1818 3078 ejus,
1871 3012 1928 3061 et
1957 3007 2026 3061 de
2065 3033 2104 3088 ο
2143 3013 2363 3080 mundi,
2395 3013 2540 3068 sicut
2569 3013 2653 3067 illi
2705 3013 2805 3084 qui
2857 3014 3226 3084 corporaliter
3277 3013 3539 3069 exierunt
3569 3015 3638 3069 de
3671 3017 3844 3086 Aggy-

336 3103 672 3159 liberatione
720 3100 920 3172 p0puli
954 3099 1051 3154 Dei
1081 3115 1094 3152 :
1130 3098 1192 3152 in
1220 3115 1334 3170 quo
1389 3097 1670 3168 ﬁguratur
1715 3095 2033 3166 baptismus

333 3191 615 3264 sanguine
674 3189 879 3246 Christi
930 3191 1312 3254 consecratus,
1373 3186 1432 3240 in
1489 3201 1603 3257 quo
1647 3183 1859 3238 diaboli
1896 3184 2032 3238 vitia

335 3281 807 3350 submerguntur,
833 3281 892 3332 et
921 3277 1127 3330 animae
1159 3275 1415 3329 ﬁdelium
1447 3274 1784 3328 liberantur.
1825 3273 2031 3342 Agitur

335 3369 508 3424 etiam
543 3368 612 3423 de
651 3383 846 3438 pugna
899 3364 1315 3420 Israrelitarum
1337 3378 1468 3417 cum
1488 3360 1774 3427 Amalech,
1822 3361 1881 3414 in
1912 3376 2028 3430 quo

331 3456 567 3512 victoria
599 3455 810 3511 Christi
838 3459 896 3510 et
932 3469 1190 3520 suorum,
1226 3456 1280 3506 et
1308 3450 1565 3505 confusio
1612 3447 1826 3503 diaboli
1877 3447 2029 3518 ﬁgu-

334 3550 515 3600 ratur.
546 3544 801 3598 Tandem
851 3541 1111 3612 catalogo
1171 3539 1534 3594 mausionum
1565 3536 1846 3607 descripto
1907 3536 2028 3605 agi-

331 3641 426 3690 tur
445 3635 514 3690 de
553 3634 680 3704 lege
706 3632 835 3688 data
867 3631 926 3686 in
971 3635 1162 3685 monte
1193 3629 1362 3694 Sina;
1408 3628 1468 3682 in
1501 3643 1615 3699 quo
1648 3625 1810 3680 nobis
1837 3625 2028 3679 innui-

331 3729 426 3779 tur
474 3728 554 3792 ut,
589 3739 621 3776 a
650 3720 892 3776 terrenis
947 3717 1222 3773 sublevati
1272 3716 1558 3770 discamus
1603 3713 1808 3784 subjici
1860 3713 2029 3768 coele-

330 3813 510 3868 stibus
561 3808 892 3882 disciplinis.
954 3808 1158 3879 Agitur
1214 3805 1424 3860 iterum
1479 3804 1546 3859 de
1609 3801 2030 3858 constructione

329 3900 682 3956 tabernaculi
712 3904 768 3954 et
826 3912 1093 3953 vasorum
1146 3896 1289 3966 ejus,
1343 3894 1412 3949 de
1457 3891 1711 3947 vestibus
1765 3891 2027 3945 sacerdo-

334 3996 459 4045 tum
499 3993 553 4045 et
605 3988 903 4055 unctione;
937 3986 996 4040 in
1026 4000 1140 4056 quo
1173 3981 1514 4050 intelligitur
1540 3995 1794 4052 praisens
1836 3979 2027 4033 Eccle-

331 4078 435 4146 sia,
495 4083 550 4133 et
606 4077 844 4132 diversa:
898 4089 1157 4146 persona:
1223 4071 1478 4126 ﬁdelium
1537 4069 1771 4124 diversis
1827 4067 2028 4122 ofﬁciis

331 4168 638 4238 deputatas,
682 4165 824 4218 sicut
874 4179 1006 4218 vasa
1045 4161 1280 4217 diversis
1321 4160 1514 4214 usibus
1542 4159 1812 4228 deputata
1843 4159 2025 4224 erant,

331 4255 420 4310 vel
464 4253 685 4320 ofﬁciis,
747 4257 802 4307 et
853 4255 1337 4306 sacramentorum
1390 4253 1447 4303 et
1477 4247 1802 4302 orationum
1849 4262 2027 4300 sacra-

327 4349 517 4400 tarum
575 4340 912 4397 suavissima
978 4339 1366 4394 odoramenta.
1433 4339 1508 4392 De
1563 4335 1653 4390 his
1718 4335 2026 4402 hactenus;

333 4449 486 4489 nunc
553 4431 858 4488 dicendum
919 4433 1004 4484 est
1061 4428 1210 4500 quod
1261 4425 1574 4481 secundum
1630 4423 1892 4480 ordinem
1941 4423 2030 4479 hi-

2139 3107 2263 3174 pto,
2319 3105 2383 3156 ut
2432 3101 2576 3156 sicut
2611 3101 2824 3156 fuimus
2872 3102 3196 3157 conformes
3253 3103 3481 3172 saeculo,
3532 3103 3611 3156 ita
3661 3103 3847 3157 simus

2143 3190 2463 3245 conformes
2490 3191 2626 3245 Deo.
2661 3190 2859 3245 Modus
2893 3191 3019 3245 talis
3064 3196 3149 3246 est
3181 3208 3194 3246 :
3229 3191 3475 3246 breviter
3505 3197 3746 3260 tangens
3769 3193 3842 3246 de

2140 3278 2382 3333 introitu
2433 3277 2686 3333 ﬁliorum
2720 3279 2892 3334 Israel
2934 3279 2992 3333 in
3025 3282 3346 3351 Egyptum,
3384 3279 3501 3351 agit
3534 3280 3604 3334 de
3636 3297 3842 3336 eorum

2141 3365 2652 3437 multiplicatione;
2699 3366 2908 3422 deinde
2955 3367 3023 3423 de
3053 3384 3199 3422 novo
3231 3384 3384 3439 rege,
3418 3368 3516 3440 qui
3550 3368 3844 3439 ignoravit

2136 3455 2346 3525 Ioseph
2375 3458 2430 3508 et
2457 3454 2626 3525 coepit
2656 3454 2912 3527 afﬂigere
2941 3457 3252 3527 populum:
3295 3457 3501 3511 deinde
3549 3458 3616 3512 de
3649 3458 3843 3529 plagis

2138 3542 2384 3613 rEgypti,
2414 3543 2646 3598 tandem
2677 3543 2746 3598 de
2777 3543 2932 3598 exitu
2963 3544 3196 3599 illorum
3230 3548 3286 3599 et
3324 3545 3392 3599 de
3427 3546 3668 3600 transitu
3710 3562 3841 3600 ma-

2135 3629 2212 3684 ris
2246 3629 2395 3683 Rubi
2424 3634 2480 3682 et
2509 3629 2901 3684 submersione
2943 3631 3357 3702 {Egyptiorum
3415 3631 3667 3686 Tandem
3711 3649 3844 3703 pcr-

2138 3718 2295 3772 venit
2334 3717 2403 3772 ad
2437 3721 2687 3772 montem
2741 3717 2896 3788 Sina,
2939 3718 2997 3772 in
3031 3735 3143 3790 quo
3191 3719 3280 3773 lex
3313 3719 3446 3774 data
3474 3723 3578 3785 est,
3615 3725 3668 3774 et
3715 3723 3844 3790 agit

2137 3805 2206 3859 de
2237 3805 2636 3872 tabernaculo;
2689 3809 2745 3860 et
2790 3806 2937 3860 vasis
2969 3805 3111 3876 ejus,
3149 3811 3205 3860 et
3233 3807 3302 3860 de
3344 3807 3596 3861 vestibus
3655 3823 3843 3861 sacer-

2137 3895 2336 3948 dotum
2369 3899 2426 3949 et
2454 3893 2748 3961 unctione,
2782 3898 2839 3949 et
2866 3894 2946 3948 sic
2974 3894 3334 3950 terminatur.
3617 3957 3622 3966 ,

2211 3983 2355 4038 Nota
2402 3983 2555 4054 quod
2615 3999 2744 4038 cum
2806 3983 3003 4037 eadem
3058 3982 3132 4039 sit
3179 3988 3234 4037 et
3271 3983 3515 4039 indivisa
3576 3983 3837 4047 historia,

2137 4087 2309 4143 quam
2361 4070 2659 4142 proposuit
2713 4070 2822 4126 sibi
2872 4072 3084 4142 Moyses
3135 4071 3589 4138 describendam,
3637 4076 3842 4126 tamen

2135 4175 2237 4231 per
2263 4159 2512 4230 capitula
2565 4163 2621 4212 et
2666 4163 2854 4230 partes
2896 4159 3014 4213 sive
3069 4175 3172 4230 per
3226 4159 3401 4213 libros
3443 4175 3572 4214 eam
3627 4160 3843 4214 distin-

2137 4251 2340 4320 guunt,
2375 4251 2440 4302 ut
2485 4247 2789 4301 lectoribus
2833 4247 3127 4302 fastidium
3154 4249 3468 4316 auferatur,
3522 4249 3665 4302 sicut
3716 4248 3842 4302 via-

2137 4341 2226 4390 tor
2272 4336 2445 4401 viam,
2499 4351 2627 4407 qua:
2679 4339 2737 4390 et
2781 4335 3039 4399 indivisa,
3105 4337 3308 4392 dividit
3370 4354 3472 4410 per
3525 4337 3724 4404 dictas,
3782 4342 3846 4391 ut

2139 4422 2300 4478 labor
2333 4423 2627 4477 minuatur
2658 4426 2715 4478 et
2739 4423 2889 4478 absit
2917 4422 3230 4480 fastidium.

1576 4712 1922 4799 LIBER
1977 4709 2596 4798 LEVITICUS.

1678 4876 1941 4932 Hebraice
1977 4876 2197 4930 VAIICRA
2237 4873 2478 4960 (x'tpn).

983 5116 1378 5176 PREFATIO.

405 5214 635 5268 Isicuws
699 5214 756 5265 in
829 5211 1019 5281 Leuit.)
1079 5208 1245 5263 Liber
1303 5205 1405 5260 iste
1479 5202 1754 5258 Leviticus
1814 5199 2021 5254 dicitur

2055 5115 2100 5171 1)
2137 5107 2464 5178 genitorum
2513 5105 2835 5161 oblationes
2882 5105 3077 5160 offerri
3133 5111 3489 5177 praeceptum
3541 5110 3645 5171 est,
3695 5107 3845 5177 quia

2132 5197 2328 5252 omnia
2361 5193 2637 5251 sacriﬁcia
2688 5195 2759 5250 ad
2808 5194 3024 5250 Levitas
3053 5195 3349 5265 pertinent
3408 5196 3592 5265 (Num.
3649 5204 3839 5268 xvm).

333 5303 468 5376 quia
511 5301 723 5356 scilicet
751 5299 810 5354 in
843 5299 952 5354 hoc
981 5295 1215 5352 nomine
1246 5294 1419 5349 totius
1448 5291 1582 5348 libri
1614 5292 2021 5361 argumentum
2128 5289 2174 5341 A
2201 5285 2410 5357 quibus
2455 5284 2601 5340 liber
2642 5284 2747 5338 iste
2801 5299 3123 5354 congruum
3155 5285 3387 5339 sortitus
3441 5289 3528 5338 est
3595 5300 3843 5355 nomen,

331 5372 747 5446 manifestatur.
798 5386 1002 5441 Tribus
1052 5383 1183 5439 Levi
1236 5379 1590 5436 tabernaculi
1634 5376 2019 5433 ministerium
2127 5374 2226 5446 qui
2259 5375 2383 5429 haec
2412 5375 2608 5429 omnia
2643 5372 2854 5444 digerit
2881 5388 2986 5443 per
3016 5372 3301 5427 ordinem.

331 5479 531 5536 sortita
560 5482 662 5548 est,
690 5477 751 5531 in
786 5491 900 5548 quo
932 5471 1226 5538 sacriﬁcia,
1253 5474 1309 5524 et
1340 5467 1643 5539 primitias,
1691 5471 1750 5520 et
1800 5464 2016 5536 primo-

2199 5463 2396 5518 Latine
2448 5461 2769 5530 Offertorius
2819 5462 2906 5516 vel
2952 5459 3354 5531 sacriﬁcativus
3404 5460 3632 5526 dicitur,
3695 5462 3845 5532 quia
