4064 6186
207 269 276 320 297
1265 259 1515 316 GLOSSA
1553 258 1953 317 ORDINARIA.
1999 285 2064 301 -
2105 260 2230 315 LIB.
2279 259 2498 316 LEVIT.
3528 267 3632 320 298

1993 382 2173 453 (Ome.
2213 383 2396 439 homil.
2453 387 2500 449 l,
2550 384 2609 437 in
2651 383 2845 457 Leuit.)
2899 383 2954 438 Si
2985 383 3300 440 secundum
3343 386 3629 458 quosdam

1931 471 2102 525 etiam
2142 476 2466 526 nostrorum
2522 471 2839 541 simplicem
2897 472 3246 528 intellectum
3295 491 3626 547 sequamur,

1932 564 1988 614 et
2032 561 2247 632 absque
2293 560 2432 626 ulla,
2481 564 2544 613 ut
2588 559 2696 630 ipsi
2759 577 2860 614 nos
2900 562 3082 615 ridere
3131 563 3335 630 solent,
3392 566 3631 635 stropha

1934 649 2089 703 verbi
2132 653 2187 704 et
2219 649 2505 720 allegorias
2540 649 2733 703 nubilo
2775 665 2968 704 vocem
3000 651 3339 720 legislatoris
3379 653 3626 724 excipiao

206 389 251 441 de
270 381 517 439 sacriﬁciis
541 384 593 435 et
626 379 986 435 caeremoniis
1013 380 1149 452 agit.
1186 381 1283 437 Hic
1328 382 1470 436 bene
1502 385 1628 452 post
1668 381 1808 437 Exo-
1838 384 1885 438 Α

205 476 301 530 dum
323 472 567 543 ponitur:
619 470 678 524 in
732 486 798 523 eo
831 469 984 524 enim
1035 471 1468 525 tabernaculum
1501 471 1820 538 ordinatur,

206 565 245 617 in
274 563 360 615 hoc
389 577 450 614 ea
485 559 844 613 continentur
875 575 1002 628 qua:
1033 559 1306 614 Dominus
1328 560 1501 630 Moysi
1534 560 1603 614 de
1635 560 1822 615 taber-

205 651 354 706 naculo
384 648 726 720 loquebatur,
761 653 816 702 et
837 647 1183 702 tabernaculi
1220 649 1602 702 creremoniaa.

251 739 295 793 Si
321 754 416 808 que
447 741 628 790 autem
660 740 880 806 qureret
909 752 1085 807 quare
1120 736 1253 790 libri
1295 736 1434 806 legis
1467 736 1630 789 divisi
1666 741 1818 802 sunt,

205 845 295 884 cum
342 826 559 880 historia
609 829 866 894 tempore
921 824 1164 878 indivisa
1215 825 1304 888 sit,
1363 825 1824 894 respondendum

203 923 296 972 est:
331 919 387 969 ut
427 913 708 968 fastidium
749 913 962 967 scilicet
1008 913 1201 966 lectori
1246 913 1495 967 auferret
1548 913 1822 968 librorum

204 1005 376 1069 divisio,
405 1003 540 1056 sicut
576 1007 632 1056 et
661 1002 765 1055 vias
799 1002 982 1072 spatia
1006 1001 1209 1056 dividit
1228 1002 1432 1069 viator,
1462 1006 1521 1056 ut
1553 1005 1824 1074 tanquam

198 1094 363 1149 divisus
394 1091 676 1144 minuatur
703 1090 882 1145 labor.

252 1181 478 1236 Rabanus
544 1181 612 1234 ab
684 1179 886 1234 Isichio
956 1179 1478 1250 Hierosolymorum
1540 1178 1828 1250 episcopo,

1933 755 2078 805 mus,
2113 755 2248 810 ergo
2281 738 2687 793 ecclesiasticus
2720 739 2824 793 sub
2867 738 2976 793 ﬁde
3034 739 3240 794 Christi
3294 740 3507 807 vivens,
3569 746 3625 796 et

1931 826 1989 880 in
2027 827 2212 880 medio
2267 827 2521 881 Ecclesim
2551 827 2789 896 positus,
2822 827 2891 881 ad
2931 828 3365 883 sacriﬁcandum
3417 829 3626 882 vitulos

1930 917 2016 970 vel
2059 932 2258 986 agnos,
2335 915 2401 969 ad
2453 915 2799 969 offerendam
2849 917 3094 971 similam
3162 933 3293 971 cum
3343 917 3509 971 thure
3569 923 3626 971 et

1929 1006 2076 1070 oleo,
2132 1003 2308 1058 divini
2367 1005 2638 1075 praecepti
2710 1005 3043 1059 auctoritate
3086 1005 3444 1077 compellor:
3502 1006 3626 1076 ipse

1931 1109 2068 1164 ergo
2122 1093 2414 1155 Dominus,
2472 1092 2590 1162 ipse
2646 1092 2885 1162 Spiritus
2953 1099 3179 1148 sanctus
3235 1094 3624 1165 deprecandus

1932 1188 2034 1250 est,
2079 1186 2141 1236 ut
2183 1197 2411 1236 omnem
2445 1181 2710 1234 nebulam
2752 1182 2964 1251 peccati
3012 1199 3140 1253 quae
3195 1183 3380 1237 visum
3436 1184 3626 1238 cordis

195 1270 268 1341 qui
292 1269 574 1323 Leviticum
624 1268 756 1322 satis
800 1269 968 1338 plene
997 1267 1272 1338 exposuit,
1332 1269 1513 1322 multa
1573 1268 1824 1338 collegit,
1929 1271 2106 1325 nostri
2127 1271 2409 1335 obscurat,
2432 1269 2653 1324 auferre
2677 1270 2962 1340 dignetur,
2991 1277 3052 1324 ut
3075 1271 3432 1342 spiritualem
3463 1271 3625 1326 intel-

196 1364 236 1410 et
258 1357 311 1410 ab
337 1357 448 1410 aliis
498 1372 726 1427 quoque
785 1356 1065 1423 Patribus,
1100 1356 1200 1426 qui
1247 1357 1368 1426 ejus
1425 1356 1645 1427 aliquas
1692 1373 1827 1410 sen—
1930 1353 2228 1424 ligentiam
2258 1356 2607 1423 intueamur,
2642 1359 2953 1412 secundum
2976 1359 3161 1414 illud:
3212 1361 3415 1414 Revela
3443 1362 3623 1415 oculos

195 1445 353 1500 tentias
383 1449 778 1516 exposuerunt,
823 1445 1086 1516 quaedam
1119 1445 1279 1516 operi
1311 1461 1413 1498 suo
1446 1444 1729 1516 apposuit,
1771 1449 1828 1498 et
1933 1459 2070 1498 meos
2100 1450 2151 1498 et
2176 1445 2523 1500 considerabo
2557 1447 2861 1511 mirabilia,
2896 1451 3000 1500 etc.
3035 1449 3208 1518 (Psal.
3243 1449 3448 1515 cxvm).

196 1551 241 1587 ex
287 1535 492 1587 confuso
538 1534 951 1588 sententiarum
993 1533 1192 1587 ordine
1250 1533 1558 1602 quemdam
1603 1534 1825 1604 exposi-
2004 1532 2174 1602 (ISID.)
2208 1533 2401 1588 Omnis
2452 1534 2767 1588 hostiarum
2812 1534 3105 1589 diversitas
3147 1536 3353 1591 Christi
3383 1536 3627 1591 hostiam

196 1623 325 1677 tionis
367 1623 616 1676 ordinem
669 1623 982 1676 multorum
1032 1621 1328 1676 doctorum
1384 1622 1693 1677 sententias
1744 1622 1826 1676 al-
1861 1675 1899 1693 η
1940 1623 2360 1693 praeﬁgurabat.
2420 1625 2595 1692 Unde,
2646 1628 2869 1679 veritate
2916 1626 3119 1691 oblata,
3169 1628 3394 1681 cessavit
3437 1626 3630 1680 umbra

195 1711 416 1764 ternando
442 1711 782 1781 composuit.
1861 1675 1901 1730 Β
1939 1711 1988 1781 (Ι
2013 1712 2132 1768 Cor.
2186 1712 2293 1780 xv),
2346 1728 2544 1766 verum
2595 1712 2936 1768 sacriﬁcium
2978 1713 3094 1768 veri
3125 1717 3180 1768 et
3211 1713 3412 1768 aeterni
3443 1729 3624 1768 sacer-

244 1799 466 1870 (ISICHIUS
492 1802 550 1853 in
588 1801 785 1868 Leuit.)
819 1800 940 1853 Pra:
971 1799 1237 1853 omnibus
1267 1815 1490 1853 necesse
1521 1803 1604 1854 est
1649 1800 1825 1854 intcr-
1936 1799 2084 1854 dotis
2136 1800 2530 1871 praeﬁgurans.
2586 1801 2718 1856 Ideo
2779 1805 2972 1857 autem
3046 1802 3244 1857 hostiis
3294 1803 3629 1858 animalium

193 1889 516 1956 pretationem
539 1888 684 1958 legis
713 1887 780 1941 ad
809 1904 1112 1959 anagogen
1153 1888 1324 1958 trahi,
1364 1892 1420 1942 et
1471 1888 1828 1960 spiritualem

192 1976 580 2046 intelligentiam
613 1977 675 2030 in
707 1976 896 2030 littera
949 1977 1312 2046 perscrutari.
1359 1977 1470 2031 Hoc
1509 1977 1662 2031 enim
1712 1993 1829 2031 non

190 2063 622 2134 contradicitlegi,
650 2064 745 2118 sed
769 2079 894 2118 eam
924 2064 1192 2119 defendit.
1218 2065 1584 2134 Spiritualem
1616 2064 1828 2136 quippe

194 2152 489 2206 intellectum
521 2153 833 2222 diligenter
865 2169 984 2208 esse
1031 2153 1444 2224 inquirendum
1494 2154 1664 2207 etiam
1713 2153 1830 2222 ipse

191 2241 396 2295 Christus
425 2242 695 2307 ostendit,
730 2241 830 2312 qui
869 2241 928 2295 in
968 2241 1254 2312 parabolis
1303 2242 1420 2296 suis
1460 2242 1673 2312 (Matth.
1715 2241 1829 2311 XIII)

191 2345 365 2398 agrum,
396 2331 675 2384 mundum
703 2347 717 2396 ;
747 2330 1052 2401 agricolam
1084 2331 1462 2385 seminantem
1503 2346 1699 2385 semen
1728 2331 1830 2385 bo-

193 2433 317 2484 num,
349 2419 557 2488 justos:
597 2419 832 2484 zizania,
884 2420 1199 2490 malignos;
1239 2435 1549 2474 messsores
1579 2435 1830 2491 quoque,

192 2507 408 2574 angelos;
446 2511 496 2561 et
547 2507 851 2561 inimicum
902 2507 1478 2577 superseminantem,
1539 2507 1830 2562 diabolum

1937 1893 2170 1960 propter
2190 1889 2657 1944 emundationem
2685 1889 2904 1956 oblatis,
2924 1906 3038 1945 una
3055 1907 3188 1945 vera
3211 1891 3394 1946 hostia
3420 1890 3629 1946 Christi

1937 1977 2397 2049 promittebatur,
2457 1977 2518 2032 in
2563 1994 2678 2049 qua
2727 1978 2890 2033 ﬁeret
2947 1978 3207 2034 remissio
3262 1984 3625 2051 peccatorum

1939 2069 2362 2122 contractorum
2401 2066 2469 2121 de
2499 2082 2668 2121 carne
2698 2071 2756 2122 et
2785 2068 3084 2138 sanguine,
3117 2068 3217 2140 qui
3252 2085 3498 2140 regnum
3530 2069 3630 2124 Dei

1939 2171 2054 2209 non
2086 2155 2497 2226 possidebunt:
2548 2155 2684 2227 quia
2731 2156 3050 2212 substantia
3094 2157 3407 2229 corporalis
3432 2158 3495 2212 in
3520 2175 3630 2214 coe-

1938 2244 2138 2298 lestem
2203 2244 2519 2299 mutabitur
2589 2244 2944 2316 qualitatem.
3019 2246 3274 2301 Christus
3327 2247 3390 2300 in
3455 2246 3632 2302 vitulo

1939 2338 2175 2405 propter
2195 2332 2461 2388 virtutem
2486 2334 2667 2388 crucis
2700 2334 3079 2402 olferebatur;
3111 2335 3172 2389 in
3195 2351 3367 2405 agno,
3398 2339 3635 2406 propter

1939 2421 2356 2489 innocentiam;
2381 2423 2440 2478 in
2471 2423 2668 2492 ariete,
2693 2428 2929 2495 propter
2950 2424 3331 2496 principatum
3355 2441 3368 2489 ;
3393 2423 3452 2479 in
3474 2423 3632 2479 hirco

1939 2516 2175 2582 propter
2204 2512 2639 2567 similitudinem
2691 2513 2874 2566 carnis
2902 2513 3146 2584 peccati;
3196 2513 3256 2568 in
3310 2517 3533 2567 turture
3574 2518 3631 2568 et

1940 2601 2221 2663 columba,
2249 2601 2383 2672 quia
2406 2603 2554 2656 Deus
2575 2607 2633 2656 et
2654 2603 2845 2656 homo.
2865 2602 3139 2657 Mediator
3160 2601 3315 2656 enim
3347 2601 3442 2656 Dei
3461 2605 3514 2655 et
3538 2602 3637 2656 bo-

1940 2689 2164 2742 minum
2195 2688 2254 2742 in
2283 2689 2527 2744 duarum
2567 2689 3433 2762 substantiarumzconjunctione
3464 2706 3636 2744 mou-

188 2596 464 2666 appellavit.
509 2597 650 2661 Quis
679 2613 816 2668 ergo
847 2602 997 2652 vetat
1034 2597 1235 2652 bovem
1261 2614 1393 2652 eum
1419 2598 1520 2669 qui
1566 2603 1834 2669 operatur

183 2684 434 2753 justitiam,
467 2688 793 2757 appellare;
837 2687 981 2742 sicut
1010 2690 1204 2754 "ovem,
1255 2687 1602 2759 simplicem;
1634 2692 1690 2742 et
1746 2688 1833 2742 in-

187 2779 457 2842 nocentem,
488 2776 815 2830 columbam
845 2791 857 2829 :
905 2780 960 2829 et
987 2780 1268 2830 turturem
1329 2777 1628 2830 sublimius
1655 2793 1833 2847 agen-

187 2867 248 2914 tes
286 2869 333 2917 et
359 2865 831 2934 contemplationi
861 2865 1170 2920 vacantes?
1203 2864 1470 2937 Nunquid
1529 2881 1644 2919 non
1698 2867 1832 2920 Eze-

1942 2777 2261 2843 strabatur;
2313 2777 2374 2832 in
2422 2777 2761 2848 similaginis
2805 2779 3230 2849 conspersione,
3280 2777 3635 2834 credentium

1942 2881 2045 2937 per
2073 2881 2280 2936 aquam
2313 2865 2579 2936 baptismi
2619 2867 2911 2921 collectam
2932 2883 3079 2921 essse
3112 2867 3435 2931 Ecclesiam,
3469 2867 3528 2921 id
3555 2871 3638 2921 est

185 2948 293 3005 chiel
337 2953 687 3007 Hierusalem
726 2954 967 3007 leaenam
1027 2953 1212 3008 dixit:
1273 2958 1330 3008 et
1381 2954 1633 3008 catulum
1684 2955 1824 3024 ejus.
1867 2970 1906 3024 ο
1945 2969 2149 3025 corpus
2179 2953 2404 3022 Christi,
2453 2954 2881 3009 ostendebatur.
2941 2956 3052 3009 Nos
3105 2960 3295 3009 autem
3344 2956 3638 3010 moraliter

186 3039 433 3108 Eliachim,
490 3042 598 3112 qui
653 3042 855 3096 ductus
885 3046 969 3096 est
1015 3041 1074 3095 in
1129 3041 1460 3112 tEgyptum,
1516 3042 1692 3096 alium
1748 3059 1834 3096 ca-

185 3128 329 3183 talum
353 3130 608 3184 Joachim
639 3130 699 3184 in
743 3131 1086 3201 Babylonem
1127 3130 1398 3184 ductum?
1428 3130 1654 3200 (Ezech.
1696 3134 1833 3196 xxx.)

183 3215 272 3269 Non
297 3219 466 3272 solum
499 3235 636 3289 quae
668 3218 727 3271 in
759 3218 1042 3289 parabolis
1073 3217 1224 3272 dicta
1252 3222 1406 3282 sunt,
1447 3218 1545 3272 sed
1611 3223 1666 3272 et
1703 3235 1831 3289 quae

184 3306 787 3378 secundumfhistoriam
835 3310 983 3372 sunt,
1045 3307 1114 3360 ad
1154 3306 1544 3361 sublimiorem
1575 3306 1835 3361 ducenda

183 3409 271 3446 esse
296 3395 642 3451 intellectum
691 3396 896 3449 Paulus
947 3394 1214 3464 ostendit,
1260 3394 1500 3450 dicens:
1559 3396 1834 3466 Scriptum

182 3486 237 3534 est
258 3487 490 3550 quoniam
549 3484 839 3539 Abraham
897 3485 1089 3538 habuit
1140 3484 1274 3538 duos
1328 3484 1488 3552 ﬁlios,
1531 3489 1670 3551 etc.;
1706 3489 1835 3554 post

180 3585 278 3638 quae
302 3573 505 3628 addidit
540 3590 556 3627 :
610 3577 738 3642 Quae
792 3578 918 3628 sunt
949 3571 1241 3627 secundum
1283 3573 1601 3640 allegoriam
1641 3573 1828 3627 dicta:

180 3657 260 3711 hac
292 3664 418 3716 enim
445 3667 583 3717 sunt
635 3663 742 3715 duo
775 3662 1144 3728 Testamenta,
1187 3665 1293 3715 etc.
1357 3659 1500 3732 (Gal.
1560 3662 1656 3730 IV).
1708 3661 1834 3716 For-

179 3748 304 3801 tassis
331 3755 520 3806 autem
566 3751 737 3805 noxia
791 3751 900 3805 erit
936 3751 1124 3805 littera
1155 3749 1396 3820 spoliata
1424 3749 1708 3820 spirituali
1743 3751 1832 3804 in-

179 3836 469 3906 telligentia,
503 3845 570 3894 et
602 3839 772 3892 variis
804 3837 1340 3910 reprehensionibus
1372 3838 1636 3893 obnoxia.
1677 3838 1833 3894 Unde

179 3937 255 3991 per
294 3928 645 3982 Ezechielem
701 3932 759 3982 et
812 3927 1020 3981 bonam
1079 3927 1287 3998 legem,
1340 3932 1397 3982 et
1452 3944 1568 3982 non
1623 3927 1830 3982 bonam

180 4011 410 4069 Dominus
447 4017 728 4087 appellat,
763 4017 996 4070 dicens:
1063 4017 1198 4071 Dedi
1248 4018 1322 4070 eis
1379 4022 1647 4085 praecepta
1693 4032 1830 4081 mea,

177 4101 415 4168 etjudieia
462 4121 589 4158 mea
649 4105 858 4158 ostendi
885 4107 983 4171 eis,
1025 4119 1144 4174 quae
1187 4105 1363 4171 faciat
1400 4106 1551 4159 homo
1589 4110 1640 4159 et
1683 4107 1833 4175 vivat

179 4191 314 4244 ineis.
356 4193 419 4246 Et
473 4191 617 4246 alibi
653 4209 665 4245 :
706 4192 866 4246 Dedit
897 4194 970 4246 eis
999 4192 1263 4246 mandata
1293 4208 1398 4247 non
1451 4193 1609 4258 bona,
1658 4196 1708 4245 et
1731 4193 1828 4260 ju-

1946 3043 2239 3099 offerimus
2271 3043 2532 3106 vitulum,
2569 3059 2698 3097 cum
2747 3043 2933 3098 carnis
2989 3043 3316 3116 superbiam
3359 3043 3632 3109 vicimus;

1944 3145 2180 3200 agnum,
2231 3145 2364 3183 cum
2395 3128 2815 3183 irrationabiles
2865 3135 3055 3184 motus
3093 3130 3462 3200 corrigimus;
3518 3129 3635 3185 ha:—

1943 3217 2104 3286 dum,
2160 3233 2290 3271 cum
2340 3216 2626 3271 lasciviam
2676 3234 3043 3289 superamus;
3091 3219 3437 3284 columbam,
3499 3219 3637 3275 dum

1943 3306 2230 3376 simplices
2277 3323 2504 3374 sumus;
2537 3310 2841 3376 turturem,
2901 3307 3036 3362 dum
3089 3308 3227 3362 casti
3267 3325 3484 3375 sumus,
3549 3309 3636 3363 vel

1942 3395 2080 3450 dum
2119 3395 2434 3449 castitatem
2461 3412 2788 3463 servamus;
2845 3411 3021 3467 panes
3058 3413 3308 3467 azymos,
3353 3412 3484 3452 cum
3518 3413 3637 3452 nou

1941 3483 2003 3538 in
2050 3483 2327 3538 fermento
2360 3484 2612 3551 malitia),
2672 3485 2770 3540 sed
2813 3483 2875 3539 in
2925 3485 3140 3557 azymis
3189 3485 3526 3541 sinceritatis
3582 3490 3638 3539 et

1944 3573 2195 3627 veritatis
2234 3574 2558 3643 epulamur.

2015 3661 2195 3729 (ΗΑΒ.)
2243 3661 2479 3732 Singula
2509 3661 2804 3728 sacriﬁcia,
2836 3661 2952 3716 imo
2991 3661 3241 3733 singulas
3271 3679 3415 3735 pene
3464 3663 3637 3734 sylla-

1942 3748 2064 3812 bas,
2095 3754 2152 3804 et
2181 3753 2361 3804 vestes
2415 3753 2628 3817 Aaron,
2686 3754 2742 3804 et
2782 3754 2965 3804 totum
3009 3750 3316 3807 Leviticum
3373 3751 3636 3806 ordinem

1941 3837 2192 3893 caelestia
2223 3837 2359 3892 dicit
2386 3837 2603 3909 spirare
2634 3841 3015 3892 sacramenta.

2014 3925 2288 3996 Origenes
2341 3940 2573 3996 quoque
2635 3924 2757 3979 ait:
2803 3923 2947 3987 Quia
3008 3923 3154 3978 sicut
3206 3923 3266 3978 in
3318 3925 3636 3980 novissimis

1943 4011 2143 4067 diebus
2180 4012 2422 4066 Verbum
2457 4011 2555 4065 Dei
2585 4027 2652 4064 ex
2683 4011 2854 4065 Maria
2899 4010 3118 4080 virgine
3166 4027 3335 4064 carne
3365 4013 3634 4068 vestitum

1941 4100 2215 4172 processit
2260 4100 2318 4154 in
2364 4099 2678 4166 mundum;
2711 4099 2873 4170 cujus
2919 4116 3048 4153 caro
3076 4099 3146 4154 ab
3176 4100 3445 4154 omnibus
3472 4101 3635 4155 vide—

1944 4190 2133 4252 batur,
2187 4188 2449 4244 divinitas
2514 4189 2713 4260 paucis
2772 4188 2964 4242 electis
3013 4189 3246 4260 cognita
3292 4189 3632 4260 tegebatur:

178 4275 292 4331 dicia
318 4283 372 4334 in
416 4282 620 4352 quibus
667 4296 772 4334 non
800 4284 1007 4335 vivant.
1050 4282 1213 4336 Patet
1262 4297 1396 4352 ergo
1428 4254 1748 4335 bona'esse
1779 4285 1835 4334 et
1875 4254 1916 4308 D
1945 4278 2024 4332 sic
2066 4278 2300 4332 verbum
2353 4276 2453 4332 Dei
2502 4254 2605 4348 per
2635 4277 2939 4349 prophetas
2980 4254 3268 4348 profertur
3316 4254 3388 4332 ad
3448 4276 3634 4332 homi-

176 4380 264 4419 nou
293 4369 470 4436 bona;
499 4375 558 4424 et
597 4369 660 4423 in
696 4369 903 4440 quibus
941 4369 1133 4423 vivant
1177 4374 1232 4423 et
1259 4370 1316 4422 in
1360 4370 1566 4440 quibus
1594 4386 1713 4424 non
1760 4368 1834 4422 vi-

178 4459 427 4529 vantzqui
459 4458 618 4513 enim
669 4458 913 4512 custodit
949 4462 1205 4513 sanctum
1236 4458 1534 4528 Spiritum,
1588 4458 1726 4512 vivit
1772 4458 1830 4512 in

1940 4383 2062 4435 nes,
2089 4366 2168 4420 ibi
2224 4365 2428 4427 carnis,
2469 4366 2562 4420 hic
2591 4366 2796 4421 litterae
2848 4365 3128 4421 velamine
3160 4370 3392 4421 tectum.
3431 4367 3638 4420 Littera

1939 4460 2212 4527 tanquam
2241 4471 2371 4510 caro
2404 4455 2716 4526 aspicitur:
2767 4455 3082 4526 spiritualis
3126 4471 3325 4510 sensus
3364 4460 3635 4527 tanquam

1944 4544 2211 4600 divinitas
2245 4545 2505 4599 sentitur.

175 4543 255 4608 eis;
299 4547 392 4617 qui
445 4553 649 4602 autem
712 4547 1026 4601 secundum
1080 4562 1332 4614 carnem,
1384 4547 1648 4615 moritur,
1697 4546 1833 4618 quia

175 4631 311 4687 vitam
359 4652 478 4690 non
538 4636 833 4706 cognoscit
868 4635 926 4688 in
981 4634 1080 4688 eis.
1133 4635 1347 4689 Deinde
1387 4634 1676 4704 legislator
1716 4651 1832 4690 non

173 4734 379 4792 semper,
426 4725 531 4778 sed
589 4729 744 4778 certo
803 4728 1064 4794 tempore
1121 4722 1299 4777 voluit
1346 4722 1617 4777 custodiri
1692 4722 1834 4794 legis

175 4812 523 4881 superﬁciem,
557 4818 621 4866 ut
671 4811 1007 4881 reprimeret
1037 4812 1240 4866 duram
1272 4812 1605 4865 Judzeorum
1657 4812 1833 4865 cervi-

173 4910 292 4964 cem;
325 4901 474 4954 unde
501 4919 514 4955 :
570 4902 692 4956 Scio
717 4899 862 4970 quod
907 4901 1139 4969 populus
1178 4902 1278 4954 iste
1307 4900 1456 4954 dum
1485 4902 1710 4954 cervicis
1764 4903 1837 4954 sit

177 4981 337 5045 (EI-od.
394 4989 602 5057 xxxu);
684 4988 823 5043 Osee
864 4993 1054 5041 autem
1088 4993 1250 5041 vocat
1312 4987 1536 5042 JUdtI’OS
1599 4986 1836 5041 vitulam

177 5080 619 5135 consternantem.
659 5091 788 5145 quae
847 5075 1058 5128 scilicet
1110 5076 1270 5128 nullo
1321 5075 1491 5128 modo
1547 5075 1832 5129 domatur.

179 5156 224 5210 Et
264 5163 430 5218 alibi:
494 5166 776 5233 Ephraim
835 5165 1006 5217 vitula
1058 5163 1216 5218 docta
1274 5163 1502 5230 diligere
1557 5166 1834 5231 trituram,

180 5248 371 5305 transiri
416 5269 586 5321 super
650 5253 1113 5322 pulchritudinem
1172 5253 1297 5308 colli
1332 5253 1448 5320 ejus
1512 5251 1682 5321 (Osee.
1738 5253 1833 5322 x);

182 5333 220 5386 in
261 5355 363 5407 quo
411 5341 745 5395 obedientia
791 5340 1164 5410 signiﬁcatur.
1207 5341 1413 5410 Jugum
1472 5339 1628 5393 enim
1694 5338 1837 5409 legis

2503 4632 2730 4687 CAPUT
2773 4631 3062 4687 PRIMUM.

2012 4721 2173 4775 Vens.
2210 4724 2254 4776 ί.
2288 4751 2357 4762 -
2390 4722 2634 4790 Vocavit,
2665 4726 2769 4775 etc.
2815 4721 3003 4790 (lsica.
3048 4722 3108 4774 in
3139 4720 3334 4790 Levit.)
3368 4720 3474 4774 Per
3507 4734 3640 4772 con—

1935 4809 2292 4881 junctionem
2316 4809 2609 4880 sequentia
2631 4809 2826 4880 jungit
2853 4809 3299 4879 prtecedectibus
3327 4827 3342 4875 ;
3379 4807 3634 4871 initium,

1943 4897 2159 4951 scilicet
2215 4895 2349 4950 libri
2408 4896 2577 4966 hujus
2639 4912 2770 4950 cum
2819 4897 2931 4950 ﬁne
2976 4895 3399 4966 praecedentis:
3468 4895 3640 4950 unius

1943 4986 2100 5040 enim
2149 4991 2206 5040 et
2253 4985 2509 5057 ejusdem
2558 4985 2673 5039 diei
2723 5001 2866 5054 opus
2912 4984 2972 5038 in
3018 4989 3262 5056 utroque
3293 4984 3634 5039 continetur

1949 5074 2112 5128 Liber
2143 5091 2372 5146 quoque
2415 5073 2667 5139 Numeri,
2703 5073 2838 5143 quia
2889 5073 3032 5128 nihil
3063 5073 3237 5128 habet
3270 5074 3522 5128 medium
3551 5075 3638 5128 in-

1944 5167 2032 5218 ter
2069 5180 2127 5215 se
2164 5168 2216 5215 et
2265 5162 2595 5228 Leviticum,
2627 5162 2812 5215 simile
2841 5162 3077 5216 sortitur
3115 5162 3500 5232 prooemium;
3535 5163 3640 5217 hoc

1945 5257 2030 5305 est
2062 5267 2073 5305 2
2108 5253 2444 5318 Locutusque
2498 5254 2575 5304 est
2622 5251 2879 5304 Dominus
2931 5250 3006 5304 ad
3048 5252 3264 5317 Moysen
3321 5253 3378 5305 in
3437 5251 3640 5305 deserto

1944 5340 2119 5407 Sinni,
2153 5344 2259 5394 etc.
2298 5338 2477 5409 (Nam.
2531 5339 2594 5407 ι).
2653 5337 2803 5391 Nihil
2843 5354 2980 5409 ergo
3011 5345 3140 5409 post
3189 5339 3484 5394 historiam
3541 5340 3640 5394 Le-

183 5419 426 5498 imposuit,
488 5433 557 5484 ut
591 5428 883 5484 humiliati
938 5429 1185 5484 libenter
1214 5428 1568 5500 susciperent
1629 5427 1750 5482 leve
1782 5431 1837 5480 et
1947 5427 2098 5482 vitici
2146 5431 2274 5480 ante
2330 5425 2627 5481 historiam
2681 5426 2912 5480 Numeri
2943 5428 3194 5498 populus
3248 5429 3399 5500 egit:
3452 5444 3642 5498 neque

187 5526 312 5568 Suave
337 5519 549 5589 jugum
580 5517 873 5589 Evangelii
905 5519 1114 5583 (Matth.
1149 5517 1264 5584 xu).
1946 5517 2101 5570 enim
2147 5517 2333 5571 locum
2363 5518 2699 5582 mutaverat,
2760 5515 2896 5586 quia
2929 5517 3172 5571 necdum
3205 5516 3641 5572 tabernaculum

495 5592 772 5657 ΡΑτιιοι..
823 5591 1038 5655 CXIII.

3211 5593 3290 5650 10
