4052 6180
383 273 488 326 299

997 265 1395 323 WALAFRIDI
1434 263 1683 322 STRABI
1724 263 1922 320 FULD.
1963 261 2096 318 ΜΟΝ

2269 262 2337 318 Ῥ.
2383 261 2556 318 PARS
2599 261 2641 317 Ι.
2683 289 2750 298 -
2795 257 3253 316 THEOLOGICA.

3787 259 3892 312 300

385 387 760 452 dedicaverat,
817 401 920 440 nec
971 385 1218 440 multum
1272 383 1545 455 temporis
1599 383 1973 453 praeterierat.
2008 381 2072 434 In
2099 383 2147 437 A
2187 381 2477 436 missionis
2515 387 2618 437 est.
2671 380 2884 452 Sponte
2936 381 3093 436 enim
3124 379 3308 448 offert,
3355 379 3491 452 quia
3536 380 3755 437 donum
3785 386 3893 450 est,

386 477 575 548 primo
619 475 832 547 quippe
879 491 1073 529 mense
1104 472 1340 528 secundi
1388 471 1547 538 anni,
1580 471 1840 542 ejusdem
1871 469 2085 524 mensis

388 565 552 620 initio
591 579 759 633 agere
808 566 1123 634 coeperunt.
1167 562 1232 615 In
1280 560 1466 615 Exodo
1513 565 1704 630 autem
1749 565 1805 615 et
1860 559 2085 629 Genesi,

391 651 525 723 quia
573 651 815 704 multum
872 647 1150 718 temporis
1202 646 1478 712 medium,
1515 647 1714 700 mortis
1763 647 1973 717 Joseph
2026 651 2086 700 et

390 737 728 810 egressionis
767 737 1019 792 ﬁliorum
1073 737 1265 795 Israel,
1312 735 1574 800 fluxerat,
1624 735 1950 806 conjunctio
1973 750 2089 788 non

392 827 610 882 obtinet
664 825 1034 897 principium,
1082 824 1177 878 sed
1231 827 1622 895 opportunum
1675 821 2091 893 dispensationi

393 931 592 970 eorum
665 914 1027 984 dispensatur
1102 912 1442 968 exordium:
1508 914 1629 966 Haec
1688 916 1814 967 sunt
1868 913 2092 967 nomina

395 1003 634 1074 ﬁliorum
660 1003 826 1057 Israel
851 1004 947 1071 qui
975 1003 1207 1068 ingressi
1225 1006 1349 1055 sunt
1370 1003 1682 1070 Egyptum.

467 1092 679 1164 (lsxcn.)
707 1091 1030 1146 Secundum
1075 1090 1218 1144 LXX.
1255 1090 1565 1144 Revocavit.
1598 1088 1753 1142 Sicut
1780 1088 2093 1143 secundum

397 1196 492 1234 eos
565 1181 834 1234 revocavit
901 1179 1050 1233 Deus
1103 1178 1348 1232 Beseleel
1413 1193 1479 1230 ex
1538 1176 1795 1245 nomine,
1863 1177 2092 1247 quando

395 1266 808 1340 praecepitlieri
840 1265 1267 1320 tabernaculum
1297 1264 1622 1333 secundum
1667 1264 1932 1334 ﬁguram,
1967 1279 2095 1336 qua:

397 1362 620 1410 ostensa
651 1360 734 1409 est
763 1354 821 1408 in
843 1357 1035 1408 monte
1069 1371 1081 1407 :
1114 1369 1250 1423 ergo
1282 1359 1338 1407 et
1368 1369 1516 1407 nunc
1547 1353 1856 1424 quamdam
1881 1353 2092 1407 sacriﬁ-

399 1446 616 1498 ciorum
653 1443 1104 1512 intelligibilium
1158 1442 1467 1512 imaginem
1527 1441 1848 1496 describere
1882 1457 2094 1512 praece-

399 1533 518 1603 pit;
560 1533 683 1586 haec
713 1531 995 1586 revocatio
1027 1531 1240 1602 quippe
1273 1530 1579 1600 quamdam
1611 1530 2094 1601 dispensationem

400 1635 593 1673 rerum
643 1618 729 1673 vel
799 1618 1106 1672 verborum
1155 1617 1227 1671 ad
1291 1616 1586 1688 superiora
1660 1615 2090 1687 respicientium

400 1707 611 1761 innuit.

473 1795 655 1863 (Onio.
717 1795 855 1848 hom.
916 1797 936 1848 1
990 1795 1048 1848 in
1092 1794 1289 1864 Levit.)
1347 1795 1568 1850 Vocavit
1623 1798 1819 1860 autem,
1870 1798 1974 1848 etc.
2034 1795 2100 1849 In

401 1877 705 1948 principio,
740 1882 870 1944 etc.,
909 1893 1080 1946 usque
1116 1878 1190 1931 ad
1220 1877 1318 1948 qui
1346 1877 1418 1931 ad
1453 1878 1594 1949 [hinc
1627 1877 1911 1932 audienda
1955 1878 2098 1932 inte-

403 1966 581 2020 riores
609 1981 775 2020 aures
815 1965 1062 2020 afferunt
1091 1967 1352 2020 mundae.

476 2057 656 2126 (ISICH.
693 2058 751 2109 in
780 2057 975 2123 Levit.)
1009 2055 1172 2119 Quod
1211 2071 1329 2109 non
1358 2054 1557 2126 diligat
1588 2056 1733 2110 Deus
1769 2054 2101 2110 Judmorum

404 2142 696 2212 sacriﬁcia,
755 2149 887 2208 etc.,
957 2159 1126 2212 usque
1177 2144 1251 2198 ad
1324 2147 1380 2197 et
1437 2148 1630 2214 aperte
1691 2144 1813 2198 haec
1881 2143 2100 2198 vocatio

405 2229 884 2301 dispensationem
931 2231 1234 2284 verborum
1289 2233 1375 2285 vel
1429 2246 1623 2286 rerum
1667 2230 2100 2302 respicientium

406 2318 476 2373 ad
508 2319 806 2389 superiora
831 2319 1041 2373 innuit.

477 2401 654 2476 (Onic.
713 2407 898 2462 homil.
965 2411 984 2462 1
1055 2407 1262 2478 Exod.)
1315 2407 1617 2463 Hominem
1689 2424 1860 2480 quem
1907 2409 2099 2480 primo

403 2496 594 2565 posuit
627 2496 697 2550 ad
743 2495 1099 2551 offerendum
1147 2496 1412 2566 Domino,
1453 2503 1583 2565 etc.,
1627 2511 1798 2566 usque
1825 2497 1900 2552 ad
1931 2499 2099 2552 sacri-

407 2583 603 2638 ﬁcium
647 2600 876 2655 quoque
907 2585 1117 2655 duplex
1148 2589 1233 2640 est
1276 2585 1429 2656 quod
1468 2591 1522 2640 et
1553 2585 1846 2640 terrestria
1891 2590 1948 2641 et
1989 2603 2099 2642 coe-

403 2671 568 2725 lestia
594 2673 788 2727 salvet.

473 2761 596 2830 (10.,
627 2760 791 2832 ibid.)
839 2760 1020 2814 Homo
1078 2759 1178 2832 qui
1228 2761 1296 2816 ad
1329 2761 1642 2835 imaginem
1666 2763 1767 2819 Dei
1804 2768 1861 2820 et
1899 2764 2099 2819 simili-

402 2848 661 2903 tudinem
707 2848 887 2904 factus
943 2849 1363 2904 rationabiliter
1425 2852 1582 2924 vivit,
1631 2857 1763 2922 etc.,
1811 2869 1982 2924 usque
2028 2854 2102 2908 ad

407 2941 464 2992 et
492 2938 701 2991 collum
733 2938 856 3008 ejus
878 2937 1026 2991 sicut
1052 2939 1314 2994 turturis.

475 3026 658 3096 (lsicn.
723 3029 780 3079 in
827 3025 1035 3096 Levit.)
1094 3025 1422 3096 Simplicem
1470 3029 1729 3101 designat
1776 3029 2095 3098 hominem,

404 3122 547 3181 etc.,
581 3129 753 3184 usque
779 3115 854 3168 ad
876 3115 1159 3185 jumentis
1187 3115 1362 3170 etiam
1395 3118 1546 3172 salus
1567 3118 1916 3174 conceditur.

477 3204 594 3272 (1ο.)
635 3202 986 3257 Sacrificium
1059 3205 1205 3257 Deus
1246 3205 1421 3276 exigit
1476 3211 1542 3260 ut
1597 3207 1762 3261 nobis
1816 3207 2095 3279 proﬁciat,

404 3305 523 3344 non
553 3290 680 3358 sibi,
727 3294 861 3359 etc.,
886 3306 1058 3361 usque
1103 3291 1180 3346 ad
1208 3309 1337 3362 quae
1369 3294 1598 3350 tandem
1644 3311 1750 3366 pro
1792 3296 1959 3350 nobis
2001 3301 2102 3350 aut

405 3383 601 3432 contra
627 3395 731 3432 nos
760 3379 1157 3434 testimonium
1190 3380 1402 3436 dicant.

476 3468 638 3521 Vens.
673 3469 722 3522 3.
757 3495 827 3508 —
855 3470 926 3522 De
955 3474 1215 3537 armento,
1264 3475 1371 3525 etc.
1418 3472 1599 3544 (Ism.)
1633 3472 1888 3527 Primum
1926 3473 2097 3528 sacri-

405 3555 601 3611 ﬁcium
660 3560 745 3610 est
786 3556 1019 3626 vitulus,
1075 3558 1132 3612 id
1183 3564 1270 3614 est
1311 3560 1583 3623 Christus,
1623 3561 1690 3615 de
1719 3566 1980 3628 armento,
2039 3561 2099 3618 id

405 3648 487 3698 est
520 3643 588 3698 de
639 3643 1096 3715 patriarcharum
1144 3648 1319 3719 stirpe
1360 3650 1718 3721 progenitus,
1771 3650 1870 3722 qui
1909 3655 2098 3706 aratro

403 3747 520 3785 suae
553 3735 735 3786 crucis
759 3738 972 3788 terram
1012 3734 1198 3789 carnis
1250 3741 1461 3791 nostrai
1482 3738 1833 3808 perdomuit,
1866 3743 1922 3794 et
1968 3739 2095 3812 Spi-

405 3819 547 3873 ritus
575 3820 752 3875 sancti
785 3837 981 3876 semen
1011 3822 1287 3879 virtutum
1308 3825 1475 3896 fruge
1508 3826 1727 3882 ditavit.

470 3908 673 3979 (Omc.,
705 3915 768 3964 ut
805 3912 1023 3982 supra.)
1087 3911 1307 3967 Vitulus
1357 3915 1659 3985 superbus,
1719 3931 1848 3972 caro
1879 3921 2098 3987 nostra,

402 4000 530 4063 etc.,
574 4012 744 4068 usque
789 3998 865 4052 ad
919 3999 1112 4054 oleum
1165 4006 1358 4056 autem
1412 4003 1702 4060 charitatis
1733 4010 1790 4060 et
1849 4005 2004 4076 pacis
2045 4011 2101 4061 et

399 4084 644 4139 aliarum
674 4084 948 4142 virtutum
970 4104 1086 4142 non
1107 4088 1454 4145 habuerunt.

471 4174 571 4228 Ad
597 4175 950 4242 placandum,
1011 4181 1117 4230 etc.
1153 4177 1318 4232 Juxta
1361 4180 1484 4235 LXX
1527 4184 1720 4235 autem
1779 4181 1889 4236 hoc
1941 4197 2095 4238 acce-

403 4264 561 4330 ptum
589 4261 724 4316 dicit
759 4263 1042 4331 oﬁerenti,
1076 4264 1286 4320 scilicet
1316 4266 1362 4319 si
1404 4267 1558 4320 enim
1590 4274 1884 4340 acceptum
1933 4271 2096 4326 nobis

399 4365 528 4403 vere
583 4350 675 4417 sit,
729 4353 786 4404 et
825 4367 924 4405 cor
971 4357 1231 4408 nostrum
1300 4359 1450 4408 recte
1497 4356 1780 4426 judicans,
1833 4359 2097 4432 nullique

401 4436 698 4492 adhaerens
737 4438 1008 4510 passioni,
1050 4455 1260 4495 munus
1289 4443 1358 4497 ad
1399 4442 1824 4514 suscipiendum
1856 4446 2093 4518 dignum

399 4524 723 4596 probaverit
757 4542 770 4581 :
806 4531 944 4581 tunc
986 4544 1149 4583 orare
1178 4528 1238 4585 in
1278 4538 1584 4602 conspectu
1621 4533 1864 4601 Domini,
1926 4536 1984 4590 id
2014 4541 2097 4591 est

401 4613 793 4670 remissionem
824 4632 1129 4687 possumus
1187 4619 1464 4674 obtinere.
1527 4622 1684 4676 Unde
1742 4639 1932 4678 coram
1972 4624 2094 4696 ipso

398 4703 762 4759 suadebimus
799 4705 973 4760 corda
999 4711 1215 4770 nostra,
1269 4708 1404 4780 quia
1433 4710 1480 4763 si
1511 4712 1941 4782 reprehenderit
1991 4730 2096 4769 nos

397 4807 498 4846 cor
550 4798 828 4860 nostrum,
883 4794 1092 4850 scimus
1144 4797 1280 4869 quia
1341 4801 1524 4870 major
1578 4805 1664 4856 est
1720 4802 1866 4856 Deus
1920 4804 2092 4860 corde

397 4883 614 4951 nostro,
645 4887 700 4937 et
731 4884 1021 4956 cognoscit
1050 4886 1264 4951 omnia,
1299 4892 1410 4941 etc.

468 4970 628 5023 Vens.
663 4971 714 5024 4,
749 5001 817 5012 -
860 4973 1146 5042 Ponetque,
1198 4979 1303 5028 etc.
1354 4974 1516 5040 Quod
1549 4992 1652 5032 nos
1691 4977 1939 5034 hostiam
1997 4980 2090 5035 di-

397 5057 595 5124 cimus,
657 5060 847 5114 Graace
891 5067 1148 5134 καρπώμα
1179 5062 1406 5132 dicitur,
1447 5063 1506 5118 in
1559 5081 1673 5136 quo
1727 5065 2088 5138 intelligibile

397 5145 786 5202 holocaustum
843 5149 1215 5220 signiﬁcatur.
1271 5150 1655 5222 Spiritualiter
1709 5154 1864 5209 enim
1897 5154 2088 5211 fructi-

396 5232 542 5301 ﬁcat,
585 5235 683 5306 qui
731 5253 833 5307 per
887 5239 1246 5309 spiritualem
1303 5241 1796 5297 conversationem
1843 5243 2088 5299 efficitur

393 5319 829 5378 holocaustum:
893 5330 1128 5396 propter
1171 5327 1322 5398 quod
1380 5328 1478 5400 qui
1527 5328 1710 5397 offert,
1763 5347 1998 5386 manum
2024 5333 2086 5387 in

392 5415 563 5478 caput
586 5411 787 5467 hostire
813 5413 995 5484 ponit,
1025 5415 1179 5485 quod
1224 5414 1510 5486 signiﬁcat
1538 5417 1766 5474 initium
1794 5420 2085 5490 praedictas

391 5499 854 5567 conversationis,
887 5518 1057 5573 quam
1090 5503 1188 5574 qui
1224 5503 1407 5575 offert,
1441 5505 1562 5576 ipse
1594 5507 1701 5561 sibi
1731 5523 1900 5564 causa
1949 5525 2083 5580 pro-

2193 475 2249 524 et
2287 486 2455 524 omne
2507 470 2724 524 donum
2769 469 3152 523 voluntarium
3188 473 3290 523 est.
3327 467 3384 523 Si
3443 467 3600 522 enim
3648 469 3896 540 promis-

2194 555 2410 611 sionem
2469 573 2630 611 suam
2686 561 3043 628 trangressus
3100 556 3293 624 fuerit,
3341 556 3593 628 seipsum
3650 561 3896 625 accusat,

2194 660 2322 699 cum
2354 662 2549 716 poenas
2580 645 2767 700 luerit.
2816 646 2906 701 Sic
2930 650 3123 700 autem
3164 645 3526 717 acceptabilis
3583 645 3694 700 erit
3728 651 3785 700 et
3823 645 3891 700 ad

2197 734 2581 804 expiationem
2628 750 2790 789 suam
2821 734 3144 806 proﬁciens,
3193 749 3323 789 cum
3355 733 3638 806 positione
3691 750 3892 788 manus

2197 822 2662 890 manifestaverit,
2705 823 2842 895 quia
2893 828 3093 895 sponte
3155 839 3270 878 non
3325 822 3664 878 necessitate
3717 823 3889 879 obtu-

2201 911 2348 966 ierit.

2270 1000 2430 1054 Vens.
2604 1031 2672 1040 —
2718 1000 3147 1070 Immolabitque,
3172 1005 3278 1055 etc.
3342 1000 3527 1072 (stcn.
3585 1002 3644 1054 in
3695 1000 3895 1070 Levii.)

2201 1089 2326 1144 Non
2370 1089 2557 1142 solum
2597 1087 2751 1142 enim
2795 1089 3090 1159 propriam
3121 1088 3530 1143 conscientiam
3569 1091 3626 1143 et
3661 1103 3896 1142 conver-

2200 1176 2479 1231 sationem
2512 1178 2625 1230 Deo
2665 1176 2940 1231 debemus
2971 1175 3195 1244 offerre,
3257 1181 3399 1244 etc.,
3430 1192 3601 1246 usque
3655 1176 3729 1231 ad
3761 1176 3896 1230 sicut

2202 1264 2452 1320 Christus
2505 1265 2717 1319 ostium
2769 1266 3113 1339 appellatur,
3155 1265 3234 1320 sic
3285 1265 3548 1322 doctrina
3585 1264 3896 1338 apostolica

2203 1369 2374 1426 quam
2403 1353 2667 1425 largitur.
3827 1361 3834 1371 '
3867 1425 3870 1430 _

2275 1443 2402 1498 Filii
2430 1445 2642 1497 Aaron.
2675 1442 2880 1513 (Onic.,
2931 1442 3027 1497 ubi
3067 1443 3283 1514 supra.)
3335 1442 3412 1496 De
3441 1457 3650 1514 genere
3705 1444 3896 1496 Aaron

2204 1535 2368 1587 erant
2396 1533 2561 1586 Anna
2586 1536 2643 1586 et
2673 1531 2935 1603 Caiphas,
2970 1537 3025 1587 et
3054 1532 3152 1586 alii
3200 1531 3299 1603 qui
3327 1531 3613 1586 Christum
3639 1546 3898 1602 pronun-

2207 1619 2493 1674 tiaverunt
2521 1635 2639 1674 esse
2674 1636 2836 1674 reum
2866 1621 3084 1688 mortis,
3116 1624 3173 1675 et
3207 1619 3534 1675 elfuderunt
3562 1619 3900 1691 sanguinem

2210 1708 2331 1779 ejus
2383 1708 2454 1762 ad
2499 1707 2681 1763 basim
2740 1709 2978 1764 altaris:
3032 1708 3109 1764 ibi
3163 1709 3340 1764 emim
3382 1713 3466 1764 est
3514 1709 3754 1777 occisus,
3804 1708 3900 1762 ubi

2207 1798 2382 1851 altare
2421 1802 2618 1851 eratet
2647 1797 2795 1851 basis
2846 1800 2988 1868 ejus,
3033 1798 3183 1852 unde
3213 1815 3225 1852 :
3259 1799 3374 1856 Non
3404 1800 3554 1870 capit
3576 1799 3899 1869 prophetam

2204 1887 2383 1956 perire
2406 1889 2565 1939 extra
2591 1886 2948 1941 Hierusalem.

2277 1982 2439 2036 Vens.
2473 1983 2522 2035 6.
2552 2011 2621 2023 —-
2672 1985 3042 2052 Delractaque,
3086 1988 3194 2038 etc.
3256 1984 3461 2053 (Ontc.,
3503 1983 3675 2056 ibid.)
3707 1983 3899 2040 Sacer-

2209 2069 2314 2125 dos
2342 2070 2554 2140 pellem
2599 2069 2866 2134 detrahit,
2909 2076 3042 2139 etc.,
3083 2087 3252 2142 usque
3280 2073 3356 2128 ad
3383 2077 3610 2129 terrena
3665 2073 3902 2128 ccelesti-

2207 2165 2314 2214 bus
2345 2163 2400 2214 et
2421 2158 2628 2214 divinis
2655 2159 2905 2214 humana
2932 2160 3191 2217 sociavit.

2281 2257 2376 2328 (In)
2428 2257 2707 2311 Intestina
2754 2275 2883 2312 cum
2931 2259 3174 2329 pedibus
3217 2258 3384 2330 jubet
3442 2275 3590 2331 aqua
3627 2257 3789 2326 dilui,
3846 2258 3910 2314 in

2209 2339 2680 2416 significationem
2734 2345 3026 2417 baptismi.
3052 2347 3329 2402 Intestina
3385 2348 3554 2414 lavat,
3605 2347 3703 2418 qui
3765 2363 3908 2402 con-

2210 2433 2504 2488 scientiam
2560 2438 2800 2505 purgat;
2833 2434 3006 2506 pedes
3055 2435 3259 2502 abluit,
3307 2436 3407 2507 qui
3454 2436 3901 2491 consummatio-

2209 2538 2344 2576 nem
2400 2520 2636 2593 suscipit
2682 2523 3044 2578 sacramenti.
3108 2526 3216 2591 Qui
3242 2527 3384 2579 enim
3426 2525 3658 2580 mundus
3694 2529 3773 2578 est
3799 2539 3912 2577 non

2209 2611 2415 2679 indiget
2442 2613 2553 2665 nisi
2589 2616 2647 2666 ut
2663 2611 2824 2680 pedes
2846 2612 3006 2680 lavet,
3038 2613 3133 2668 sed
3162 2618 3241 2668 est
3271 2613 3503 2668 mundus
3533 2618 3674 2669 totus
3711 2612 3907 2683 (Joan.

2206 2698 2334 2767 xv):
2370 2715 2474 2753 uec
2527 2699 2831 2771 quisquam
2861 2704 3048 2772 potest
3073 2702 3286 2758 habere
3325 2708 3548 2776 partem
3596 2717 3727 2757 cum
3751 2701 3910 2768 Jesu,

2208 2787 2318 2843 nisi
2347 2788 2548 2842 laverit
2572 2789 2744 2859 pedes
2766 2790 2910 2861 ejus.

2271 2886 2454 2956 (ISICH.
2499 2887 2558 2940 in
2587 2885 2792 2956 Lavit.)
2843 2887 3010 2941 Pellis
3056 2886 3380 2942 detrahitur
3407 2903 3539 2943 cum
3598 2887 3812 2943 divitiis
3854 2894 3916 2944 et

2207 2975 2644 3046 quibuscumque
2694 2976 3063 3030 sencularibus
3106 2977 3511 3048 exspoliamur,
3543 2982 3676 3044 etc.,
3734 2993 3914 3048 usque

2206 3061 2280 3116 ad
2312 3061 2598 3116 Christum
2629 3062 2918 3117 imitantes
2957 3063 3105 3118 sicut
3123 3079 3452 3135 possumus.

2278 3159 2471 3229 (Gneo.
2495 3159 2591 3212 lib.
2626 3161 2880 3221 iMoral.,
2939 3176 3062 3232 cap.
3120 3161 3230 3230 40.)
3281 3162 3497 3216 Pellem
3556 3161 3762 3216 hostia:
3814 3162 3914 3217 de-

2206 3247 2506 3315 trahimus,
2547 3253 2677 3315 etc.,
2718 3263 2887 3319 usque
2923 3249 2999 3303 ad
3053 3249 3196 3304 nihil
3234 3249 3522 3305 lubricum
3553 3251 3615 3306 in
3657 3266 3758 3306 ara
3787 3267 3911 3306 suae

2205 3335 2480 3391 orationis
2500 3336 2779 3406 imponat.

2278 3436 2438 3489 Vens.
2495 3436 2578 3489 t0.
2622 3461 2690 3474 -κ
2729 3433 2881 3500 Quod
2925 3436 2994 3502 si,
3040 3437 3146 3491 etc.
3181 3435 3367 3506 (stcn.
3426 3437 3487 3490 in
3522 3436 3717 3506 Leuit.)
3759 3437 3908 3491 Pau-

2203 3522 2284 3577 cis
2335 3522 2652 3577 immutatis
2699 3523 2897 3578 eadem
2954 3524 3110 3591 dicit,
3161 3528 3292 3592 etc.,
3346 3541 3520 3595 usque
3571 3525 3648 3580 ad
3695 3526 3907 3581 unde:

2207 3611 2379 3666 Filius
2403 3627 2517 3665 non
2556 3611 2809 3682 portabit
2835 3611 3198 3684 iniquitatem
3227 3613 3427 3684 patris,
3457 3618 3563 3670 etc.

2277 3708 2627 3775 Anniculum,
2689 3712 2796 3763 etc.
2856 3709 3026 3780 (Ism.)
3089 3711 3287 3781 Agnus
3336 3710 3580 3780 oblatus,
3647 3710 3912 3767 Christus

2205 3795 2482 3850 innocens
2539 3795 2857 3852 crucifixus.
2913 3797 3120 3853 Unde:
3181 3799 3327 3854 Ecce
3383 3814 3556 3868 agnus
3617 3801 3738 3868 Dei,
3791 3817 3912 3856 ecce

2207 3885 2304 3954 qui
2333 3885 2474 3939 tollit
2497 3888 2721 3954 peccata
2755 3885 2968 3941 mundi.
3017 3887 3168 3942 Bene
3214 3887 3417 3943 haedus
3465 3888 3718 3955 offertur,
3767 3889 3912 3961 quia

2210 3989 2312 4044 per
2351 3977 2593 4029 mortem
2642 3973 2850 4030 Christi
2889 3975 3186 4046 jugulatur
3214 3975 3479 4032 diabolus
3521 3982 3725 4033 auctor
3780 3994 3911 4050 pec-

2208 4060 2340 4116 cati.

2281 4161 2494 4232 (Isrcn.)
2554 4161 2672 4217 Hoc
2700 4162 2768 4216 de
2802 4162 2981 4218 bobus
3034 4179 3151 4218 non
3205 4165 3493 4237 praecepit,
3544 4171 3676 4234 etc.,
3731 4180 3910 4238 usque

2129 4238 2174 4295 Ι)
2203 4248 2278 4302 ad
2305 4254 2610 4320 propterea
2638 4251 3034 4308 holocaustum
3065 4252 3277 4308 dicitur
3305 4254 3478 4310 etiam
3519 4253 3639 4310 sine
3694 4270 3907 4326 opera-

2206 4336 2363 4392 tione
2385 4337 2642 4409 justitire.

2276 4435 2436 4492 Vens.
2486 4438 2570 4490 11.
2603 4437 2790 4491 --Ad
2828 4437 2991 4506 latus,
3043 4436 3102 4493 id
3151 4443 3236 4494 est
3278 4439 3662 4496 Gentilitatem
3719 4441 3909 4497 altare

2205 4521 2466 4593 respicit,
2524 4523 2660 4595 quia
2720 4540 2824 4596 pro
2871 4526 3134 4596 gentibus
3205 4529 3488 4584 celebrata
3570 4533 3654 4585 est
3709 4530 3909 4602 passio

2205 4610 2431 4666 Christi.
2487 4612 2597 4666 Nos
2647 4629 2778 4667 vero
2837 4614 2906 4670 ab
2957 4615 3354 4688 aquilouarem
3402 4621 3630 4689 partem
3703 4620 3910 4675 altaris

2202 4699 2541 4755 sacriﬁcium
2592 4700 2907 4770 offerimus,
2964 4703 3102 4760 dum
3174 4707 3511 4762 memoriter
3565 4707 3907 4780 passionem

2203 4788 2406 4844 Christi
2428 4804 2533 4860 pro
2564 4790 2828 4860 gentibus
2859 4791 3064 4848 factam
3088 4794 3393 4851 credimus.

2270 4886 2432 4941 Vens.
2485 4889 2571 4943 l3.
2617 4917 2686 4930 —
2735 4888 2931 4944 Omnia
2985 4891 3240 4948 adolebit.
3293 4893 3427 4948 Hinc
3489 4893 3684 4950 omnia
3724 4911 3910 4968 super

2198 4974 2373 5029 altare
2414 4973 2746 5031 offerentem
2785 4994 2999 5049 ponere
3043 4979 3209 5050 jubet
3261 4988 3321 5037 ut
3349 4995 3582 5038 omnem
3631 4989 3909 5042 nostrum

2197 5060 2513 5126 hominem,
2550 5063 2944 5134 spiritualibus
2994 5068 3290 5138 scripturis
3331 5086 3459 5141 qua:
3491 5069 3561 5124 de
3617 5070 3908 5142 intelligi-

2195 5147 2298 5202 bili
2346 5149 2513 5204 altari
2556 5151 2836 5206 Dominici
2863 5155 3116 5226 corporis
3141 5156 3310 5212 dictae
3340 5162 3492 5224 sunt,
3538 5163 3904 5230 coaptemus,

2196 5241 2253 5290 et
2283 5236 2347 5292 ad
2381 5237 2767 5294 imitationem
2793 5241 2916 5312 ejus
2944 5243 3134 5298 vivere
3163 5246 3522 5302 studeamus.

2266 5338 2337 5391 Et
2392 5337 2629 5392 odorem.
2709 5338 2948 5404 Quando
3003 5341 3346 5398 sacrificium
3411 5349 3673 5400 nostrum
3725 5344 3908 5400 holo-

2195 5431 2457 5481 caustum
2490 5425 2574 5494 ﬁt,
2615 5430 2672 5481 et
2721 5426 3016 5484 offerimus
3077 5431 3276 5486 omnia
3310 5448 3482 5504 super
3528 5433 3908 5506 intelligibife

2195 5512 2394 5581 altare,
2456 5517 2730 5588 tanquam
2770 5515 3091 5574 imitatores
3145 5519 3354 5575 Christi
3392 5521 3904 5593 conversationem
