4064 6186
205 268 273 321 30l
1277 261 1534 321 GLOSSA
1573 262 1980 320 oaumanu.
2021 291 2093 305 —
2133 262 2261 320 LIB.
2309 264 2529 322 LEVIT.
2948 252 2951 255 ’
3536 258 3636 323 30-2

194 385 284 439 vilis
308 384 488 439 nostris
520 379 944 437 conformautes
992 382 1066 449 ei,
1099 385 1234 438 tunc
1280 382 1519 439 offertur
1572 383 1818 439 Domino
1849 385 1892 440 A
1926 381 2063 454 quia
2089 398 2192 453 pro
2220 384 2530 454 capacitate
2580 398 2776 440 sensus
2826 383 3218 458 unusquisque
3263 385 3447 441 ﬁdelis
3487 386 3630 444 Scri-

191 477 291 531 odor
312 470 676 528 suavissimus.
1924 477 2110 543 pturie
2162 472 2456 528 scientiam
2502 472 2671 528 debet
2732 476 3021 544 appetere.
3092 473 3291 529 Unde:
3341 476 3459 532 Non
3508 476 3633 545 plus

236 565 366 619 Vsas.
399 562 475 616 14.
507 590 573 600 -
603 560 665 615 Si
687 563 886 615 autem.
920 558 1095 631 (lsm.)
1153 560 1385 630 Turtnr,
1418 575 1547 615 caro
1587 559 1814 627 Christi,
1924 575 2112 629 sapere
2140 575 2305 630 quam
2341 565 2568 632 oportet,
2597 559 2693 615 sed
2720 576 2907 631 sapere
2928 561 3003 616 ad
3072 563 3432 618 sobrietatem.
3485 568 3634 634 Quo-

188 651 433 706 secundum
457 648 594 703 illud
649 647 1012 703 Salomonis:
1070 650 1315 705 Pulchra
1342 654 1469 704 sunt
1520 664 1667 718 genae
1714 654 1817 704 tuae
1923 664 2045 703 rum
2072 665 2230 712 unus,
2252 654 2357 704 etc.
2418 648 2587 721 (Rom.
2620 648 2738 720 xu).
2783 650 3106 706 Notandum
3163 651 3319 722 quod
3373 652 3629 723 pugillus

187 746 279 795 sicut
301 742 510 793 turtur-is
542 754 555 791 :
622 737 900 792 Columba
953 736 1231 809 Spiritum
1297 744 1554 793 sanctum
1593 738 1813 809 signiﬁ-
1924 736 2127 791 simila:
2158 738 2359 805 etolei,
2395 743 2578 793 totum
2610 754 2743 793 vero
2776 740 2906 793 thus
2945 738 3138 794 olferri
3174 739 3411 811 jubetur
3443 756 3456 808 ;
3496 741 3632 812 quia

188 839 255 883 cat.
288 828 460 883 Unde:
495 828 669 896 Super
706 842 862 897 quem
914 827 1118 881 videris
1170 828 1437 896 Spiritum
1487 827 1815 882 descenden-
1920 826 2200 896 sapientia
2230 843 2358 898 quae
2386 828 2442 881 in
2470 827 2676 893 simila,
2709 832 2766 882 et
2794 828 3039 883 Charitas
3100 829 3187 883 vel
3230 827 3631 885 misericordia

184 920 386 971 temstcut
412 916 726 980 columbam,
775 916 859 969 hic
883 919 962 970 est
990 917 1161 970 Filius
1193 931 1354 971 meus.
1408 917 1619 971 Turtur
1679 931 1814 985 ergo
1923 930 2053 986 quae
2083 915 2141 969 in
2168 915 2294 970 oleo
2321 916 2601 987 signatur,
2634 916 2693 971 in
2741 917 2847 971 hac
2887 917 3001 972 vita
3056 934 3170 973 non
3228 921 3468 988 possunt
3507 934 3630 974 esse

180 1004 377 1059 columba
404 1019 530 1057 caro
557 1003 765 1059 Christi
818 1006 903 1057 est
955 1002 1195 1075 Spiritui
1247 1004 1504 1060 sociata:
1563 1005 1680 1059 haec
1708 1003 1817 1058 tria
1922 1004 2111 1074 plena.
2145 1002 2350 1058 Unde:
2408 1004 2659 1059 Videmus
2715 1020 2852 1059 nunc
2910 1021 3009 1076 per
3055 1008 3327 1077 speculam
3379 1008 3438 1060 in
3492 1008 3628 1061 aeni-

177 1092 388 1147 sacriticia
414 1091 577 1146 oﬁ‘ert
606 1092 796 1156 homo,
826 1091 885 1145 id
905 1096 991 1145 est
1020 1090 1299 1161 Christus,
1341 1092 1412 1147 de
1468 1091 1655 1147 bobus
1705 1092 1812 1147 sci-
1918 1098 2096 1160 gmatc
2125 1109 2138 1147 :
2166 1098 2224 1148 ct
2273 1109 2414 1148 nunc
2443 1108 2694 1161 cognosco
2736 1110 2803 1147 ea:
2851 1099 3029 1163 parte,
3065 1099 3173 1150 etc.
3223 1096 3262 1165 (l
3298 1096 3416 1152 Cor.
3486 1099 3612 1163 xu).

174 1182 263 1236 licet
284 1180 584 1252 pecoribus,
613 1184 671 1234 et
702 1180 918 1235 avibus.
1920 1180 2043 1236 Oiei
2073 1197 2301 1253 quoque
2341 1198 2471 1253 pars
2536 1183 2793 1246 otl'ertur,
2844 1183 2979 1255 quia
3020 1183 3415 1238 misericordia
3474 1200 3625 1238 nun-

219 1272 364 1338 (lsicn.
416 1272 472 1324 in
533 1268 728 1339 Levii.)
784 1267 1150 1324 Admirabilis
1194 1268 1503 1323 verborum
1588 1268 1811 1324 subtili-
1919 1285 2092 1342 quam
2118 1269 2407 1341 impletur,
2477 1271 2612 1342 quia
2669 1271 2773 1325 etsi
2825 1272 3146 1326 miserearis
3189 1277 3470 1343 quantum
3527 1288 3626 1343 po-

170 1364 243 1424 tas,
266 1363 382 1427 etc.,
410 1373 576 1427 usque
601 1358 695 1425 ad,
713 1358 1245 1429 contemplanturet
1274 1357 1502 1429 sapiunt
1541 1357 1809 1425 coelestia,
1920 1364 2026 1426 tes,
2062 1356 2189 1427 plus
2217 1360 2410 1411 tamen
2441 1357 2610 1412 debes
2637 1358 2800 1412 velle.
2837 1358 3090 1413 Charitas
3124 1359 3297 1413 etiam
3322 1376 3453 1432 quae
3495 1362 3623 1415 oleo

170 1448 238 1501 ubi
260 1447 486 1504 Christus
517 1447 684 1503 estin
715 1447 942 1502 dextera
970 1445 1068 1502 Dei
1089 1446 1308 1502 sedens.
1919 1446 2220 1515 ﬁguratur,
2249 1445 2310 1500 in
2341 1446 2608 1517 praesenti
2640 1446 2959 1514 inchoatur,
3010 1446 3069 1502 in
3118 1447 3309 1502 futuro
3367 1448 3623 1521 perﬁcie-

908 1581 966 1608 W
1027 1580 1072 1608 η
1920 1536 2029 1587 tur.
2061 1532 2213 1587 Thus
2233 1538 2426 1589 autem
2455 1538 2639 1591 totum
2696 1540 3003 1606 crematur,
3034 1537 3172 1608 quia
3232 1552 3460 1608 semper
3495 1553 3619 1592 ora-

742 1580 966 1636 CAPUT
1027 1580 1093 1635 ιι.
1840 1674 1861 1677 μ
1919 1580 2389 1677 ίέῌπὲίίῌξὶεῆῐιὶῐ

214 1712 421 1766 Vsns.2.
452 1741 521 1753 —
574 1713 800 1777 Anima,
862 1715 969 1766 etc.
1011 1713 1052 1767 Α
1127 1709 1355 1765 meliori
1402 1716 1561 1783 parte
1619 1674 1880 1769 totumB
1930 1674 1936 1675 γ
1978 1674 2531 1766 rSimiiaviﬂScientim
2600 1713 2689 1767 vel
2777 1712 3119 1783 cognitionis
3196 1712 3313 1767 Dei.
3380 1714 3623 1782 Accepta

162 1797 399 1854 hominem
458 1799 786 1871 signiﬁcat:
830 1798 1075 1871 requirit
1133 1799 1290 1853 enim
1344 1799 1697 1870 spiritualem
1755 1807 1810 1857 et
1918 1798 2073 1853 enim
2112 1804 2199 1854 est
2227 1798 2521 1854 scientiaa
2553 1801 2689 1868 Deo,
2713 1816 2887 1873 quam
2941 1803 3082 1857 tidcs
3138 1800 3621 1872 comprehendere

160 1887 420 1956 perfectum
446 1889 789 1954 auditorem,
844 1887 982 1960 quia
1034 1886 1227 1943 anima
1257 1891 1342 1943 est
1392 1888 1683 1960 sapientia:
1714 1906 1805 1946 ca-
1917 1890 2125 1959 potest,
2157 1890 2214 1941 et
2244 1887 2388 1942 sicut
2416 1887 2754 1959 quipugillo
2786 1891 2908 1945 vult
2936 1890 3065 1960 plus
3111 1888 3623 1960 comprehendere,

160 1991 258 2047 pax,
284 1992 386 2031 non
403 1993 552 2033 caro.
1917 1975 2059 2031 nihil
2102 1975 2347 2047 proﬁcit,
2406 1981 2594 2031 totum
2641 1977 2855 2049 quippe
2895 1978 3179 2033 decurrit:
3210 1978 3289 2032 sic
3346 1977 3485 2032 ﬁdes
3539 1981 3622 2030 est

209 2066 355 2136 (1310.)
408 2068 638 2132 Anima,
711 2070 813 2121 etc.
886 2065 1167 2131 Quartum
1239 2066 1585 2123 sacriﬁcium
1645 2069 1809 2125 offert
1917 2081 2185 2120 mensura
2214 2064 2466 2119 scientias
2498 2066 2618 2121 Dei.
2653 2066 2876 2124 Credere
2929 2070 3070 2122 enim
3123 2070 3329 2137 oportet
3377 2065 3623 2120 accedeno

160 2151 325 2207 anima.
370 2152 565 2208 Simila
626 2153 926 2209 Ecclesiam
979 2153 1283 2225 signiﬁcat,
1345 2171 1474 2227 quia
1548 2156 1619 2210 de
1666 2158 1809 2211 mul-
1918 2158 2020 2208 tem
2039 2154 2114 2209 ad
2140 2157 2324 2223 Deum,
2357 2160 2406 2209 et
2436 2155 2582 2224 quod
2633 2171 2740 2211 non
2787 2161 2864 2212 est
2916 2172 2983 2212 ea:
3025 2156 3164 2229 ﬁde,
3219 2160 3499 2228 peccatum
3542 2158 3620 2209 est

160 2239 211 2294 tis
260 2243 494 2312 personis
540 2242 708 2314 quasi
802 2242 998 2312 granis
1069 2246 1156 2298 est
1206 2244 1457 2312 collecta,
1536 2244 1678 2316 legis
1752 2251 1810 2301 et
1918 2244 2196 2317 (Heb.x1).

161 2327 393 2399 Evangelii
418 2333 571 2386 mola
609 2330 764 2386 inter
813 2331 1060 2387 litteram
1103 2336 1160 2387 et
1210 2332 1477 2403 spiritum
1529 2339 1806 2405 separata,
1988 2331 2325 2397 Memoriate,
2349 2336 2436 2385 etc
2472 2372 2486 2399 ,
2530 2332 2872 2403 cognitionis
2923 2333 3022 2388 Dei
3073 2331 3385 2403 perfectam
3443 2330 3619 2385 scien-

161 2432 234 2486 per
255 2434 441 2489 aquam
468 2419 746 2491 baptismi
772 2419 1039 2487 adunata,
1089 2420 1394 2477 chrismate
1450 2430 1725 2494 peruncta
1754 2429 1810 2479 et
1915 2420 2075 2483 tiam,
2109 2420 2270 2489 cujus
2299 2434 2580 2474 memores
2611 2420 2848 2490 erimus,
2878 2437 3008 2492 qua:
3050 2435 3345 2491 nunquam
3372 2418 3615 2473 destrui-

159 2506 349 2561 solidata
373 2509 657 2578 spirituali
690 2509 823 2580 igne
852 2526 867 2575 ;
900 2525 1004 2582 per
1031 2508 1414 2566 humilitatem
1466 2512 1529 2567 ﬁt
1581 2515 1809 2584 accepta
1916 2513 2010 2564 tur
2043 2524 2059 2577 ;
2092 2512 2147 2562 et
2176 2524 2301 2562 eam
2332 2525 2461 2579 quae
2494 2524 2646 2564 nunc
2684 2514 2787 2580 est,
2837 2526 2953 2565 non
3000 2512 3062 2564 ut
3102 2508 3466 2573 contrariam,
3525 2509 3618 2563 de-

158 2592 313 2649 hostia.
1916 2596 2102 2663 struit,
2135 2596 2230 2648 sed
2264 2602 2486 2666 partem
2524 2596 2817 2653 minimam
2868 2614 2986 2652 esse
3047 2613 3148 2669 per
3202 2595 3617 2668 plenitudinem

206 2682 375 2754 (Ome)
395 2686 513 2739 hom
547 2687 602 2739 2.
634 2686 696 2739 in
737 2685 866 2740 Lev.
914 2687 1142 2741 Anima.
1183 2685 1322 2751 Quae
1358 2686 1571 2743 scilicet
1599 2703 1703 2743 nec
1725 2688 1803 2742 vi-
1916 2700 2079 2740 suam
2107 2684 2356 2739 ostendit
2387 2701 2400 2739 :
2430 2687 2559 2743 Cum
2580 2690 2723 2742 enim
2750 2690 2955 2742 venerit
2980 2686 3123 2755 quod
3152 2687 3453 2756 perfectum
3516 2689 3613 2752 est,

159 2770 300 2826 tutum
328 2773 509 2838 habet,
547 2778 654 2829 etc.
680 2790 695 2842 ;
724 2789 894 2844 usque
944 2774 1019 2829 ad
1038 2775 1164 2830 oleo
1218 2774 1425 2831 divine
1483 2775 1803 2832 misericor-
1912 2773 2265 2829 evacuabitur
2290 2775 2435 2843 quod
2462 2790 2530 2830 ea:
2560 2782 2718 2845 parte
2742 2782 2821 2832 est
2842 2776 2884 2847 (Ι
2931 2777 3062 2829 Cor.
3104 2775 3242 2845 xui).

159 2857 237 2911 dize
260 2861 333 2914 vel
351 2863 570 2932 gratiae.
1987 2864 2145 2917 Vens.
2174 2864 2226 2916 3.
2260 2891 2330 2904 -
2369 2865 2441 2918 De
2498 2867 2784 2935 sacriﬁcio,
2845 2869 2950 2919 etc.
2985 2864 3171 2935 (lsrca.
3243 2866 3304 2919 in
3363 2859 3508 2933 Lev.)
3545 2861 3619 2915 De

211 2947 417 3018 Mystice,
454 2950 762 3022 signiﬁcat,
824 2952 966 3006 sicut
1017 2950 1125 3006 ibi:
1176 2953 1401 3007 Cunctae
1443 2960 1637 3008 animae
1690 2969 1810 3023 quae
1837 2967 1877 3024 ο
1915 2952 2013 3009 illa
2042 2950 2254 3006 scilicet
2275 2953 2525 3021 perfecta
2554 2960 2611 3009 et
2636 2954 2695 3009 in
2718 2954 2871 3009 caelis
2902 2952 3250 3021 abscondita,
3278 2951 3338 3007 in
3369 2950 3619 3007 Christo-

155 3037 357 3103 i’ngressae
402 3045 527 3095 sunt
587 3055 705 3095 cum
743 3041 909 3097 Jacob
971 3043 1031 3096 in
1092 3041 1415 3111 ﬂigyptam,
1483 3047 1589 3097 etc.
1650 3042 1803 3114 (Gen.
1915 3058 2026 3116 que
2057 3040 2307 3111 reposita
2336 3042 2593 3111 scientia,
2623 3046 2683 3099 in
2714 3059 2817 3113 quo
2876 3047 3002 3099 sunt
3037 3057 3214 3099 omnes
3269 3041 3513 3097 thesauri
3540 3048 3621 3094 sa'

158 3127 288 3195 xm.)
318 3127 482 3182 Lucas
512 3132 706 3183 autem
737 3129 843 3183 ait:
889 3132 1116 3185 Eramus
1159 3137 1339 3185 autem
1394 3146 1573 3187 omnes
1612 3136 1809 3189 animae
1913 3133 2132 3204 pientiz
2157 3134 2208 3185 et
2234 3133 2469 3187 scientiae
2500 3132 2806 3187 absconditi
2826 3133 2963 3203 (Col.
2988 3131 3067 3203 u).

155 3215 325 3269 iuuari
363 3217 605 3273 ducenta
657 3220 1009 3287 septuaginta
1055 3233 1151 3273 sea:
1200 3218 1343 3288 (Act.
1402 3218 1592 3290 xxvii).
1673 3221 1805 3275 For-
1987 3224 2196 3291 Aaron,
2229 3226 2537 3278 montanus
2573 3220 3001 3291 interpretatur,
3046 3220 3104 3274 id
3157 3222 3260 3286 est,
3317 3217 3521 3272 altiora
3549 3215 3619 3272 de

158 3300 268 3356 sitan
289 3319 381 3374 per
398 3306 677 3372 animam,
720 3306 999 3361 Gentilem
1050 3306 1352 3377 signiﬁcat.
1415 3307 1599 3379 Supra
1651 3309 1806 3364 enim
1919 3311 2033 3366 Deo
2064 3311 2391 3385 intelligens
2423 3326 2437 3378 ;
2470 3310 2556 3365 vel
2594 3325 2854 3376 arcanus,
2887 3308 3049 3380 quasi
3080 3308 3139 3363 in
3160 3325 3219 3362 se
3285 3307 3471 3379 legem
3520 3304 3621 3361 Dei

158 3388 752 3466 liliislsraelprmcepit,
782 3399 845 3449 ut
874 3394 1146 3449 sacriﬁcia
1177 3395 1449 3451 offerrent
1498 3412 1627 3451 cum
1677 3413 1805 3452 san-
1915 3404 1972 3455 et
2029 3402 2255 3474 eloquia
2304 3400 2566 3455 habens:
2621 3398 2714 3454 hic
2774 3397 3115 3453 sacriﬁcium
3157 3396 3364 3452 oﬁ‘erre
3414 3398 3618 3468 potest.

156 3478 304 3547 guine.
335 3482 427 3536 Hic
464 3488 659 3537 autem
704 3482 804 3554 qui
847 3487 931 3537 est
976 3482 1098 3536 sine
1157 3483 1304 3554 lege,
1352 3483 1559 3538 oﬁ'erre
1604 3484 1805 3556 praeci-
1914 3488 2183 3545 Sanctum
2258 3493 2608 3555 sanctorum,
2669 3490 2753 3541 est
2779 3486 2849 3540 dc
2922 3485 3312 3542 oblationibus
3346 3485 3619 3541 Domino:

154 3567 295 3635 piens.
324 3586 433 3625 non
454 3572 594 3626 dicit
621 3571 818 3637 homo,
842 3570 991 3625 sicut
1040 3587 1234 3641 supra,
1283 3572 1380 3627 sed
1416 3574 1623 3627 anima.
1664 3573 1804 3627 Ani-
1916 3578 2128 3648 partilg
2151 3577 2306 3633 enim
2352 3582 2438 3632 est
2475 3575 2629 3647 quod
2674 3574 2961 3647 reliquum
3013 3580 3117 3639 est,
3171 3591 3370 3630 omnes
3431 3578 3623 3630 tamen

154 3656 283 3710 malis
304 3664 415 3713 erat
441 3660 703 3728 Gentilis,
738 3677 853 3714 non
887 3659 1213 3730 intelligens
1235 3676 1302 3714 ea
1332 3677 1459 3732 quae
1501 3665 1632 3715 sunt
1684 3662 1801 3724 Dei,
1916 3666 2182 3720 scientias
2211 3682 2486 3738 superans
2513 3669 2568 3718 et
2621 3664 2688 3718 ad
2741 3664 3149 3735 perfectionem
3181 3664 3453 3719 exaltans.

152 3744 224 3798 sed
266 3752 483 3803 vocatur
561 3749 635 3803 ad
700 3749 1049 3804 oblationem
1126 3749 1518 3805 misericordia
1578 3750 1694 3818 Dei,
1747 3757 1810 3806 ut
1988 3756 2147 3809 Vens.
2179 3756 2229 3809 4.
2269 3784 2337 3796 -ι
2379 3752 2515 3807 Cum
2547 3752 2806 3807 obtuteris
2850 3754 3201 3820 sacrificium,
3253 3754 3359 3806 etc.
3405 3750 3623 3821 (Isicu.,

153 3834 378 3905 percipiat
422 3839 706 3904 salutem;
771 3853 900 3893 cum
931 3853 1037 3909 pro
1075 3838 1318 3909 peccatis
1356 3838 1633 3894 sacriﬁcia
1685 3840 1806 3894 dis-
1916 3842 2078 3914 ibid.)
2109 3842 2461 3899 Sacriﬁcium
2492 3840 2745 3896 Christus
2775 3856 2879 3911 pro
2907 3840 3071 3894 nobis
3101 3838 3455 3894 immolatus.

154 3922 293 3990 ponit,
321 3926 413 3997 qui
458 3942 567 3981 nec
614 3926 782 3981 habet
829 3943 994 3982 ovem
1048 3943 1153 3982 nec
1209 3943 1461 3998 capram,
1523 3931 1806 3985 turturem
1990 3934 2205 3989 Coctum
2234 3938 2293 3985 in
2340 3930 2550 3985 clibano
2614 3928 2873 4001 virginis,
2943 3928 3157 3983 scilicet
3197 3930 3379 3982 utero.
3440 3925 3629 3982 Cliba;

151 4011 215 4064 vel
247 4015 550 4069 columbam
613 4015 817 4070 oii‘erre
882 4016 1255 4088 praecipitur;
1310 4016 1411 4087 qui
1469 4033 1573 4071 nec
1635 4018 1808 4073 habet
1918 4037 2026 4075 nus
2059 4020 2212 4075 enim
2236 4034 2446 4091 panem
2477 4016 2717 4089 suscipit
2748 4022 2804 4071 et
2852 4016 3075 4087 ignem:
3134 4014 3213 4069 sic
3262 4018 3459 4068 uterus
3513 4011 3624 4066 vir-

152 4096 558 4168 illud,similam.
599 4105 725 4159 Non
746 4105 1036 4176 enimjam
1089 4122 1158 4160 ex
1210 4106 1499 4176 operibus,
1556 4110 1620 4159 ut
1657 4123 1806 4176 pau-
1916 4108 2065 4179 ginis
2096 4123 2305 4179 panem
2332 4106 2483 4173 vitae,
2517 4105 2574 4161 id
2606 4109 2692 4160 est
2719 4105 2817 4160 Dei
2866 4104 3125 4170 verbum,
3176 4107 3231 4158 et
3276 4102 3470 4173 ignem
3499 4099 3627 4171 Spi-

150 4202 228 4256 per
260 4190 568 4257 virtutibus,
626 4193 727 4247 sed
789 4193 911 4248 sola
976 4194 1301 4265 cognitione
1354 4194 1456 4249 Dei
1535 4195 1802 4260 salvetur,
1843 4253 1879 4266 ἢ
1921 4195 2065 4251 ritus
2102 4196 2279 4249 sancti
2311 4196 2380 4251 de
2410 4195 2550 4250 caelo
2582 4193 2847 4266 suscepit.
2886 4193 3044 4249 Unde
3080 4210 3092 4247 :
3135 4194 3377 4263 Spiritus
3404 4193 3623 4245 sanctus

153 4253 250 4346 qua:
305 4279 430 4335 licet
491 4253 843 4352 principium
907 4282 981 4337 sit
1043 4253 1267 4349 salutis,
1325 4286 1518 4338 tamen
1568 4282 1702 4337 thus
1756 4253 1812 4337 et
1841 4253 1883 4306 θ
1921 4287 2262 4355 superveniet
2286 4286 2345 4339 in
2377 4289 2441 4349 te,
2480 4288 2585 4338 etc.
2615 4253 2767 4354 (Luc:
2810 4282 2871 4352 ι).
2918 4282 2977 4338 Si
3028 4253 3363 4353 ergdott‘ers
3418 4293 3630 4333 munus

155 4366 324 4434 oleum,
395 4370 865 4442 supponendum.
937 4375 1001 4425 ut
1066 4372 1250 4443 gratia
1304 4372 1373 4427 de
1435 4371 1812 4443 elcemosynis
1924 4372 2332 4428 incarnationis
2363 4371 2594 4439 Christi,
2637 4388 2766 4444 quas
2824 4371 2972 4427 facta
3001 4376 3086 4426 est
3141 4370 3201 4425 in
3259 4372 3456 4423 ventre
3516 4366 3628 4421 vir-

156 4458 195 4506 et
227 4457 565 4513 orationibus
643 4458 967 4513 misceatur.
1048 4459 1203 4515 Unde
1265 4460 1503 4531 angelus
1558 4460 1625 4514 ad
1676 4461 1815 4515 Cor-
1923 4460 2095 4533 ginis,
2119 4478 2236 4516 non
2266 4465 2349 4516 est
2378 4465 2674 4533 acceptum
2707 4461 2843 4529 Deo,
2906 4459 3016 4515 nisi
3048 4459 3118 4514 de
3172 4458 3383 4524 simila,
3454 4456 3510 4511 id
3545 4458 3630 4509 est

158 4543 332 4599 nelium
405 4548 514 4602 ait:
606 4550 890 4606 Orationes
973 4552 1076 4604 tua?
1148 4552 1198 4602 et
1275 4549 1621 4618 eleemosyna
1710 4554 1814 4604 tua:
1924 4549 2162 4605 scientia
2199 4551 2285 4605 vel
2314 4549 2517 4604 notitia
2548 4550 2648 4604 Dei
2678 4548 2794 4605 ﬁat.
2851 4550 2928 4603 De
2981 4549 3085 4603 hac
3118 4564 3176 4603 re
3228 4546 3511 4617 siquidem
3549 4544 3632 4599 10¢

156 4633 464 4689 ascenderwit
501 4634 578 4690 ad
608 4638 889 4691 Dominum
940 4636 1079 4696 (Act.
1113 4637 1186 4703 χ).
1248 4636 1313 4692 In
1366 4636 1535 4691 thure
1585 4637 1813 4692 iuterio-
1922 4636 2209 4691 cntionem
2257 4636 2329 4690 ab
2384 4636 2653 4708 apostolis
2692 4641 2747 4691 et
2805 4652 2838 4691 a
2893 4635 3185 4708 prophetis
3260 4631 3625 4703 suscipimus,

154 4730 218 4770 res
243 4729 503 4777 curantur
535 4723 843 4796 passiones,
889 4728 946 4779 et
972 4724 1131 4779 fumo
1172 4723 1293 4795 ejus
1351 4730 1629 4780 sanantur
1664 4726 1812 4780 oculi
1923 4726 2105 4781 Verba
2161 4726 2551 4796 apostolorum
2599 4729 2730 4780 sunt
2788 4741 2983 4796 panes,
3044 4724 3247 4795 lagana
3317 4720 3627 4793 propheta-

158 4820 202 4858 ει
238 4809 562 4868 inﬁrmitate
618 4814 1014 4885 lacrymantes.
1077 4812 1269 4869 Oratio
1328 4813 1542 4885 quippe
1600 4814 1809 4870 anima:
1923 4830 2072 4870 rum.
2129 4815 2354 4881 Quanto
2402 4815 2556 4870 enim
2614 4830 2789 4887 panes
2833 4813 3068 4884 lagauis,
3136 4810 3207 4865 ad
3249 4808 3625 4864 nutriendum

160 4896 397 4959 passiones
445 4905 630 4969 sanat,
677 4902 870 4956 oculos
922 4899 1224 4956 interiores
1299 4906 1459 4957 curat
1509 4901 1581 4956 ab
1644 4902 1810 4973 igno—
1923 4903 2191 4974 aptiores,
2215 4908 2438 4959 tantum
2488 4905 2825 4975 praecellunt
2870 4902 3039 4957 verba
3087 4900 3476 4971 apostolorum
3509 4914 3629 4954 vero

160 4985 296 5040 untia
327 4988 603 5061 lacrymas
658 5005 728 5046 ex
783 4988 1124 5062 aegritudine
1165 4990 1379 5062 peccati
1438 4991 1810 5046 accendentes
1921 4993 2008 5049 bis
2039 4992 2463 5064 prophetarum.
2500 4993 2731 5064 Utrique
2760 4996 2948 5047 autem
2975 4989 3294 5062 azymisine
3346 4989 3627 5044 fermento

160 5068 297 5141 ("Sal-
1925 5081 2177 5137 scientim
2229 5082 2534 5136 saecularis.
2598 5082 2843 5153 Utraque
2898 5083 3093 5134 tamen
3158 5079 3217 5133 in
3281 5079 3407 5132 oleo
3463 5078 3631 5131 ﬁunt-

205 5162 338 5219 Vsas.
393 5168 453 5219 2.
527 5194 598 5208 —
660 5167 846 5232 Filios,
933 5166 1224 5221 ministros
1293 5168 1603 5236 Ecclesiae;
1675 5168 1810 5240 quia
1922 5168 2283 5225 concorditer
2311 5168 2465 5223 enim
2497 5166 2706 5222 abillis
2736 5168 2803 5221 de
2834 5167 3042 5222 Christi
3096 5164 3461 5220 miseratione
3502 5164 3631 5220 scri-

160 5250 385 5323 Quidquid
413 5255 729 5322 offerimus,
763 5270 891 5309 cum
926 5256 1131 5310 sanctis
1174 5256 1431 5311 Ecclesiae
1484 5257 1810 5312 doctoribus
1922 5264 2087 5329 ptum
2127 5261 2231 5323 est,
2298 5255 2435 5328 quia
2494 5255 2733 5327 apostoli
2782 5260 2838 5310 et
2880 5255 3175 5326 propheta:
3251 5252 3626 5325 scripserunt,

160 5338 680 5397 conferredebemus.
706 5343 863 5397 Unde
893 5344 1102 5398 Paulus
1158 5359 1288 5398 cum
1348 5345 1622 5415 apostolis
1674 5360 1809 5400 con-
1923 5346 2019 5401 sed
2078 5344 2324 5415 apostoli
2382 5344 2608 5415 plenius
2679 5343 3043 5414 scripserunt,
3113 5342 3213 5414 qui
3279 5342 3627 5414 completum

162 5424 255 5481 tulit
279 5429 663 5503 Evangelium,
694 5447 767 5486 ne
794 5430 854 5485 in
884 5448 1124 5487 vacuum
1155 5433 1496 5488 cucurrisset
1539 5434 1666 5506 (Gal
1688 5478 1699 5489 .
1724 5434 1806 5501 ιι).
1924 5433 2316 5498 ostenderunt,
2340 5434 2491 5505 quod
2518 5432 2603 5488 illi
2630 5433 2974 5488 nuntiabant
3031 5433 3310 5488 futurum.

210 5514 419 5579 Quorum
478 5519 676 5575 Unitas
732 5520 987 5576 Ecclesiae
1039 5520 1322 5593 pugillum
1383 5520 1587 5577 similae
1638 5522 1808 5592 tollit,
2004 5522 2266 5592 Lagana.
2301 5521 2471 5578 Panis
2500 5523 2647 5578 latus
2681 5526 2736 5577 et
2766 5521 2969 5591 tennis,
3004 5521 3103 5594 qui
3162 5520 3528 5593 prophetiam
3594 5534 3627 5575 ο
