4038 6180
407 237 508 291 303

1015 235 1414 292 WALAFRIDI
1452 235 1695 291 STRABI
1737 235 1933 292 FULI).
1980 235 2095 291 MOl

2274 235 2328 290 P.
2371 233 2553 292 PARS
2591 237 2634 292 ι.
2676 265 2744 275 -—
2780 235 3232 292 TllEOLOGlCA.

3785 241 3890 294 304

401 378 586 434 iegem
613 361 914 434 signiﬁcat,
964 365 1246 431 quantum
1269 361 1423 416 enim
1465 359 1637 416 distat
1686 359 1838 415 inter
1894 360 2091 416 solidi-
2127 359 2289 430 Ajus
2317 364 2369 414 et
2421 372 2590 428 genus
2661 373 2865 416 sumus.
2915 359 3075 425 Quod
3114 359 3269 414 enim
3315 359 3537 416 invenit
3583 377 3908 434 congruum

397 457 575 508 tatem
631 451 795 524 panis
842 455 899 506 et
948 450 1282 505 tenuitatem
1357 449 1568 521 lagani,
1631 453 1857 503 tantum
1954 449 2104 504 inter

402 541 772 610 Evangelium
827 544 885 594 et
940 539 1114 593 verba
1170 538 1312 609 legis
1368 542 1424 592 et
1477 537 1935 608 prophetarum:
1979 538 2103 592 haec

396 628 886 694 tamenoleolila,
947 627 1083 698 quia
1141 627 1225 681 lex
1288 631 1346 682 et
1406 625 1706 697 prophetia
1765 626 2101 682 charitatem

401 717 604 774 Christi
630 716 1036 788 praedixerunt,
1071 716 1204 787 quia
1234 715 1296 770 in
1342 715 1586 769 salutem
1643 713 1883 770 humani
1932 731 2108 786 gene.

400 806 479 860 ris
507 806 682 861 venit.

469 897 629 950 Vens.
662 898 720 949 5.
757 924 830 936 —
885 894 945 950 Si
987 893 1186 948 oblatio
1241 896 1336 946 tua
1379 893 1569 959 fuerit,
1620 896 1723 946 etc.
1794 891 1972 962 (lsica.
2041 893 2100 946 in

398 985 544 1053 Leu.)
568 984 792 1038 Oblatio
824 984 892 1038 de
940 982 1247 1052 sartagine,
1275 985 1404 1044 etc.,
1453 996 1623 1049 usque
1659 979 1734 1034 ad
1758 983 1815 1034 et
1871 979 2000 1036 ideo
2031 980 2101 1036 ab

399 1073 522 1144 ejus
547 1071 777 1126 scientia
799 1071 1044 1126 recessit.

469 1162 672 1217 Simila:
731 1174 1044 1229 conspersa,
1095 1161 1202 1210 etc.
1257 1155 1402 1221 Quia
1461 1161 1720 1211 mortuus
1763 1161 1848 1211 est
1903 1161 1958 1211 et
2002 1158 2098 1212 mi-

398 1253 580 1303 sertus
600 1245 800 1301 nostri.

465 1336 690 1406 Absque
713 1337 992 1401 fermento,
1026 1331 1084 1386 id
1113 1335 1216 1396 est,
1242 1331 1363 1385 sine
1395 1332 1636 1385 macula.

466 1426 622 1480 Vens.
656 1427 708 1478 6.
731 1452 800 1465 -ι
845 1421 1065 1477 Divides
1122 1436 1238 1474 eam
1264 1423 1578 1475 minutatim
1609 1435 1624 1474 :
1660 1425 1720 1473 ut
1768 1433 2093 1472 sermonem

393 1513 723 1584 passionum
762 1511 905 1581 ejus,
939 1511 1037 1580 qui
1071 1525 1174 1580 per
1223 1514 1415 1579 partes
1465 1513 1891 1580 processerunt,
1949 1506 2090 1561 divi-

395 1601 615 1668 damus,
660 1600 870 1669 alapas,
931 1597 1142 1652 scilicet
1201 1596 1492 1668 colaphos,
1540 1601 1706 1667 sputa
1759 1601 1817 1650 et
1855 1595 2092 1650 vulnera

396 1690 701 1760 diligenter
729 1688 1167 1758 distinguamus.

465 1781 535 1834 Et
561 1776 759 1843 fundes
831 1791 1014 1844 super,
1063 1778 1192 1841 etc.,
1235 1777 1299 1828 ut
1351 1773 1834 1845 quemadmodum
1880 1771 2098 1826 miseri-

395 1865 644 1922 corditer
667 1881 772 1934 pro
803 1863 970 1918 nobis
998 1868 1260 1918 mortuus
1282 1867 1384 1928 est,
1414 1879 1518 1916 nos
1554 1878 1785 1934 quoque
1829 1877 1932 1932 pro
1977 1860 2094 1916 fra-

374 1955 580 2009 tribus
605 1970 784 2024 usque
817 1952 885 2007 ad
909 1957 1154 2006 mortem
1187 1951 1583 2005 misereamur.

466 2045 540 2098 De
560 2042 858 2108 sartagine.
890 2039 1046 2093 Sicut
1070 2038 1223 2092 enim
1255 2042 1480 2108 sartago
1501 2037 1688 2092 media
1709 2036 1860 2092 inter
1901 2037 2096 2108 ignem

393 2135 451 2184 et
487 2130 699 2199 cibum,
730 2128 808 2182 sic
830 2125 1252 2198 quodammodo
1295 2142 1435 2180 crux
1479 2125 1628 2181 inter
1682 2125 2096 2196 impassibilem

393 2217 753 2274 divinitatem
784 2215 1290 2280 ethumanitatem,
1351 2230 1482 2286 quae
1512 2214 1645 2286 igne
1703 2214 1982 2286 passionis
2005 2219 2098 2268 est

395 2311 600 2362 assata.
631 2307 700 2360 Et
719 2305 863 2360 sicut
890 2304 948 2358 in
990 2303 1276 2374 sartagine
1331 2303 1526 2358 mollia
1577 2303 1907 2367 durescunt,
1955 2303 2097 2358 dura

395 2398 750 2462 mollescunt,
809 2400 888 2448 sic
941 2394 1002 2448 in
1045 2393 1306 2465 passione
1370 2394 1550 2447 crucis
1625 2392 1850 2464 lapidea
1929 2393 2098 2447 corda

394 2486 640 2554 mollita,
666 2483 862 2538 mollia
884 2487 940 2536 et
994 2483 1145 2536 tluxa
1211 2481 1467 2536 solidata.
1513 2483 1586 2536 De
1622 2482 1905 2552 sartagine
1961 2499 2096 2552 ergo

396 2573 734 2628 sacriﬁcium
763 2570 964 2626 offerre
1016 2575 1103 2625 est
1127 2571 1197 2624 de
1255 2568 1526 2640 mysterio
1580 2569 1762 2624 crucis
1813 2586 1943 2624 cum
2010 2586 2100 2624 ve-

397 2661 692 2717 neratione
717 2659 1027 2731 disputare.

494 2751 652 2804 Vens.
707 2753 764 2803 7.
811 2777 885 2790 —
929 2748 1029 2803 Sin
1075 2751 1251 2801 autem
1298 2745 1380 2808 de.
1431 2751 1535 2800 etc.
1597 2746 1782 2816 (lsncn.
1842 2748 1903 2800 in
1948 2746 2096 2817 Lev.)

396 2838 639 2894 Sicutin
667 2836 955 2907 sartagine
984 2851 1232 2899 crucem,
1274 2840 1399 2901 etc.,
1448 2849 1616 2904 usque
1641 2835 1716 2889 ad
1760 2851 1830 2889 ex
1873 2834 2096 2889 miseri-

2209 447 2459 503 scientiae
2507 447 2628 518 Dei,
2686 464 2802 502 non
2855 449 3109 519 respuit:
3140 465 3261 503 non
3307 453 3499 504 tamen
3548 450 3701 505 ultra
3759 452 3912 506 testi-

2208 536 2401 591 monia
2446 536 2862 607 multiplicavit,
2901 538 3036 608 quia
3073 537 3287 609 placuit
3311 539 3422 592 Deo
3451 554 3558 608 per
3614 539 3905 596 stultitiam

2206 625 2629 696 praedicationis
2659 625 2840 679 salvos
2887 625 3072 679 facere
3127 625 3459 692 credentes;
3513 627 3667 680 unde
3699 629 3904 698 Moyses

2206 714 2318 768 ait:
2354 715 2530 784 Super
2552 715 2726 768 altare
2781 729 2905 768 vero
2961 728 3068 768 non
3097 715 3458 783 imponentur,
3495 718 3551 768 et
3595 731 3727 769 cum
3774 717 3907 771 lice-

2207 807 2294 857 ret
2319 802 2427 857 dici
2459 819 2574 856 non
2604 807 2907 874 ponentur,
2937 801 3075 858 dicit
3099 820 3115 856 :
3140 805 3258 859 Non
3288 806 3635 872 imponentur
3690 806 3750 858 in
3778 805 3902 859 odo-

2203 906 2316 946 rem
2344 893 2670 945 suavitatis:
2721 890 3068 961 signiﬁcans,
3121 891 3258 962 quia
3300 891 3350 944 si
3396 892 3802 947 tentaverimus
3833 893 3902 948 de

2205 979 2582 1034 exterioribus
2611 979 2922 1034 divinitatis
2967 978 3202 1051 adipisci
3250 978 3531 1036 notitiam.
3579 981 3690 1035 tale
3730 981 3900 1036 sacri-

2203 1068 2397 1124 ﬁcium
2455 1068 2526 1123 ad
2574 1069 2754 1123 altare
2821 1083 2941 1124 non
2985 1069 3256 1136 ascendit,
3306 1069 3403 1124 sed
3454 1069 3786 1141 deprimitur
3841 1069 3897 1124 in

2203 1156 2466 1218 terrenis.
2500 1156 2636 1226 quia
2675 1155 2745 1210 de
2771 1161 2925 1210 terra
2955 1159 3058 1209 est.

2273 1245 2467 1314 (Bson.
2507 1248 2567 1300 in
2595 1245 2745 1309 Leu,
2803 1248 2944 1298 tom.
3007 1244 3091 1314 ιι).
3125 1243 3291 1308 Quod
3321 1243 3435 1298 mel
3492 1243 3552 1298 in
3576 1243 3678 1298 Dei
3736 1245 3902 1300 sacri-

2201 1333 2398 1389 ﬁcium
2424 1349 2537 1387 non
2568 1331 2890 1398 otferretur,
2922 1335 3053 1398 etc.,
3084 1345 3256 1402 usque
3283 1331 3359 1386 ad
3385 1331 3719 1404 imperfecta
3742 1347 3900 1404 qua-.-

2203 1437 2314 1493 que
2336 1421 2674 1476 omittimus.

2272 1511 2446 1565 Vens.
2483 1513 2565 1564 l3.
2623 1539 2694 1550 —
2737 1509 2863 1565 Sale
2900 1509 3112 1564 candies
3141 1524 3234 1564 nec
3270 1511 3484 1576 auferes
3537 1510 3622 1564 sal
3662 1510 3900 1577 ﬂecteris.

2205 1600 2528 1671 Apostolica
2554 1597 2852 1668 sapientia.
2897 1598 3084 1652 Unde:
3133 1599 3243 1653 Vos
3281 1599 3409 1652 estis
3455 1598 3541 1652 sal
3587 1603 3763 1664 terra,
3798 1604 3900 1654 etc.

2207 1689 2418 1759 (Matth.
2451 1686 2529 1758 v).
2551 1687 2706 1742 Sicut
2731 1685 2920 1740 omnis
2945 1686 3106 1740 cibus
3130 1687 3248 1740 sale
3304 1685 3592 1754 conditur,
3651 1687 3732 1742 ita
3761 1703 3905 1758 apo-

2204 1777 2403 1831 stolica
2436 1775 2696 1830 doctrina
2742 1791 2928 1829 sermo
2975 1774 3418 1846 praedicationis.
3468 1774 3600 1829 Ideo
3646 1775 3910 1846 praecipi-

2204 1869 2300 1919 tur
2331 1864 2411 1918 sal
2441 1864 2502 1918 in
2525 1862 2683 1917 omni
2711 1863 2986 1917 sacriﬁcio
3016 1862 3227 1928 oﬁ‘erri,
3278 1866 3342 1916 ut
3388 1863 3704 1917 secundum
3751 1868 3906 1934 Apo-

2205 1951 2462 2007 stolicam
2492 1951 2810 2006 doctrinam
2841 1956 2898 2005 et
2949 1950 3368 2006 institutionem
3414 1955 3473 2006 et
3525 1951 3908 2006 imitationem

2206 2040 2398 2114 operis
2445 2039 2722 2094 vivamus.
2774 2039 2934 2093 Unde
2991 2039 3218 2107 Paulus,
3289 2040 3409 2095 ait:
3450 2041 3756 2096 Imitatores
3800 2043 3906 2095 mei

2204 2135 2386 2196 estote,
2418 2131 2558 2184 sicut
2577 2133 2628 2183 et
2669 2143 2764 2195 ego
2806 2129 3012 2185 Christi
3031 2128 3079 2199 (Ι
3123 2129 3244 2185 Cor.
3303 2130 3402 2197 Iv).
3483 2130 3548 2183 Et
3593 2128 3732 2184 alibi
3763 2144 3778 2183 :
3808 2130 3912 2185 Su-

2198 2218 2559 2289 perazdiﬁcati
2610 2231 2774 2286 super
2828 2216 3246 2283 fundamentum
3283 2218 3648 2286 apostolorum
3701 2223 3753 2272 et
3776 2232 3913 2288 pro-

2199 2307 2490 2378 phetarum
2536 2305 2701 2375 (Eph.
2753 2306 2836 2375 ιι).
2889 2305 3049 2360 Unde
3111 2310 3170 2360 et
3218 2305 3511 2376 legislator
3584 2322 3698 2360 non
3767 2306 3915 2361 dixit

2205 2396 2542 2467 simpliciter
2570 2395 2652 2449 sal
2685 2409 2698 2449 :
2733 2394 2852 2461 sed,
2905 2395 2989 2449 sal
3027 2394 3250 2460 foederis
3275 2397 3373 2450 Dei
3415 2397 3514 2448 tui.
3557 2394 3712 2448 Sicut
3754 2396 3914 2450 enim

2203 2484 2387 2539 foedus
2413 2483 2712 2551 rationale,
2761 2483 2841 2537 sic
2877 2482 3048 2537 etiam
3093 2483 3173 2536 sal
3221 2483 3518 2537 rationale.
3561 2483 3916 2539 Testamenti

2205 2589 2341 2644 ergo
2362 2571 2684 2642 Evangelici
2738 2576 2796 2626 et
2851 2571 2983 2626 salis
3035 2571 3346 2641 Apostolici
3383 2587 3489 2624 nos
3543 2587 3916 2626 commonere

2204 2661 2402 2715 voluit.
2431 2659 2634 2714 Oleum
2664 2658 2724 2712 in
2753 2658 3094 2713 sacriﬁcium
3148 2657 3407 2724 offertur,
3429 2657 3480 2712 si
3525 2674 3656 2712 cum
3713 2659 3918 2714 hilari-

2205 2747 2323 2797 tate
2343 2743 2675 2815 oii’eramus,
2712 2761 2828 2800 non
2885 2761 2955 2800 ex
2995 2745 3228 2800 tristitia
3281 2751 3384 2800 aut
3433 2755 3502 2802 ex
3552 2749 3912 2803 necessitate.

2207 2833 2457 2887 Hilarem
2478 2835 2634 2888 enim
2652 2835 2910 2890 datorem
2939 2834 3125 2904 diligit
3157 2836 3303 2888 Deus
3332 2834 3405 2904 (ιι
3436 2837 3555 2892 Cor.
3601 2835 3695 2906 ix).

397 2927 592 2982 cordia
615 2926 832 2998 quippe
874 2929 1120 2979 mortem
1166 2923 1456 2990 sustinuit,
1515 2930 1572 2978 et
1623 2924 2098 2979 resurrectionem
2137 2930 2177 2985 C
2281 2923 2374 2979 Sal
2423 2924 2524 2995 qui
2582 2924 2880 2996 stypticam
2932 2924 3048 2977 vim
3105 2923 3296 2992 habet,
3351 2928 3408 2978 et
3463 2924 3783 2978 contrarius
3831 2929 3922 2978 est

400 3015 772 3087 dispensavit.

469 3106 568 3160 Sin
597 3108 794 3166 autem,
870 3104 976 3154 etc.
1036 3099 1338 3166 Moraliter,
1401 3098 1650 3154 similam
1700 3099 1864 3155 oﬁ‘ert
1909 3101 2010 3172 qui
2039 3102 2099 3156 in

399 3191 684 3263 aliquibus
727 3187 1047 3244 communis
1099 3188 1228 3242 vitae
1283 3188 1480 3242 usibus
1557 3187 1703 3242 bene
1782 3191 2100 3244 conversari

399 3282 606 3336 studet.
634 3280 760 3334 llaec
789 3278 915 3332 oleo
936 3277 1370 3347 conspergenda
1400 3281 1504 3342 est,
1536 3276 1673 3347 quia
1697 3277 1886 3330 omnis
1907 3277 2098 3332 anima

400 3369 527 3423 oleo
557 3372 688 3438 eget
716 3364 1137 3430 misericordiae,
1163 3379 1267 3417 nec
1301 3363 1468 3416 vitam
1494 3370 1836 3434 praesentem
1859 3364 2098 3418 evadere

400 3461 608 3528 potest,
634 3455 746 3509 nisi
794 3451 1186 3508 misericordia
1238 3451 1480 3506 cmlestis
1538 3451 1781 3505 affuerit.
1833 3451 2100 3506 Clibanus

401 3552 594 3600 autem
625 3543 849 3616 pondus
875 3541 1206 3596 tentationis
1237 3540 1523 3612 exprimit,
1545 3546 1772 3612 sartago
1828 3546 2099 3595 constan-

398 3635 538 3690 tiam
564 3640 620 3688 et
676 3631 855 3686 robur
916 3629 1114 3695 animi,
1159 3629 1431 3684 craticula
1489 3629 1863 3702 multiplicem
1917 3630 2100 3701 impu-

397 3723 748 3796 gnationem.

467 3814 630 3867 Vens.
681 3813 762 3864 Η.
812 3837 882 3848 -
945 3806 1129 3862 Omnis
1167 3804 1386 3860 oblatio.
1459 3802 1670 3873 (Οιιισ.⁸
1719 3806 1901 3860 homil.
1960 3809 1994 3861 2
2039 3809 2097 3861 in

354 3928 367 3940 -
397 3902 537 3972 Leu.)
567 3899 724 3955 Dicat
749 3895 978 3967 aliquis,
1011 3899 1141 3960 etc.,
1185 3909 1356 3964 usque
1414 3894 1489 3948 ad
1539 3894 1646 3948 hoc
1689 3894 1862 3949 modo
1908 3895 2097 3949 verius

393 3996 451 4046 et
478 3986 782 4061 perfectius
802 3983 1116 4040 secundum
1159 3981 1529 4054 Evangelium
1585 3982 1857 4036 sacriﬁcia
1903 3983 2093 4050 oﬁ'ers,

391 4095 522 4151 quae
544 4077 665 4148 jam
687 4072 1004 4128 secundum
1033 4071 1219 4141 legem
1242 4085 1356 4124 non
1407 4073 1596 4140 potest
1637 4069 1840 4124 oil'erre
1900 4070 2090 4126 Israel.

462 4164 729 4222 Fermenti
751 4177 814 4216 ac
833 4160 1025 4215 mellis.
1070 4158 1224 4213 Nihil
1246 4158 1670 4228 voluptuosum,
1732 4157 1876 4212 nihil
1923 4175 2094 4214 suave

2213 3013 2391 3080 melli,
2422 3013 2662 3083 jubetur
2716 3013 2848 3068 addi
2906 3012 3254 3068 sacriﬁciis:
3313 3013 3396 3066 sal
3458 3012 3783 3084 symbolum
3833 3018 3922 3066 est

2210 3102 2553 3172 prudentiae,
2589 3119 2720 3173 quae
2775 3101 3072 3173 restringit
3118 3105 3174 3156 et
3220 3101 3462 3156 exsiccet
3537 3103 3918 3171 voluptatem.

2279 3191 2354 3245 In
2382 3194 2528 3245 omni
2583 3191 2866 3257 oblatione,
2917 3196 3022 3245 etc.
3057 3191 3282 3245 Placere
3321 3189 3475 3244 enim
3517 3190 3631 3244 Deo
3674 3205 3792 3244 non
3817 3206 3924 3260 po-

2209 3279 2343 3333 terit
2372 3279 2528 3350 quod
2558 3295 2672 3333 non
2699 3280 2767 3333 ad
2796 3294 3054 3333 normam
3087 3277 3398 3332 voluntatis
3429 3277 3552 3348 ejus
3587 3284 3920 3332 correctum

2207 3365 2398 3421 fuerit.
2435 3367 2576 3421 Nam
2610 3367 2658 3421 si
2682 3367 2744 3422 in
2773 3367 2942 3421 rebus
2965 3365 3232 3420 humanis
3259 3370 3418 3420 tanta
3455 3366 3676 3420 cautela
3735 3381 3924 3438 agen-

2207 3454 2345 3509 dum
2375 3454 2672 3509 admonuit
2692 3454 2927 3525 quidam
2955 3453 3026 3508 de
3080 3454 3281 3508 mundi
3329 3454 3502 3524 hujus
3531 3454 3920 3525 sapientibus,

2206 3548 2273 3598 ut
2319 3543 2570 3598 diceret:
2630 3544 2831 3599 Omnis
2877 3543 3024 3597 actio
3080 3542 3403 3597 temeritate
3453 3549 3508 3597 et
3559 3543 3928 3615 negligentia

2206 3646 2405 3686 vacare
2436 3631 2796 3701 debet:quid
2845 3631 2914 3685 de
2963 3629 3065 3686 Dei
3099 3630 3267 3684 rebus
3315 3630 3716 3685 aestimandum
3773 3633 3930 3686 est?

2275 3718 2338 3774 Si
2391 3724 2571 3773 autem
2614 3719 2892 3784 obtuleris,
2960 3723 3073 3774 etc.
3137 3718 3344 3788 40310.,
3395 3718 3631 3773 lib.iin
3711 3721 3926 3791 Leuit.)

2205 3806 2464 3862 Secundo
2522 3807 2582 3862 in
2640 3808 2761 3861 loco
2820 3806 3228 3878 primitiarum,
3277 3813 3406 3874 etc.,
3451 3821 3618 3878 usque
3670 3809 3748 3863 ad
3778 3808 3932 3881 quia

2207 3897 2395 3951 littera
2415 3895 2786 3967 separabatur
2815 3913 2850 3950 a
2873 3896 3101 3967 spiritu.

2277 3984 2483 4055 (Isicn.)
2506 3986 2826 4054 Confringes
2845 3987 2904 4039 in
2941 3999 3158 4050 morem,
3213 3987 3344 4051 etc.,
3379 3983 3500 4039 Non
3559 3984 3734 4039 modo
3764 4001 3932 4057 pm-

2203 4073 2356 4144 cepit
2381 4090 2480 4128 eos
2514 4073 2610 4128 Dei
2641 4073 2924 4140 notitiam,
2953 4078 3086 4141 etc.,
3167 4087 3338 4141 usque
3401 4073 3476 4127 ad
3528 4088 3632 4144 per
3665 4074 3929 4127 eleemo.

2205 4176 2406 4231 synam
2462 4161 2677 4232 quippe
2736 4165 2795 4216 et
2838 4159 3159 4216 orationem
3204 4158 3442 4213 scientia
3497 4158 3692 4214 divina
3746 4159 3931 4215 nobis

389 4254 576 4326 placet
607 4253 742 4316 Deo,
793 4248 892 4302 sed
930 4245 1083 4318 quod
1130 4244 1301 4300 habet
1355 4221 1575 4315 aliquid
1622 4221 2011 4300 mordacitatis
2041 4250 2098 4299 et
2140 4221 2177 4276 ί)
2204 4221 2516 4317 perﬁcitur.

389 4339 723 4397 severitatis.
760 4335 918 4391 Unde
955 4334 1166 4407 pascha
1217 4349 1346 4388 cum
1403 4331 1880 4388 amaritudinibus
1940 4349 2093 4388 man-

390 4431 650 4486 ducatur.

2914 4335 3144 4390 CAPUT
3183 4335 3278 4390 Ill.

2273 4425 2448 4480 Vens.
2481 4429 2626 4480 1.-
2666 4425 2818 4491 Quod
2881 4429 2931 4481 si
2985 4427 3182 4495 hostia,
3243 4431 3350 4481 etc.
3413 4425 3594 4496 (Ome.
3652 4425 3854 4480 homil.
3894 4429 3929 4481 3

2200 4515 2257 4568 in
2284 4513 2475 4584 Leuit.)
2526 4514 2892 4570 Transmissis
2939 4515 3183 4581 caeteris,
3215 4513 3285 4568 de
3331 4513 3677 4570 salutaribus
3731 4515 3930 4570 sacri-

2200 4601 2342 4657 ticiis
2368 4601 2522 4667 dicit,
2555 4617 2687 4673 quae
2711 4602 2781 4657 de
2809 4601 3176 4670 animalibus,
3207 4602 3267 4656 id
3293 4609 3379 4657 est
3407 4601 3591 4658 bobus
3635 4606 3692 4656 et
3718 4602 3932 4674 capris

2199 4694 2256 4745 et
2282 4690 2484 4746 avibus
2509 4691 2848 4757 olferuntur,
2879 4697 2937 4746 et
2965 4690 3107 4746 nihil
3156 4691 3306 4746 ultra
3338 4691 3410 4746 ad
3476 4691 3927 4747 immolandum

2198 4778 2603 4833 substituitur:
2649 4794 2754 4834 nec
2799 4794 2931 4834 aves
2977 4779 3230 4850 quidem,
3289 4795 3417 4850 quae
3483 4779 3542 4834 in
3596 4777 3938 4836 oiferendis

2197 4867 2532 4921 muneribus
2562 4866 2883 4922 substitute:
2913 4873 3046 4923 sunt
3067 4867 3348 4939 superius.
3382 4867 3526 4932 Quia
3554 4867 3709 4922 enim
3765 4871 3932 4925 salu-

2195 4960 2344 5010 tares
2364 4955 2528 5010 oﬁ‘ert
2557 4955 2770 5010 hostias
2799 4957 2998 5010 salutis
3029 4973 3146 5011 sua:
3186 4955 3444 5010 conscius
3488 4961 3572 5011 est
3601 4975 3614 5010 :
3674 4971 3940 5015 necesse

2192 5057 2328 5113 ergo
2349 5042 2514 5096 habet
2549 5049 2610 5097 ut
2639 5059 2849 5114 magna
2877 5049 2932 5096 et
2961 5043 3205 5113 perfecta
3261 5042 3480 5109 oil‘crat,
3547 5045 3701 5096 unde
3751 5047 3937 5116 Apo-

2192 5131 2372 5184 stolus
2396 5147 2409 5184 :
2436 5132 2811 5198 Per/actorum
2868 5137 3046 5186 autem
3075 5136 3154 5186 est
3182 5131 3339 5186 cibus
3381 5131 3587 5186 solidus
3636 5130 3810 5200 (Πρὸ.
3847 5135 3934 5207 v).

2263 5219 2483 5290 (lsicn.)
2517 5220 2668 5290 Quod
2704 5223 2754 5275 si
2783 5222 2981 5288 hostia,
3014 5227 3118 5276 etc.
3173 5220 3316 5276 Sunt
3368 5222 3685 5274 secundum
3755 5222 3940 5294 leges

2191 5306 2429 5362 diversae
2501 5308 2803 5363 hominum
2888 5309 3362 5373 conversationes,
3436 5314 3568 5375 etc.,
3625 5323 3816 5378 usque
3850 5312 3938 5366 ad

2190 5400 2421 5466 oportet
2447 5397 2601 5452 enim
2651 5414 2748 5452 eas
2795 5397 2968 5468 digne
3047 5397 3389 5467 conversari,
3446 5404 3510 5454 ut
3557 5401 3935 5471 perveniant

2189 5481 2260 5536 ad
2283 5483 2550 5538 salutem.

459 4522 540 4575 Ac
573 4516 766 4571 mellis.
791 4510 1029 4570 Gentilis
1059 4509 1421 4582 eloquentiae,
1455 4524 1585 4580 quas
1614 4524 1749 4564 voce
1779 4509 1964 4563 suavis
1982 4515 2087 4576 est,

386 4624 504 4664 non
562 4622 642 4661 re.
714 4601 901 4658 Unde:
957 4601 1137 4656 Favus
1209 4597 1484 4652 distillans
1563 4597 1712 4652 labia
1795 4601 2090 4655 meretricis

387 4700 566 4767 (Prov.
606 4693 682 4764 v).
713 4690 877 4757 Quod
915 4694 1106 4744 autem
1166 4686 1376 4743 dicitur
1422 4686 1486 4740 in
1548 4686 1826 4742 Canticis:
1883 4689 1988 4743 Mel
2039 4693 2091 4744 et

383 4787 466 4842 lac
484 4784 583 4841 sub
603 4784 796 4854 lingua
835 4785 928 4833 tua
983 4775 1171 4848 (Cant.
1232 4773 1327 4846 iv),
1370 4775 1748 4844 praesentibus
1795 4791 1912 4830 non
1944 4792 2086 4830 con-

383 4873 634 4929 tradicit.
672 4870 788 4926 Sub
820 4866 1021 4936 lingua
1049 4864 1204 4918 enim
1226 4863 1456 4930 dicitur,
1480 4879 1597 4917 non
1628 4862 1688 4916 in
1744 4863 1967 4934 lingua,
2023 4869 2087 4919 ut

384 4960 719 5017 ostendatur
739 4970 1094 5029 paganorum
1111 4950 1413 5023 sapientia,
1437 4956 1494 5006 et
1513 4952 1846 5006 Judaeorum
1894 4952 2085 5006 littera

381 5052 595 5120 lingua:
615 5045 897 5111 Ecclesiae,
932 5043 991 5097 id
1035 5048 1122 5096 est
1168 5041 1441 5096 doctrinas
1491 5039 1744 5110 subjecta
1797 5055 1937 5093 esse.
1973 5041 2084 5094 Ho-

379 5157 510 5196 rum
535 5153 649 5192 non
675 5136 793 5189 vult
821 5135 1104 5202 integram
1136 5129 1454 5184 doctrinam
1480 5128 1703 5182 offerre.
1759 5128 1916 5182 Unde
1964 5129 2078 5184 ait:

381 5231 500 5285 Non
538 5224 841 5280 adolebitur
859 5223 915 5276 in
953 5218 1303 5288 sacriﬁcium,
1345 5217 1400 5272 id
1462 5222 1564 5283 est,
1633 5215 2031 5270 holocaustum
2066 5233 2078 5271 :

377 5317 654 5387 primitias
710 5317 921 5367 tantum
999 5323 1181 5363 eorum
1255 5306 1508 5374 offeretis.
1573 5303 1857 5359 Primitias
1925 5305 2080 5359 enim

377 5405 534 5460 illius
557 5399 851 5474 sapientia:
871 5395 1185 5460 oti'erimus,
1246 5409 1358 5447 non
1416 5398 1616 5460 totam,
1671 5391 1818 5446 sicut
1872 5392 2080 5447 Paulus

378 5494 450 5549 ad
471 5489 866 5550 Athenienses,
894 5484 1119 5555 inquit:
1153 5483 1305 5536 Sicut
1334 5487 1507 5534 vester
1529 5486 1690 5552 poeta
1747 5480 1897 5533 dixit
1929 5496 1940 5534 :
1977 5481 2078 5535 hu-
