  <div class='ocr_page' id='page_1' title='image "/cluster/home/n/w/nwhite01/storage/ocr_20150623/113/hvd.32044054759782/158.png"; bbox 0 0 4064 6186; ppageno 0'>
   <div class='ocr_carea' id='block_1_1' title="bbox 150 282 2421 343">
    <p class='ocr_par' dir='ltr' id='par_1_1' title="bbox 150 282 2421 343">
     <span class='ocr_line' id='line_1_1' title="bbox 150 282 2421 343; baseline -0.004 0"><span class='ocrx_word' id='word_1_1' title='bbox 150 294 209 343; x_wconf 62' lang='grc' dir='ltr'><strong>ωό</strong></span> <span class='ocrx_word' id='word_1_2' title='bbox 1162 283 1423 339; x_wconf 70' lang='lat' dir='ltr'><strong>GLOSSA</strong></span> <span class='ocrx_word' id='word_1_3' title='bbox 1462 283 1870 339; x_wconf 73' lang='lat' dir='ltr'><strong>ORDINARIA.</strong></span> <span class='ocrx_word' id='word_1_4' title='bbox 1913 313 1980 322; x_wconf 90' lang='lat'><em>—</em></span> <span class='ocrx_word' id='word_1_5' title='bbox 2023 284 2148 338; x_wconf 84' lang='lat' dir='ltr'><strong>LIB.</strong></span> <span class='ocrx_word' id='word_1_6' title='bbox 2196 282 2421 338; x_wconf 81' lang='lat' dir='ltr'><strong>LEVIT.</strong></span> 
     </span>
    </p>
   </div>
   <div class='ocr_carea' id='block_1_2' title="bbox 3462 287 3563 341">
    <p class='ocr_par' dir='ltr' id='par_1_2' title="bbox 3462 287 3563 341">
     <span class='ocr_line' id='line_1_2' title="bbox 3462 287 3563 341; baseline 0.02 -3"><span class='ocrx_word' id='word_1_7' title='bbox 3462 287 3563 341; x_wconf 83' lang='lat'><strong>306</strong></span> 
     </span>
    </p>
   </div>
   <div class='ocr_carea' id='block_1_3' title="bbox 182 402 3564 476">
    <p class='ocr_par' dir='ltr' id='par_1_3' title="bbox 182 402 3564 476">
     <span class='ocr_line' id='line_1_3' title="bbox 182 402 3564 476; baseline -0.001 -14"><span class='ocrx_word' id='word_1_8' title='bbox 182 410 344 465; x_wconf 71' lang='lat' dir='ltr'><strong>larem</strong></span> <span class='ocrx_word' id='word_1_9' title='bbox 368 406 477 459; x_wconf 77' lang='lat' dir='ltr'><strong>sive</strong></span> <span class='ocrx_word' id='word_1_10' title='bbox 496 404 778 471; x_wconf 76' lang='lat' dir='ltr'><strong>feminam,</strong></span> <span class='ocrx_word' id='word_1_11' title='bbox 810 406 916 459; x_wconf 88' lang='lat' dir='ltr'><strong>etc.</strong></span> <span class='ocrx_word' id='word_1_12' title='bbox 951 402 1169 473; x_wconf 71' lang='lat' dir='ltr'><strong>tiaran.)</strong></span> <span class='ocrx_word' id='word_1_13' title='bbox 1215 402 1489 475; x_wconf 81' lang='lat' dir='ltr'><strong>Superius</strong></span> <span class='ocrx_word' id='word_1_14' title='bbox 1534 404 1597 459; x_wconf 90' lang='lat' dir='ltr'><strong>in</strong></span> <span class='ocrx_word' id='word_1_15' title='bbox 1642 403 1751 459; x_wconf 89' lang='lat' dir='ltr'><strong>ho-</strong></span> <span class='ocrx_word' id='word_1_16' title='bbox 1782 403 1832 459; x_wconf 79' lang='grc' dir='ltr'><strong>Α</strong></span> <span class='ocrx_word' id='word_1_17' title='bbox 1870 403 1953 459; x_wconf 91' lang='lat' dir='ltr'><strong>dit</strong></span> <span class='ocrx_word' id='word_1_18' title='bbox 2000 404 2153 476; x_wconf 89' lang='lat' dir='ltr'><strong>quod</strong></span> <span class='ocrx_word' id='word_1_19' title='bbox 2214 405 2485 475; x_wconf 80' lang='lat' dir='ltr'><strong>ignorans</strong></span> <span class='ocrx_word' id='word_1_20' title='bbox 2543 408 2643 458; x_wconf 87' lang='lat' dir='ltr'><strong>aut</strong></span> <span class='ocrx_word' id='word_1_21' title='bbox 2703 405 2905 458; x_wconf 89' lang='lat' dir='ltr'><strong>nolens</strong></span> <span class='ocrx_word' id='word_1_22' title='bbox 2952 404 3320 473; x_wconf 78' lang='lat' dir='ltr'><strong>peccaverit:</strong></span> <span class='ocrx_word' id='word_1_23' title='bbox 3376 421 3564 476; x_wconf 78' lang='lat' dir='ltr'><strong>neque</strong></span> 
     </span>
    </p>
   </div>
   <div class='ocr_carea' id='block_1_4' title="bbox 140 490 1761 563">
    <p class='ocr_par' dir='ltr' id='par_1_4' title="bbox 140 490 1761 563">
     <span class='ocr_line' id='line_1_4' title="bbox 140 490 1761 563; baseline -0.004 -10"><span class='ocrx_word' id='word_1_24' title='bbox 140 500 377 553; x_wconf 78' lang='lat' dir='ltr'><strong>locaustum</strong></span> <span class='ocrx_word' id='word_1_25' title='bbox 405 496 625 546; x_wconf 87' lang='lat' dir='ltr'><strong>tantum</strong></span> <span class='ocrx_word' id='word_1_26' title='bbox 647 490 857 563; x_wconf 76' lang='lat' dir='ltr'><strong>[mares</strong></span> <span class='ocrx_word' id='word_1_27' title='bbox 903 490 1243 555; x_wconf 87' lang='lat' dir='ltr'><strong>oﬁ&#39;eruutur,</strong></span> <span class='ocrx_word' id='word_1_28' title='bbox 1296 496 1430 555; x_wconf 90' lang='lat' dir='ltr'><strong>etc.,</strong></span> <span class='ocrx_word' id='word_1_29' title='bbox 1478 506 1649 562; x_wconf 85' lang='lat' dir='ltr'><strong>usque</strong></span> <span class='ocrx_word' id='word_1_30' title='bbox 1686 491 1761 546; x_wconf 84' lang='lat' dir='ltr'><strong>ad</strong></span> 
     </span>
    </p>
   </div>
   <div class='ocr_carea' id='block_1_5' title="bbox 136 578 1222 651">
    <p class='ocr_par' dir='ltr' id='par_1_5' title="bbox 136 578 1222 651">
     <span class='ocr_line' id='line_1_5' title="bbox 136 578 1222 651; baseline -0.007 -10"><span class='ocrx_word' id='word_1_31' title='bbox 136 588 169 641; x_wconf 87' lang='lat' dir='ltr'><strong>id</strong></span> <span class='ocrx_word' id='word_1_32' title='bbox 191 588 252 639; x_wconf 84' lang='lat' dir='ltr'><strong>est</strong></span> <span class='ocrx_word' id='word_1_33' title='bbox 271 582 486 637; x_wconf 90' lang='lat' dir='ltr'><strong>inﬁrma</strong></span> <span class='ocrx_word' id='word_1_34' title='bbox 504 595 679 651; x_wconf 84' lang='lat' dir='ltr'><strong>opera</strong></span> <span class='ocrx_word' id='word_1_35' title='bbox 706 595 835 634; x_wconf 90' lang='lat' dir='ltr'><strong>cum</strong></span> <span class='ocrx_word' id='word_1_36' title='bbox 864 578 1222 635; x_wconf 75' lang='lat' dir='ltr'><strong>fortioribus.</strong></span> 
     </span>
    </p>
   </div>
   <div class='ocr_carea' id='block_1_6' title="bbox 179 666 1760 738">
    <p class='ocr_par' dir='ltr' id='par_1_6' title="bbox 179 666 1760 738">
     <span class='ocr_line' id='line_1_6' title="bbox 179 666 1760 738; baseline -0.002 -13"><span class='ocrx_word' id='word_1_37' title='bbox 179 675 298 727; x_wconf 71' lang='lat' dir='ltr'><strong>Vsus.</strong></span> <span class='ocrx_word' id='word_1_38' title='bbox 321 673 368 726; x_wconf 88' lang='lat'><strong>3.</strong></span> <span class='ocrx_word' id='word_1_39' title='bbox 400 699 469 711; x_wconf 91' lang='grc'><strong><em>-</em></strong></span> <span class='ocrx_word' id='word_1_40' title='bbox 496 669 730 738; x_wconf 78' lang='lat' dir='ltr'><strong>Adipem</strong></span> <span class='ocrx_word' id='word_1_41' title='bbox 770 670 889 738; x_wconf 85' lang='lat' dir='ltr'><strong>qui.</strong></span> <span class='ocrx_word' id='word_1_42' title='bbox 927 673 1029 722; x_wconf 89' lang='lat' dir='ltr'><strong>etc.</strong></span> <span class='ocrx_word' id='word_1_43' title='bbox 1074 667 1205 738; x_wconf 86' lang='lat' dir='ltr'><strong>(lo.)</strong></span> <span class='ocrx_word' id='word_1_44' title='bbox 1256 666 1494 738; x_wconf 78' lang='lat' dir='ltr'><strong>Oportet</strong></span> <span class='ocrx_word' id='word_1_45' title='bbox 1541 667 1760 722; x_wconf 86' lang='lat' dir='ltr'><strong>intelli-</strong></span> 
     </span>
    </p>
   </div>
   <div class='ocr_carea' id='block_1_7' title="bbox 138 756 1756 834">
    <p class='ocr_par' dir='ltr' id='par_1_7' title="bbox 138 756 1756 834">
     <span class='ocr_line' id='line_1_7' title="bbox 138 756 1756 834; baseline -0.003 -18"><span class='ocrx_word' id='word_1_46' title='bbox 138 762 301 834; x_wconf 73' lang='lat' dir='ltr'><strong>gibilem</strong></span> <span class='ocrx_word' id='word_1_47' title='bbox 328 758 551 829; x_wconf 82' lang='lat' dir='ltr'><strong>adipem</strong></span> <span class='ocrx_word' id='word_1_48' title='bbox 581 756 802 822; x_wconf 80' lang='lat' dir='ltr'><strong>offerri,</strong></span> <span class='ocrx_word' id='word_1_49' title='bbox 834 762 964 824; x_wconf 83' lang='lat' dir='ltr'><strong>etc.,</strong></span> <span class='ocrx_word' id='word_1_50' title='bbox 996 771 1169 827; x_wconf 83' lang='lat' dir='ltr'><strong>usque</strong></span> <span class='ocrx_word' id='word_1_51' title='bbox 1197 756 1273 811; x_wconf 88' lang='lat' dir='ltr'><strong>ad</strong></span> <span class='ocrx_word' id='word_1_52' title='bbox 1315 762 1373 811; x_wconf 92' lang='lat' dir='ltr'><strong>et</strong></span> <span class='ocrx_word' id='word_1_53' title='bbox 1409 771 1513 827; x_wconf 90' lang='lat' dir='ltr'><strong>per</strong></span> <span class='ocrx_word' id='word_1_54' title='bbox 1541 756 1756 811; x_wconf 87' lang='lat' dir='ltr'><strong>delibe-</strong></span> 
     </span>
    </p>
   </div>
   <div class='ocr_carea' id='block_1_8' title="bbox 142 846 1086 905">
    <p class='ocr_par' dir='ltr' id='par_1_8' title="bbox 142 846 1086 905">
     <span class='ocr_line' id='line_1_8' title="bbox 142 846 1086 905; baseline -0.004 -1"><span class='ocrx_word' id='word_1_55' title='bbox 142 852 343 905; x_wconf 72' lang='lat' dir='ltr'><strong>rationem</strong></span> <span class='ocrx_word' id='word_1_56' title='bbox 373 861 616 901; x_wconf 87' lang='lat' dir='ltr'><strong>massam</strong></span> <span class='ocrx_word' id='word_1_57' title='bbox 647 846 1086 901; x_wconf 88' lang='lat' dir='ltr'><strong>sanctiﬁcemus.</strong></span> 
     </span>
    </p>
   </div>
   <div class='ocr_carea' id='block_1_9' title="bbox 183 933 1758 1005">
    <p class='ocr_par' dir='ltr' id='par_1_9' title="bbox 183 933 1758 1005">
     <span class='ocr_line' id='line_1_9' title="bbox 183 933 1758 1005; baseline -0.003 -13"><span class='ocrx_word' id='word_1_58' title='bbox 183 940 361 993; x_wconf 78' lang='lat' dir='ltr'><strong>Vitalia.</strong></span> <span class='ocrx_word' id='word_1_59' title='bbox 394 936 518 991; x_wconf 79' lang='lat' dir='ltr'><strong>LXX</strong></span> <span class='ocrx_word' id='word_1_60' title='bbox 549 952 563 990; x_wconf 88' lang='lat'><strong>:</strong></span> <span class='ocrx_word' id='word_1_61' title='bbox 598 934 892 999; x_wconf 83' lang='lat' dir='ltr'><strong>Ventrem,</strong></span> <span class='ocrx_word' id='word_1_62' title='bbox 926 934 983 989; x_wconf 88' lang='lat' dir='ltr'><strong>id</strong></span> <span class='ocrx_word' id='word_1_63' title='bbox 1013 940 1098 988; x_wconf 89' lang='lat' dir='ltr'><strong>est</strong></span> <span class='ocrx_word' id='word_1_64' title='bbox 1122 950 1240 1001; x_wconf 89' lang='lat' dir='ltr'><strong>cor,</strong></span> <span class='ocrx_word' id='word_1_65' title='bbox 1292 935 1456 1005; x_wconf 92' lang='lat' dir='ltr'><strong>cujus</strong></span> <span class='ocrx_word' id='word_1_66' title='bbox 1504 933 1758 988; x_wconf 86' lang='lat' dir='ltr'><strong>secundo</strong></span> 
     </span>
    </p>
   </div>
   <div class='ocr_carea' id='block_1_10' title="bbox 136 1023 1760 1095">
    <p class='ocr_par' dir='ltr' id='par_1_10' title="bbox 136 1023 1760 1095">
     <span class='ocr_line' id='line_1_10' title="bbox 136 1023 1760 1095; baseline -0.004 -12"><span class='ocrx_word' id='word_1_67' title='bbox 136 1028 220 1084; x_wconf 73' lang='lat' dir='ltr'><strong>facit</strong></span> <span class='ocrx_word' id='word_1_68' title='bbox 259 1028 598 1080; x_wconf 88' lang='lat' dir='ltr'><strong>mentionem</strong></span> <span class='ocrx_word' id='word_1_69' title='bbox 645 1025 813 1095; x_wconf 88' lang='lat' dir='ltr'><strong>juxta</strong></span> <span class='ocrx_word' id='word_1_70' title='bbox 870 1024 1017 1091; x_wconf 83' lang='lat' dir='ltr'><strong>LXX,</strong></span> <span class='ocrx_word' id='word_1_71' title='bbox 1069 1024 1204 1095; x_wconf 90' lang='lat' dir='ltr'><strong>quia</strong></span> <span class='ocrx_word' id='word_1_72' title='bbox 1248 1023 1535 1092; x_wconf 86' lang='lat' dir='ltr'><strong>duplicem</strong></span> <span class='ocrx_word' id='word_1_73' title='bbox 1584 1023 1760 1077; x_wconf 87' lang='lat' dir='ltr'><strong>habet</strong></span> 
     </span>
    </p>
   </div>
   <div class='ocr_carea' id='block_1_11' title="bbox 133 1111 1757 1187">
    <p class='ocr_par' dir='ltr' id='par_1_11' title="bbox 133 1111 1757 1187">
     <span class='ocr_line' id='line_1_11' title="bbox 133 1111 1757 1187; baseline -0.003 -15"><span class='ocrx_word' id='word_1_74' title='bbox 133 1115 455 1187; x_wconf 84' lang='lat' dir='ltr'><strong>operationem</strong></span> <span class='ocrx_word' id='word_1_75' title='bbox 481 1113 797 1169; x_wconf 87' lang='lat' dir='ltr'><strong>secundum</strong></span> <span class='ocrx_word' id='word_1_76' title='bbox 820 1113 1093 1179; x_wconf 89' lang='lat' dir='ltr'><strong>medicos,</strong></span> <span class='ocrx_word' id='word_1_77' title='bbox 1127 1111 1262 1183; x_wconf 85' lang='lat' dir='ltr'><strong>quia</strong></span> <span class='ocrx_word' id='word_1_78' title='bbox 1292 1127 1395 1182; x_wconf 88' lang='lat' dir='ltr'><strong>per</strong></span> <span class='ocrx_word' id='word_1_79' title='bbox 1429 1128 1601 1166; x_wconf 88' lang='lat' dir='ltr'><strong>unam</strong></span> <span class='ocrx_word' id='word_1_80' title='bbox 1632 1128 1757 1182; x_wconf 85' lang='lat' dir='ltr'><strong>par-</strong></span> 
     </span>
    </p>
   </div>
   <div class='ocr_carea' id='block_1_12' title="bbox 128 1202 1755 1272">
    <p class='ocr_par' dir='ltr' id='par_1_12' title="bbox 128 1202 1755 1272">
     <span class='ocr_line' id='line_1_12' title="bbox 128 1202 1755 1272; baseline -0.003 -14"><span class='ocrx_word' id='word_1_81' title='bbox 128 1213 205 1259; x_wconf 77' lang='lat' dir='ltr'><strong>tem</strong></span> <span class='ocrx_word' id='word_1_82' title='bbox 229 1205 542 1258; x_wconf 86' lang='lat' dir='ltr'><strong>alimentum</strong></span> <span class='ocrx_word' id='word_1_83' title='bbox 584 1202 782 1270; x_wconf 84' lang='lat' dir='ltr'><strong>trahit,</strong></span> <span class='ocrx_word' id='word_1_84' title='bbox 812 1218 984 1272; x_wconf 87' lang='lat' dir='ltr'><strong>quam</strong></span> <span class='ocrx_word' id='word_1_85' title='bbox 1036 1208 1241 1255; x_wconf 88' lang='lat' dir='ltr'><strong>vocant</strong></span> <span class='ocrx_word' id='word_1_86' title='bbox 1286 1205 1537 1254; x_wconf 84' lang='lat' dir='ltr'><strong>ventrem</strong></span> <span class='ocrx_word' id='word_1_87' title='bbox 1588 1216 1755 1271; x_wconf 87' lang='lat' dir='ltr'><strong>supe-</strong></span> 
     </span>
    </p>
   </div>
   <div class='ocr_carea' id='block_1_13' title="bbox 126 1288 1751 1363">
    <p class='ocr_par' dir='ltr' id='par_1_13' title="bbox 126 1288 1751 1363">
     <span class='ocr_line' id='line_1_13' title="bbox 126 1288 1751 1363; baseline -0.003 -15"><span class='ocrx_word' id='word_1_88' title='bbox 126 1297 323 1349; x_wconf 83' lang='lat' dir='ltr'><strong>riorem:</strong></span> <span class='ocrx_word' id='word_1_89' title='bbox 359 1307 461 1363; x_wconf 92' lang='lat' dir='ltr'><strong>per</strong></span> <span class='ocrx_word' id='word_1_90' title='bbox 512 1291 748 1345; x_wconf 89' lang='lat' dir='ltr'><strong>alteram</strong></span> <span class='ocrx_word' id='word_1_91' title='bbox 797 1289 1199 1361; x_wconf 77' lang='lat' dir='ltr'><strong>purgationem</strong></span> <span class='ocrx_word' id='word_1_92' title='bbox 1244 1288 1527 1350; x_wconf 86' lang='lat' dir='ltr'><strong>discernit.</strong></span> <span class='ocrx_word' id='word_1_93' title='bbox 1580 1304 1751 1359; x_wconf 87' lang='lat' dir='ltr'><strong>quam</strong></span> 
     </span>
    </p>
   </div>
   <div class='ocr_carea' id='block_1_14' title="bbox 126 1374 1752 1446">
    <p class='ocr_par' dir='ltr' id='par_1_14' title="bbox 126 1374 1752 1446">
     <span class='ocr_line' id='line_1_14' title="bbox 126 1374 1752 1446; baseline -0.002 -13"><span class='ocrx_word' id='word_1_94' title='bbox 126 1387 271 1436; x_wconf 78' lang='lat' dir='ltr'><strong>vocant</strong></span> <span class='ocrx_word' id='word_1_95' title='bbox 290 1384 535 1434; x_wconf 86' lang='lat' dir='ltr'><strong>ventrem</strong></span> <span class='ocrx_word' id='word_1_96' title='bbox 564 1378 941 1433; x_wconf 85' lang='lat' dir='ltr'><strong>&#39;inferiorem.</strong></span> <span class='ocrx_word' id='word_1_97' title='bbox 1000 1377 1185 1437; x_wconf 80' lang='lat' dir='ltr'><strong>Renes</strong></span> <span class='ocrx_word' id='word_1_98' title='bbox 1232 1379 1365 1429; x_wconf 90' lang='lat' dir='ltr'><strong>sunt</strong></span> <span class='ocrx_word' id='word_1_99' title='bbox 1412 1374 1752 1446; x_wconf 77' lang='lat' dir='ltr'><strong>genitalium</strong></span> 
     </span>
    </p>
   </div>
   <div class='ocr_carea' id='block_1_15' title="bbox 124 1464 1751 1527">
    <p class='ocr_par' dir='ltr' id='par_1_15' title="bbox 124 1464 1751 1527">
     <span class='ocr_line' id='line_1_15' title="bbox 124 1464 1751 1527; baseline -0.004 -4"><span class='ocrx_word' id='word_1_100' title='bbox 124 1474 341 1524; x_wconf 79' lang='lat' dir='ltr'><strong>seminum</strong></span> <span class='ocrx_word' id='word_1_101' title='bbox 368 1467 707 1527; x_wconf 88' lang='lat' dir='ltr'><strong>ministeria.</strong></span> <span class='ocrx_word' id='word_1_102' title='bbox 736 1482 867 1521; x_wconf 91' lang='lat' dir='ltr'><strong>cum</strong></span> <span class='ocrx_word' id='word_1_103' title='bbox 894 1470 1094 1520; x_wconf 84' lang='lat' dir='ltr'><strong>ventre</strong></span> <span class='ocrx_word' id='word_1_104' title='bbox 1128 1470 1186 1519; x_wconf 91' lang='lat' dir='ltr'><strong>et</strong></span> <span class='ocrx_word' id='word_1_105' title='bbox 1230 1464 1548 1519; x_wconf 90' lang='lat' dir='ltr'><strong>femoribus</strong></span> <span class='ocrx_word' id='word_1_106' title='bbox 1595 1479 1751 1518; x_wconf 89' lang='lat' dir='ltr'><strong>com-</strong></span> 
     </span>
    </p>
   </div>
   <div class='ocr_carea' id='block_1_16' title="bbox 122 1554 1750 1625">
    <p class='ocr_par' dir='ltr' id='par_1_16' title="bbox 122 1554 1750 1625">
     <span class='ocr_line' id='line_1_16' title="bbox 122 1554 1750 1625; baseline -0.005 -12"><span class='ocrx_word' id='word_1_107' title='bbox 122 1559 427 1613; x_wconf 88' lang='lat' dir='ltr'><strong>municantes.</strong></span> <span class='ocrx_word' id='word_1_108' title='bbox 459 1557 721 1612; x_wconf 89' lang='lat' dir='ltr'><strong>Primum</strong></span> <span class='ocrx_word' id='word_1_109' title='bbox 753 1571 891 1625; x_wconf 90' lang='lat' dir='ltr'><strong>ergo</strong></span> <span class='ocrx_word' id='word_1_110' title='bbox 940 1554 1191 1624; x_wconf 88' lang='lat' dir='ltr'><strong>adipem,</strong></span> <span class='ocrx_word' id='word_1_111' title='bbox 1239 1554 1340 1625; x_wconf 87' lang='lat' dir='ltr'><strong>qui</strong></span> <span class='ocrx_word' id='word_1_112' title='bbox 1392 1568 1569 1624; x_wconf 89' lang='lat' dir='ltr'><strong>supra</strong></span> <span class='ocrx_word' id='word_1_113' title='bbox 1615 1568 1750 1605; x_wconf 82' lang='lat' dir='ltr'><strong>ven-</strong></span> 
     </span>
    </p>
   </div>
   <div class='ocr_carea' id='block_1_17' title="bbox 121 1643 1751 1714">
    <p class='ocr_par' dir='ltr' id='par_1_17' title="bbox 121 1643 1751 1714">
     <span class='ocr_line' id='line_1_17' title="bbox 121 1643 1751 1714; baseline -0.004 -13"><span class='ocrx_word' id='word_1_114' title='bbox 121 1654 225 1701; x_wconf 80' lang='lat' dir='ltr'><strong>trem</strong></span> <span class='ocrx_word' id='word_1_115' title='bbox 248 1651 338 1710; x_wconf 88' lang='lat' dir='ltr'><strong>est,</strong></span> <span class='ocrx_word' id='word_1_116' title='bbox 367 1649 421 1699; x_wconf 89' lang='lat' dir='ltr'><strong>et</strong></span> <span class='ocrx_word' id='word_1_117' title='bbox 441 1646 588 1699; x_wconf 88' lang='lat' dir='ltr'><strong>duos</strong></span> <span class='ocrx_word' id='word_1_118' title='bbox 615 1660 801 1711; x_wconf 88' lang='lat' dir='ltr'><strong>renes,</strong></span> <span class='ocrx_word' id='word_1_119' title='bbox 834 1648 890 1697; x_wconf 92' lang='lat' dir='ltr'><strong>et</strong></span> <span class='ocrx_word' id='word_1_120' title='bbox 910 1644 1138 1712; x_wconf 85' lang='lat' dir='ltr'><strong>adipem</strong></span> <span class='ocrx_word' id='word_1_121' title='bbox 1171 1643 1271 1713; x_wconf 88' lang='lat' dir='ltr'><strong>qui</strong></span> <span class='ocrx_word' id='word_1_122' title='bbox 1301 1658 1475 1714; x_wconf 88' lang='lat' dir='ltr'><strong>super</strong></span> <span class='ocrx_word' id='word_1_123' title='bbox 1518 1657 1616 1695; x_wconf 90' lang='lat' dir='ltr'><strong>eos</strong></span> <span class='ocrx_word' id='word_1_124' title='bbox 1646 1645 1751 1706; x_wconf 87' lang='lat' dir='ltr'><strong>est,</strong></span> 
     </span>
    </p>
   </div>
   <div class='ocr_carea' id='block_1_18' title="bbox 122 1731 1755 1807">
    <p class='ocr_par' dir='ltr' id='par_1_18' title="bbox 122 1731 1755 1807">
     <span class='ocr_line' id='line_1_18' title="bbox 122 1731 1755 1807; baseline -0.003 -18"><span class='ocrx_word' id='word_1_125' title='bbox 122 1736 159 1790; x_wconf 89' lang='lat' dir='ltr'><strong>id</strong></span> <span class='ocrx_word' id='word_1_126' title='bbox 180 1739 244 1790; x_wconf 88' lang='lat' dir='ltr'><strong>est</strong></span> <span class='ocrx_word' id='word_1_127' title='bbox 263 1751 421 1807; x_wconf 89' lang='lat' dir='ltr'><strong>super</strong></span> <span class='ocrx_word' id='word_1_128' title='bbox 445 1734 690 1800; x_wconf 86' lang='lat' dir='ltr'><strong>femora,</strong></span> <span class='ocrx_word' id='word_1_129' title='bbox 720 1749 849 1805; x_wconf 70' lang='lat' dir='ltr'><strong>qum</strong></span> <span class='ocrx_word' id='word_1_130' title='bbox 874 1733 1107 1787; x_wconf 87' lang='lat' dir='ltr'><strong>renibus</strong></span> <span class='ocrx_word' id='word_1_131' title='bbox 1153 1736 1288 1786; x_wconf 87' lang='lat' dir='ltr'><strong>sunt</strong></span> <span class='ocrx_word' id='word_1_132' title='bbox 1320 1731 1538 1797; x_wconf 53' lang='lat' dir='ltr'><strong>.vicina,</strong></span> <span class='ocrx_word' id='word_1_133' title='bbox 1588 1731 1755 1800; x_wconf 87' lang='lat' dir='ltr'><strong>jubet</strong></span> 
     </span>
    </p>
   </div>
   <div class='ocr_carea' id='block_1_19' title="bbox 121 1818 1755 1880">
    <p class='ocr_par' dir='ltr' id='par_1_19' title="bbox 121 1818 1755 1880">
     <span class='ocr_line' id='line_1_19' title="bbox 121 1818 1755 1880; baseline -0.004 -3"><span class='ocrx_word' id='word_1_134' title='bbox 121 1825 299 1879; x_wconf 80' lang='lat' dir='ltr'><strong>oﬁerri:</strong></span> <span class='ocrx_word' id='word_1_135' title='bbox 351 1826 406 1879; x_wconf 91' lang='lat' dir='ltr'><strong>in</strong></span> <span class='ocrx_word' id='word_1_136' title='bbox 460 1824 656 1880; x_wconf 86' lang='lat' dir='ltr'><strong>medio</strong></span> <span class='ocrx_word' id='word_1_137' title='bbox 708 1823 864 1879; x_wconf 90' lang='lat' dir='ltr'><strong>enim</strong></span> <span class='ocrx_word' id='word_1_138' title='bbox 917 1821 1150 1877; x_wconf 82' lang='lat' dir='ltr'><strong>femoris</strong></span> <span class='ocrx_word' id='word_1_139' title='bbox 1206 1824 1263 1874; x_wconf 91' lang='lat' dir='ltr'><strong>et</strong></span> <span class='ocrx_word' id='word_1_140' title='bbox 1334 1818 1549 1874; x_wconf 88' lang='lat' dir='ltr'><strong>ventris</strong></span> <span class='ocrx_word' id='word_1_141' title='bbox 1618 1822 1755 1871; x_wconf 87' lang='lat' dir='ltr'><strong>sunt</strong></span> 
     </span>
    </p>
   </div>
   <div class='ocr_carea' id='block_1_20' title="bbox 122 1913 265 1984">
    <p class='ocr_par' dir='ltr' id='par_1_20' title="bbox 122 1913 265 1984">
     <span class='ocr_line' id='line_1_20' title="bbox 122 1913 265 1984; baseline 0.014 -17"><span class='ocrx_word' id='word_1_142' title='bbox 122 1913 265 1984; x_wconf 80' lang='lat' dir='ltr'><strong>positi.</strong></span> 
     </span>
    </p>
   </div>
   <div class='ocr_carea' id='block_1_21' title="bbox 170 1993 1752 2069">
    <p class='ocr_par' dir='ltr' id='par_1_21' title="bbox 170 1993 1752 2069">
     <span class='ocr_line' id='line_1_21' title="bbox 170 1993 1752 2069; baseline -0.004 -15"><span class='ocrx_word' id='word_1_143' title='bbox 170 2003 299 2055; x_wconf 76' lang='lat' dir='ltr'><strong>Vsus.</strong></span> <span class='ocrx_word' id='word_1_144' title='bbox 329 2004 376 2055; x_wconf 72' lang='grc' dir='ltr'>ι.</span> <span class='ocrx_word' id='word_1_145' title='bbox 404 2000 711 2057; x_wconf 84' lang='lat' dir='ltr'><strong>Reticulum</strong></span> <span class='ocrx_word' id='word_1_146' title='bbox 727 1998 923 2069; x_wconf 76' lang='lat' dir='ltr'><strong>iecoris</strong></span> <span class='ocrx_word' id='word_1_147' title='bbox 957 2013 971 2052; x_wconf 92' lang='lat'><strong>:</strong></span> <span class='ocrx_word' id='word_1_148' title='bbox 1000 1995 1079 2065; x_wconf 71' lang='lat' dir='ltr'><strong>lld</strong></span> <span class='ocrx_word' id='word_1_149' title='bbox 1123 1999 1228 2062; x_wconf 91' lang='lat' dir='ltr'><strong>est,</strong></span> <span class='ocrx_word' id='word_1_150' title='bbox 1277 1995 1479 2067; x_wconf 86' lang='lat' dir='ltr'><strong>epatis,</strong></span> <span class='ocrx_word' id='word_1_151' title='bbox 1528 1993 1590 2050; x_wconf 92' lang='lat' dir='ltr'><strong>in</strong></span> <span class='ocrx_word' id='word_1_152' title='bbox 1636 2009 1752 2064; x_wconf 91' lang='lat' dir='ltr'><strong>quo</strong></span> 
     </span>
    </p>
   </div>
   <div class='ocr_carea' id='block_1_22' title="bbox 121 2084 1752 2157">
    <p class='ocr_par' dir='ltr' id='par_1_22' title="bbox 121 2084 1752 2157">
     <span class='ocr_line' id='line_1_22' title="bbox 121 2084 1752 2157; baseline -0.003 -14"><span class='ocrx_word' id='word_1_153' title='bbox 121 2089 357 2144; x_wconf 82' lang='lat' dir='ltr'><strong>delectatio</strong></span> <span class='ocrx_word' id='word_1_154' title='bbox 416 2089 502 2143; x_wconf 91' lang='lat' dir='ltr'><strong>vel</strong></span> <span class='ocrx_word' id='word_1_155' title='bbox 580 2086 1068 2157; x_wconf 88' lang='lat' dir='ltr'><strong>concupiscentia.</strong></span> <span class='ocrx_word' id='word_1_156' title='bbox 1144 2084 1301 2139; x_wconf 92' lang='lat' dir='ltr'><strong>Unde</strong></span> <span class='ocrx_word' id='word_1_157' title='bbox 1373 2084 1538 2155; x_wconf 85' lang='lat' dir='ltr'><strong>juxta</strong></span> <span class='ocrx_word' id='word_1_158' title='bbox 1628 2084 1752 2138; x_wconf 81' lang='lat' dir='ltr'><strong>LXX</strong></span> 
     </span>
    </p>
   </div>
   <div class='ocr_carea' id='block_1_23' title="bbox 120 2171 1751 2249">
    <p class='ocr_par' dir='ltr' id='par_1_23' title="bbox 120 2171 1751 2249">
     <span class='ocr_line' id='line_1_23' title="bbox 120 2171 1751 2249; baseline -0.004 -17"><span class='ocrx_word' id='word_1_159' title='bbox 120 2179 251 2248; x_wconf 89' lang='lat' dir='ltr'><strong>pinna</strong></span> <span class='ocrx_word' id='word_1_160' title='bbox 277 2180 444 2249; x_wconf 87' lang='lat' dir='ltr'><strong>epatis</strong></span> <span class='ocrx_word' id='word_1_161' title='bbox 471 2192 602 2232; x_wconf 88' lang='lat' dir='ltr'><strong>cum</strong></span> <span class='ocrx_word' id='word_1_162' title='bbox 638 2176 875 2231; x_wconf 88' lang='lat' dir='ltr'><strong>renibus</strong></span> <span class='ocrx_word' id='word_1_163' title='bbox 903 2175 1196 2230; x_wconf 84' lang='lat' dir='ltr'><strong>auferetur</strong></span> <span class='ocrx_word' id='word_1_164' title='bbox 1226 2188 1239 2228; x_wconf 94' lang='lat'>:</span> <span class='ocrx_word' id='word_1_165' title='bbox 1274 2173 1440 2244; x_wconf 86' lang='lat' dir='ltr'><strong>jecur</strong></span> <span class='ocrx_word' id='word_1_166' title='bbox 1489 2171 1642 2227; x_wconf 91' lang='lat' dir='ltr'><strong>enim</strong></span> <span class='ocrx_word' id='word_1_167' title='bbox 1691 2172 1751 2227; x_wconf 90' lang='lat' dir='ltr'><strong>in</strong></span> 
     </span>
    </p>
   </div>
   <div class='ocr_carea' id='block_1_24' title="bbox 123 2263 1156 2337">
    <p class='ocr_par' dir='ltr' id='par_1_24' title="bbox 123 2263 1156 2337">
     <span class='ocr_line' id='line_1_24' title="bbox 123 2263 1156 2337; baseline -0.004 -17"><span class='ocrx_word' id='word_1_168' title='bbox 123 2266 300 2321; x_wconf 80' lang='lat' dir='ltr'><strong>renibus</strong></span> <span class='ocrx_word' id='word_1_169' title='bbox 328 2266 435 2320; x_wconf 87' lang='lat' dir='ltr'><strong>vim</strong></span> <span class='ocrx_word' id='word_1_170' title='bbox 468 2264 826 2337; x_wconf 88' lang='lat' dir='ltr'><strong>Operationis</strong></span> <span class='ocrx_word' id='word_1_171' title='bbox 855 2263 1156 2317; x_wconf 88' lang='lat' dir='ltr'><strong>ministrat.</strong></span> 
     </span>
    </p>
   </div>
   <div class='ocr_carea' id='block_1_25' title="bbox 169 2348 1748 2418">
    <p class='ocr_par' dir='ltr' id='par_1_25' title="bbox 169 2348 1748 2418">
     <span class='ocr_line' id='line_1_25' title="bbox 169 2348 1748 2418; baseline -0.003 -12"><span class='ocrx_word' id='word_1_172' title='bbox 169 2356 293 2410; x_wconf 78' lang='lat' dir='ltr'><strong>Vm.</strong></span> <span class='ocrx_word' id='word_1_173' title='bbox 319 2358 367 2411; x_wconf 90' lang='lat'><strong>6.</strong></span> <span class='ocrx_word' id='word_1_174' title='bbox 397 2384 466 2397; x_wconf 89' lang='lat'>—</span> <span class='ocrx_word' id='word_1_175' title='bbox 508 2356 573 2411; x_wconf 98' lang='lat' dir='ltr'><strong>Si</strong></span> <span class='ocrx_word' id='word_1_176' title='bbox 619 2368 747 2407; x_wconf 80' lang='lat' dir='ltr'><strong>vero</strong></span> <span class='ocrx_word' id='word_1_177' title='bbox 788 2354 853 2406; x_wconf 90' lang='lat' dir='ltr'><strong>de</strong></span> <span class='ocrx_word' id='word_1_178' title='bbox 894 2352 1082 2407; x_wconf 79' lang='lat' dir='ltr'><strong>ovibus</strong></span> <span class='ocrx_word' id='word_1_179' title='bbox 1135 2352 1324 2418; x_wconf 82' lang='lat' dir='ltr'><strong>fuerit,</strong></span> <span class='ocrx_word' id='word_1_180' title='bbox 1379 2352 1485 2403; x_wconf 91' lang='lat' dir='ltr'><strong>etc.</strong></span> <span class='ocrx_word' id='word_1_181' title='bbox 1544 2348 1748 2417; x_wconf 84' lang='lat' dir='ltr'><strong>(lsrca).</strong></span> 
     </span>
    </p>
   </div>
   <div class='ocr_carea' id='block_1_26' title="bbox 123 2437 1753 2517">
    <p class='ocr_par' dir='ltr' id='par_1_26' title="bbox 123 2437 1753 2517">
     <span class='ocr_line' id='line_1_26' title="bbox 123 2437 1753 2517; baseline -0.004 -20"><span class='ocrx_word' id='word_1_182' title='bbox 123 2445 252 2509; x_wconf 81' lang='lat' dir='ltr'><strong>Quem</strong></span> <span class='ocrx_word' id='word_1_183' title='bbox 276 2444 559 2517; x_wconf 81' lang='lat' dir='ltr'><strong>prmcipiat</strong></span> <span class='ocrx_word' id='word_1_184' title='bbox 588 2443 797 2498; x_wconf 77' lang='lat' dir='ltr'><strong>offerre</strong></span> <span class='ocrx_word' id='word_1_185' title='bbox 828 2442 1052 2509; x_wconf 83' lang='lat' dir='ltr'><strong>bovem,</strong></span> <span class='ocrx_word' id='word_1_186' title='bbox 1076 2445 1206 2507; x_wconf 89' lang='lat' dir='ltr'><strong>etc.,</strong></span> <span class='ocrx_word' id='word_1_187' title='bbox 1236 2453 1407 2509; x_wconf 86' lang='lat' dir='ltr'><strong>usque</strong></span> <span class='ocrx_word' id='word_1_188' title='bbox 1432 2437 1507 2493; x_wconf 89' lang='lat' dir='ltr'><strong>ad</strong></span> <span class='ocrx_word' id='word_1_189' title='bbox 1521 2437 1580 2492; x_wconf 91' lang='lat' dir='ltr'><strong>in</strong></span> <span class='ocrx_word' id='word_1_190' title='bbox 1610 2438 1753 2491; x_wconf 81' lang='lat' dir='ltr'><strong>lum-</strong></span> 
     </span>
    </p>
   </div>
   <div class='ocr_carea' id='block_1_27' title="bbox 125 2529 1123 2604">
    <p class='ocr_par' dir='ltr' id='par_1_27' title="bbox 125 2529 1123 2604">
     <span class='ocr_line' id='line_1_27' title="bbox 125 2529 1123 2604; baseline -0.006 -16"><span class='ocrx_word' id='word_1_191' title='bbox 125 2534 184 2588; x_wconf 86' lang='lat' dir='ltr'><strong>bis</strong></span> <span class='ocrx_word' id='word_1_192' title='bbox 204 2551 401 2604; x_wconf 88' lang='lat' dir='ltr'><strong>quoque</strong></span> <span class='ocrx_word' id='word_1_193' title='bbox 429 2532 693 2604; x_wconf 86' lang='lat' dir='ltr'><strong>operatio</strong></span> <span class='ocrx_word' id='word_1_194' title='bbox 721 2529 1123 2601; x_wconf 79' lang='lat' dir='ltr'><strong>generationis.</strong></span> 
     </span>
    </p>
   </div>
   <div class='ocr_carea' id='block_1_28' title="bbox 171 2615 1752 2678">
    <p class='ocr_par' dir='ltr' id='par_1_28' title="bbox 171 2615 1752 2678">
     <span class='ocr_line' id='line_1_28' title="bbox 171 2615 1752 2678; baseline -0.007 -1"><span class='ocrx_word' id='word_1_195' title='bbox 171 2625 296 2678; x_wconf 76' lang='lat' dir='ltr'><strong>Vsus.</strong></span> <span class='ocrx_word' id='word_1_196' title='bbox 321 2626 365 2675; x_wconf 85' lang='lat'><strong>9.</strong></span> <span class='ocrx_word' id='word_1_197' title='bbox 399 2652 467 2664; x_wconf 89' lang='lat'><strong>-</strong></span> <span class='ocrx_word' id='word_1_198' title='bbox 506 2625 576 2678; x_wconf 87' lang='lat' dir='ltr'><strong>Et</strong></span> <span class='ocrx_word' id='word_1_199' title='bbox 604 2620 856 2676; x_wconf 83' lang='lat' dir='ltr'><strong>caudam.</strong></span> <span class='ocrx_word' id='word_1_200' title='bbox 910 2619 1077 2674; x_wconf 80' lang='lat' dir='ltr'><strong>LXX:</strong></span> <span class='ocrx_word' id='word_1_201' title='bbox 1130 2615 1410 2672; x_wconf 89' lang='lat' dir='ltr'><strong>Lumbum</strong></span> <span class='ocrx_word' id='word_1_202' title='bbox 1456 2615 1577 2669; x_wconf 88' lang='lat' dir='ltr'><strong>sine</strong></span> <span class='ocrx_word' id='word_1_203' title='bbox 1625 2629 1752 2667; x_wconf 86' lang='lat' dir='ltr'><strong>ma-</strong></span> 
     </span>
    </p>
   </div>
   <div class='ocr_carea' id='block_1_29' title="bbox 127 2702 1751 2781">
    <p class='ocr_par' dir='ltr' id='par_1_29' title="bbox 127 2702 1751 2781">
     <span class='ocr_line' id='line_1_29' title="bbox 127 2702 1751 2781; baseline -0.003 -20"><span class='ocrx_word' id='word_1_204' title='bbox 127 2711 215 2763; x_wconf 83' lang='lat' dir='ltr'><strong>cula</strong></span> <span class='ocrx_word' id='word_1_205' title='bbox 231 2712 518 2781; x_wconf 89' lang='lat' dir='ltr'><strong>integrum,</strong></span> <span class='ocrx_word' id='word_1_206' title='bbox 550 2726 626 2764; x_wconf 90' lang='lat' dir='ltr'><strong>ne</strong></span> <span class='ocrx_word' id='word_1_207' title='bbox 657 2708 874 2763; x_wconf 83' lang='lat' dir='ltr'><strong>scilicet</strong></span> <span class='ocrx_word' id='word_1_208' title='bbox 906 2707 1063 2761; x_wconf 87' lang='lat' dir='ltr'><strong>aliud</strong></span> <span class='ocrx_word' id='word_1_209' title='bbox 1095 2705 1368 2760; x_wconf 75' lang='lat' dir='ltr'><strong>offeratur</strong></span> <span class='ocrx_word' id='word_1_210' title='bbox 1414 2705 1549 2769; x_wconf 87' lang='lat' dir='ltr'><strong>Deo,</strong></span> <span class='ocrx_word' id='word_1_211' title='bbox 1594 2702 1751 2756; x_wconf 87' lang='lat' dir='ltr'><strong>aliud</strong></span> 
     </span>
    </p>
   </div>
   <div class='ocr_carea' id='block_1_30' title="bbox 127 2791 1752 2865">
    <p class='ocr_par' dir='ltr' id='par_1_30' title="bbox 127 2791 1752 2865">
     <span class='ocr_line' id='line_1_30' title="bbox 127 2791 1752 2865; baseline -0.004 -14"><span class='ocrx_word' id='word_1_212' title='bbox 127 2798 394 2853; x_wconf 79' lang='lat' dir='ltr'><strong>adversario.</strong></span> <span class='ocrx_word' id='word_1_213' title='bbox 435 2798 667 2854; x_wconf 87' lang='lat' dir='ltr'><strong>Sufﬁcit</strong></span> <span class='ocrx_word' id='word_1_214' title='bbox 690 2798 843 2851; x_wconf 91' lang='lat' dir='ltr'><strong>enim</strong></span> <span class='ocrx_word' id='word_1_215' title='bbox 874 2796 1011 2851; x_wconf 89' lang='lat' dir='ltr'><strong>huic</strong></span> <span class='ocrx_word' id='word_1_216' title='bbox 1040 2796 1107 2849; x_wconf 87' lang='lat' dir='ltr'><strong>ad</strong></span> <span class='ocrx_word' id='word_1_217' title='bbox 1140 2794 1364 2848; x_wconf 85' lang='lat' dir='ltr'><strong>veniam</strong></span> <span class='ocrx_word' id='word_1_218' title='bbox 1404 2809 1532 2865; x_wconf 76' lang='lat' dir='ltr'><strong>quae</strong></span> <span class='ocrx_word' id='word_1_219' title='bbox 1579 2791 1752 2845; x_wconf 86' lang='lat' dir='ltr'><strong>virtu-</strong></span> 
     </span>
    </p>
   </div>
   <div class='ocr_carea' id='block_1_31' title="bbox 126 2881 1749 2959">
    <p class='ocr_par' dir='ltr' id='par_1_31' title="bbox 126 2881 1749 2959">
     <span class='ocr_line' id='line_1_31' title="bbox 126 2881 1749 2959; baseline -0.003 -22"><span class='ocrx_word' id='word_1_220' title='bbox 126 2887 174 2939; x_wconf 85' lang='lat' dir='ltr'><strong>tis</strong></span> <span class='ocrx_word' id='word_1_221' title='bbox 194 2894 300 2941; x_wconf 88' lang='lat' dir='ltr'><strong>sunt</strong></span> <span class='ocrx_word' id='word_1_222' title='bbox 326 2904 433 2942; x_wconf 90' lang='lat' dir='ltr'><strong>non</strong></span> <span class='ocrx_word' id='word_1_223' title='bbox 464 2903 641 2959; x_wconf 89' lang='lat' dir='ltr'><strong>agere</strong></span> <span class='ocrx_word' id='word_1_224' title='bbox 668 2902 683 2951; x_wconf 88' lang='lat'><strong>;</strong></span> <span class='ocrx_word' id='word_1_225' title='bbox 723 2885 807 2939; x_wconf 90' lang='lat' dir='ltr'><strong>sin</strong></span> <span class='ocrx_word' id='word_1_226' title='bbox 830 2891 1023 2939; x_wconf 90' lang='lat' dir='ltr'><strong>autem</strong></span> <span class='ocrx_word' id='word_1_227' title='bbox 1047 2884 1196 2938; x_wconf 90' lang='lat' dir='ltr'><strong>mala</strong></span> <span class='ocrx_word' id='word_1_228' title='bbox 1218 2886 1505 2952; x_wconf 87' lang='lat' dir='ltr'><strong>operatur,</strong></span> <span class='ocrx_word' id='word_1_229' title='bbox 1525 2881 1749 2933; x_wconf 86' lang='lat' dir='ltr'><strong>veniam</strong></span> 
     </span>
    </p>
   </div>
   <div class='ocr_carea' id='block_1_32' title="bbox 1868 493 3562 564">
    <p class='ocr_par' dir='ltr' id='par_1_32' title="bbox 1868 493 3562 564">
     <span class='ocr_line' id='line_1_32' title="bbox 1868 493 3562 564; baseline 0 -17"><span class='ocrx_word' id='word_1_230' title='bbox 1868 494 2023 548; x_wconf 90' lang='lat' dir='ltr'><strong>enim</strong></span> <span class='ocrx_word' id='word_1_231' title='bbox 2050 493 2375 562; x_wconf 88' lang='lat' dir='ltr'><strong>ignorantia</strong></span> <span class='ocrx_word' id='word_1_232' title='bbox 2404 493 2464 547; x_wconf 91' lang='lat' dir='ltr'><strong>in</strong></span> <span class='ocrx_word' id='word_1_233' title='bbox 2511 508 2643 547; x_wconf 89' lang='lat' dir='ltr'><strong>eum</strong></span> <span class='ocrx_word' id='word_1_234' title='bbox 2691 493 2891 547; x_wconf 87' lang='lat' dir='ltr'><strong>cadere</strong></span> <span class='ocrx_word' id='word_1_235' title='bbox 2940 498 3151 564; x_wconf 85' lang='lat' dir='ltr'><strong>potest,</strong></span> <span class='ocrx_word' id='word_1_236' title='bbox 3201 493 3301 564; x_wconf 88' lang='lat' dir='ltr'><strong>qui</strong></span> <span class='ocrx_word' id='word_1_237' title='bbox 3348 498 3411 548; x_wconf 94' lang='lat' dir='ltr'><strong>ut</strong></span> <span class='ocrx_word' id='word_1_238' title='bbox 3458 493 3562 547; x_wconf 88' lang='lat' dir='ltr'><strong>do-</strong></span> 
     </span>
    </p>
   </div>
   <div class='ocr_carea' id='block_1_33' title="bbox 1868 585 2753 653">
    <p class='ocr_par' dir='ltr' id='par_1_33' title="bbox 1868 585 2753 653">
     <span class='ocr_line' id='line_1_33' title="bbox 1868 585 2753 653; baseline -0.002 -16"><span class='ocrx_word' id='word_1_239' title='bbox 1868 589 2023 637; x_wconf 90' lang='lat' dir='ltr'><strong>ceret</strong></span> <span class='ocrx_word' id='word_1_240' title='bbox 2055 586 2288 636; x_wconf 65' lang='lat' dir='ltr'><strong>cmteros</strong></span> <span class='ocrx_word' id='word_1_241' title='bbox 2320 585 2620 653; x_wconf 78' lang='lat' dir='ltr'><strong>provectus</strong></span> <span class='ocrx_word' id='word_1_242' title='bbox 2648 586 2753 635; x_wconf 86' lang='lat' dir='ltr'><strong>est.</strong></span> 
     </span>
    </p>
   </div>
   <div class='ocr_carea' id='block_1_34' title="bbox 1940 669 3563 740">
    <p class='ocr_par' dir='ltr' id='par_1_34' title="bbox 1940 669 3563 740">
     <span class='ocr_line' id='line_1_34' title="bbox 1940 669 3563 740; baseline 0.001 -16"><span class='ocrx_word' id='word_1_243' title='bbox 1940 669 2062 740; x_wconf 82' lang='grc' dir='ltr'>(ιο.)</span> <span class='ocrx_word' id='word_1_244' title='bbox 2087 671 2148 726; x_wconf 93' lang='lat' dir='ltr'><strong>Si</strong></span> <span class='ocrx_word' id='word_1_245' title='bbox 2191 670 2459 736; x_wconf 81' lang='lat' dir='ltr'><strong>sacerdos,</strong></span> <span class='ocrx_word' id='word_1_246' title='bbox 2510 675 2617 724; x_wconf 87' lang='lat' dir='ltr'><strong>etc.</strong></span> <span class='ocrx_word' id='word_1_247' title='bbox 2663 672 2870 724; x_wconf 86' lang='lat' dir='ltr'><strong>Terror</strong></span> <span class='ocrx_word' id='word_1_248' title='bbox 2915 670 3085 726; x_wconf 89' lang='lat' dir='ltr'><strong>simul</strong></span> <span class='ocrx_word' id='word_1_249' title='bbox 3137 675 3193 726; x_wconf 93' lang='lat' dir='ltr'><strong>et</strong></span> <span class='ocrx_word' id='word_1_250' title='bbox 3235 670 3563 726; x_wconf 87' lang='lat' dir='ltr'><strong>misericor-</strong></span> 
     </span>
    </p>
   </div>
   <div class='ocr_carea' id='block_1_35' title="bbox 1866 758 3563 830">
    <p class='ocr_par' dir='ltr' id='par_1_35' title="bbox 1866 758 3563 830">
     <span class='ocr_line' id='line_1_35' title="bbox 1866 758 3563 830; baseline 0.002 -18"><span class='ocrx_word' id='word_1_251' title='bbox 1866 758 1979 825; x_wconf 90' lang='lat' dir='ltr'><strong>dia,</strong></span> <span class='ocrx_word' id='word_1_252' title='bbox 2007 764 2137 824; x_wconf 89' lang='lat' dir='ltr'><strong>etc.,</strong></span> <span class='ocrx_word' id='word_1_253' title='bbox 2167 773 2336 828; x_wconf 87' lang='lat' dir='ltr'><strong>usque</strong></span> <span class='ocrx_word' id='word_1_254' title='bbox 2364 759 2439 812; x_wconf 85' lang='lat' dir='ltr'><strong>ad</strong></span> <span class='ocrx_word' id='word_1_255' title='bbox 2476 758 2575 830; x_wconf 91' lang='lat' dir='ltr'><strong>qui</strong></span> <span class='ocrx_word' id='word_1_256' title='bbox 2625 759 2974 813; x_wconf 82' lang='lat' dir='ltr'><strong>conscientia</strong></span> <span class='ocrx_word' id='word_1_257' title='bbox 3019 760 3371 815; x_wconf 88' lang='lat' dir='ltr'><strong>inﬁrmitatis</strong></span> <span class='ocrx_word' id='word_1_258' title='bbox 3418 776 3563 815; x_wconf 88' lang='lat' dir='ltr'><strong>mor-</strong></span> 
     </span>
    </p>
   </div>
   <div class='ocr_carea' id='block_1_36' title="bbox 1866 846 2056 901">
    <p class='ocr_par' dir='ltr' id='par_1_36' title="bbox 1866 846 2056 901">
     <span class='ocr_line' id='line_1_36' title="bbox 1866 846 2056 901; baseline -0.005 0"><span class='ocrx_word' id='word_1_259' title='bbox 1866 846 2056 901; x_wconf 89' lang='lat' dir='ltr'><strong>detur.</strong></span> 
     </span>
    </p>
   </div>
   <div class='ocr_carea' id='block_1_37' title="bbox 1937 935 3564 1009">
    <p class='ocr_par' dir='ltr' id='par_1_37' title="bbox 1937 935 3564 1009">
     <span class='ocr_line' id='line_1_37' title="bbox 1937 935 3564 1009; baseline 0.002 -20"><span class='ocrx_word' id='word_1_260' title='bbox 1937 935 2065 1005; x_wconf 85' lang='lat' dir='ltr'><strong>(ld.)</strong></span> <span class='ocrx_word' id='word_1_261' title='bbox 2097 937 2157 990; x_wconf 91' lang='lat' dir='ltr'><strong>Si</strong></span> <span class='ocrx_word' id='word_1_262' title='bbox 2184 935 2451 1001; x_wconf 84' lang='lat' dir='ltr'><strong>sacerdos,</strong></span> <span class='ocrx_word' id='word_1_263' title='bbox 2496 939 2603 990; x_wconf 87' lang='lat' dir='ltr'><strong>etc.</strong></span> <span class='ocrx_word' id='word_1_264' title='bbox 2654 935 2932 999; x_wconf 79' lang='lat' dir='ltr'><strong>Pontifex,</strong></span> <span class='ocrx_word' id='word_1_265' title='bbox 2979 953 3179 991; x_wconf 88' lang='lat' dir='ltr'><strong>sensus</strong></span> <span class='ocrx_word' id='word_1_266' title='bbox 3232 937 3457 1009; x_wconf 88' lang='lat' dir='ltr'><strong>pietatis</strong></span> <span class='ocrx_word' id='word_1_267' title='bbox 3506 945 3564 994; x_wconf 92' lang='lat' dir='ltr'><strong>et</strong></span> 
     </span>
    </p>
   </div>
   <div class='ocr_carea' id='block_1_38' title="bbox 1865 1024 3450 1096">
    <p class='ocr_par' dir='ltr' id='par_1_38' title="bbox 1865 1024 3450 1096">
     <span class='ocr_line' id='line_1_38' title="bbox 1865 1024 3450 1096; baseline 0.001 -17"><span class='ocrx_word' id='word_1_268' title='bbox 1865 1024 2183 1095; x_wconf 88' lang='lat' dir='ltr'><strong>religionis,</strong></span> <span class='ocrx_word' id='word_1_269' title='bbox 2217 1028 2347 1090; x_wconf 91' lang='lat' dir='ltr'><strong>etc.,</strong></span> <span class='ocrx_word' id='word_1_270' title='bbox 2383 1040 2551 1093; x_wconf 88' lang='lat' dir='ltr'><strong>usque</strong></span> <span class='ocrx_word' id='word_1_271' title='bbox 2579 1024 2653 1078; x_wconf 85' lang='lat' dir='ltr'><strong>ad</strong></span> <span class='ocrx_word' id='word_1_272' title='bbox 2681 1024 2890 1079; x_wconf 87' lang='lat' dir='ltr'><strong>Christi</strong></span> <span class='ocrx_word' id='word_1_273' title='bbox 2918 1031 3101 1080; x_wconf 89' lang='lat' dir='ltr'><strong>morte</strong></span> <span class='ocrx_word' id='word_1_274' title='bbox 3134 1030 3450 1096; x_wconf 84' lang='lat' dir='ltr'><strong>reparatur.</strong></span> 
     </span>
    </p>
   </div>
   <div class='ocr_carea' id='block_1_39' title="bbox 1936 1114 3554 1177">
    <p class='ocr_par' dir='ltr' id='par_1_39' title="bbox 1936 1114 3554 1177">
     <span class='ocr_line' id='line_1_39' title="bbox 1936 1114 3554 1177; baseline 0.001 -12"><span class='ocrx_word' id='word_1_275' title='bbox 1936 1115 2092 1168; x_wconf 77' lang='lat' dir='ltr'><strong>Vens.</strong></span> <span class='ocrx_word' id='word_1_276' title='bbox 2153 1116 2204 1168; x_wconf 87' lang='lat'><strong>3.</strong></span> <span class='ocrx_word' id='word_1_277' title='bbox 2258 1142 2327 1153; x_wconf 82' lang='lat'><strong>——</strong></span> <span class='ocrx_word' id='word_1_278' title='bbox 2386 1114 2627 1167; x_wconf 86' lang='lat' dir='ltr'><strong>Vitulum</strong></span> <span class='ocrx_word' id='word_1_279' title='bbox 2682 1114 3088 1167; x_wconf 77' lang='lat' dir='ltr'><strong>immaculatum</strong></span> <span class='ocrx_word' id='word_1_280' title='bbox 3146 1115 3388 1177; x_wconf 87' lang='lat' dir='ltr'><strong>Domino,</strong></span> <span class='ocrx_word' id='word_1_281' title='bbox 3451 1119 3554 1167; x_wconf 92' lang='lat' dir='ltr'><strong>etc.</strong></span> 
     </span>
    </p>
   </div>
   <div class='ocr_carea' id='block_1_40' title="bbox 1864 1202 3559 1273">
    <p class='ocr_par' dir='ltr' id='par_1_40' title="bbox 1864 1202 3559 1273">
     <span class='ocr_line' id='line_1_40' title="bbox 1864 1202 3559 1273; baseline -0.002 -14"><span class='ocrx_word' id='word_1_282' title='bbox 1864 1203 1985 1273; x_wconf 77' lang='lat'><strong>(11).)</strong></span> <span class='ocrx_word' id='word_1_283' title='bbox 2016 1202 2270 1257; x_wconf 89' lang='lat' dir='ltr'><strong>Secundo</strong></span> <span class='ocrx_word' id='word_1_284' title='bbox 2301 1202 2625 1256; x_wconf 88' lang='lat' dir='ltr'><strong>invenimus</strong></span> <span class='ocrx_word' id='word_1_285' title='bbox 2672 1202 2865 1255; x_wconf 82' lang='lat' dir='ltr'><strong>oﬁ&#39;erri</strong></span> <span class='ocrx_word' id='word_1_286' title='bbox 2912 1218 2945 1255; x_wconf 92' lang='lat' dir='ltr'><strong>a</strong></span> <span class='ocrx_word' id='word_1_287' title='bbox 2992 1202 3266 1272; x_wconf 87' lang='lat' dir='ltr'><strong>pontiﬁce</strong></span> <span class='ocrx_word' id='word_1_288' title='bbox 3316 1202 3559 1256; x_wconf 89' lang='lat' dir='ltr'><strong>vitulum</strong></span> 
     </span>
    </p>
   </div>
   <div class='ocr_carea' id='block_1_41' title="bbox 1864 1290 3561 1361">
    <p class='ocr_par' dir='ltr' id='par_1_41' title="bbox 1864 1290 3561 1361">
     <span class='ocr_line' id='line_1_41' title="bbox 1864 1290 3561 1361; baseline -0.001 -16"><span class='ocrx_word' id='word_1_289' title='bbox 1864 1292 1923 1345; x_wconf 91' lang='lat' dir='ltr'><strong>in</strong></span> <span class='ocrx_word' id='word_1_290' title='bbox 1963 1291 2380 1357; x_wconf 87' lang='lat' dir='ltr'><strong>holocaustum,</strong></span> <span class='ocrx_word' id='word_1_291' title='bbox 2423 1297 2530 1345; x_wconf 88' lang='lat' dir='ltr'><strong>etc.</strong></span> <span class='ocrx_word' id='word_1_292' title='bbox 2585 1306 2754 1359; x_wconf 85' lang='lat' dir='ltr'><strong>usque</strong></span> <span class='ocrx_word' id='word_1_293' title='bbox 2807 1290 2882 1344; x_wconf 83' lang='lat' dir='ltr'><strong>ad</strong></span> <span class='ocrx_word' id='word_1_294' title='bbox 2939 1290 2998 1344; x_wconf 91' lang='lat' dir='ltr'><strong>in</strong></span> <span class='ocrx_word' id='word_1_295' title='bbox 3052 1307 3168 1361; x_wconf 92' lang='lat' dir='ltr'><strong>quo</strong></span> <span class='ocrx_word' id='word_1_296' title='bbox 3226 1306 3426 1361; x_wconf 89' lang='lat' dir='ltr'><strong>passus</strong></span> <span class='ocrx_word' id='word_1_297' title='bbox 3476 1297 3561 1344; x_wconf 90' lang='lat' dir='ltr'><strong>est</strong></span> 
     </span>
    </p>
   </div>
   <div class='ocr_carea' id='block_1_42' title="bbox 1864 1380 2141 1436">
    <p class='ocr_par' dir='ltr' id='par_1_42' title="bbox 1864 1380 2141 1436">
     <span class='ocr_line' id='line_1_42' title="bbox 1864 1380 2141 1436; baseline -0.011 0"><span class='ocrx_word' id='word_1_298' title='bbox 1864 1380 2141 1436; x_wconf 85' lang='lat' dir='ltr'><strong>Christus.</strong></span> 
     </span>
    </p>
   </div>
   <div class='ocr_carea' id='block_1_43' title="bbox 1934 1468 3559 1536">
    <p class='ocr_par' dir='ltr' id='par_1_43' title="bbox 1934 1468 3559 1536">
     <span class='ocr_line' id='line_1_43' title="bbox 1934 1468 3559 1536; baseline -0.001 -14"><span class='ocrx_word' id='word_1_299' title='bbox 1934 1470 2095 1523; x_wconf 78' lang='lat' dir='ltr'><strong>Vsus.</strong></span> <span class='ocrx_word' id='word_1_300' title='bbox 2130 1472 2183 1524; x_wconf 80' lang='grc'><strong>5.</strong></span> <span class='ocrx_word' id='word_1_301' title='bbox 2220 1497 2279 1508; x_wconf 96' lang='grc'><strong>-</strong></span> <span class='ocrx_word' id='word_1_302' title='bbox 2321 1470 2544 1523; x_wconf 87' lang='lat' dir='ltr'><strong>Hauriet</strong></span> <span class='ocrx_word' id='word_1_303' title='bbox 2568 1482 2776 1536; x_wconf 85' lang='lat' dir='ltr'><strong>quoque</strong></span> <span class='ocrx_word' id='word_1_304' title='bbox 2821 1468 2886 1521; x_wconf 86' lang='lat' dir='ltr'><strong>de</strong></span> <span class='ocrx_word' id='word_1_305' title='bbox 2930 1468 3213 1536; x_wconf 86' lang='lat' dir='ltr'><strong>sanguine,</strong></span> <span class='ocrx_word' id='word_1_306' title='bbox 3259 1471 3365 1521; x_wconf 89' lang='lat' dir='ltr'><strong>etc.</strong></span> <span class='ocrx_word' id='word_1_307' title='bbox 3412 1468 3559 1521; x_wconf 85' lang='lat' dir='ltr'><strong>Sau-</strong></span> 
     </span>
    </p>
   </div>
   <div class='ocr_carea' id='block_1_44' title="bbox 1861 1556 3557 1629">
    <p class='ocr_par' dir='ltr' id='par_1_44' title="bbox 1861 1556 3557 1629">
     <span class='ocr_line' id='line_1_44' title="bbox 1861 1556 3557 1629; baseline -0.001 -18"><span class='ocrx_word' id='word_1_308' title='bbox 1861 1557 2095 1629; x_wconf 91' lang='lat' dir='ltr'><strong>guinem</strong></span> <span class='ocrx_word' id='word_1_309' title='bbox 2128 1556 2289 1611; x_wconf 90' lang='lat' dir='ltr'><strong>vituli</strong></span> <span class='ocrx_word' id='word_1_310' title='bbox 2317 1556 2375 1610; x_wconf 91' lang='lat' dir='ltr'><strong>in</strong></span> <span class='ocrx_word' id='word_1_311' title='bbox 2406 1556 2854 1621; x_wconf 71' lang='lat' dir='ltr'><strong>tabernaculum,</strong></span> <span class='ocrx_word' id='word_1_312' title='bbox 2891 1556 2946 1610; x_wconf 91' lang='lat' dir='ltr'><strong>id</strong></span> <span class='ocrx_word' id='word_1_313' title='bbox 2972 1562 3076 1623; x_wconf 89' lang='lat' dir='ltr'><strong>est,</strong></span> <span class='ocrx_word' id='word_1_314' title='bbox 3133 1556 3193 1609; x_wconf 92' lang='lat' dir='ltr'><strong>in</strong></span> <span class='ocrx_word' id='word_1_315' title='bbox 3222 1556 3427 1611; x_wconf 63' lang='lat' dir='ltr'><strong>castum</strong></span> <span class='ocrx_word' id='word_1_316' title='bbox 3464 1556 3557 1609; x_wconf 89' lang='lat' dir='ltr'><strong>in-</strong></span> 
     </span>
    </p>
   </div>
   <div class='ocr_carea' id='block_1_45' title="bbox 1793 1644 3557 1734">
    <p class='ocr_par' dir='ltr' id='par_1_45' title="bbox 1793 1644 3557 1734">
     <span class='ocr_line' id='line_1_45' title="bbox 1793 1644 3557 1734; baseline -0.002 -34"><span class='ocrx_word' id='word_1_317' title='bbox 1793 1679 1831 1734; x_wconf 76' lang='lat' dir='ltr'><strong>B</strong></span> <span class='ocrx_word' id='word_1_318' title='bbox 1868 1646 2036 1701; x_wconf 88' lang='lat' dir='ltr'><strong>tulit:</strong></span> <span class='ocrx_word' id='word_1_319' title='bbox 2069 1661 2200 1699; x_wconf 89' lang='lat' dir='ltr'><strong>cum</strong></span> <span class='ocrx_word' id='word_1_320' title='bbox 2230 1650 2363 1714; x_wconf 89' lang='lat' dir='ltr'><strong>post</strong></span> <span class='ocrx_word' id='word_1_321' title='bbox 2404 1644 2877 1699; x_wconf 89' lang='lat' dir='ltr'><strong>resurrectionem</strong></span> <span class='ocrx_word' id='word_1_322' title='bbox 2928 1645 3101 1699; x_wconf 63' lang='lat' dir='ltr'><strong>caelos</strong></span> <span class='ocrx_word' id='word_1_323' title='bbox 3149 1645 3557 1710; x_wconf 79' lang='lat' dir='ltr'><strong>conscendens,</strong></span> 
     </span>
    </p>
   </div>
   <div class='ocr_carea' id='block_1_46' title="bbox 1866 1733 3557 1804">
    <p class='ocr_par' dir='ltr' id='par_1_46' title="bbox 1866 1733 3557 1804">
     <span class='ocr_line' id='line_1_46' title="bbox 1866 1733 3557 1804; baseline -0.001 -16"><span class='ocrx_word' id='word_1_324' title='bbox 1866 1734 2048 1790; x_wconf 88' lang='lat' dir='ltr'><strong>vultui</strong></span> <span class='ocrx_word' id='word_1_325' title='bbox 2079 1734 2257 1789; x_wconf 89' lang='lat' dir='ltr'><strong>Patris</strong></span> <span class='ocrx_word' id='word_1_326' title='bbox 2294 1733 2493 1799; x_wconf 88' lang='lat' dir='ltr'><strong>astitit,</strong></span> <span class='ocrx_word' id='word_1_327' title='bbox 2542 1733 2706 1804; x_wconf 90' lang='lat' dir='ltr'><strong>quasi</strong></span> <span class='ocrx_word' id='word_1_328' title='bbox 2756 1733 3002 1788; x_wconf 78' lang='lat' dir='ltr'><strong>offerens</strong></span> <span class='ocrx_word' id='word_1_329' title='bbox 3046 1733 3385 1803; x_wconf 88' lang='lat' dir='ltr'><strong>sanguinem</strong></span> <span class='ocrx_word' id='word_1_330' title='bbox 3428 1750 3557 1804; x_wconf 86' lang='lat' dir='ltr'><strong>pas-</strong></span> 
     </span>
    </p>
   </div>
   <div class='ocr_carea' id='block_1_47' title="bbox 1859 1822 2807 1893">
    <p class='ocr_par' dir='ltr' id='par_1_47' title="bbox 1859 1822 2807 1893">
     <span class='ocr_line' id='line_1_47' title="bbox 1859 1822 2807 1893; baseline -0.002 -15"><span class='ocrx_word' id='word_1_331' title='bbox 1859 1824 2052 1890; x_wconf 89' lang='lat' dir='ltr'><strong>sionis,</strong></span> <span class='ocrx_word' id='word_1_332' title='bbox 2080 1822 2451 1893; x_wconf 80' lang='lat' dir='ltr'><strong>interpellans</strong></span> <span class='ocrx_word' id='word_1_333' title='bbox 2480 1838 2586 1891; x_wconf 92' lang='lat' dir='ltr'><strong>pro</strong></span> <span class='ocrx_word' id='word_1_334' title='bbox 2623 1822 2807 1876; x_wconf 89' lang='lat' dir='ltr'><strong>nobis.</strong></span> 
     </span>
    </p>
   </div>
   <div class='ocr_carea' id='block_1_48' title="bbox 1959 1910 3553 1982">
    <p class='ocr_par' dir='ltr' id='par_1_48' title="bbox 1959 1910 3553 1982">
     <span class='ocr_line' id='line_1_48' title="bbox 1959 1910 3553 1982; baseline -0.001 -16"><span class='ocrx_word' id='word_1_335' title='bbox 1959 1914 2117 1966; x_wconf 71' lang='lat' dir='ltr'><strong>Vrsas.</strong></span> <span class='ocrx_word' id='word_1_336' title='bbox 2150 1914 2202 1965; x_wconf 88' lang='grc'><strong>6.</strong></span> <span class='ocrx_word' id='word_1_337' title='bbox 2234 1941 2301 1952; x_wconf 92' lang='grc'><strong><em>-</em></strong></span> <span class='ocrx_word' id='word_1_338' title='bbox 2332 1912 2537 1980; x_wconf 79' lang='lat' dir='ltr'><strong>Septies</strong></span> <span class='ocrx_word' id='word_1_339' title='bbox 2567 1927 2578 1965; x_wconf 93' lang='lat'><strong>:</strong></span> <span class='ocrx_word' id='word_1_340' title='bbox 2617 1928 2719 1982; x_wconf 91' lang='lat' dir='ltr'><strong>pro</strong></span> <span class='ocrx_word' id='word_1_341' title='bbox 2748 1910 3106 1975; x_wconf 87' lang='lat' dir='ltr'><strong>dimissione,</strong></span> <span class='ocrx_word' id='word_1_342' title='bbox 3157 1910 3375 1964; x_wconf 77' lang='lat' dir='ltr'><strong>scilicet</strong></span> <span class='ocrx_word' id='word_1_343' title='bbox 3424 1925 3553 1981; x_wconf 88' lang='lat' dir='ltr'><strong>pec-</strong></span> 
     </span>
    </p>
   </div>
   <div class='ocr_carea' id='block_1_49' title="bbox 1859 1999 3553 2069">
    <p class='ocr_par' dir='ltr' id='par_1_49' title="bbox 1859 1999 3553 2069">
     <span class='ocr_line' id='line_1_49' title="bbox 1859 1999 3553 2069; baseline -0.003 -13"><span class='ocrx_word' id='word_1_344' title='bbox 1859 2006 2115 2056; x_wconf 89' lang='lat' dir='ltr'><strong>catorum</strong></span> <span class='ocrx_word' id='word_1_345' title='bbox 2145 2004 2202 2054; x_wconf 88' lang='lat' dir='ltr'><strong>et</strong></span> <span class='ocrx_word' id='word_1_346' title='bbox 2228 2000 2333 2054; x_wconf 87' lang='lat' dir='ltr'><strong>sub</strong></span> <span class='ocrx_word' id='word_1_347' title='bbox 2382 1999 2800 2053; x_wconf 78' lang='lat' dir='ltr'><strong>ministratione</strong></span> <span class='ocrx_word' id='word_1_348' title='bbox 2851 1999 3199 2069; x_wconf 87' lang='lat' dir='ltr'><strong>spiritalium</strong></span> <span class='ocrx_word' id='word_1_349' title='bbox 3247 1999 3553 2053; x_wconf 89' lang='lat' dir='ltr'><strong>donorum.</strong></span> 
     </span>
    </p>
   </div>
   <div class='ocr_carea' id='block_1_50' title="bbox 1859 2087 3552 2159">
    <p class='ocr_par' dir='ltr' id='par_1_50' title="bbox 1859 2087 3552 2159">
     <span class='ocr_line' id='line_1_50' title="bbox 1859 2087 3552 2159; baseline -0.002 -15"><span class='ocrx_word' id='word_1_350' title='bbox 1859 2088 2101 2159; x_wconf 85' lang='lat' dir='ltr'><strong>Sanguis</strong></span> <span class='ocrx_word' id='word_1_351' title='bbox 2132 2094 2321 2143; x_wconf 89' lang='lat' dir='ltr'><strong>autem</strong></span> <span class='ocrx_word' id='word_1_352' title='bbox 2354 2088 2671 2158; x_wconf 85' lang='lat' dir='ltr'><strong>passionem</strong></span> <span class='ocrx_word' id='word_1_353' title='bbox 2703 2087 3007 2159; x_wconf 86' lang='lat' dir='ltr'><strong>signiﬁcat,</strong></span> <span class='ocrx_word' id='word_1_354' title='bbox 3032 2088 3350 2142; x_wconf 90' lang='lat' dir='ltr'><strong>secundum</strong></span> <span class='ocrx_word' id='word_1_355' title='bbox 3374 2087 3552 2141; x_wconf 91' lang='lat' dir='ltr'><strong>illud:</strong></span> 
     </span>
    </p>
   </div>
   <div class='ocr_carea' id='block_1_51' title="bbox 1859 2174 3553 2245">
    <p class='ocr_par' dir='ltr' id='par_1_51' title="bbox 1859 2174 3553 2245">
     <span class='ocr_line' id='line_1_51' title="bbox 1859 2174 3553 2245; baseline -0.003 -11"><span class='ocrx_word' id='word_1_356' title='bbox 1859 2178 2093 2235; x_wconf 84' lang='lat' dir='ltr'><strong>Mundus</strong></span> <span class='ocrx_word' id='word_1_357' title='bbox 2130 2193 2223 2244; x_wconf 89' lang='lat' dir='ltr'><strong>ego</strong></span> <span class='ocrx_word' id='word_1_358' title='bbox 2284 2192 2402 2231; x_wconf 89' lang='lat' dir='ltr'><strong>sum</strong></span> <span class='ocrx_word' id='word_1_359' title='bbox 2446 2192 2481 2230; x_wconf 95' lang='lat' dir='ltr'><strong>a</strong></span> <span class='ocrx_word' id='word_1_360' title='bbox 2527 2179 2789 2244; x_wconf 84' lang='lat' dir='ltr'><strong>sanguine</strong></span> <span class='ocrx_word' id='word_1_361' title='bbox 2827 2178 2973 2245; x_wconf 86' lang='lat' dir='ltr'><strong>justi</strong></span> <span class='ocrx_word' id='word_1_362' title='bbox 3014 2178 3199 2245; x_wconf 85' lang='lat' dir='ltr'><strong>hujus.</strong></span> <span class='ocrx_word' id='word_1_363' title='bbox 3261 2177 3326 2230; x_wconf 86' lang='lat' dir='ltr'><strong>Et</strong></span> <span class='ocrx_word' id='word_1_364' title='bbox 3372 2174 3553 2230; x_wconf 90' lang='lat' dir='ltr'><strong>alibi:</strong></span> 
     </span>
    </p>
   </div>
   <div class='ocr_carea' id='block_1_52' title="bbox 1859 2264 3555 2336">
    <p class='ocr_par' dir='ltr' id='par_1_52' title="bbox 1859 2264 3555 2336">
     <span class='ocr_line' id='line_1_52' title="bbox 1859 2264 3555 2336; baseline -0.003 -14"><span class='ocrx_word' id='word_1_365' title='bbox 1859 2269 2094 2334; x_wconf 85' lang='lat' dir='ltr'><strong>Sanguis</strong></span> <span class='ocrx_word' id='word_1_366' title='bbox 2119 2267 2235 2335; x_wconf 82' lang='lat' dir='ltr'><strong>ejus</strong></span> <span class='ocrx_word' id='word_1_367' title='bbox 2262 2264 2446 2336; x_wconf 72' lang='lat' dir='ltr'><strong>[super</strong></span> <span class='ocrx_word' id='word_1_368' title='bbox 2492 2280 2608 2332; x_wconf 89' lang='lat' dir='ltr'><strong>nos,</strong></span> <span class='ocrx_word' id='word_1_369' title='bbox 2652 2271 2757 2320; x_wconf 91' lang='lat' dir='ltr'><strong>etc.</strong></span> <span class='ocrx_word' id='word_1_370' title='bbox 2805 2267 2879 2319; x_wconf 92' lang='lat' dir='ltr'><strong>De</strong></span> <span class='ocrx_word' id='word_1_371' title='bbox 2928 2266 3033 2319; x_wconf 89' lang='lat' dir='ltr'><strong>hac</strong></span> <span class='ocrx_word' id='word_1_372' title='bbox 3073 2265 3404 2335; x_wconf 85' lang='lat' dir='ltr'><strong>aspersione</strong></span> <span class='ocrx_word' id='word_1_373' title='bbox 3452 2265 3555 2318; x_wconf 85' lang='lat' dir='ltr'><strong>Pe-</strong></span> 
     </span>
    </p>
   </div>
   <div class='ocr_carea' id='block_1_53' title="bbox 1860 2353 3557 2424">
    <p class='ocr_par' dir='ltr' id='par_1_53' title="bbox 1860 2353 3557 2424">
     <span class='ocr_line' id='line_1_53' title="bbox 1860 2353 3557 2424; baseline -0.002 -14"><span class='ocrx_word' id='word_1_374' title='bbox 1860 2364 1982 2411; x_wconf 89' lang='lat' dir='ltr'><strong>trus</strong></span> <span class='ocrx_word' id='word_1_375' title='bbox 2010 2356 2090 2410; x_wconf 86' lang='lat' dir='ltr'><strong>ait</strong></span> <span class='ocrx_word' id='word_1_376' title='bbox 2120 2372 2133 2409; x_wconf 90' lang='lat'><strong>:</strong></span> <span class='ocrx_word' id='word_1_377' title='bbox 2165 2356 2229 2410; x_wconf 85' lang='lat' dir='ltr'><strong>In</strong></span> <span class='ocrx_word' id='word_1_378' title='bbox 2253 2354 2613 2411; x_wconf 76' lang='lat' dir='ltr'><strong>obedientiam</strong></span> <span class='ocrx_word' id='word_1_379' title='bbox 2642 2360 2692 2409; x_wconf 88' lang='lat' dir='ltr'><strong>et</strong></span> <span class='ocrx_word' id='word_1_380' title='bbox 2708 2356 3069 2424; x_wconf 84' lang='lat' dir='ltr'><strong>aspersionem</strong></span> <span class='ocrx_word' id='word_1_381' title='bbox 3093 2356 3383 2421; x_wconf 82' lang='lat' dir='ltr'><strong>sanguinis</strong></span> <span class='ocrx_word' id='word_1_382' title='bbox 3405 2353 3557 2409; x_wconf 86' lang='lat' dir='ltr'><strong>Chri-</strong></span> 
     </span>
    </p>
   </div>
   <div class='ocr_carea' id='block_1_54' title="bbox 1858 2448 2098 2511">
    <p class='ocr_par' dir='ltr' id='par_1_54' title="bbox 1858 2448 2098 2511">
     <span class='ocr_line' id='line_1_54' title="bbox 1858 2448 2098 2511; baseline -0.008 -11"><span class='ocrx_word' id='word_1_383' title='bbox 1858 2448 1952 2511; x_wconf 86' lang='lat' dir='ltr'><strong>sti,</strong></span> <span class='ocrx_word' id='word_1_384' title='bbox 1989 2449 2098 2499; x_wconf 90' lang='lat' dir='ltr'><strong>etc.</strong></span> 
     </span>
    </p>
   </div>
   <div class='ocr_carea' id='block_1_55' title="bbox 1935 2529 3554 2600">
    <p class='ocr_par' dir='ltr' id='par_1_55' title="bbox 1935 2529 3554 2600">
     <span class='ocr_line' id='line_1_55' title="bbox 1935 2529 3554 2600; baseline -0.003 -11"><span class='ocrx_word' id='word_1_385' title='bbox 1935 2534 2142 2600; x_wconf 88' lang='lat' dir='ltr'><strong>Velum,</strong></span> <span class='ocrx_word' id='word_1_386' title='bbox 2200 2532 2617 2588; x_wconf 87' lang='lat' dir='ltr'><strong>humanitatem</strong></span> <span class='ocrx_word' id='word_1_387' title='bbox 2674 2532 2900 2587; x_wconf 85' lang='lat' dir='ltr'><strong>Christi.</strong></span> <span class='ocrx_word' id='word_1_388' title='bbox 2956 2532 3096 2586; x_wconf 79' lang='lat' dir='ltr'><strong>Nam</strong></span> <span class='ocrx_word' id='word_1_389' title='bbox 3157 2530 3302 2584; x_wconf 90' lang='lat' dir='ltr'><strong>sicut</strong></span> <span class='ocrx_word' id='word_1_390' title='bbox 3366 2529 3554 2584; x_wconf 86' lang='lat' dir='ltr'><strong>velum</strong></span> 
     </span>
    </p>
   </div>
   <div class='ocr_carea' id='block_1_56' title="bbox 1860 2619 3554 2677">
    <p class='ocr_par' dir='ltr' id='par_1_56' title="bbox 1860 2619 3554 2677">
     <span class='ocr_line' id='line_1_56' title="bbox 1860 2619 3554 2677; baseline -0.004 0"><span class='ocrx_word' id='word_1_391' title='bbox 1860 2627 1981 2677; x_wconf 85' lang='lat' dir='ltr'><strong>erat</strong></span> <span class='ocrx_word' id='word_1_392' title='bbox 2030 2622 2179 2677; x_wconf 89' lang='lat' dir='ltr'><strong>inter</strong></span> <span class='ocrx_word' id='word_1_393' title='bbox 2221 2626 2414 2675; x_wconf 86' lang='lat' dir='ltr'><strong>sancta</strong></span> <span class='ocrx_word' id='word_1_394' title='bbox 2460 2626 2783 2675; x_wconf 88' lang='lat' dir='ltr'><strong>sanctorum</strong></span> <span class='ocrx_word' id='word_1_395' title='bbox 2827 2626 2887 2675; x_wconf 91' lang='lat' dir='ltr'><strong>et</strong></span> <span class='ocrx_word' id='word_1_396' title='bbox 2928 2619 3178 2674; x_wconf 84' lang='lat' dir='ltr'><strong>exterius</strong></span> <span class='ocrx_word' id='word_1_397' title='bbox 3217 2619 3554 2673; x_wconf 81' lang='lat' dir='ltr'><strong>tabernacu-</strong></span> 
     </span>
    </p>
   </div>
   <div class='ocr_carea' id='block_1_57' title="bbox 1861 2707 3552 2779">
    <p class='ocr_par' dir='ltr' id='par_1_57' title="bbox 1861 2707 3552 2779">
     <span class='ocr_line' id='line_1_57' title="bbox 1861 2707 3552 2779; baseline -0.004 -14"><span class='ocrx_word' id='word_1_398' title='bbox 1861 2712 2001 2776; x_wconf 90' lang='lat' dir='ltr'><strong>lum,</strong></span> <span class='ocrx_word' id='word_1_399' title='bbox 2031 2712 2110 2765; x_wconf 90' lang='lat' dir='ltr'><strong>ita</strong></span> <span class='ocrx_word' id='word_1_400' title='bbox 2138 2726 2269 2765; x_wconf 89' lang='lat' dir='ltr'><strong>caro</strong></span> <span class='ocrx_word' id='word_1_401' title='bbox 2300 2709 2509 2765; x_wconf 86' lang='lat' dir='ltr'><strong>Christi</strong></span> <span class='ocrx_word' id='word_1_402' title='bbox 2537 2715 2623 2764; x_wconf 91' lang='lat' dir='ltr'><strong>est</strong></span> <span class='ocrx_word' id='word_1_403' title='bbox 2652 2710 2803 2763; x_wconf 91' lang='lat' dir='ltr'><strong>inter</strong></span> <span class='ocrx_word' id='word_1_404' title='bbox 2847 2726 2974 2776; x_wconf 88' lang='lat' dir='ltr'><strong>nos,</strong></span> <span class='ocrx_word' id='word_1_405' title='bbox 3022 2708 3122 2779; x_wconf 89' lang='lat' dir='ltr'><strong>qui</strong></span> <span class='ocrx_word' id='word_1_406' title='bbox 3174 2707 3421 2764; x_wconf 89' lang='lat' dir='ltr'><strong>exterius</strong></span> <span class='ocrx_word' id='word_1_407' title='bbox 3469 2711 3552 2760; x_wconf 86' lang='lat' dir='ltr'><strong>ta-</strong></span> 
     </span>
    </p>
   </div>
   <div class='ocr_carea' id='block_1_58' title="bbox 1860 2798 3555 2867">
    <p class='ocr_par' dir='ltr' id='par_1_58' title="bbox 1860 2798 3555 2867">
     <span class='ocr_line' id='line_1_58' title="bbox 1860 2798 3555 2867; baseline -0.005 -12"><span class='ocrx_word' id='word_1_408' title='bbox 1860 2800 2230 2855; x_wconf 86' lang='lat' dir='ltr'><strong>bernaculum</strong></span> <span class='ocrx_word' id='word_1_409' title='bbox 2261 2815 2477 2866; x_wconf 85' lang='lat' dir='ltr'><strong>sumus,</strong></span> <span class='ocrx_word' id='word_1_410' title='bbox 2511 2804 2568 2852; x_wconf 90' lang='lat' dir='ltr'><strong>et</strong></span> <span class='ocrx_word' id='word_1_411' title='bbox 2608 2798 2971 2852; x_wconf 85' lang='lat' dir='ltr'><strong>divinitatem</strong></span> <span class='ocrx_word' id='word_1_412' title='bbox 3030 2813 3159 2867; x_wconf 71' lang='lat' dir='ltr'><strong>quas</strong></span> <span class='ocrx_word' id='word_1_413' title='bbox 3211 2812 3315 2866; x_wconf 89' lang='lat' dir='ltr'><strong>per</strong></span> <span class='ocrx_word' id='word_1_414' title='bbox 3362 2800 3555 2849; x_wconf 87' lang='lat' dir='ltr'><strong>sancta</strong></span> 
     </span>
    </p>
   </div>
   <div class='ocr_carea' id='block_1_59' title="bbox 1858 2882 3553 2955">
    <p class='ocr_par' dir='ltr' id='par_1_59' title="bbox 1858 2882 3553 2955">
     <span class='ocr_line' id='line_1_59' title="bbox 1858 2882 3553 2955; baseline -0.004 -14"><span class='ocrx_word' id='word_1_415' title='bbox 1858 2893 2183 2942; x_wconf 88' lang='lat' dir='ltr'><strong>sanctorum</strong></span> <span class='ocrx_word' id='word_1_416' title='bbox 2213 2886 2582 2955; x_wconf 84' lang='lat' dir='ltr'><strong>signiﬁcatur.</strong></span> <span class='ocrx_word' id='word_1_417' title='bbox 2618 2887 2825 2941; x_wconf 88' lang='lat' dir='ltr'><strong>Contra</strong></span> <span class='ocrx_word' id='word_1_418' title='bbox 2872 2886 3063 2939; x_wconf 89' lang='lat' dir='ltr'><strong>velum</strong></span> <span class='ocrx_word' id='word_1_419' title='bbox 3113 2900 3248 2953; x_wconf 90' lang='lat' dir='ltr'><strong>ergo</strong></span> <span class='ocrx_word' id='word_1_420' title='bbox 3292 2882 3553 2938; x_wconf 87' lang='lat' dir='ltr'><strong>testimo-</strong></span> 
     </span>
    </p>
   </div>
   <div class='ocr_carea' id='block_1_60' title="bbox 128 2966 3553 3047">
    <p class='ocr_par' dir='ltr' id='par_1_60' title="bbox 128 2966 3553 3047">
     <span class='ocr_line' id='line_1_60' title="bbox 128 2966 3553 3047; baseline -0.002 -17"><span class='ocrx_word' id='word_1_421' title='bbox 128 2991 205 3027; x_wconf 88' lang='lat' dir='ltr'><strong>non</strong></span> <span class='ocrx_word' id='word_1_422' title='bbox 249 2976 617 3047; x_wconf 88' lang='lat' dir='ltr'><strong>consequitur.</strong></span> <span class='ocrx_word' id='word_1_423' title='bbox 675 2973 831 3029; x_wconf 84' lang='lat' dir='ltr'><strong>Unde</strong></span> <span class='ocrx_word' id='word_1_424' title='bbox 865 2989 879 3028; x_wconf 87' lang='lat'><strong>:</strong></span> <span class='ocrx_word' id='word_1_425' title='bbox 938 2976 1119 3028; x_wconf 86' lang='lat' dir='ltr'><strong>Estote</strong></span> <span class='ocrx_word' id='word_1_426' title='bbox 1169 2972 1441 3041; x_wconf 77' lang='lat' dir='ltr'><strong>simplices</strong></span> <span class='ocrx_word' id='word_1_427' title='bbox 1478 2972 1619 3024; x_wconf 62' lang='lat' dir='ltr'><strong>Sicut</strong></span> <span class='ocrx_word' id='word_1_428' title='bbox 1662 2984 1749 3022; x_wconf 76' lang='grc' dir='ltr'><strong>σο·</strong></span> <span class='ocrx_word' id='word_1_429' title='bbox 1789 2966 1829 3022; x_wconf 81' lang='lat' dir='ltr'><strong>C</strong></span> <span class='ocrx_word' id='word_1_430' title='bbox 1862 2977 1943 3031; x_wconf 90' lang='lat' dir='ltr'><strong>nii</strong></span> <span class='ocrx_word' id='word_1_431' title='bbox 1972 2976 2232 3029; x_wconf 87' lang='lat' dir='ltr'><strong>sacerdos</strong></span> <span class='ocrx_word' id='word_1_432' title='bbox 2261 2975 2600 3042; x_wconf 89' lang='lat' dir='ltr'><strong>sanguinem</strong></span> <span class='ocrx_word' id='word_1_433' title='bbox 2630 2974 2792 3027; x_wconf 89' lang='lat' dir='ltr'><strong>vituli</strong></span> <span class='ocrx_word' id='word_1_434' title='bbox 2822 2974 3085 3044; x_wconf 88' lang='lat' dir='ltr'><strong>aspersit,</strong></span> <span class='ocrx_word' id='word_1_435' title='bbox 3120 2976 3256 3044; x_wconf 90' lang='lat' dir='ltr'><strong>quia</strong></span> <span class='ocrx_word' id='word_1_436' title='bbox 3298 2971 3553 3027; x_wconf 85' lang='lat' dir='ltr'><strong>Christus</strong></span> 
     </span>
    </p>
   </div>
   <div class='ocr_carea' id='block_1_61' title="bbox 129 3057 1749 3131">
    <p class='ocr_par' dir='ltr' id='par_1_61' title="bbox 129 3057 1749 3131">
     <span class='ocr_line' id='line_1_61' title="bbox 129 3057 1749 3131; baseline -0.003 -16"><span class='ocrx_word' id='word_1_437' title='bbox 129 3063 277 3118; x_wconf 72' lang='lat' dir='ltr'><strong>tumba.</strong></span> <span class='ocrx_word' id='word_1_438' title='bbox 304 3063 584 3119; x_wconf 67' lang='lat' dir='ltr'><strong>Columbae</strong></span> <span class='ocrx_word' id='word_1_439' title='bbox 618 3062 773 3117; x_wconf 90' lang='lat' dir='ltr'><strong>enim</strong></span> <span class='ocrx_word' id='word_1_440' title='bbox 802 3060 1042 3116; x_wconf 89' lang='lat' dir='ltr'><strong>nimiam</strong></span> <span class='ocrx_word' id='word_1_441' title='bbox 1065 3059 1491 3131; x_wconf 86' lang='lat' dir='ltr'><strong>simplicitatem</strong></span> <span class='ocrx_word' id='word_1_442' title='bbox 1515 3057 1749 3125; x_wconf 81' lang='lat' dir='ltr'><strong>habent,</strong></span> 
     </span>
    </p>
   </div>
   <div class='ocr_carea' id='block_1_62' title="bbox 130 3146 1748 3215">
    <p class='ocr_par' dir='ltr' id='par_1_62' title="bbox 130 3146 1748 3215">
     <span class='ocr_line' id='line_1_62' title="bbox 130 3146 1748 3215; baseline -0.001 -15"><span class='ocrx_word' id='word_1_443' title='bbox 130 3151 341 3204; x_wconf 87' lang='lat' dir='ltr'><strong>malitiam</strong></span> <span class='ocrx_word' id='word_1_444' title='bbox 367 3153 603 3207; x_wconf 86' lang='lat' dir='ltr'><strong>nullam.</strong></span> <span class='ocrx_word' id='word_1_445' title='bbox 672 3150 779 3215; x_wconf 87' lang='lat' dir='ltr'><strong>Qui</strong></span> <span class='ocrx_word' id='word_1_446' title='bbox 836 3149 906 3204; x_wconf 92' lang='lat' dir='ltr'><strong>de</strong></span> <span class='ocrx_word' id='word_1_447' title='bbox 947 3149 1127 3204; x_wconf 89' lang='lat' dir='ltr'><strong>bobus</strong></span> <span class='ocrx_word' id='word_1_448' title='bbox 1180 3147 1519 3201; x_wconf 89' lang='lat' dir='ltr'><strong>sacriﬁcium</strong></span> <span class='ocrx_word' id='word_1_449' title='bbox 1562 3146 1748 3213; x_wconf 77' lang='lat' dir='ltr'><strong>offert,</strong></span> 
     </span>
    </p>
   </div>
   <div class='ocr_carea' id='block_1_63' title="bbox 129 3236 1749 3308">
    <p class='ocr_par' dir='ltr' id='par_1_63' title="bbox 129 3236 1749 3308">
     <span class='ocr_line' id='line_1_63' title="bbox 129 3236 1749 3308; baseline -0.001 -18"><span class='ocrx_word' id='word_1_450' title='bbox 129 3239 324 3294; x_wconf 87' lang='lat' dir='ltr'><strong>lumbum</strong></span> <span class='ocrx_word' id='word_1_451' title='bbox 353 3242 462 3295; x_wconf 90' lang='lat' dir='ltr'><strong>Deo</strong></span> <span class='ocrx_word' id='word_1_452' title='bbox 492 3241 707 3296; x_wconf 77' lang='lat' dir='ltr'><strong>offerre</strong></span> <span class='ocrx_word' id='word_1_453' title='bbox 738 3255 852 3293; x_wconf 91' lang='lat' dir='ltr'><strong>non</strong></span> <span class='ocrx_word' id='word_1_454' title='bbox 891 3242 1021 3308; x_wconf 85' lang='lat' dir='ltr'><strong>eget</strong></span> <span class='ocrx_word' id='word_1_455' title='bbox 1052 3254 1064 3291; x_wconf 96' lang='lat'><strong>:</strong></span> <span class='ocrx_word' id='word_1_456' title='bbox 1096 3252 1268 3308; x_wconf 88' lang='lat' dir='ltr'><strong>quem</strong></span> <span class='ocrx_word' id='word_1_457' title='bbox 1300 3237 1357 3289; x_wconf 92' lang='lat' dir='ltr'><strong>in</strong></span> <span class='ocrx_word' id='word_1_458' title='bbox 1408 3236 1572 3291; x_wconf 89' lang='lat' dir='ltr'><strong>bonis</strong></span> <span class='ocrx_word' id='word_1_459' title='bbox 1614 3251 1749 3305; x_wconf 87' lang='lat' dir='ltr'><strong>ope-</strong></span> 
     </span>
    </p>
   </div>
   <div class='ocr_carea' id='block_1_64' title="bbox 130 3324 1748 3402">
    <p class='ocr_par' dir='ltr' id='par_1_64' title="bbox 130 3324 1748 3402">
     <span class='ocr_line' id='line_1_64' title="bbox 130 3324 1748 3402; baseline -0.002 -22"><span class='ocrx_word' id='word_1_460' title='bbox 130 3328 239 3382; x_wconf 85' lang='lat' dir='ltr'><strong>ribus</strong></span> <span class='ocrx_word' id='word_1_461' title='bbox 261 3332 581 3402; x_wconf 86' lang='lat' dir='ltr'><strong>constringit</strong></span> <span class='ocrx_word' id='word_1_462' title='bbox 613 3336 669 3385; x_wconf 89' lang='lat' dir='ltr'><strong>et</strong></span> <span class='ocrx_word' id='word_1_463' title='bbox 700 3335 941 3384; x_wconf 85' lang='lat' dir='ltr'><strong>exercet.</strong></span> <span class='ocrx_word' id='word_1_464' title='bbox 970 3328 1077 3393; x_wconf 94' lang='lat' dir='ltr'><strong>Qui</strong></span> <span class='ocrx_word' id='word_1_465' title='bbox 1104 3327 1175 3382; x_wconf 93' lang='lat' dir='ltr'><strong>de</strong></span> <span class='ocrx_word' id='word_1_466' title='bbox 1229 3325 1412 3395; x_wconf 88' lang='lat' dir='ltr'><strong>capris</strong></span> <span class='ocrx_word' id='word_1_467' title='bbox 1467 3324 1748 3391; x_wconf 89' lang='lat' dir='ltr'><strong>immolat,</strong></span> 
     </span>
    </p>
   </div>
   <div class='ocr_carea' id='block_1_65' title="bbox 132 3411 1751 3486">
    <p class='ocr_par' dir='ltr' id='par_1_65' title="bbox 132 3411 1751 3486">
     <span class='ocr_line' id='line_1_65' title="bbox 132 3411 1751 3486; baseline -0.003 -17"><span class='ocrx_word' id='word_1_468' title='bbox 132 3432 208 3471; x_wconf 86' lang='lat' dir='ltr'><strong>non</strong></span> <span class='ocrx_word' id='word_1_469' title='bbox 227 3418 371 3473; x_wconf 87' lang='lat' dir='ltr'><strong>habet</strong></span> <span class='ocrx_word' id='word_1_470' title='bbox 400 3420 664 3474; x_wconf 91' lang='lat' dir='ltr'><strong>lumbum</strong></span> <span class='ocrx_word' id='word_1_471' title='bbox 699 3418 1126 3472; x_wconf 89' lang='lat' dir='ltr'><strong>immaculatum</strong></span> <span class='ocrx_word' id='word_1_472' title='bbox 1153 3430 1322 3486; x_wconf 88' lang='lat' dir='ltr'><strong>quem</strong></span> <span class='ocrx_word' id='word_1_473' title='bbox 1357 3412 1579 3476; x_wconf 83' lang='lat' dir='ltr'><strong>offerat,</strong></span> <span class='ocrx_word' id='word_1_474' title='bbox 1615 3411 1751 3483; x_wconf 88' lang='lat' dir='ltr'><strong>quia</strong></span> 
     </span>
    </p>
   </div>
   <div class='ocr_carea' id='block_1_66' title="bbox 129 3500 1750 3579">
    <p class='ocr_par' dir='ltr' id='par_1_66' title="bbox 129 3500 1750 3579">
     <span class='ocr_line' id='line_1_66' title="bbox 129 3500 1750 3579; baseline -0.001 -22"><span class='ocrx_word' id='word_1_475' title='bbox 129 3521 220 3560; x_wconf 83' lang='lat' dir='ltr'><strong>eum</strong></span> <span class='ocrx_word' id='word_1_476' title='bbox 240 3508 353 3562; x_wconf 91' lang='lat' dir='ltr'><strong>olim</strong></span> <span class='ocrx_word' id='word_1_477' title='bbox 398 3513 630 3579; x_wconf 89' lang='lat' dir='ltr'><strong>peccato</strong></span> <span class='ocrx_word' id='word_1_478' title='bbox 679 3505 1000 3562; x_wconf 88' lang='lat' dir='ltr'><strong>maculavit.</strong></span> <span class='ocrx_word' id='word_1_479' title='bbox 1045 3504 1154 3570; x_wconf 86' lang='lat' dir='ltr'><strong>Qui</strong></span> <span class='ocrx_word' id='word_1_480' title='bbox 1201 3519 1335 3571; x_wconf 88' lang='lat' dir='ltr'><strong>ergo</strong></span> <span class='ocrx_word' id='word_1_481' title='bbox 1382 3518 1498 3556; x_wconf 92' lang='lat' dir='ltr'><strong>non</strong></span> <span class='ocrx_word' id='word_1_482' title='bbox 1540 3501 1651 3557; x_wconf 85' lang='lat' dir='ltr'><strong>fuit</strong></span> <span class='ocrx_word' id='word_1_483' title='bbox 1689 3500 1750 3555; x_wconf 91' lang='lat' dir='ltr'><strong>in</strong></span> 
     </span>
    </p>
   </div>
   <div class='ocr_carea' id='block_1_67' title="bbox 128 3592 1751 3664">
    <p class='ocr_par' dir='ltr' id='par_1_67' title="bbox 128 3592 1751 3664">
     <span class='ocr_line' id='line_1_67' title="bbox 128 3592 1751 3664; baseline -0.005 -11"><span class='ocrx_word' id='word_1_484' title='bbox 128 3596 309 3664; x_wconf 80' lang='lat' dir='ltr'><strong>peccatis</strong></span> <span class='ocrx_word' id='word_1_485' title='bbox 358 3597 791 3652; x_wconf 89' lang='lat' dir='ltr'><strong>immaculatum</strong></span> <span class='ocrx_word' id='word_1_486' title='bbox 817 3594 1079 3649; x_wconf 90' lang='lat' dir='ltr'><strong>lumbum</strong></span> <span class='ocrx_word' id='word_1_487' title='bbox 1130 3592 1336 3647; x_wconf 82' lang='lat' dir='ltr'><strong>oﬁ‘erre</strong></span> <span class='ocrx_word' id='word_1_488' title='bbox 1378 3596 1583 3661; x_wconf 88' lang='lat' dir='ltr'><strong>potest,</strong></span> <span class='ocrx_word' id='word_1_489' title='bbox 1633 3606 1751 3645; x_wconf 89' lang='lat' dir='ltr'><strong>non</strong></span> 
     </span>
    </p>
   </div>
   <div class='ocr_carea' id='block_1_68' title="bbox 127 3680 1750 3755">
    <p class='ocr_par' dir='ltr' id='par_1_68' title="bbox 127 3680 1750 3755">
     <span class='ocr_line' id='line_1_68' title="bbox 127 3680 1750 3755; baseline -0.001 -20"><span class='ocrx_word' id='word_1_490' title='bbox 127 3684 197 3753; x_wconf 84' lang='lat' dir='ltr'><strong>qui</strong></span> <span class='ocrx_word' id='word_1_491' title='bbox 228 3691 455 3755; x_wconf 85' lang='lat' dir='ltr'><strong>peccator</strong></span> <span class='ocrx_word' id='word_1_492' title='bbox 504 3686 638 3741; x_wconf 85' lang='lat' dir='ltr'><strong>fuit.</strong></span> <span class='ocrx_word' id='word_1_493' title='bbox 700 3687 774 3743; x_wconf 85' lang='lat' dir='ltr'><strong>Ac</strong></span> <span class='ocrx_word' id='word_1_494' title='bbox 822 3699 992 3737; x_wconf 89' lang='lat' dir='ltr'><strong>causa</strong></span> <span class='ocrx_word' id='word_1_495' title='bbox 1044 3682 1104 3736; x_wconf 90' lang='lat' dir='ltr'><strong>in</strong></span> <span class='ocrx_word' id='word_1_496' title='bbox 1158 3680 1434 3735; x_wconf 88' lang='lat' dir='ltr'><strong>sacriﬁcio</strong></span> <span class='ocrx_word' id='word_1_497' title='bbox 1487 3680 1750 3751; x_wconf 87' lang='lat' dir='ltr'><strong>paciﬁco-</strong></span> 
     </span>
    </p>
   </div>
   <div class='ocr_carea' id='block_1_69' title="bbox 129 3770 1563 3846">
    <p class='ocr_par' dir='ltr' id='par_1_69' title="bbox 129 3770 1563 3846">
     <span class='ocr_line' id='line_1_69' title="bbox 129 3770 1563 3846; baseline -0.002 -21"><span class='ocrx_word' id='word_1_498' title='bbox 129 3786 220 3827; x_wconf 89' lang='lat' dir='ltr'><strong>rum</strong></span> <span class='ocrx_word' id='word_1_499' title='bbox 242 3790 411 3846; x_wconf 87' lang='lat' dir='ltr'><strong>capras</strong></span> <span class='ocrx_word' id='word_1_500' title='bbox 440 3776 509 3830; x_wconf 90' lang='lat' dir='ltr'><strong>ab</strong></span> <span class='ocrx_word' id='word_1_501' title='bbox 538 3773 706 3844; x_wconf 90' lang='lat' dir='ltr'><strong>agnis</strong></span> <span class='ocrx_word' id='word_1_502' title='bbox 736 3770 1014 3827; x_wconf 76' lang='lat' dir='ltr'><strong>distinxit.</strong></span> <span class='ocrx_word' id='word_1_503' title='bbox 1554 3833 1563 3839; x_wconf 31' lang='lat'><strong>‘</strong></span> 
     </span>
    </p>
   </div>
   <div class='ocr_carea' id='block_1_70' title="bbox 178 3856 1750 3931">
    <p class='ocr_par' dir='ltr' id='par_1_70' title="bbox 178 3856 1750 3931">
     <span class='ocr_line' id='line_1_70' title="bbox 178 3856 1750 3931; baseline -0.002 -17"><span class='ocrx_word' id='word_1_504' title='bbox 178 3859 301 3916; x_wconf 70' lang='lat' dir='ltr'><strong>Vitas.</strong></span> <span class='ocrx_word' id='word_1_505' title='bbox 336 3866 409 3917; x_wconf 82' lang='lat' dir='ltr'><strong>l7.</strong></span> <span class='ocrx_word' id='word_1_506' title='bbox 447 3900 499 3910; x_wconf 86' lang='grc'><strong>.-</strong></span> <span class='ocrx_word' id='word_1_507' title='bbox 556 3863 664 3918; x_wconf 86' lang='lat' dir='ltr'><strong>Nec</strong></span> <span class='ocrx_word' id='word_1_508' title='bbox 694 3860 938 3931; x_wconf 83' lang='lat' dir='ltr'><strong>adipem.</strong></span> <span class='ocrx_word' id='word_1_509' title='bbox 1002 3857 1297 3928; x_wconf 89' lang='lat' dir='ltr'><strong>Propriam</strong></span> <span class='ocrx_word' id='word_1_510' title='bbox 1342 3856 1750 3929; x_wconf 89' lang='lat' dir='ltr'><strong>concupiscen-</strong></span> 
     </span>
    </p>
   </div>
   <div class='ocr_carea' id='block_1_71' title="bbox 132 3946 1756 4015">
    <p class='ocr_par' dir='ltr' id='par_1_71' title="bbox 132 3946 1756 4015">
     <span class='ocr_line' id='line_1_71' title="bbox 132 3946 1756 4015; baseline 0.001 -17"><span class='ocrx_word' id='word_1_511' title='bbox 132 3946 244 4015; x_wconf 81' lang='lat' dir='ltr'><strong>tiam,</strong></span> <span class='ocrx_word' id='word_1_512' title='bbox 268 3950 317 4003; x_wconf 91' lang='lat' dir='ltr'><strong>id</strong></span> <span class='ocrx_word' id='word_1_513' title='bbox 342 3957 419 4005; x_wconf 90' lang='lat' dir='ltr'><strong>est</strong></span> <span class='ocrx_word' id='word_1_514' title='bbox 441 3951 736 4006; x_wconf 86' lang='lat' dir='ltr'><strong>carnalem</strong></span> <span class='ocrx_word' id='word_1_515' title='bbox 765 3950 978 4004; x_wconf 89' lang='lat' dir='ltr'><strong>habere</strong></span> <span class='ocrx_word' id='word_1_516' title='bbox 1007 3964 1125 4003; x_wconf 91' lang='lat' dir='ltr'><strong>non</strong></span> <span class='ocrx_word' id='word_1_517' title='bbox 1154 3948 1425 4002; x_wconf 90' lang='lat' dir='ltr'><strong>debemus</strong></span> <span class='ocrx_word' id='word_1_518' title='bbox 1453 3962 1467 4000; x_wconf 89' lang='lat'><strong>:</strong></span> <span class='ocrx_word' id='word_1_519' title='bbox 1520 3948 1756 4015; x_wconf 83' lang='lat' dir='ltr'><strong>Quisque</strong></span> 
     </span>
    </p>
   </div>
   <div class='ocr_carea' id='block_1_72' title="bbox 131 4036 1752 4108">
    <p class='ocr_par' dir='ltr' id='par_1_72' title="bbox 131 4036 1752 4108">
     <span class='ocr_line' id='line_1_72' title="bbox 131 4036 1752 4108; baseline -0.001 -19"><span class='ocrx_word' id='word_1_520' title='bbox 131 4040 227 4089; x_wconf 71' lang='lat' dir='ltr'><strong>enim</strong></span> <span class='ocrx_word' id='word_1_521' title='bbox 250 4045 463 4095; x_wconf 83' lang='lat' dir='ltr'><strong>tentatur</strong></span> <span class='ocrx_word' id='word_1_522' title='bbox 492 4058 527 4094; x_wconf 92' lang='lat' dir='ltr'><strong>a</strong></span> <span class='ocrx_word' id='word_1_523' title='bbox 564 4039 1003 4108; x_wconf 85' lang='lat' dir='ltr'><strong>concupiscentia</strong></span> <span class='ocrx_word' id='word_1_524' title='bbox 1038 4052 1140 4091; x_wconf 89' lang='lat' dir='ltr'><strong>sua</strong></span> <span class='ocrx_word' id='word_1_525' title='bbox 1190 4037 1495 4091; x_wconf 84' lang='lat' dir='ltr'><strong>abstractus</strong></span> <span class='ocrx_word' id='word_1_526' title='bbox 1543 4042 1591 4089; x_wconf 85' lang='lat' dir='ltr'><strong>et</strong></span> <span class='ocrx_word' id='word_1_527' title='bbox 1634 4036 1752 4089; x_wconf 86' lang='lat' dir='ltr'><strong>ille-</strong></span> 
     </span>
    </p>
   </div>
   <div class='ocr_carea' id='block_1_73' title="bbox 130 4125 1754 4198">
    <p class='ocr_par' dir='ltr' id='par_1_73' title="bbox 130 4125 1754 4198">
     <span class='ocr_line' id='line_1_73' title="bbox 130 4125 1754 4198; baseline 0 -22"><span class='ocrx_word' id='word_1_528' title='bbox 130 4129 224 4178; x_wconf 75' lang='lat' dir='ltr'><strong>ctus.</strong></span> <span class='ocrx_word' id='word_1_529' title='bbox 268 4128 601 4198; x_wconf 87' lang='lat' dir='ltr'><strong>Sanguinem</strong></span> <span class='ocrx_word' id='word_1_530' title='bbox 660 4126 925 4197; x_wconf 86' lang='lat' dir='ltr'><strong>prohibet</strong></span> <span class='ocrx_word' id='word_1_531' title='bbox 975 4125 1218 4191; x_wconf 88' lang='lat' dir='ltr'><strong>comedi,</strong></span> <span class='ocrx_word' id='word_1_532' title='bbox 1279 4140 1351 4179; x_wconf 94' lang='lat' dir='ltr'><strong>ne</strong></span> <span class='ocrx_word' id='word_1_533' title='bbox 1403 4139 1754 4195; x_wconf 88' lang='lat' dir='ltr'><strong>quemquam</strong></span> 
     </span>
    </p>
   </div>
   <div class='ocr_carea' id='block_1_74' title="bbox 131 4212 1825 4301">
    <p class='ocr_par' dir='ltr' id='par_1_74' title="bbox 131 4212 1825 4301">
     <span class='ocr_line' id='line_1_74' title="bbox 131 4212 1825 4301; baseline 0.002 -38"><span class='ocrx_word' id='word_1_534' title='bbox 131 4212 463 4272; x_wconf 85' lang='lat' dir='ltr'><strong>interﬁciamus</strong></span> <span class='ocrx_word' id='word_1_535' title='bbox 496 4235 509 4273; x_wconf 90' lang='lat'><strong>:</strong></span> <span class='ocrx_word' id='word_1_536' title='bbox 544 4218 889 4285; x_wconf 89' lang='lat' dir='ltr'><strong>sanguinem</strong></span> <span class='ocrx_word' id='word_1_537' title='bbox 949 4214 1105 4269; x_wconf 91' lang='lat' dir='ltr'><strong>enim</strong></span> <span class='ocrx_word' id='word_1_538' title='bbox 1163 4214 1354 4280; x_wconf 90' lang='lat' dir='ltr'><strong>edere,</strong></span> <span class='ocrx_word' id='word_1_539' title='bbox 1413 4214 1749 4278; x_wconf 88' lang='lat' dir='ltr'><strong>bestiarum,</strong></span> <span class='ocrx_word' id='word_1_540' title='bbox 1784 4248 1825 4301; x_wconf 72' lang='grc' dir='ltr'>ο</span> 
     </span>
    </p>
   </div>
   <div class='ocr_carea' id='block_1_75' title="bbox 135 4300 1755 4366">
    <p class='ocr_par' dir='ltr' id='par_1_75' title="bbox 135 4300 1755 4366">
     <span class='ocr_line' id='line_1_75' title="bbox 135 4300 1755 4366; baseline -0.001 -9"><span class='ocrx_word' id='word_1_541' title='bbox 135 4300 254 4358; x_wconf 82' lang='lat' dir='ltr'><strong>idest</strong></span> <span class='ocrx_word' id='word_1_542' title='bbox 278 4308 603 4366; x_wconf 86' lang='lat' dir='ltr'><strong>crudelium.</strong></span> <span class='ocrx_word' id='word_1_543' title='bbox 637 4310 741 4359; x_wconf 88' lang='lat' dir='ltr'><strong>est.</strong></span> <span class='ocrx_word' id='word_1_544' title='bbox 776 4305 908 4359; x_wconf 92' lang='lat' dir='ltr'><strong>Ideo</strong></span> <span class='ocrx_word' id='word_1_545' title='bbox 938 4308 1036 4357; x_wconf 90' lang='lat' dir='ltr'><strong>aut</strong></span> <span class='ocrx_word' id='word_1_546' title='bbox 1082 4302 1320 4358; x_wconf 89' lang='lat' dir='ltr'><strong>omnino</strong></span> <span class='ocrx_word' id='word_1_547' title='bbox 1369 4303 1596 4357; x_wconf 89' lang='lat' dir='ltr'><strong>additur</strong></span> <span class='ocrx_word' id='word_1_548' title='bbox 1626 4318 1639 4356; x_wconf 92' lang='lat'><strong>:</strong></span> <span class='ocrx_word' id='word_1_549' title='bbox 1693 4307 1755 4355; x_wconf 91' lang='lat' dir='ltr'><strong>ut</strong></span> 
     </span>
    </p>
   </div>
   <div class='ocr_carea' id='block_1_76' title="bbox 136 4391 1761 4466">
    <p class='ocr_par' dir='ltr' id='par_1_76' title="bbox 136 4391 1761 4466">
     <span class='ocr_line' id='line_1_76' title="bbox 136 4391 1761 4466; baseline -0.001 -19"><span class='ocrx_word' id='word_1_550' title='bbox 136 4396 170 4442; x_wconf 68' lang='lat' dir='ltr'><strong>et</strong></span> <span class='ocrx_word' id='word_1_551' title='bbox 210 4395 442 4461; x_wconf 86' lang='lat' dir='ltr'><strong>proximis</strong></span> <span class='ocrx_word' id='word_1_552' title='bbox 498 4409 807 4466; x_wconf 88' lang='lat' dir='ltr'><strong>parcamus</strong></span> <span class='ocrx_word' id='word_1_553' title='bbox 862 4398 920 4448; x_wconf 90' lang='lat' dir='ltr'><strong>et</strong></span> <span class='ocrx_word' id='word_1_554' title='bbox 968 4392 1154 4447; x_wconf 89' lang='lat' dir='ltr'><strong>nobis.</strong></span> <span class='ocrx_word' id='word_1_555' title='bbox 1188 4394 1302 4448; x_wconf 90' lang='lat' dir='ltr'><strong>Deo</strong></span> <span class='ocrx_word' id='word_1_556' title='bbox 1351 4396 1540 4447; x_wconf 88' lang='lat' dir='ltr'><strong>autem</strong></span> <span class='ocrx_word' id='word_1_557' title='bbox 1592 4391 1761 4445; x_wconf 89' lang='lat' dir='ltr'><strong>debet</strong></span> 
     </span>
    </p>
   </div>
   <div class='ocr_carea' id='block_1_77' title="bbox 139 4480 1762 4627">
    <p class='ocr_par' dir='ltr' id='par_1_77' title="bbox 139 4480 1762 4627">
     <span class='ocr_line' id='line_1_77' title="bbox 139 4480 1762 4621; baseline 0.002 -88"><span class='ocrx_word' id='word_1_558' title='bbox 139 4480 271 4621; x_wconf 48' lang='lat' dir='ltr'><strong>lima</strong></span> <span class='ocrx_word' id='word_1_559' title='bbox 293 4483 587 4551; x_wconf 87' lang='lat' dir='ltr'><strong>immolari,</strong></span> <span class='ocrx_word' id='word_1_560' title='bbox 620 4484 776 4538; x_wconf 90' lang='lat' dir='ltr'><strong>unde</strong></span> <span class='ocrx_word' id='word_1_561' title='bbox 800 4482 970 4555; x_wconf 90' lang='lat' dir='ltr'><strong>jussit</strong></span> <span class='ocrx_word' id='word_1_562' title='bbox 1016 4481 1355 4553; x_wconf 89' lang='lat' dir='ltr'><strong>sanguinem</strong></span> <span class='ocrx_word' id='word_1_563' title='bbox 1403 4480 1565 4536; x_wconf 86' lang='lat' dir='ltr'><strong>fundi</strong></span> <span class='ocrx_word' id='word_1_564' title='bbox 1611 4480 1762 4536; x_wconf 88' lang='lat' dir='ltr'><strong>circa</strong></span> 
     </span>
     <span class='ocr_line' id='line_1_78' title="bbox 206 4568 484 4627; baseline 0.018 -4"><span class='ocrx_word' id='word_1_565' title='bbox 206 4568 265 4625; x_wconf 88' lang='lat' dir='ltr'><strong>im</strong></span> <span class='ocrx_word' id='word_1_566' title='bbox 289 4572 484 4627; x_wconf 87' lang='lat' dir='ltr'><strong>altaris.</strong></span> 
     </span>
    </p>
   </div>
   <div class='ocr_carea' id='block_1_78' title="bbox 745 4703 1088 4760">
    <p class='ocr_par' dir='ltr' id='par_1_78' title="bbox 745 4703 1088 4760">
     <span class='ocr_line' id='line_1_79' title="bbox 745 4703 1088 4760; baseline -0.006 0"><span class='ocrx_word' id='word_1_567' title='bbox 745 4704 971 4760; x_wconf 79' lang='lat' dir='ltr'><strong>CAPUT</strong></span> <span class='ocrx_word' id='word_1_568' title='bbox 1002 4703 1088 4759; x_wconf 83' lang='lat' dir='ltr'><strong>IV.</strong></span> 
     </span>
    </p>
   </div>
   <div class='ocr_carea' id='block_1_79' title="bbox 187 4833 1763 4907">
    <p class='ocr_par' dir='ltr' id='par_1_79' title="bbox 187 4833 1763 4907">
     <span class='ocr_line' id='line_1_80' title="bbox 187 4833 1763 4907; baseline -0.001 -18"><span class='ocrx_word' id='word_1_569' title='bbox 187 4833 310 4890; x_wconf 62' lang='grc' dir='ltr'><strong>νεεδ.</strong></span> <span class='ocrx_word' id='word_1_570' title='bbox 345 4840 451 4893; x_wconf 74' lang='grc'><strong>1-2.</strong></span> <span class='ocrx_word' id='word_1_571' title='bbox 481 4868 548 4879; x_wconf 88' lang='grc'><strong>-</strong></span> <span class='ocrx_word' id='word_1_572' title='bbox 581 4838 919 4907; x_wconf 87' lang='lat' dir='ltr'><strong>Locutusque</strong></span> <span class='ocrx_word' id='word_1_573' title='bbox 938 4841 1047 4892; x_wconf 92' lang='lat' dir='ltr'><strong>etc.</strong></span> <span class='ocrx_word' id='word_1_574' title='bbox 1066 4836 1271 4892; x_wconf 81' lang='lat' dir='ltr'><strong>Anima</strong></span> <span class='ocrx_word' id='word_1_575' title='bbox 1299 4849 1418 4904; x_wconf 62' lang='lat' dir='ltr'><strong>qua</strong></span> <span class='ocrx_word' id='word_1_576' title='bbox 1443 4834 1763 4904; x_wconf 83' lang='lat' dir='ltr'><strong>peccaverit,</strong></span> 
     </span>
    </p>
   </div>
   <div class='ocr_carea' id='block_1_80' title="bbox 150 4922 1761 4997">
    <p class='ocr_par' dir='ltr' id='par_1_80' title="bbox 150 4922 1761 4997">
     <span class='ocr_line' id='line_1_81' title="bbox 150 4922 1761 4997; baseline 0.001 -23"><span class='ocrx_word' id='word_1_577' title='bbox 150 4924 414 4992; x_wconf 72' lang='lat' dir='ltr'><strong>ttc.(OBlG.,</strong></span> <span class='ocrx_word' id='word_1_578' title='bbox 444 4929 586 4983; x_wconf 81' lang='lat' dir='ltr'><strong>hom.</strong></span> <span class='ocrx_word' id='word_1_579' title='bbox 618 4930 671 4981; x_wconf 82' lang='lat'><strong>2.</strong></span> <span class='ocrx_word' id='word_1_580' title='bbox 724 4930 783 4981; x_wconf 87' lang='lat' dir='ltr'><strong>in</strong></span> <span class='ocrx_word' id='word_1_581' title='bbox 828 4925 1024 4997; x_wconf 79' lang='lat' dir='ltr'><strong>Leuit.)</strong></span> <span class='ocrx_word' id='word_1_582' title='bbox 1086 4926 1256 4980; x_wconf 80' lang='lat' dir='ltr'><strong>Recte</strong></span> <span class='ocrx_word' id='word_1_583' title='bbox 1301 4924 1553 4977; x_wconf 90' lang='lat' dir='ltr'><strong>animam</strong></span> <span class='ocrx_word' id='word_1_584' title='bbox 1604 4922 1761 4986; x_wconf 90' lang='lat' dir='ltr'><strong>dicit,</strong></span> 
     </span>
    </p>
   </div>
   <div class='ocr_carea' id='block_1_81' title="bbox 151 5011 1763 5087">
    <p class='ocr_par' dir='ltr' id='par_1_81' title="bbox 151 5011 1763 5087">
     <span class='ocr_line' id='line_1_82' title="bbox 151 5011 1763 5087; baseline -0.002 -20"><span class='ocrx_word' id='word_1_585' title='bbox 151 5013 231 5075; x_wconf 70' lang='lat' dir='ltr'><strong>etc.,</strong></span> <span class='ocrx_word' id='word_1_586' title='bbox 254 5028 401 5084; x_wconf 83' lang='lat' dir='ltr'><strong>usque</strong></span> <span class='ocrx_word' id='word_1_587' title='bbox 426 5016 500 5070; x_wconf 87' lang='lat' dir='ltr'><strong>ad</strong></span> <span class='ocrx_word' id='word_1_588' title='bbox 527 5019 586 5070; x_wconf 88' lang='lat' dir='ltr'><strong>et</strong></span> <span class='ocrx_word' id='word_1_589' title='bbox 614 5014 847 5087; x_wconf 90' lang='lat' dir='ltr'><strong>spiritus</strong></span> <span class='ocrx_word' id='word_1_590' title='bbox 876 5014 988 5069; x_wconf 87' lang='lat' dir='ltr'><strong>dux</strong></span> <span class='ocrx_word' id='word_1_591' title='bbox 1016 5014 1084 5068; x_wconf 88' lang='lat' dir='ltr'><strong>ad</strong></span> <span class='ocrx_word' id='word_1_592' title='bbox 1115 5012 1408 5075; x_wconf 86' lang='lat' dir='ltr'><strong>virtutem,</strong></span> <span class='ocrx_word' id='word_1_593' title='bbox 1442 5011 1489 5064; x_wconf 88' lang='lat' dir='ltr'><strong>si</strong></span> <span class='ocrx_word' id='word_1_594' title='bbox 1513 5026 1645 5064; x_wconf 92' lang='lat' dir='ltr'><strong>eum</strong></span> <span class='ocrx_word' id='word_1_595' title='bbox 1676 5026 1763 5064; x_wconf 89' lang='lat' dir='ltr'><strong>se-</strong></span> 
     </span>
    </p>
   </div>
   <div class='ocr_carea' id='block_1_82' title="bbox 150 5098 361 5165">
    <p class='ocr_par' dir='ltr' id='par_1_82' title="bbox 150 5098 361 5165">
     <span class='ocr_line' id='line_1_83' title="bbox 150 5098 361 5165; baseline 0.057 -17"><span class='ocrx_word' id='word_1_596' title='bbox 150 5098 211 5165; x_wconf 86' lang='lat' dir='ltr'><strong>qui</strong></span> <span class='ocrx_word' id='word_1_597' title='bbox 231 5103 361 5160; x_wconf 76' lang='lat' dir='ltr'><strong>velit.</strong></span> 
     </span>
    </p>
   </div>
   <div class='ocr_carea' id='block_1_83' title="bbox 195 5185 1808 5262">
    <p class='ocr_par' dir='ltr' id='par_1_83' title="bbox 195 5185 1808 5262">
     <span class='ocr_line' id='line_1_84' title="bbox 195 5185 1808 5262; baseline -0.004 -15"><span class='ocrx_word' id='word_1_598' title='bbox 195 5185 359 5261; x_wconf 54' lang='lat' dir='ltr'><strong>amca.)</strong></span> <span class='ocrx_word' id='word_1_599' title='bbox 388 5195 590 5248; x_wconf 82' lang='lat' dir='ltr'><strong>Anima</strong></span> <span class='ocrx_word' id='word_1_600' title='bbox 639 5207 758 5246; x_wconf 89' lang='lat' dir='ltr'><strong>cum</strong></span> <span class='ocrx_word' id='word_1_601' title='bbox 800 5193 1125 5262; x_wconf 86' lang='lat' dir='ltr'><strong>peccaverit,</strong></span> <span class='ocrx_word' id='word_1_602' title='bbox 1173 5193 1280 5245; x_wconf 88' lang='lat' dir='ltr'><strong>etc.</strong></span> <span class='ocrx_word' id='word_1_603' title='bbox 1314 5188 1468 5243; x_wconf 86' lang='lat' dir='ltr'><strong>Nihil</strong></span> <span class='ocrx_word' id='word_1_604' title='bbox 1514 5203 1765 5243; x_wconf 89' lang='lat' dir='ltr'><strong>necessa-</strong></span> <span class='ocrx_word' id='word_1_605' title='bbox 1794 5241 1808 5257; x_wconf 68' lang='grc'><em>,</em></span> 
     </span>
    </p>
   </div>
   <div class='ocr_carea' id='block_1_84' title="bbox 156 5270 1765 5350">
    <p class='ocr_par' dir='ltr' id='par_1_84' title="bbox 156 5270 1765 5350">
     <span class='ocr_line' id='line_1_85' title="bbox 156 5270 1765 5350; baseline 0.002 -22"><span class='ocrx_word' id='word_1_606' title='bbox 156 5270 254 5328; x_wconf 74' lang='lat' dir='ltr'><strong>rium</strong></span> <span class='ocrx_word' id='word_1_607' title='bbox 276 5277 545 5350; x_wconf 87' lang='lat' dir='ltr'><strong>legislator</strong></span> <span class='ocrx_word' id='word_1_608' title='bbox 574 5280 785 5346; x_wconf 88' lang='lat' dir='ltr'><strong>omisit,</strong></span> <span class='ocrx_word' id='word_1_609' title='bbox 818 5285 945 5348; x_wconf 91' lang='lat' dir='ltr'><strong>etc.,</strong></span> <span class='ocrx_word' id='word_1_610' title='bbox 980 5296 1151 5349; x_wconf 86' lang='lat' dir='ltr'><strong>usque</strong></span> <span class='ocrx_word' id='word_1_611' title='bbox 1177 5279 1252 5333; x_wconf 89' lang='lat' dir='ltr'><strong>ad</strong></span> <span class='ocrx_word' id='word_1_612' title='bbox 1299 5278 1469 5338; x_wconf 90' lang='lat' dir='ltr'><strong>unde.</strong></span> <span class='ocrx_word' id='word_1_613' title='bbox 1520 5280 1627 5347; x_wconf 79' lang='lat' dir='ltr'><strong>Qui</strong></span> <span class='ocrx_word' id='word_1_614' title='bbox 1673 5293 1765 5331; x_wconf 90' lang='lat' dir='ltr'><strong>ne-</strong></span> 
     </span>
    </p>
   </div>
   <div class='ocr_carea' id='block_1_85' title="bbox 158 5362 1517 5438">
    <p class='ocr_par' dir='ltr' id='par_1_85' title="bbox 158 5362 1517 5438">
     <span class='ocr_line' id='line_1_86' title="bbox 158 5362 1517 5438; baseline 0.004 -22"><span class='ocrx_word' id='word_1_615' title='bbox 158 5362 292 5419; x_wconf 59' lang='grc' dir='ltr'><strong>εετιξὸαι</strong></span> <span class='ocrx_word' id='word_1_616' title='bbox 308 5376 588 5437; x_wconf 86' lang='lat' dir='ltr'><strong>peccatum,</strong></span> <span class='ocrx_word' id='word_1_617' title='bbox 611 5384 712 5438; x_wconf 89' lang='lat' dir='ltr'><strong>pro</strong></span> <span class='ocrx_word' id='word_1_618' title='bbox 736 5369 889 5423; x_wconf 85' lang='lat' dir='ltr'><strong>nobis</strong></span> <span class='ocrx_word' id='word_1_619' title='bbox 920 5374 1196 5437; x_wconf 85' lang='lat' dir='ltr'><strong>peccatum</strong></span> <span class='ocrx_word' id='word_1_620' title='bbox 1214 5369 1395 5433; x_wconf 86' lang='lat' dir='ltr'><strong>factus</strong></span> <span class='ocrx_word' id='word_1_621' title='bbox 1421 5371 1517 5421; x_wconf 86' lang='lat' dir='ltr'><strong>est.</strong></span> 
     </span>
    </p>
   </div>
   <div class='ocr_carea' id='block_1_86' title="bbox 202 5449 1767 5525">
    <p class='ocr_par' dir='ltr' id='par_1_86' title="bbox 202 5449 1767 5525">
     <span class='ocr_line' id='line_1_87' title="bbox 202 5449 1767 5525; baseline 0.003 -20"><span class='ocrx_word' id='word_1_622' title='bbox 202 5449 324 5509; x_wconf 66' lang='grc' dir='ltr'><strong>νεεδ.</strong></span> <span class='ocrx_word' id='word_1_623' title='bbox 375 5460 422 5512; x_wconf 86' lang='lat'><strong>3.</strong></span> <span class='ocrx_word' id='word_1_624' title='bbox 477 5486 551 5500; x_wconf 95' lang='lat'><em>—</em></span> <span class='ocrx_word' id='word_1_625' title='bbox 605 5457 667 5512; x_wconf 89' lang='lat' dir='ltr'><strong>Si</strong></span> <span class='ocrx_word' id='word_1_626' title='bbox 722 5457 992 5525; x_wconf 81' lang='lat' dir='ltr'><strong>sacerdos,</strong></span> <span class='ocrx_word' id='word_1_627' title='bbox 1036 5460 1142 5510; x_wconf 90' lang='lat' dir='ltr'><strong>etc.</strong></span> <span class='ocrx_word' id='word_1_628' title='bbox 1202 5455 1405 5525; x_wconf 63' lang='lat' dir='ltr'><strong>(Ome)</strong></span> <span class='ocrx_word' id='word_1_629' title='bbox 1454 5454 1767 5510; x_wconf 88' lang='lat' dir='ltr'><strong>Observan-</strong></span> 
     </span>
    </p>
   </div>
   <div class='ocr_carea' id='block_1_87' title="bbox 168 5534 1765 5619">
    <p class='ocr_par' dir='ltr' id='par_1_87' title="bbox 168 5534 1765 5619">
     <span class='ocr_line' id='line_1_88' title="bbox 168 5534 1765 5619; baseline -0.001 -21"><span class='ocrx_word' id='word_1_630' title='bbox 168 5534 252 5594; x_wconf 60' lang='lat' dir='ltr'><strong>dum</strong></span> <span class='ocrx_word' id='word_1_631' title='bbox 275 5550 345 5599; x_wconf 88' lang='lat' dir='ltr'><strong>est</strong></span> <span class='ocrx_word' id='word_1_632' title='bbox 368 5547 511 5618; x_wconf 87' lang='lat' dir='ltr'><strong>quod</strong></span> <span class='ocrx_word' id='word_1_633' title='bbox 546 5548 607 5601; x_wconf 93' lang='lat' dir='ltr'><strong>in</strong></span> <span class='ocrx_word' id='word_1_634' title='bbox 624 5550 860 5618; x_wconf 90' lang='lat' dir='ltr'><strong>peccato</strong></span> <span class='ocrx_word' id='word_1_635' title='bbox 895 5542 1184 5619; x_wconf 87' lang='lat' dir='ltr'><strong>pontiﬁcis</strong></span> <span class='ocrx_word' id='word_1_636' title='bbox 1214 5543 1503 5614; x_wconf 87' lang='lat' dir='ltr'><strong>legislator</strong></span> <span class='ocrx_word' id='word_1_637' title='bbox 1532 5558 1649 5598; x_wconf 89' lang='lat' dir='ltr'><strong>non</strong></span> <span class='ocrx_word' id='word_1_638' title='bbox 1670 5544 1765 5597; x_wconf 88' lang='lat' dir='ltr'><strong>ad-</strong></span> 
     </span>
    </p>
   </div>
   <div class='ocr_carea' id='block_1_88' title="bbox 1860 3061 3324 3132">
    <p class='ocr_par' dir='ltr' id='par_1_88' title="bbox 1860 3061 3324 3132">
     <span class='ocr_line' id='line_1_89' title="bbox 1860 3061 3324 3132; baseline -0.004 -12"><span class='ocrx_word' id='word_1_639' title='bbox 1860 3080 2089 3121; x_wconf 87' lang='lat' dir='ltr'><strong>caruem</strong></span> <span class='ocrx_word' id='word_1_640' title='bbox 2113 3080 2274 3118; x_wconf 89' lang='lat' dir='ltr'><strong>suam</strong></span> <span class='ocrx_word' id='word_1_641' title='bbox 2301 3063 2641 3132; x_wconf 86' lang='lat' dir='ltr'><strong>sanguinem</strong></span> <span class='ocrx_word' id='word_1_642' title='bbox 2674 3063 2956 3132; x_wconf 86' lang='lat' dir='ltr'><strong>passionis</strong></span> <span class='ocrx_word' id='word_1_643' title='bbox 2987 3061 3324 3116; x_wconf 84' lang='lat' dir='ltr'><strong>cruentavit.</strong></span> 
     </span>
    </p>
   </div>
   <div class='ocr_carea' id='block_1_89' title="bbox 1933 3150 3549 3218">
    <p class='ocr_par' dir='ltr' id='par_1_89' title="bbox 1933 3150 3549 3218">
     <span class='ocr_line' id='line_1_90' title="bbox 1933 3150 3549 3218; baseline -0.005 -9"><span class='ocrx_word' id='word_1_644' title='bbox 1933 3156 2133 3210; x_wconf 87' lang='lat' dir='ltr'><strong>Contra</strong></span> <span class='ocrx_word' id='word_1_645' title='bbox 2159 3153 2355 3218; x_wconf 84' lang='lat' dir='ltr'><strong>velum,</strong></span> <span class='ocrx_word' id='word_1_646' title='bbox 2386 3157 2492 3205; x_wconf 88' lang='lat' dir='ltr'><strong>etc.</strong></span> <span class='ocrx_word' id='word_1_647' title='bbox 2546 3152 2732 3205; x_wconf 79' lang='lat' dir='ltr'><strong>Multis</strong></span> <span class='ocrx_word' id='word_1_648' title='bbox 2785 3151 3118 3206; x_wconf 88' lang='lat' dir='ltr'><strong>nominibus</strong></span> <span class='ocrx_word' id='word_1_649' title='bbox 3164 3165 3395 3204; x_wconf 90' lang='lat' dir='ltr'><strong>carnem</strong></span> <span class='ocrx_word' id='word_1_650' title='bbox 3442 3150 3549 3203; x_wconf 88' lang='lat' dir='ltr'><strong>Do-</strong></span> 
     </span>
    </p>
   </div>
   <div class='ocr_carea' id='block_1_90' title="bbox 1859 3236 3549 3311">
    <p class='ocr_par' dir='ltr' id='par_1_90' title="bbox 1859 3236 3549 3311">
     <span class='ocr_line' id='line_1_91' title="bbox 1859 3236 3549 3311; baseline -0.004 -15"><span class='ocrx_word' id='word_1_651' title='bbox 1859 3241 2003 3296; x_wconf 90' lang='lat' dir='ltr'><strong>mini</strong></span> <span class='ocrx_word' id='word_1_652' title='bbox 2023 3241 2292 3311; x_wconf 90' lang='lat' dir='ltr'><strong>appellat,</strong></span> <span class='ocrx_word' id='word_1_653' title='bbox 2322 3239 2459 3310; x_wconf 87' lang='lat' dir='ltr'><strong>quia</strong></span> <span class='ocrx_word' id='word_1_654' title='bbox 2487 3239 2742 3309; x_wconf 86' lang='lat' dir='ltr'><strong>operatio</strong></span> <span class='ocrx_word' id='word_1_655' title='bbox 2786 3241 2907 3310; x_wconf 89' lang='lat' dir='ltr'><strong>ejus</strong></span> <span class='ocrx_word' id='word_1_656' title='bbox 2957 3241 3161 3294; x_wconf 87' lang='lat' dir='ltr'><strong>multa.</strong></span> <span class='ocrx_word' id='word_1_657' title='bbox 3212 3238 3371 3292; x_wconf 89' lang='lat' dir='ltr'><strong>Unde</strong></span> <span class='ocrx_word' id='word_1_658' title='bbox 3428 3236 3549 3308; x_wconf 89' lang='lat' dir='ltr'><strong>ipse</strong></span> 
     </span>
    </p>
   </div>
   <div class='ocr_carea' id='block_1_91' title="bbox 1862 3326 3549 3399">
    <p class='ocr_par' dir='ltr' id='par_1_91' title="bbox 1862 3326 3549 3399">
     <span class='ocr_line' id='line_1_92' title="bbox 1862 3326 3549 3399; baseline -0.004 -14"><span class='ocrx_word' id='word_1_659' title='bbox 1862 3330 2134 3385; x_wconf 87' lang='lat' dir='ltr'><strong>Dominus</strong></span> <span class='ocrx_word' id='word_1_660' title='bbox 2162 3328 2435 3399; x_wconf 88' lang='lat' dir='ltr'><strong>seipsum,</strong></span> <span class='ocrx_word' id='word_1_661' title='bbox 2469 3329 2638 3382; x_wconf 91' lang='lat' dir='ltr'><strong>modo</strong></span> <span class='ocrx_word' id='word_1_662' title='bbox 2671 3328 3012 3383; x_wconf 83' lang='lat' dir='ltr'><strong>sacriﬁcium</strong></span> <span class='ocrx_word' id='word_1_663' title='bbox 3046 3330 3190 3395; x_wconf 88' lang='lat' dir='ltr'><strong>(Luc.</strong></span> <span class='ocrx_word' id='word_1_664' title='bbox 3215 3327 3349 3397; x_wconf 75' lang='lat' dir='ltr'><strong>xxx),</strong></span> <span class='ocrx_word' id='word_1_665' title='bbox 3379 3326 3549 3381; x_wconf 92' lang='lat' dir='ltr'><strong>modo</strong></span> 
     </span>
    </p>
   </div>
   <div class='ocr_carea' id='block_1_92' title="bbox 1858 3417 3551 3490">
    <p class='ocr_par' dir='ltr' id='par_1_92' title="bbox 1858 3417 3551 3490">
     <span class='ocr_line' id='line_1_93' title="bbox 1858 3417 3551 3490; baseline -0.001 -19"><span class='ocrx_word' id='word_1_666' title='bbox 1858 3423 2169 3490; x_wconf 89' lang='lat' dir='ltr'><strong>pastorem,</strong></span> <span class='ocrx_word' id='word_1_667' title='bbox 2194 3434 2391 3472; x_wconf 88' lang='lat' dir='ltr'><strong>rursus</strong></span> <span class='ocrx_word' id='word_1_668' title='bbox 2416 3417 2607 3483; x_wconf 90' lang='lat' dir='ltr'><strong>vitem,</strong></span> <span class='ocrx_word' id='word_1_669' title='bbox 2631 3417 2835 3472; x_wconf 89' lang='lat' dir='ltr'><strong>deinde</strong></span> <span class='ocrx_word' id='word_1_670' title='bbox 2854 3432 3061 3487; x_wconf 89' lang='lat' dir='ltr'><strong>panem</strong></span> <span class='ocrx_word' id='word_1_671' title='bbox 3087 3417 3215 3470; x_wconf 60' lang='lat' dir='ltr'><strong>vitae</strong></span> <span class='ocrx_word' id='word_1_672' title='bbox 3237 3420 3551 3486; x_wconf 87' lang='lat' dir='ltr'><strong>etgranum</strong></span> 
     </span>
    </p>
   </div>
   <div class='ocr_carea' id='block_1_93' title="bbox 1858 3505 3547 3574">
    <p class='ocr_par' dir='ltr' id='par_1_93' title="bbox 1858 3505 3547 3574">
     <span class='ocr_line' id='line_1_94' title="bbox 1858 3505 3547 3574; baseline -0.005 -11"><span class='ocrx_word' id='word_1_673' title='bbox 1858 3507 2053 3573; x_wconf 89' lang='lat' dir='ltr'><strong>tritici,</strong></span> <span class='ocrx_word' id='word_1_674' title='bbox 2085 3506 2370 3561; x_wconf 87' lang='lat' dir='ltr'><strong>translatis</strong></span> <span class='ocrx_word' id='word_1_675' title='bbox 2409 3507 2698 3560; x_wconf 90' lang='lat' dir='ltr'><strong>vocabulis</strong></span> <span class='ocrx_word' id='word_1_676' title='bbox 2728 3505 3061 3561; x_wconf 89' lang='lat' dir='ltr'><strong>nominavit.</strong></span> <span class='ocrx_word' id='word_1_677' title='bbox 3116 3506 3304 3574; x_wconf 89' lang='lat' dir='ltr'><strong>(Joan.</strong></span> <span class='ocrx_word' id='word_1_678' title='bbox 3365 3521 3418 3571; x_wconf 73' lang='grc' dir='ltr'>ιι,</span> <span class='ocrx_word' id='word_1_679' title='bbox 3460 3520 3547 3571; x_wconf 84' lang='lat' dir='ltr'><strong>xv,</strong></span> 
     </span>
    </p>
   </div>
   <div class='ocr_carea' id='block_1_94' title="bbox 1860 3592 3546 3666">
    <p class='ocr_par' dir='ltr' id='par_1_94' title="bbox 1860 3592 3546 3666">
     <span class='ocr_line' id='line_1_95' title="bbox 1860 3592 3546 3666; baseline -0.002 -17"><span class='ocrx_word' id='word_1_680' title='bbox 1860 3612 1934 3663; x_wconf 84' lang='lat' dir='ltr'><strong>vi,</strong></span> <span class='ocrx_word' id='word_1_681' title='bbox 1960 3600 2061 3666; x_wconf 80' lang='lat' dir='ltr'><strong>xii)</strong></span> <span class='ocrx_word' id='word_1_682' title='bbox 2094 3596 2183 3650; x_wconf 92' lang='lat' dir='ltr'><strong>Sic</strong></span> <span class='ocrx_word' id='word_1_683' title='bbox 2213 3599 2266 3649; x_wconf 93' lang='lat' dir='ltr'><strong>et</strong></span> <span class='ocrx_word' id='word_1_684' title='bbox 2301 3596 2515 3665; x_wconf 79' lang='lat' dir='ltr'><strong>Moyses</strong></span> <span class='ocrx_word' id='word_1_685' title='bbox 2551 3610 2780 3649; x_wconf 89' lang='lat' dir='ltr'><strong>carnem</strong></span> <span class='ocrx_word' id='word_1_686' title='bbox 2828 3596 2949 3664; x_wconf 85' lang='lat' dir='ltr'><strong>ejus</strong></span> <span class='ocrx_word' id='word_1_687' title='bbox 2988 3594 3175 3647; x_wconf 90' lang='lat' dir='ltr'><strong>velum</strong></span> <span class='ocrx_word' id='word_1_688' title='bbox 3224 3592 3546 3664; x_wconf 89' lang='lat' dir='ltr'><strong>appellavit.</strong></span> 
     </span>
    </p>
   </div>
   <div class='ocr_carea' id='block_1_95' title="bbox 1864 3680 3557 3751">
    <p class='ocr_par' dir='ltr' id='par_1_95' title="bbox 1864 3680 3557 3751">
     <span class='ocr_line' id='line_1_96' title="bbox 1864 3680 3557 3751; baseline -0.004 -12"><span class='ocrx_word' id='word_1_689' title='bbox 1864 3685 2020 3739; x_wconf 91' lang='lat' dir='ltr'><strong>Unde</strong></span> <span class='ocrx_word' id='word_1_690' title='bbox 2058 3684 2307 3739; x_wconf 89' lang='lat' dir='ltr'><strong>Paulus:</strong></span> <span class='ocrx_word' id='word_1_691' title='bbox 2356 3680 2609 3738; x_wconf 82' lang='lat' dir='ltr'><strong>Initiavit</strong></span> <span class='ocrx_word' id='word_1_692' title='bbox 2644 3684 2796 3737; x_wconf 84' lang='lat' dir='ltr'><strong>nobis</strong></span> <span class='ocrx_word' id='word_1_693' title='bbox 2843 3685 2991 3738; x_wconf 85' lang='lat' dir='ltr'><strong>viam</strong></span> <span class='ocrx_word' id='word_1_694' title='bbox 3037 3697 3136 3751; x_wconf 88' lang='lat' dir='ltr'><strong>per</strong></span> <span class='ocrx_word' id='word_1_695' title='bbox 3190 3682 3449 3747; x_wconf 84' lang='lat' dir='ltr'><strong>uelamen,</strong></span> <span class='ocrx_word' id='word_1_696' title='bbox 3498 3682 3557 3733; x_wconf 80' lang='lat' dir='ltr'><strong>id</strong></span> 
     </span>
    </p>
   </div>
   <div class='ocr_carea' id='block_1_96' title="bbox 1860 3768 3557 3842">
    <p class='ocr_par' dir='ltr' id='par_1_96' title="bbox 1860 3768 3557 3842">
     <span class='ocr_line' id='line_1_97' title="bbox 1860 3768 3557 3842; baseline -0.004 -14"><span class='ocrx_word' id='word_1_697' title='bbox 1860 3778 1938 3828; x_wconf 89' lang='lat' dir='ltr'><strong>est</strong></span> <span class='ocrx_word' id='word_1_698' title='bbox 1966 3788 2182 3827; x_wconf 85' lang='lat' dir='ltr'><strong>carnem</strong></span> <span class='ocrx_word' id='word_1_699' title='bbox 2210 3787 2362 3826; x_wconf 89' lang='lat' dir='ltr'><strong>suam</strong></span> <span class='ocrx_word' id='word_1_700' title='bbox 2387 3771 2568 3842; x_wconf 82' lang='lat' dir='ltr'><strong>(Hebr.</strong></span> <span class='ocrx_word' id='word_1_701' title='bbox 2601 3773 2679 3841; x_wconf 74' lang='grc' dir='ltr'><strong>χ).</strong></span> <span class='ocrx_word' id='word_1_702' title='bbox 2714 3772 2913 3824; x_wconf 82' lang='lat' dir='ltr'><strong>Velum</strong></span> <span class='ocrx_word' id='word_1_703' title='bbox 2962 3785 3194 3840; x_wconf 89' lang='lat' dir='ltr'><strong>quoque</strong></span> <span class='ocrx_word' id='word_1_704' title='bbox 3250 3768 3557 3823; x_wconf 87' lang='lat' dir='ltr'><strong>sanctuarii</strong></span> 
     </span>
    </p>
   </div>
   <div class='ocr_carea' id='block_1_97' title="bbox 1863 3858 3557 3932">
    <p class='ocr_par' dir='ltr' id='par_1_97' title="bbox 1863 3858 3557 3932">
     <span class='ocr_line' id='line_1_98' title="bbox 1863 3858 3557 3932; baseline -0.002 -18"><span class='ocrx_word' id='word_1_705' title='bbox 1863 3861 2065 3915; x_wconf 86' lang='lat' dir='ltr'><strong>exhinc</strong></span> <span class='ocrx_word' id='word_1_706' title='bbox 2095 3861 2435 3932; x_wconf 88' lang='lat' dir='ltr'><strong>appellatur,</strong></span> <span class='ocrx_word' id='word_1_707' title='bbox 2469 3860 2602 3930; x_wconf 90' lang='lat' dir='ltr'><strong>quia</strong></span> <span class='ocrx_word' id='word_1_708' title='bbox 2638 3859 2697 3913; x_wconf 91' lang='lat' dir='ltr'><strong>in</strong></span> <span class='ocrx_word' id='word_1_709' title='bbox 2722 3876 2789 3913; x_wconf 90' lang='lat' dir='ltr'><strong>eo</strong></span> <span class='ocrx_word' id='word_1_710' title='bbox 2832 3858 3011 3912; x_wconf 91' lang='lat' dir='ltr'><strong>sancti</strong></span> <span class='ocrx_word' id='word_1_711' title='bbox 3057 3862 3383 3912; x_wconf 87' lang='lat' dir='ltr'><strong>sanctorum</strong></span> <span class='ocrx_word' id='word_1_712' title='bbox 3428 3873 3557 3911; x_wconf 87' lang='lat' dir='ltr'><strong>caro</strong></span> 
     </span>
    </p>
   </div>
   <div class='ocr_carea' id='block_1_98' title="bbox 1864 3947 2165 4017">
    <p class='ocr_par' dir='ltr' id='par_1_98' title="bbox 1864 3947 2165 4017">
     <span class='ocr_line' id='line_1_99' title="bbox 1864 3947 2165 4017; baseline -0.003 -15"><span class='ocrx_word' id='word_1_713' title='bbox 1864 3947 2165 4017; x_wconf 89' lang='lat' dir='ltr'><strong>ﬁguratur.</strong></span> 
     </span>
    </p>
   </div>
   <div class='ocr_carea' id='block_1_99' title="bbox 1936 4030 3555 4102">
    <p class='ocr_par' dir='ltr' id='par_1_99' title="bbox 1936 4030 3555 4102">
     <span class='ocr_line' id='line_1_100' title="bbox 1936 4030 3555 4102; baseline -0.004 -14"><span class='ocrx_word' id='word_1_714' title='bbox 1936 4036 2095 4089; x_wconf 75' lang='lat' dir='ltr'><strong>Vsus.</strong></span> <span class='ocrx_word' id='word_1_715' title='bbox 2125 4039 2178 4088; x_wconf 90' lang='lat'><strong>7.</strong></span> <span class='ocrx_word' id='word_1_716' title='bbox 2212 4064 2279 4073; x_wconf 89' lang='lat'><strong>——</strong></span> <span class='ocrx_word' id='word_1_717' title='bbox 2312 4034 2485 4102; x_wconf 86' lang='lat' dir='ltr'><strong>Super</strong></span> <span class='ocrx_word' id='word_1_718' title='bbox 2521 4049 2739 4087; x_wconf 85' lang='lat' dir='ltr'><strong>cornua.</strong></span> <span class='ocrx_word' id='word_1_719' title='bbox 2792 4031 2910 4086; x_wconf 82' lang='lat' dir='ltr'><strong>Hoc</strong></span> <span class='ocrx_word' id='word_1_720' title='bbox 2962 4031 3139 4085; x_wconf 86' lang='lat' dir='ltr'><strong>altare</strong></span> <span class='ocrx_word' id='word_1_721' title='bbox 3188 4030 3382 4083; x_wconf 89' lang='lat' dir='ltr'><strong>sedem</strong></span> <span class='ocrx_word' id='word_1_722' title='bbox 3438 4030 3555 4093; x_wconf 86' lang='lat' dir='ltr'><strong>Dei,</strong></span> 
     </span>
    </p>
   </div>
   <div class='ocr_carea' id='block_1_100' title="bbox 1861 4118 3558 4193">
    <p class='ocr_par' dir='ltr' id='par_1_100' title="bbox 1861 4118 3558 4193">
     <span class='ocr_line' id='line_1_101' title="bbox 1861 4118 3558 4193; baseline -0.005 -14"><span class='ocrx_word' id='word_1_723' title='bbox 1861 4125 1919 4180; x_wconf 90' lang='lat' dir='ltr'><strong>id</strong></span> <span class='ocrx_word' id='word_1_724' title='bbox 1977 4132 2064 4178; x_wconf 90' lang='lat' dir='ltr'><strong>est</strong></span> <span class='ocrx_word' id='word_1_725' title='bbox 2119 4123 2395 4193; x_wconf 88' lang='lat' dir='ltr'><strong>Seraphin</strong></span> <span class='ocrx_word' id='word_1_726' title='bbox 2447 4121 2749 4191; x_wconf 87' lang='lat' dir='ltr'><strong>signiﬁcat,</strong></span> <span class='ocrx_word' id='word_1_727' title='bbox 2804 4122 2953 4175; x_wconf 90' lang='lat' dir='ltr'><strong>unde</strong></span> <span class='ocrx_word' id='word_1_728' title='bbox 3005 4121 3147 4174; x_wconf 87' lang='lat' dir='ltr'><strong>Esa:</strong></span> <span class='ocrx_word' id='word_1_729' title='bbox 3218 4119 3432 4174; x_wconf 83' lang='lat' dir='ltr'><strong>Volavit</strong></span> <span class='ocrx_word' id='word_1_730' title='bbox 3485 4118 3558 4171; x_wconf 81' lang='lat' dir='ltr'><strong>ad</strong></span> 
     </span>
    </p>
   </div>
   <div class='ocr_carea' id='block_1_101' title="bbox 1863 4208 3561 4280">
    <p class='ocr_par' dir='ltr' id='par_1_101' title="bbox 1863 4208 3561 4280">
     <span class='ocr_line' id='line_1_102' title="bbox 1863 4208 3561 4280; baseline -0.006 -11"><span class='ocrx_word' id='word_1_731' title='bbox 1863 4230 1945 4269; x_wconf 88' lang='lat' dir='ltr'><strong>me</strong></span> <span class='ocrx_word' id='word_1_732' title='bbox 1974 4227 2112 4268; x_wconf 87' lang='lat' dir='ltr'><strong>unus</strong></span> <span class='ocrx_word' id='word_1_733' title='bbox 2137 4211 2203 4265; x_wconf 84' lang='lat' dir='ltr'><strong>de</strong></span> <span class='ocrx_word' id='word_1_734' title='bbox 2234 4211 2524 4280; x_wconf 86' lang='lat' dir='ltr'><strong>Seraphin,</strong></span> <span class='ocrx_word' id='word_1_735' title='bbox 2558 4215 2607 4265; x_wconf 89' lang='lat' dir='ltr'><strong>et</strong></span> <span class='ocrx_word' id='word_1_736' title='bbox 2636 4212 2694 4263; x_wconf 89' lang='lat' dir='ltr'><strong>in</strong></span> <span class='ocrx_word' id='word_1_737' title='bbox 2725 4225 2889 4264; x_wconf 87' lang='lat' dir='ltr'><strong>manu</strong></span> <span class='ocrx_word' id='word_1_738' title='bbox 2940 4209 3054 4277; x_wconf 86' lang='lat' dir='ltr'><strong>ejus</strong></span> <span class='ocrx_word' id='word_1_739' title='bbox 3102 4208 3360 4272; x_wconf 86' lang='lat' dir='ltr'><strong>calculus,</strong></span> <span class='ocrx_word' id='word_1_740' title='bbox 3403 4221 3561 4276; x_wconf 87' lang='lat' dir='ltr'><strong>quem</strong></span> 
     </span>
    </p>
   </div>
   <div class='ocr_carea' id='block_1_102' title="bbox 1864 4295 3561 4371">
    <p class='ocr_par' dir='ltr' id='par_1_102' title="bbox 1864 4295 3561 4371">
     <span class='ocr_line' id='line_1_103' title="bbox 1864 4295 3561 4371; baseline -0.006 -14"><span class='ocrx_word' id='word_1_741' title='bbox 1864 4304 2073 4371; x_wconf 84' lang='lat' dir='ltr'><strong>forcipe</strong></span> <span class='ocrx_word' id='word_1_742' title='bbox 2103 4303 2248 4365; x_wconf 87' lang='lat' dir='ltr'><strong>tulit,</strong></span> <span class='ocrx_word' id='word_1_743' title='bbox 2284 4298 2347 4354; x_wconf 82' lang='lat' dir='ltr'><strong>de</strong></span> <span class='ocrx_word' id='word_1_744' title='bbox 2378 4301 2549 4354; x_wconf 83' lang='lat' dir='ltr'><strong>altari</strong></span> <span class='ocrx_word' id='word_1_745' title='bbox 2580 4300 2705 4368; x_wconf 83' lang='lat' dir='ltr'><strong>(Isa.</strong></span> <span class='ocrx_word' id='word_1_746' title='bbox 2739 4302 2832 4365; x_wconf 80' lang='lat' dir='ltr'><strong>vr).</strong></span> <span class='ocrx_word' id='word_1_747' title='bbox 2865 4298 3221 4369; x_wconf 86' lang='lat' dir='ltr'><strong>Thymiama,</strong></span> <span class='ocrx_word' id='word_1_748' title='bbox 3246 4295 3561 4350; x_wconf 89' lang='lat' dir='ltr'><strong>secundum</strong></span> 
     </span>
    </p>
   </div>
   <div class='ocr_carea' id='block_1_103' title="bbox 1872 4382 3559 4460">
    <p class='ocr_par' dir='ltr' id='par_1_103' title="bbox 1872 4382 3559 4460">
     <span class='ocr_line' id='line_1_104' title="bbox 1872 4382 3559 4460; baseline -0.006 -13"><span class='ocrx_word' id='word_1_749' title='bbox 1872 4392 2018 4458; x_wconf 80' lang='lat' dir='ltr'><strong>LXX,</strong></span> <span class='ocrx_word' id='word_1_750' title='bbox 2074 4389 2514 4460; x_wconf 90' lang='lat' dir='ltr'><strong>compositiones</strong></span> <span class='ocrx_word' id='word_1_751' title='bbox 2556 4388 2821 4443; x_wconf 90' lang='lat' dir='ltr'><strong>omnium</strong></span> <span class='ocrx_word' id='word_1_752' title='bbox 2870 4389 3167 4442; x_wconf 91' lang='lat' dir='ltr'><strong>virtutum.</strong></span> <span class='ocrx_word' id='word_1_753' title='bbox 3239 4384 3343 4440; x_wconf 89' lang='lat' dir='ltr'><strong>Ubi</strong></span> <span class='ocrx_word' id='word_1_754' title='bbox 3404 4382 3559 4439; x_wconf 90' lang='lat' dir='ltr'><strong>enim</strong></span> 
     </span>
    </p>
   </div>
   <div class='ocr_carea' id='block_1_104' title="bbox 1869 4472 3561 4549">
    <p class='ocr_par' dir='ltr' id='par_1_104' title="bbox 1869 4472 3561 4549">
     <span class='ocr_line' id='line_1_105' title="bbox 1869 4472 3561 4549; baseline -0.006 -14"><span class='ocrx_word' id='word_1_755' title='bbox 1869 4480 2029 4535; x_wconf 91' lang='lat' dir='ltr'><strong>decet</strong></span> <span class='ocrx_word' id='word_1_756' title='bbox 2055 4478 2398 4549; x_wconf 89' lang='lat' dir='ltr'><strong>compositas</strong></span> <span class='ocrx_word' id='word_1_757' title='bbox 2430 4493 2552 4532; x_wconf 87' lang='lat' dir='ltr'><strong>esse</strong></span> <span class='ocrx_word' id='word_1_758' title='bbox 2582 4477 2839 4543; x_wconf 89' lang='lat' dir='ltr'><strong>virtutes,</strong></span> <span class='ocrx_word' id='word_1_759' title='bbox 2882 4476 2993 4531; x_wconf 86' lang='lat' dir='ltr'><strong>nisi</strong></span> <span class='ocrx_word' id='word_1_760' title='bbox 3020 4476 3081 4531; x_wconf 91' lang='lat' dir='ltr'><strong>in</strong></span> <span class='ocrx_word' id='word_1_761' title='bbox 3119 4475 3250 4530; x_wconf 89' lang='lat' dir='ltr'><strong>sede</strong></span> <span class='ocrx_word' id='word_1_762' title='bbox 3298 4473 3441 4528; x_wconf 85' lang='lat' dir='ltr'><strong>Dei?</strong></span> <span class='ocrx_word' id='word_1_763' title='bbox 3492 4472 3561 4525; x_wconf 93' lang='lat' dir='ltr'><strong>de</strong></span> 
     </span>
    </p>
   </div>
   <div class='ocr_carea' id='block_1_105' title="bbox 1870 4561 3561 4638">
    <p class='ocr_par' dir='ltr' id='par_1_105' title="bbox 1870 4561 3561 4638">
     <span class='ocr_line' id='line_1_106' title="bbox 1870 4561 3561 4638; baseline -0.006 -16"><span class='ocrx_word' id='word_1_764' title='bbox 1870 4570 2011 4624; x_wconf 89' lang='lat' dir='ltr'><strong>ccelo</strong></span> <span class='ocrx_word' id='word_1_765' title='bbox 2096 4584 2343 4638; x_wconf 90' lang='lat' dir='ltr'><strong>namque</strong></span> <span class='ocrx_word' id='word_1_766' title='bbox 2400 4566 2471 4621; x_wconf 88' lang='lat' dir='ltr'><strong>ad</strong></span> <span class='ocrx_word' id='word_1_767' title='bbox 2526 4582 2629 4621; x_wconf 90' lang='lat' dir='ltr'><strong>nos</strong></span> <span class='ocrx_word' id='word_1_768' title='bbox 2680 4565 3055 4621; x_wconf 90' lang='lat' dir='ltr'><strong>descendunt.</strong></span> <span class='ocrx_word' id='word_1_769' title='bbox 3109 4564 3267 4620; x_wconf 90' lang='lat' dir='ltr'><strong>Unde</strong></span> <span class='ocrx_word' id='word_1_770' title='bbox 3318 4561 3561 4617; x_wconf 70' lang='lat' dir='ltr'><strong>Iacobus</strong></span> 
     </span>
    </p>
   </div>
   <div class='ocr_carea' id='block_1_106' title="bbox 1870 4649 3561 4727">
    <p class='ocr_par' dir='ltr' id='par_1_106' title="bbox 1870 4649 3561 4727">
     <span class='ocr_line' id='line_1_107' title="bbox 1870 4649 3561 4727; baseline -0.005 -16"><span class='ocrx_word' id='word_1_771' title='bbox 1870 4656 1994 4711; x_wconf 90' lang='lat' dir='ltr'><strong>ait.</strong></span> <span class='ocrx_word' id='word_1_772' title='bbox 2031 4660 2159 4727; x_wconf 67' lang='lat' dir='ltr'><strong>Quae</strong></span> <span class='ocrx_word' id='word_1_773' title='bbox 2196 4661 2374 4710; x_wconf 88' lang='lat' dir='ltr'><strong>autem</strong></span> <span class='ocrx_word' id='word_1_774' title='bbox 2423 4655 2705 4710; x_wconf 87' lang='lat' dir='ltr'><strong>desursum</strong></span> <span class='ocrx_word' id='word_1_775' title='bbox 2749 4657 3023 4724; x_wconf 86' lang='lat' dir='ltr'><strong>sapientia</strong></span> <span class='ocrx_word' id='word_1_776' title='bbox 3072 4652 3213 4721; x_wconf 86' lang='lat' dir='ltr'><strong>(Jac.</strong></span> <span class='ocrx_word' id='word_1_777' title='bbox 3264 4652 3361 4717; x_wconf 86' lang='grc' dir='ltr'>ιιι).</span> <span class='ocrx_word' id='word_1_778' title='bbox 3414 4649 3561 4714; x_wconf 87' lang='lat' dir='ltr'><strong>Qua-</strong></span> 
     </span>
    </p>
   </div>
   <div class='ocr_carea' id='block_1_107' title="bbox 1874 4736 3563 4814">
    <p class='ocr_par' dir='ltr' id='par_1_107' title="bbox 1874 4736 3563 4814">
     <span class='ocr_line' id='line_1_108' title="bbox 1874 4736 3563 4814; baseline -0.006 -14"><span class='ocrx_word' id='word_1_779' title='bbox 1874 4752 2004 4801; x_wconf 89' lang='lat' dir='ltr'><strong>tuor</strong></span> <span class='ocrx_word' id='word_1_780' title='bbox 2054 4752 2246 4799; x_wconf 88' lang='lat' dir='ltr'><strong>autem</strong></span> <span class='ocrx_word' id='word_1_781' title='bbox 2303 4745 2561 4810; x_wconf 87' lang='lat' dir='ltr'><strong>virtutes,</strong></span> <span class='ocrx_word' id='word_1_782' title='bbox 2611 4742 2912 4814; x_wconf 83' lang='lat' dir='ltr'><strong>sapientia,</strong></span> <span class='ocrx_word' id='word_1_783' title='bbox 2953 4741 3192 4813; x_wconf 87' lang='lat' dir='ltr'><strong>justitia,</strong></span> <span class='ocrx_word' id='word_1_784' title='bbox 3267 4736 3563 4806; x_wconf 85' lang='lat' dir='ltr'><strong>fortitudo,</strong></span> 
     </span>
    </p>
   </div>
   <div class='ocr_carea' id='block_1_108' title="bbox 1872 4832 3563 4905">
    <p class='ocr_par' dir='ltr' id='par_1_108' title="bbox 1872 4832 3563 4905">
     <span class='ocr_line' id='line_1_109' title="bbox 1872 4832 3563 4905; baseline -0.005 -18"><span class='ocrx_word' id='word_1_785' title='bbox 1872 4833 2270 4905; x_wconf 90' lang='lat' dir='ltr'><strong>temperantia,</strong></span> <span class='ocrx_word' id='word_1_786' title='bbox 2302 4833 2436 4903; x_wconf 89' lang='lat' dir='ltr'><strong>quia</strong></span> <span class='ocrx_word' id='word_1_787' title='bbox 2460 4837 2797 4887; x_wconf 72' lang='lat' dir='ltr'><strong>cmterarum</strong></span> <span class='ocrx_word' id='word_1_788' title='bbox 2847 4832 3119 4886; x_wconf 69' lang='lat' dir='ltr'><strong>virtutum</strong></span> <span class='ocrx_word' id='word_1_789' title='bbox 3166 4842 3378 4899; x_wconf 89' lang='lat' dir='ltr'><strong>genera</strong></span> <span class='ocrx_word' id='word_1_790' title='bbox 3423 4841 3563 4879; x_wconf 90' lang='lat' dir='ltr'><strong>con-</strong></span> 
     </span>
    </p>
   </div>
   <div class='ocr_carea' id='block_1_109' title="bbox 1873 4916 3563 4988">
    <p class='ocr_par' dir='ltr' id='par_1_109' title="bbox 1873 4916 3563 4988">
     <span class='ocr_line' id='line_1_110' title="bbox 1873 4916 3563 4988; baseline -0.006 -12"><span class='ocrx_word' id='word_1_791' title='bbox 1873 4922 2071 4984; x_wconf 88' lang='lat' dir='ltr'><strong>tinent,</strong></span> <span class='ocrx_word' id='word_1_792' title='bbox 2108 4920 2480 4976; x_wconf 88' lang='lat' dir='ltr'><strong>nominantur</strong></span> <span class='ocrx_word' id='word_1_793' title='bbox 2503 4937 2715 4975; x_wconf 88' lang='lat' dir='ltr'><strong>cornua</strong></span> <span class='ocrx_word' id='word_1_794' title='bbox 2749 4936 2763 4974; x_wconf 88' lang='lat'>:</span> <span class='ocrx_word' id='word_1_795' title='bbox 2798 4920 2899 4975; x_wconf 89' lang='lat' dir='ltr'><strong>has</strong></span> <span class='ocrx_word' id='word_1_796' title='bbox 2961 4916 3188 4988; x_wconf 89' lang='lat' dir='ltr'><strong>inungit</strong></span> <span class='ocrx_word' id='word_1_797' title='bbox 3236 4916 3380 4969; x_wconf 90' lang='lat' dir='ltr'><strong>Deus</strong></span> <span class='ocrx_word' id='word_1_798' title='bbox 3429 4929 3563 4983; x_wconf 91' lang='lat' dir='ltr'><strong>pro-</strong></span> 
     </span>
    </p>
   </div>
   <div class='ocr_carea' id='block_1_110' title="bbox 1873 5001 3566 5082">
    <p class='ocr_par' dir='ltr' id='par_1_110' title="bbox 1873 5001 3566 5082">
     <span class='ocr_line' id='line_1_111' title="bbox 1873 5001 3566 5082; baseline -0.007 -17"><span class='ocrx_word' id='word_1_799' title='bbox 1873 5011 2000 5082; x_wconf 88' lang='lat' dir='ltr'><strong>prio</strong></span> <span class='ocrx_word' id='word_1_800' title='bbox 2039 5010 2319 5080; x_wconf 86' lang='lat' dir='ltr'><strong>sanguine</strong></span> <span class='ocrx_word' id='word_1_801' title='bbox 2371 5010 2719 5073; x_wconf 86' lang='lat' dir='ltr'><strong>confortans,</strong></span> <span class='ocrx_word' id='word_1_802' title='bbox 2767 5008 2980 5062; x_wconf 89' lang='lat' dir='ltr'><strong>scilicet</strong></span> <span class='ocrx_word' id='word_1_803' title='bbox 3023 5003 3229 5073; x_wconf 88' lang='lat' dir='ltr'><strong>majori</strong></span> <span class='ocrx_word' id='word_1_804' title='bbox 3277 5007 3333 5057; x_wconf 88' lang='lat' dir='ltr'><strong>et</strong></span> <span class='ocrx_word' id='word_1_805' title='bbox 3377 5001 3566 5071; x_wconf 82' lang='lat' dir='ltr'><strong>perfe-</strong></span> 
     </span>
    </p>
   </div>
   <div class='ocr_carea' id='block_1_111' title="bbox 1874 5092 3565 5169">
    <p class='ocr_par' dir='ltr' id='par_1_111' title="bbox 1874 5092 3565 5169">
     <span class='ocr_line' id='line_1_112' title="bbox 1874 5092 3565 5169; baseline -0.007 -14"><span class='ocrx_word' id='word_1_806' title='bbox 1874 5098 2038 5155; x_wconf 91' lang='lat' dir='ltr'><strong>ctiori</strong></span> <span class='ocrx_word' id='word_1_807' title='bbox 2070 5098 2295 5165; x_wconf 90' lang='lat' dir='ltr'><strong>virtute,</strong></span> <span class='ocrx_word' id='word_1_808' title='bbox 2328 5103 2393 5153; x_wconf 88' lang='lat' dir='ltr'><strong>ut</strong></span> <span class='ocrx_word' id='word_1_809' title='bbox 2423 5097 2644 5169; x_wconf 89' lang='lat' dir='ltr'><strong>possint</strong></span> <span class='ocrx_word' id='word_1_810' title='bbox 2669 5102 2867 5153; x_wconf 87' lang='lat' dir='ltr'><strong>contra</strong></span> <span class='ocrx_word' id='word_1_811' title='bbox 2912 5092 3264 5150; x_wconf 79' lang='lat' dir='ltr'><strong>adversariae</strong></span> <span class='ocrx_word' id='word_1_812' title='bbox 3312 5095 3565 5163; x_wconf 89' lang='lat' dir='ltr'><strong>potesta-</strong></span> 
     </span>
    </p>
   </div>
   <div class='ocr_carea' id='block_1_112' title="bbox 1874 5185 2819 5258">
    <p class='ocr_par' dir='ltr' id='par_1_112' title="bbox 1874 5185 2819 5258">
     <span class='ocr_line' id='line_1_113' title="bbox 1874 5185 2819 5258; baseline -0.006 -15"><span class='ocrx_word' id='word_1_813' title='bbox 1874 5192 1960 5243; x_wconf 86' lang='lat' dir='ltr'><strong>tes</strong></span> <span class='ocrx_word' id='word_1_814' title='bbox 1989 5187 2467 5258; x_wconf 86' lang='lat' dir='ltr'><strong>fortitudinesque</strong></span> <span class='ocrx_word' id='word_1_815' title='bbox 2497 5185 2819 5258; x_wconf 69' lang='lat' dir='ltr'><strong>praevalere.</strong></span> 
     </span>
    </p>
   </div>
   <div class='ocr_carea' id='block_1_113' title="bbox 1948 5268 3569 5346">
    <p class='ocr_par' dir='ltr' id='par_1_113' title="bbox 1948 5268 3569 5346">
     <span class='ocr_line' id='line_1_114' title="bbox 1948 5268 3569 5346; baseline -0.006 -15"><span class='ocrx_word' id='word_1_816' title='bbox 1948 5279 2186 5342; x_wconf 74' lang='lat' dir='ltr'><strong>Alteris,</strong></span> <span class='ocrx_word' id='word_1_817' title='bbox 2233 5282 2335 5331; x_wconf 91' lang='lat' dir='ltr'><strong>etc.</strong></span> <span class='ocrx_word' id='word_1_818' title='bbox 2389 5274 2789 5346; x_wconf 80' lang='lat' dir='ltr'><strong>Angelicarum</strong></span> <span class='ocrx_word' id='word_1_819' title='bbox 2831 5272 3125 5327; x_wconf 91' lang='lat' dir='ltr'><strong>virtutum.</strong></span> <span class='ocrx_word' id='word_1_820' title='bbox 3165 5269 3225 5325; x_wconf 90' lang='lat' dir='ltr'><strong>Si</strong></span> <span class='ocrx_word' id='word_1_821' title='bbox 3272 5269 3428 5324; x_wconf 91' lang='lat' dir='ltr'><strong>enim</strong></span> <span class='ocrx_word' id='word_1_822' title='bbox 3467 5268 3569 5322; x_wconf 89' lang='lat' dir='ltr'><strong>ho-</strong></span> 
     </span>
    </p>
   </div>
   <div class='ocr_carea' id='block_1_114' title="bbox 1880 5357 3567 5437">
    <p class='ocr_par' dir='ltr' id='par_1_114' title="bbox 1880 5357 3567 5437">
     <span class='ocr_line' id='line_1_115' title="bbox 1880 5357 3567 5437; baseline -0.007 -16"><span class='ocrx_word' id='word_1_823' title='bbox 1880 5366 2060 5421; x_wconf 90' lang='lat' dir='ltr'><strong>mines</strong></span> <span class='ocrx_word' id='word_1_824' title='bbox 2090 5370 2319 5437; x_wconf 85' lang='lat' dir='ltr'><strong>gratum</strong></span> <span class='ocrx_word' id='word_1_825' title='bbox 2370 5365 2484 5418; x_wconf 91' lang='lat' dir='ltr'><strong>Deo</strong></span> <span class='ocrx_word' id='word_1_826' title='bbox 2535 5363 2770 5417; x_wconf 88' lang='lat' dir='ltr'><strong>odorem</strong></span> <span class='ocrx_word' id='word_1_827' title='bbox 2818 5363 3101 5417; x_wconf 90' lang='lat' dir='ltr'><strong>bonorum</strong></span> <span class='ocrx_word' id='word_1_828' title='bbox 3153 5373 3392 5429; x_wconf 88' lang='lat' dir='ltr'><strong>operum</strong></span> <span class='ocrx_word' id='word_1_829' title='bbox 3435 5357 3567 5410; x_wconf 90' lang='lat' dir='ltr'><strong>red—</strong></span> 
     </span>
    </p>
   </div>
   <div class='ocr_carea' id='block_1_115' title="bbox 1877 5449 3568 5525">
    <p class='ocr_par' dir='ltr' id='par_1_115' title="bbox 1877 5449 3568 5525">
     <span class='ocr_line' id='line_1_116' title="bbox 1877 5449 3568 5525; baseline -0.006 -16"><span class='ocrx_word' id='word_1_830' title='bbox 1877 5455 2041 5523; x_wconf 89' lang='lat' dir='ltr'><strong>dunt,</strong></span> <span class='ocrx_word' id='word_1_831' title='bbox 2100 5458 2313 5525; x_wconf 81' lang='lat' dir='ltr'><strong>quanto</strong></span> <span class='ocrx_word' id='word_1_832' title='bbox 2378 5451 2562 5524; x_wconf 86' lang='lat' dir='ltr'><strong>magis</strong></span> <span class='ocrx_word' id='word_1_833' title='bbox 2634 5452 2813 5506; x_wconf 87' lang='lat' dir='ltr'><strong>sancti</strong></span> <span class='ocrx_word' id='word_1_834' title='bbox 2884 5452 2944 5505; x_wconf 90' lang='lat' dir='ltr'><strong>in</strong></span> <span class='ocrx_word' id='word_1_835' title='bbox 3018 5449 3266 5522; x_wconf 88' lang='lat' dir='ltr'><strong>puritate</strong></span> <span class='ocrx_word' id='word_1_836' title='bbox 3351 5450 3568 5500; x_wconf 70' lang='lat' dir='ltr'><strong>natura:</strong></span> 
     </span>
    </p>
   </div>
   <div class='ocr_carea' id='block_1_116' title="bbox 1879 5534 3569 5615">
    <p class='ocr_par' dir='ltr' id='par_1_116' title="bbox 1879 5534 3569 5615">
     <span class='ocr_line' id='line_1_117' title="bbox 1879 5534 3569 5615; baseline -0.005 -18"><span class='ocrx_word' id='word_1_837' title='bbox 1879 5543 2324 5615; x_wconf 88' lang='lat' dir='ltr'><strong>permanentes?</strong></span> <span class='ocrx_word' id='word_1_838' title='bbox 2353 5542 2409 5598; x_wconf 92' lang='lat' dir='ltr'><strong>Si</strong></span> <span class='ocrx_word' id='word_1_839' title='bbox 2437 5546 2625 5597; x_wconf 85' lang='lat' dir='ltr'><strong>autem</strong></span> <span class='ocrx_word' id='word_1_840' title='bbox 2657 5545 2951 5612; x_wconf 88' lang='lat' dir='ltr'><strong>peccatum</strong></span> <span class='ocrx_word' id='word_1_841' title='bbox 2982 5539 3133 5611; x_wconf 91' lang='lat' dir='ltr'><strong>quod</strong></span> <span class='ocrx_word' id='word_1_842' title='bbox 3184 5534 3391 5594; x_wconf 87' lang='lat' dir='ltr'><strong>Christi</strong></span> <span class='ocrx_word' id='word_1_843' title='bbox 3442 5548 3569 5589; x_wconf 89' lang='lat' dir='ltr'><strong>san-</strong></span> 
     </span>
    </p>
   </div>
  </div>
