4064 6186
194 306 259 357 309

1246 300 1501 357 GLOSSA
1540 301 1941 359 OBDINARIA.
1982 334 2050 343 ——
2094 304 2221 358 LIB.
2269 303 2488 359 LEVIT.

3513 312 3616 364 310

189 438 307 492 usque
346 421 413 476 ad
454 419 548 475 sed
591 420 783 474 statim
830 419 1157 491 subjnnxit:
1200 422 1408 476 Anima
1455 437 1573 493 quae
1619 426 1805 493 tetige-
1835 425 1881 479 Α
1990 424 2143 491 Quod
2196 426 2246 479 si
2282 440 2387 480 non
2408 425 2660 494 quiverit.
2686 424 2831 489 Quia
2862 441 2978 480 non
3027 442 3195 481 omne
3244 430 3472 499 tempus
3539 430 3612 484 ad

185 515 234 567 rit
248 509 431 580 aliquid
458 509 814 575 immundum,
849 512 953 563 etc.

231 596 399 666 Πειρη.)
450 597 515 651 Si
538 598 801 666 peccavit,
861 602 969 651 etc.
1032 597 1154 651 Non
1200 596 1409 669 repetit
1464 613 1594 669 quae
1632 613 1809 669 snpe-

183 689 265 744 rius
299 685 441 751 dixit,
493 690 620 750 etc.,
652 699 822 755 usque
867 685 942 740 ad
983 685 1082 757 qui
1133 686 1365 740 alterius
1402 685 1656 756 peccavit
1720 687 1806 741 vel

186 776 309 832 errori
328 791 433 828 non
463 773 738 828 debemus
766 773 1107 839 consentire,
1132 773 1227 828 sed
1252 790 1510 845 arguere.

227 866 355 918 Vsus.
384 866 434 917 2.
465 890 534 904 —
586 862 791 917 Anima
836 865 933 931 qui
984 864 1235 931 tetigerit.
1289 861 1488 933 (Isrcu.)
1516 862 1638 917 Non
1682 876 1808 916 cor-

181 954 303 1025 poris,
332 958 452 1020 etc.,
483 966 653 1020 usque
690 950 765 1006 ad
813 951 911 1006 sed
952 955 1141 1021 potest
1185 951 1371 1006 dicere
1404 967 1535 1006 cum
1580 952 1753 1006 David
1791 969 1803 1006 :

178 1045 327 1097 Anima
366 1046 547 1096 nostra
597 1042 739 1095 sicut
783 1056 975 1110 passer
1008 1046 1192 1112 erepta
1237 1045 1316 1097 est
1353 1041 1419 1097 de
1471 1042 1660 1110 laqueo
1711 1057 1807 1097 ue-

176 1135 367 1185 nantium
396 1131 559 1200 (Psal.
590 1129 799 1197 cxxm).

224 1220 383 1279 (Gneo.
418 1218 517 1273 lib.
551 1234 701 1273 xxxu
732 1219 950 1288 Moral.,
981 1233 1105 1289 cap.
1138 1218 1171 1272 4
1200 1222 1340 1273 tom.
1375 1217 1464 1287 ΙΙ.)
1502 1220 1807 1273 Juramen-

172 1316 260 1362 tum
285 1307 520 1379 proferre
560 1312 644 1361 est
682 1311 810 1361 voto
857 1324 960 1362 nos
993 1306 1200 1362 divinas
1233 1307 1519 1363 servitutis
1549 1308 1803 1378 alligare,

173 1404 276 1461 etc.,
301 1411 455 1464 usque
481 1395 557 1448 ad
578 1394 696 1466 igni
729 1396 937 1451 doloris
966 1396 1252 1450 ardemus.

222 1485 348 1538 Vens.
380 1484 428 1537 4.
460 1515 527 1523 -
575 1486 780 1539 Anima
809 1500 927 1555 quae
972 1486 1211 1556 juravit,
1244 1489 1347 1540 etc.
1388 1484 1575 1555 (Ana,
1612 1489 1802 1554 quaest.

172 1576 259 1626 ita
291 1573 473 1642 Leuit.)
524 1572 673 1637 Quid
720 1578 805 1626 est
836 1574 987 1644 quod
1038 1590 1144 1645 pro
1182 1574 1354 1628 tacito
1405 1575 1682 1645 perjurio,
1716 1574 1803 1628 vel

172 1665 278 1715 tacto
306 1661 614 1727 morticino,
657 1663 742 1716 vel
781 1663 971 1733 aliquo
1004 1662 1305 1717 immundo
1332 1664 1557 1718 nullum
1587 1663 1801 1716 sacriﬁ-

169 1752 279 1804 cium
305 1750 662 1820 praecipitur?
694 1752 801 1805 Pro
833 1766 899 1804 eo
945 1766 1076 1804 vero
1108 1751 1259 1820 quod
1315 1751 1559 1822 quisque
1598 1750 1805 1804 falsum

168 1838 547 1910 nesciensjurat,
578 1840 794 1909 'agnam
832 1840 914 1893 vel
938 1855 1168 1910 capram
1191 1838 1379 1892 olferri
1409 1839 1698 1893 decernit?
1733 1854 1807 1892 an

164 1942 241 1994 pro
265 1927 502 1980 omnibus
550 1926 893 1997 supradictis
940 1928 1046 1981 hoc
1084 1925 1427 1980 sacriﬁcium
1462 1930 1687 1997 oportet
1715 1926 1802 1980 in-

164 2014 337 2085 telligi?
361 2015 635 2070 Omnibus
674 2016 828 2070 enim
868 2015 1181 2069 enuntiatis
1220 2014 1418 2070 intulit
1462 2015 1803 2070 sacriﬁcium

167 2102 472 2172 expiationis.

215 2194 509 2247 lntellemerit
598 2192 870 2248 delictum.
948 2194 1152 2265 tisicu.)
1232 2193 1555 2248 Notandum
1648 2192 1803 2263 quod

166 2280 402 2347 delictum,
434 2287 569 2351 etc.,
613 2297 784 2352 usque
812 2282 886 2336 ad
934 2282 1079 2337 sicut
1133 2281 1429 2353 sequentia
1472 2282 1798 2336 ostendunt.

217 2370 347 2424 Vens.
394 2376 443 2438 7,
475 2401 546 2414 —
579 2372 678 2427 Sin
729 2378 904 2425 autem
932 2387 1039 2425 non
1075 2374 1334 2442 potuerit,
1376 2376 1481 2427 etc.
1517 2371 1638 2441 (11).)
1691 2372 1804 2425 Hoc

168 2457 465 2528 adjiciamus,
502 2465 569 2514 nt
614 2460 661 2514 si
699 2460 836 2531 quid
890 2460 1091 2514 horum
1147 2461 1411 2530 princeps
1466 2460 1801 2530 peccaverit,

169 2546 339 2601 hircum
369 2548 563 2603 offerat
591 2550 663 2604 de
711 2549 912 2619 capris,
960 2550 1303 2620 condignam
1354 2549 1565 2602 scilicet
1621 2548 1801 2619 paeni-

168 2636 350 2690 tentiam
378 2637 499 2704 sibi,
538 2638 638 2710 qui
680 2654 783 2691 nec
828 2653 1061 2708 peccare
1092 2638 1309 2703 debuit,
1343 2654 1447 2691 nec
1484 2637 1802 2691 communi-

167 2738 258 2776 care
302 2724 435 2792 aliis,
482 2742 589 2779 nec
630 2726 888 2780 subditos
939 2726 1007 2779 ad
1060 2726 1412 2796 peccandum
1466 2741 1794 2795 provocare.

167 2811 283 2875 Quod
334 2828 460 2885 ergo
528 2813 757 2868 evenire
826 2813 1039 2882 debuit,
1092 2813 1487 2869 Pindiscussum
1542 2814 1794 2885 reliquit.

216 2902 291 2956 Sin
330 2908 514 2968 autem,
548 2907 657 2957 etc.
694 2901 820 2973 (ln.)
872 2902 978 2963 Qui
1032 2918 1143 2956 non
1198 2906 1385 2972 potest
1432 2901 1686 2973 afﬂigere
1739 2919 1796 2957 sc

168 2990 398 3057 continue,
442 2998 572 3059 etc.,
623 3007 793 3061 usque
843 2990 918 3045 ad
959 2991 1092 3062 quia
1135 2992 1387 3062 seipsum
1444 2990 1803 3062 plenisssime
1831 2976 1870 3032 θ

171 3078 250 3132 Deo
274 3080 551 3136 sacriﬁcat.

216 3168 345 3224 Vens.
395 3172 443 3224 8.
518 3199 590 3210 —
639 3167 984 3239 Retorquebit
1051 3172 1215 3237 caput
1272 3168 1482 3237 (Gnec.,
1544 3169 1681 3222 hom.
1743 3170 1801 3221 in

169 3257 333 3323 Ezech.)
386 3259 527 3312 Mors
593 3257 801 3312 Christi
855 3257 922 3311 ad
992 3255 1452 3327 conjunctionem
1520 3255 1609 3309 sui
1667 3271 1797 3309 cor-

169 3344 297 3412 poris,
356 3350 449 3412 et.,
509 3360 683 3414 usque
761 3345 835 3399 ad
901 3360 1098 3399 omnes
1167 3360 1285 3399 non
1350 3344 1459 3398 sibi
1508 3343 1695 3398 verius
1739 3343 1798 3397 in

170 3431 302 3501 ipsam
326 3439 560 3489 mortem
594 3450 756 3487 suam
789 3434 1103 3505 conjunxit.

218 3523 392 3591 (Cum)
422 3523 797 3591 Retorquebit,
858 3528 965 3577 etc.
1030 3524 1095 3576 In
1142 3521 1415 3576 sacriﬁcio
1475 3521 1573 3576 Dei
1612 3524 1803 3575 turtur

166 3624 253 3662 esse
279 3610 551 3680 debemus,
605 3616 667 3665 ut
700 3616 869 3683 caput
900 3616 1161 3665 nostrum
1206 3612 1275 3665 ad
1307 3611 1586 3682 pennulas
1619 3617 1800 3664 retor-

166 3703 371 3764 queatur,
435 3700 489 3753 id
549 3705 655 3765 est,
731 3716 930 3754 sensus
990 3701 1061 3755 ad
1119 3700 1377 3755 virtutes.
1441 3702 1546 3755 Per
1608 3705 1798 3770 caput.

167 3790 361 3840 mentem
405 3788 798 3859 intelligimus,
849 3789 982 3860 quia
1033 3790 1177 3843 sicut
1222 3794 1394 3859 caput
1443 3805 1666 3859 corpus,
1723 3788 1799 3841 ita

167 3887 285 3927 mens
318 3876 551 3932 actiones
604 3878 771 3947 regit.
825 3878 932 3932 Sed
984 3884 1153 3950 caput
1202 3880 1345 3933 collo
1384 3877 1645 3941 inhmret,
1699 3892 1801 3929 nec

167 3960 363 4017 funditus
389 3966 758 4027 abscinditur,
807 3967 941 4038 quia
972 3983 1131 4020 mens
1162 3969 1355 4019 nostra
1386 3982 1420 4018 a
1470 3963 1655 4019 carnis
1710 3965 1801 4017 de-

168 4049 406 4107 lectatione
455 4060 540 4108 est
600 4054 938 4124 separanda,
990 4071 1107 4107 non
1157 4072 1190 4107 a
1244 4052 1430 4107 carnis
1484 4051 1799 4106 necessaria

165 4152 277 4203 cura,
303 4158 395 4196 nec
419 4159 616 4197 curam
650 4143 832 4196 carnis
862 4142 1134 4196 faciamus
1163 4142 1221 4195 in
1265 4140 1563 4195 desideriis
1611 4140 1793 4207 (Rom.

166 4228 265 4295 xm).
314 4232 482 4302 Caput
530 4248 669 4303 ergo
728 4232 969 4286 turturis
1018 4231 1228 4302 partim
1288 4228 1673 4298 abscindatur,
1739 4235 1794 4281 et

166 4318 323 4383 partim
350 4321 489 4374 collo
521 4320 820 4375 inhaereat.

214 4406 576 4478 Abrumpatur,
628 4414 733 4463 etc.
800 4407 929 4462 Vult
983 4424 1083 4462 nos
1114 4425 1224 4462 non
1286 4407 1494 4461 servire
1552 4406 1800 4477 corpori,

168 4491 235 4544 sed
260 4495 499 4568 abrumpi
541 4498 631 4550 vel
688 4496 1026 4567 retorqueri,
1083 4514 1155 4551 ne
1204 4498 1292 4552 lex
1339 4497 1554 4569 peccati
1603 4501 1803 4566 regnet

168 4576 206 4631 iu
236 4587 478 4639 membris
528 4585 759 4639 nostris.
802 4585 945 4649 Quia
978 4601 1109 4640 vero
1158 4602 1364 4658 corpus
1394 4591 1652 4639 nostrum
1685 4601 1801 4639 non

170 4666 383 4725 debemus
417 4674 547 4728 odio
589 4674 818 4741 habere,
854 4690 956 4728 nec
1008 4674 1219 4728 diaboli
1276 4675 1550 4729 facturam
1598 4690 1799 4728 secun-

169 4754 267 4810 dum
317 4759 604 4815 haereticos
672 4761 1017 4827 existimare,
1063 4762 1161 4817 sed
1218 4763 1399 4818 menti
1456 4778 1799 4834 supponere,

170 4856 250 4897 non
292 4848 540 4921 praecipit
587 4850 839 4920 separari
894 4866 1103 4922 corpus
1161 4868 1193 4905 a
1258 4851 1427 4920 collo,
1491 4858 1800 4923 utrumque

170 4934 279 4988 enim
300 4937 457 4992 unius
488 4939 860 5009 ejusdemque
917 4946 1177 4994 creatura
1198 4945 1304 4994 est.

218 5022 347 5077 Vens.
409 5028 459 5081 9.
522 5055 594 5067 —
660 5026 1118 5091 Fundamentum,
1186 5032 1292 5081 etc.
1366 5026 1513 5094 LXX,
1583 5024 1796 5091 basim,

174 5111 280 5175 quod
323 5118 399 5168 est
436 5116 830 5185 Evangelium,
861 5114 1019 5186 quia,
1066 5115 1379 5169 secundum
1420 5114 1801 5168 intentionem

174 5200 375 5255 sacriﬁcii
444 5204 651 5258 Christi
726 5210 783 5258 et
852 5203 1164 5274 Evangelii,
1238 5204 1404 5257 debet
1461 5202 1800 5257 sacriﬁcium

176 5298 245 5349 PFO
286 5292 512 5359 peccatis
569 5293 779 5347 offerri.
840 5292 995 5347 Unde
1032 5292 1188 5346 addit
1221 5310 1233 5346 :
1286 5294 1426 5362 Quia
1463 5307 1562 5361 pro
1586 5298 1803 5361 peccato

177 5380 241 5435 est,
270 5378 396 5434 nihil
426 5380 577 5434 enim
609 5382 714 5434 .sic
757 5397 784 5433 a
827 5386 1061 5450 peccato
1102 5380 1291 5451 eripit,
1316 5379 1799 5450 quemadmodum

180 5457 361 5553 imitatio
409 5468 610 5523 Christi
667 5475 722 5523 et
751 5468 1077 5523 obedientia
1132 5469 1479 5539 Evangelicm
1523 5468 1799 5539 praedica-

182 5550 303 5593 ὶιυηίς

198 5562 321 5606 lunls.

1829 4289 1871 4344 D

1920 513 2314 585 paenitentiam
2362 512 2545 579 facile,
2579 513 2805 585 quando
2840 514 3054 569 scilicet
3101 516 3223 586 ipsa
3276 516 3614 586 pcenitentia

1919 600 2229 669 abutimur,
2266 607 2321 657 et
2374 602 2623 657 fructum
2650 603 2793 673 ejus,
2828 604 2899 658 ad
2948 609 3243 672 peccatum
3288 606 3615 674 redeuntes,

1919 692 2236 755 abolemus,
2292 691 2586 763 legislator
2652 692 2842 747 innuit
2891 692 3129 748 dicens:
3185 695 3341 761 Quod
3400 697 3451 749 si
3514 712 3622 751 non

1919 783 2157 851 quiverit
2184 796 2377 835 manus
2406 782 2543 850 ejus,
2576 786 2684 836 etc.

1988 870 2154 940 (Anc.
2184 873 2369 939 quast.
2404 872 2435 924 8
2466 872 2524 924 in
2553 871 2745 937 Lavit,
2780 872 2920 923 tom.
2954 869 3070 940 ΙΙΙ.)
3103 869 3388 934 Quaeritur
3421 875 3611 926 utrum

1917 959 2129 1030 ubique
2161 958 2554 1029 accipiendum
2581 957 2653 1012 sit
2682 958 2836 1029 quod
2861 957 3077 1013 dictum
3134 965 3236 1024 est,
3273 965 3402 1025 etc.,
3443 976 3613 1029 usque

1917 1047 1991 1101 ad
2020 1051 2086 1101 ut
2129 1051 2333 1100 caetera
2362 1045 2555 1100 omnia
2588 1045 2657 1100 ab
2703 1045 2823 1100 istis
2876 1046 2946 1101 ad
2971 1045 3130 1101 illam
3177 1048 3610 1118 generalitatem

1916 1134 2289 1208 pertinerent,

1987 1223 2150 1276 Vens.
2214 1225 2296 1276 tt.
2348 1250 2418 1262 —
2466 1222 2639 1292 Ephi.
2707 1223 2910 1293 (lsica.)
2976 1223 3233 1277 Mensura
3289 1229 3373 1279 est
3434 1224 3609 1279 trium

1919 1322 2338 1373 mensurarum,
2372 1312 2500 1374 etc.,
2535 1324 2704 1378 usque
2746 1309 2821 1363 ad
2850 1326 2966 1363 non
2994 1310 3180 1380 perire
3229 1327 3328 1365 eos
3374 1312 3474 1384 qui
3505 1314 3609 1367 sub

1916 1412 2091 1451 manu
2122 1396 2244 1467 ejus
2273 1396 2507 1451 fuerint.

1984 1487 2101 1542 Non
2152 1488 2327 1540 mittet
2346 1488 2403 1539 in
2431 1501 2569 1551 eum,
2622 1490 2726 1539 etc.
2763 1485 2977 1550 Quasi:
3014 1503 3127 1540 nou
3176 1491 3259 1541 est
3305 1486 3427 1542 haec
3485 1505 3612 1560 per-

1914 1573 2058 1629 fecta
2095 1574 2450 1645 poenitentia,
2482 1574 2609 1629 ideo
2662 1574 2851 1629 oleum
2884 1590 2997 1629 non
3045 1576 3235 1641 habet,
3270 1575 3325 1630 id
3356 1581 3455 1642 est,
3491 1579 3608 1647 spi-

1919 1663 2187 1718 ritualem
2243 1662 2500 1717 laetitiam
2558 1663 2883 1730 hilaritatis,
2944 1680 3047 1717 nec
3099 1664 3252 1730 thus,
3314 1665 3449 1736 quia
3506 1682 3609 1720 nec

1920 1752 2324 1807 conﬁdendum
2375 1757 2459 1807 est
2487 1752 2538 1806 ei
2573 1752 2635 1806 in
2664 1752 3018 1805 orationibus
3051 1770 3064 1806 :
3116 1753 3215 1806 sed
3262 1754 3468 1821 tradat,
3511 1755 3611 1825 qui

1916 1841 2081 1896 oﬁ‘ert
2122 1841 2492 1907 oblationem,
2570 1840 2869 1908 sacerdoti,
2904 1840 2958 1895 id
3009 1844 3113 1908 est,
3190 1857 3351 1911 spem
3410 1842 3609 1897 salutis

1914 1930 2235 1984 committat
2256 1930 2462 1984 divina!
2479 1927 2699 2000 pietati.

1987 2021 2091 2087 Qui
2125 2034 2226 2088 pro
2276 2022 2510 2087 peccato.
2542 2017 2685 2081 Quia
2739 2018 2921 2071 nescit
2976 2022 3173 2073 utrum
3223 2018 3361 2074 boni
3419 2020 3608 2074 odoris

1912 2105 1986 2159 sit
2037 2106 2218 2159 oratio
2250 2108 2373 2176 ejus
2420 2105 2520 2175 qui
2550 2106 2882 2176 frequenter
2914 2108 3339 2176 prazvaricatur.
3394 2108 3552 2163 Unde
3585 2124 3597 2160 :

1914 2195 2044 2260 Quis
2094 2195 2195 2248 scit
2222 2196 2273 2247 si
2300 2197 2644 2247 convertatur
2671 2197 2721 2247 et
2764 2196 3009 2262 ignoscat
3042 2196 3208 2259 Deus,
3249 2200 3300 2249 et
3328 2197 3609 2265 relinquat

1907 2287 2031 2352 post
2085 2297 2141 2337 se
2202 2281 2617 2336 benedictionem
2679 2280 2866 2351 (Joan.
2927 2284 3046 2350 iu)?
3104 2285 3226 2337 Non
3287 2283 3423 2337 sinit
3470 2299 3608 2355 ergo

1911 2372 2212 2441 desperare
2262 2386 2367 2424 nec
2415 2373 2607 2423 tamen
2634 2369 3012 2441 'praasumere,
3048 2386 3118 2425 ne
3158 2371 3369 2425 iterum
3426 2372 3608 2442 negli-

1914 2465 2109 2531 gentes
2144 2460 2278 2514 sint.

1982 2549 2150 2602 Vens.
2194 2551 2277 2602 t2.
2314 2577 2383 2588 —
2408 2546 2704 2617 Pugillum.
2737 2548 2801 2602 In
2851 2548 3068 2620 pugillo
3109 2546 3399 2618 Scriptura
3433 2548 3607 2619 signi-

1910 2636 2129 2699 ﬁcatur,
2190 2650 2303 2707 quo
2371 2635 2658 2689 scribitur.
2721 2635 3006 2707 Scriptum
3055 2640 3141 2690 est
3192 2639 3426 2689 autem:
3486 2637 3607 2692 Non

1908 2725 2026 2780 dico
2071 2726 2171 2780 tibi
2213 2727 2406 2795 septies
2458 2724 2553 2778 sed
2588 2739 2757 2794 usque
2784 2726 3091 2794 septuagies
3149 2726 3342 2793 septies
3384 2723 3604 2793 (Matth.

1905 2816 2117 2883 xxvui).
2162 2815 2267 2868 Per
2286 2813 2567 2884 pugillum
2629 2829 2766 2883 ergo
2794 2813 2984 2868 innuit
3014 2814 3195 2867 Deum
3252 2813 3606 2867 exorandum

1906 2919 2045 2968 esse,
2094 2905 2158 2956 ut
2197 2899 2528 2954 meminerit
2584 2900 2807 2971 scriptae
2869 2898 3277 2954 misericordiae
3340 2914 3478 2965 suae,
3541 2903 3605 2953 ut

1911 3007 2038 3046 eam
2069 2990 2235 3045 nobis
2260 2989 2435 3043 donet
2467 3004 2479 3042 :
2513 2988 2657 3042 sicut
2688 2988 2956 3043 fratribus
2996 2987 3197 3042 donari
3243 2987 3442 3059 jubet;
3492 2988 3605 3042 hoc

1911 3079 2067 3135 enim
2097 3083 2356 3133 orantem
2378 3076 2678 3132 mundabit
2706 3078 2966 3132 sacerdos
2999 3092 3262 3148 magnus.

1961 3170 2121 3223 Vens.
2177 3169 2261 3222 t3.
2311 3197 2380 3208 —
2429 3167 2633 3221 Anima
2677 3168 2728 3222 si
2768 3169 3159 3236 prmvaricans,
3221 3169 3327 3220 etc.
3380 3164 3603 3235 (lsicu.)

1910 3258 1995 3312 Ab
2030 3256 2188 3311 omni
2226 3260 2454 3326 peccato
2509 3255 2911 3310 abstinendum
2957 3260 3060 3323 est,
3094 3255 3194 3309 sed
3224 3254 3473 3309 maxime
3534 3253 3603 3307 ab

1911 3364 1978 3401 eo
2011 3345 2163 3418 quod
2196 3349 2396 3399 contra
2425 3349 2617 3399 sancta
2646 3344 3026 3398 committitur
3058 3359 3070 3397 :
3096 3347 3375 3415 quantum
3414 3346 3605 3396 autem

1909 3435 1982 3489 sit
2040 3434 2391 3490 horrendum
2442 3433 2653 3488 oblatio
2703 3437 2962 3487 testatur.
3025 3433 3315 3503 Nusquam
3372 3430 3528 3485 enim
3572 3448 3605 3485 a

1908 3524 2194 3596 principio
2223 3523 2495 3590 historice,
2527 3522 2637 3577 nisi
2666 3523 2772 3576 hoc
2816 3521 2875 3575 in
2905 3521 3051 3587 loco,
3101 3520 3247 3574 aries
3289 3519 3482 3575 offerri
3508 3521 3599 3590 ju-

1908 3615 2096 3679 betur,
2132 3613 2192 3667 in
2243 3628 2358 3683 quo
2416 3612 2719 3666 necessitas
2750 3615 2807 3664 et
2837 3609 3055 3664 utilitas
3101 3608 3363 3663 sacriﬁcii
3416 3609 3605 3680 perhi-

1907 3700 2073 3755 betur
2106 3716 2118 3754 :
2157 3716 2271 3753 non
2303 3699 2539 3753 offertur
2568 3700 2660 3752 hic
2690 3698 2903 3763 hircus,
2936 3714 3056 3751 non
3085 3713 3277 3767 capra,
3309 3712 3430 3751 non
3459 3695 3601 3765 ovis,

1909 3804 2022 3841 non
2047 3802 2151 3858 par
2176 3791 2483 3850 turturum,
2518 3790 2619 3840 aut
2648 3785 2762 3839 duo
2794 3785 2938 3855 pulli
2969 3785 3386 3839 columbarum.

1976 3876 2337 3930 Caeremonias
2391 3889 2511 3943 per,
2560 3877 2663 3926 etc.
2716 3872 2927 3941 (Omc.)
2974 3873 3161 3927 Multa:
3212 3871 3428 3942 species
3472 3887 3601 3926 san-

1908 3962 2264 4018 ctiﬁcationis
2293 3967 2447 4014 sunt.
2480 3961 2575 4014 Est
2617 3961 2828 4025 oleum,
2862 3975 2976 4031 quo
3009 3959 3248 4030 ungitur
3294 3960 3481 4012 solum
3520 3962 3602 4012 ta-

1909 4050 2308 4115 bernaculum;
2367 4053 2423 4103 et
2470 4047 2805 4119 thymiama,
2869 4048 2938 4101 de
2981 4062 3095 4117 quo
3155 4046 3405 4101 dicitur:
3464 4047 3601 4112 Qui—

1907 4154 2113 4207 cunque
2143 4139 2302 4192 talem
2339 4138 2771 4205 compositionem
2800 4136 3011 4201 fecerit,
3045 4134 3249 4205 peribit
3290 4134 3356 4188 de
3380 4135 3601 4204 populis

1907 4231 2058 4284 suis:
2113 4242 2290 4297 panes
2341 4241 2573 4297 quoque
2623 4224 3007 4296 proportionis
3037 4223 3139 4277 soli
3194 4239 3379 4277 mares
3408 4238 3599 4277 come-

1912 4317 2077 4383 dunt,
2107 4314 2205 4387 qui
2236 4319 2369 4368 sunt
2416 4314 2485 4367 de
2526 4311 2705 4383 stirpe
2751 4316 2960 4367 Aaron.
3017 4312 3244 4383 Mystice
3302 4316 3493 4367 autem
3541 4311 3600 4365 in

1910 4406 2000 4460 his
2047 4420 2177 4476 qua:
2208 4402 2557 4458 sanctiﬁcata
2609 4406 2760 4466 sunt,
2812 4406 3025 4473 peccat,
3056 4402 3156 4474 qui
3190 4402 3251 4455 in
3285 4417 3444 4455 sacro
3482 4402 3599 4453 loco

1911 4493 2127 4565 aliquid
2158 4492 2533 4547 irreverenter
2561 4495 2824 4562 usurpat,
2864 4491 2950 4545 vel
2982 4507 3073 4546 res
3113 4490 3334 4545 divinas
3364 4488 3599 4559 indigne

1910 4586 2133 4638 tractat.

1983 4672 2144 4725 Vens.
2180 4673 2262 4729 15,
2288 4700 2357 4710 -
2387 4668 2599 4725 Duobus
2620 4671 2789 4724 siclis.
2824 4670 2947 4722 Duo
2974 4666 3117 4732 sicli,
3168 4666 3282 4720 duo
3314 4670 3601 4736 prmcepta

1910 4758 2197 4813 charitatis
2227 4762 2378 4823 sunt,
2397 4757 2606 4828 quibus
2626 4762 2888 4829 peccator
2907 4756 3047 4809 emit
3062 4754 3169 4808 sibi
3191 4753 3601 4808 conﬁdentiam

1910 4846 2277 4901 remissionis.
2310 4846 2462 4900 Nihil
2486 4845 2639 4900 enim
2661 4846 2808 4899 valet
2831 4844 3164 4915 pcenitentia
3180 4842 3300 4897 sine
3316 4841 3501 4913 gratia
3518 4858 3600 4896 re-

1909 4936 2233 5004 missionis;
2290 4935 2437 4989 unde
2461 4936 2626 5005 juxta
2675 4934 2799 4988 LXX
2828 4933 2976 4986 aries
3014 4930 3432 5003 quinquaginta
3453 4928 3602 4982 siclis

1910 5024 2139 5089 emitur,
2172 5024 2307 5093 quia
2337 5038 2443 5093 per
2478 5021 2875 5093 paenitentiam
2923 5025 2979 5073 et
3018 5018 3262 5088 gemina:
3311 5016 3603 5070 cbaritatis

1910 5111 2329 5167 observantiam
2352 5111 2601 5181 perfecta
2631 5108 2858 5179 requies
2881 5106 3212 5177 acquiritur,
3246 5104 3473 5175 quando
3506 5121 3603 5157 re-

1911 5200 2104 5255 missio
2152 5204 2513 5270 peccatorum
2546 5197 2731 5252 datur.
2788 5197 2933 5259 LXX,
2954 5196 3167 5262 argenti
3201 5195 3604 5263 quinquaginta

1910 5292 2077 5355 siclis,
2146 5289 2274 5344 siclo
2332 5293 2536 5343 sancto.
2609 5288 2786 5340 Nemo
2850 5284 3007 5347 enim
3052 5282 3294 5353 acquirit
3378 5280 3604 5335 Domini

1912 5377 2253 5432 sacriﬁcium
2313 5376 2423 5430 nisi
2469 5392 2573 5445 per
2632 5375 2897 5445 spiritum
2944 5377 3226 5439 sanctum,
3279 5369 3413 5441 quia
3455 5385 3605 5423 nemo

1907 5472 2081 5537 potest
2134 5466 2310 5520 dicere
2358 5466 2627 5519 Dominus
2671 5464 2835 5516 Jesus
2890 5464 3003 5515 nisi
3041 5464 3095 5514 in
3154 5462 3366 5529 Spiritu
3421 5464 3649 5513 sancto—

1922 5554 1968 5611 (Ι
2016 5556 2141 5611 Cor.
2207 5556 2326 5624 xu).
2378 5551 2802 5623 Quinquaginta
2845 5566 2977 5604 vero
3015 5549 3257 5621 Spiritus
3293 5547 3471 5602 sancti
3520 5547 3607 5600 ad'
