4052 6180
304 259 400 313 311

941 250 1337 307 WALAFRIDI
1377 249 1625 307 STRABI
1664 249 1865 305 l-‘ULD.
1910 247 2071 304 MON.
2111 246 2263 302 OPP.
2306 245 2483 301 PARS
2522 244 2561 297 l.
2604 273 2671 283 ——
2714 241 3166 299 THEOLOGICA.

3685 242 3794 295 3l2

296 379 535 431 ventum
581 371 885 446 signiﬁcat,
946 372 1083 445 quia
1146 371 1239 427 die
1310 370 1691 438 Pentecostes,
1764 367 1823 422 id
1882 369 1987 433 est,
2018 369 2061 421 A
2174 364 2444 435 Tolletque
2509 365 2732 425 cineres.
2805 364 2911 416 etc.
2963 359 3118 416 Cinis
3164 357 3584 414 consummatio
3622 354 3795 446 (boni

299 463 777 539 quinquagesima
815 462 885 518 ad
940 460 1230 533 apostolos
1269 458 1445 515 venit.
1495 458 1621 513 LXX
1654 473 1667 512 :
1700 458 1830 512 siclo
1855 471 1991 511 san-

297 558 399 609 cto.
432 555 499 609 In
543 553 679 608 siclo
732 556 947 619 sancto,
978 550 1223 621 Spiritus
1254 548 1431 604 sancti
1460 547 1729 602 virtutem
1758 551 1814 600 et
1845 562 1989 616 ope-

299 642 579 698 rationem
626 640 986 711 signiﬁcavit.
1034 640 1251 696 Siculus
1299 639 1369 692 2O
1407 637 1678 692 obolorum
1708 639 1808 705 est,
1839 634 1987 688 vice-

300 731 495 787 narius
524 729 804 785 obnoxius
842 728 1058 800 peccati
1091 743 1207 782 non
1236 730 1322 781 est
1355 742 1367 781 :
1398 725 1550 780 unde
1580 724 1678 796 qui
1719 724 1787 779 de
1818 723 1986 795 {Egy-

298 820 397 889 pto
428 815 705 884 exierunt,
754 831 882 870 cum
934 820 1122 871 essent
1167 814 1368 886 viginti
1418 829 1722 880 annorum,
1774 811 1989 883 peccati

298 904 501 977 populi
550 920 780 977 pmnam
836 920 954 959 non
986 907 1357 975 susceperunt
1399 902 1581 975 (Num.
1612 900 1752 973 XIV);
1811 916 1983 955 mun-

301 994 407 1049 dus
436 992 650 1066 quippe
680 996 763 1047 est
787 993 858 1048 ab
874 993 1030 1048 omni
1059 997 1287 1065 peccato
1310 991 1619 1063 spiritualis
1646 990 1840 1045 homo.

369 1082 532 1138 Vens.
567 1084 630 1138 16
658 1113 729 1125 -—
770 1084 841 1138 Et
888 1082 1142 1151 quintam
1178 1085 1413 1152 partem,
1460 1085 1564 1135 etc.
1626 1078 1832 1150 (ls1ca.)
1882 1076 1989 1143 Qui

301 1185 429 1224 vase
460 1174 654 1225 sancto
703 1171 790 1224 vel
823 1170 973 1238 cibo,
1030 1173 1158 1237 etc.,
1205 1184 1373 1239 usque
1422 1168 1495 1222 ad
1542 1167 1621 1222 sic
1677 1166 1830 1222 enim
1884 1182 1988 1238 pro

301 1262 533 1330 peccato
555 1262 750 1313 nostro
778 1257 1193 1330 deprecabitur.

372 1348 533 1402 Vsns.
596 1349 680 1402 17.
721 1347 1022 1401 —Anima
1075 1346 1126 1399 si
1170 1344 1494 1414 peccaverit,
1545 1350 1648 1398 etc.
1683 1341 1831 1413 (in).
1895 1342 1989 1396 Vi-

301 1434 467 1490 detur
515 1434 725 1490 oblitus
798 1433 952 1505 quod
1008 1436 1365 1504 praeceperat
1416 1447 1521 1503 pro
1578 1431 1787 1504 quibus
1835 1430 1989 1485 enim

300 1523 548 1595 peccatis
604 1538 833 1594 capram
885 1520 971 1575 vel
1030 1537 1195 1575 ovem
1242 1520 1435 1575 oﬁ'erri
1485 1519 1780 1592 praecepit,
1839 1535 1992 1573 nunc

304 1611 542 1667 arietem
599 1609 793 1667 offerri
841 1609 1150 1681 praecipere
1180 1609 1434 1676 videtur;
1468 1608 1564 1663 sed
1621 1624 1726 1662 nec
1782 1608 1992 1662 oblitus

304 1703 388 1753 est
425 1697 732 1765 anteriora,
786 1713 891 1752 nec
929 1697 1213 1752 contraria
1247 1696 1519 1768 praecepit
1550 1712 1562 1751 :
1599 1695 1675 1750 ibi
1704 1694 1859 1750 enim
1890 1711 1992 1768 per

304 1787 580 1856 animam,
645 1786 923 1840 Gentilem
950 1785 1285 1857 signiﬁcavit
1324 1785 1458 1841 :hic
1512 1789 1704 1839 autem
1737 1800 1869 1839 eum
1895 1783 1995 1856 qui

305 1891 408 1947 per
435 1874 818 1946 ignorantiam
858 1874 1277 1945 transgreditur
1304 1874 1573 1929 mandata
1602 1873 1764 1944 legis.

395 1963 559 2033 (Avo.
599 1967 786 2032 quasi.
828 1966 860 2017 '7
901 1965 959 2019 in
991 1963 1182 2033 Leuit.)
1213 1962 1497 2027 Quaeritur
1543 1962 1834 2032 quomodo
1887 1960 1996 2015 dis-

305 2051 557 2107 cernitur
607 2051 717 2106 hoc
745 2050 1017 2105 delictum
1063 2050 1132 2104 ab
1180 2050 1261 2104 eis
1291 2066 1421 2122 quae
1462 2050 1809 2121 generaliter
1836 2065 1995 2104 com-

308 2141 508 2212 plexus
537 2144 641 2204 est,
698 2142 826 2202 etc.,
858 2154 1027 2208 usque
1068 2139 1145 2194 ad
1192 2140 1278 2195 vel
1308 2139 1499 2211 aliqua
1542 2138 1603 2194 in
1651 2138 1822 2194 sacris
1881 2154 1997 2191 ser-

308 2229 479 2285 vitiis.
1210 2300 1215 2307 ,

379 2316 541 2373 Vens.
604 2320 686 2374 18.
726 2346 794 2359 -
850 2317 1051 2388 O/feret
1094 2321 1339 2386 arietem,
1380 2322 1484 2373 etc.
1534 2317 1809 2389 Superius
1852 2332 1999 2387 prae-

306 2405 459 2477 cepit
504 2410 565 2461 ut
606 2406 889 2478 paenitens
928 2423 1157 2479 capram
1208 2406 1459 2470 oﬁ'erret,
1493 2406 1586 2461 hic
1616 2404 1855 2461 arietem
1891 2406 1999 2460 im-

310 2494 512 2550 molari
551 2494 737 2567 jubet,
795 2495 933 2568 quia
961 2495 1114 2552 nihil
1143 2496 1379 2568 prodest
1414 2495 1779 2567 asperitatem
1816 2494 2001 2566 poeni-

308 2585 502 2640 tentiae
554 2585 876 2653 immolare,
912 2585 1023 2641 nisi
1073 2585 1340 2642 statueris
1390 2585 1452 2641 in
1507 2585 1681 2643 Cbisti
1729 2584 1998 2640 immola-

310 2673 465 2729 tione
498 2674 727 2747 plenam
754 2674 1164 2731 conﬁdentiam
1195 2675 1433 2730 habere.

982 2807 1205 2863 CAPUT
1244 2808 1333 2862 Vl.

2099 453 2309 525 operis.
2362 451 2590 507 Cineres
2645 455 2799 505 extra
2828 453 3009 504 castra
3055 448 3252 503 efferet
3280 449 3489 514 Aaron,
3535 445 3633 518 qui
3666 449 3800 518 post

2098 559 2247 614 hanc
2296 558 2469 614 vitam
2539 558 2689 612 bona
2738 572 2914 627 opera
2960 571 3063 627 per
3121 553 3408 611 Christum
3457 552 3797 623 pontiﬁcem

2099 664 2373 720 magnum
2411 649 2525 702 Deo
2570 646 2723 701 Patri
2771 649 3134 717 praesentem.
3198 644 3265 699 Et
3316 643 3396 697 ibi
3442 642 3502 696 in
3540 642 3795 697 favillam

2096 737 2451 808 rediguntur,
2481 735 2618 790 dum
2649 734 2859 789 assistit
2898 733 3080 788 vultui
3113 732 3210 788 Dei
3240 747 3342 803 pro
3373 731 3557 786 nobis.
3601 732 3799 788 Castra

2098 825 2253 880 enim
2300 828 2438 881 sunt
2504 839 2754 895 praesens
2817 822 2950 887 vita,
3011 822 3071 875 in
3141 837 3256 893 qua
3313 834 3541 891 semper
3590 822 3797 872 contra

2098 912 2422 984 spirituales
2483 910 2768 983 nequitias
2844 925 3170 982 pugnamus
3236 907 3406 980 (Heb.
3482 906 3573 977 ιχ).
3625 907 3795 961 Juxta

2097 1000 2273 1055 altare
2321 1002 2638 1070 ponuntur,
2690 997 2829 1053 dum
2885 994 3303 1051 consummatio
3330 995 3616 1050 bonorum
3647 1008 3795 1064 ope-

2097 1103 2227 1143 rum
2265 1087 2325 1142 in
2355 1102 2485 1141 arca
2527 1085 2712 1140 cordis
2760 1085 3103 1139 reconditur.
3141 1084 3332 1138 Altare
3363 1082 3517 1138 enim
3574 1082 3637 1137 in
3688 1082 3798 1136 hoc

2096 1178 2220 1232 loco
2258 1192 2357 1231 cor
2405 1174 2709 1246 signiﬁcat.
2743 1175 2930 1231 Gloria
2950 1178 3138 1228 nostra
3167 1175 3276 1228 haec
3301 1178 3379 1228 est
3429 1173 3795 1227 testimonium

2099 1266 2451 1331 conscientia,
2490 1268 2597 1318 etc.
2631 1264 2790 1333 (Eph.
2824 1262 2962 1333 ult.)

2172 1354 2333 1409 Vens.
2371 1357 2453 1408 11.
2512 1382 2582 1392 --
2630 1352 2965 1421 Indutusque
3009 1352 3159 1415 aliis,
3222 1349 3429 1420 (Οιιιδ.)
3483 1349 3801 1404 Observan-

2100 1442 2236 1497 dum
2287 1442 2441 1514 quod
2488 1441 2614 1496 aliis
2660 1440 2987 1496 indumenti
3018 1439 3198 1494 utitur
3243 1436 3587 1492 sacerdosin
3624 1436 3801 1490 sacri-

2101 1532 2366 1588 ﬁciorum
2406 1528 2695 1602 mysterio,
2720 1533 2778 1584 et
2806 1530 2932 1583 aliis
2962 1527 3191 1599 quando
3226 1525 3486 1598 procedit
3514 1524 3583 1579 ad
3611 1540 3800 1595 popu-

2100 1621 2240 1675 lum.
2303 1619 2506 1674 Unde:
2582 1618 2920 1688 Sapientiam
2990 1618 3261 1686 loquimur
3334 1617 3477 1669 inter
3531 1615 3802 1684 perfectos

2103 1710 2179 1779 (II
2222 1710 2339 1765 Cor.
2393 1708 2449 1777 1).
2485 1708 2549 1762 Et
2590 1706 2775 1768 alibi:
2822 1706 2991 1776 longe
3038 1702 3298 1759 inferiori
3344 1702 3489 1758 stola
3541 1702 3801 1767 indutus,

2101 1798 2243 1852 nihil
2262 1796 2532 1866 judicavi,
2573 1795 2782 1866 inquit,
2808 1810 2891 1848 me
2926 1796 3065 1849 scire
3104 1795 3246 1847 inter
3289 1806 3401 1859 vos,
3437 1793 3548 1846 nisi
3603 1791 3805 1845 Jesum

2106 1887 2403 1952 Christum,
2429 1888 2479 1939 et
2509 1886 2650 1939 hunc
2678 1886 2997 1953 cruciﬁxum
3028 1882 3103 1952 (ll
3125 1883 3244 1939 Cor.
3278 1882 3346 1950 1).

2180 1974 2339 2028 Vsus.
2401 1976 2484 2028 l2.
2522 2001 2590 2013 —
2642 1974 2793 2041 Ignis
2844 1974 2923 2025 in.
2956 1971 3116 2042 (Auc.
3177 1974 3365 2040 quaest.
3406 1970 3471 2023 12
3516 1969 3574 2023 in
3604 1968 3801 2036 Leuit.)

2110 2063 2237 2118 Non
2284 2062 2404 2116 vult
2439 2061 2630 2131 ignem
2674 2076 2906 2131 prorsus
2957 2059 3263 2128 exstingui,
3311 2058 3408 2113 sed
3435 2073 3565 2111 cum
3621 2071 3805 2126 usque

2108 2166 2277 2205 mane
2324 2150 2530 2205 arserit
2578 2148 2993 2217 holocaustum,
3043 2147 3245 2201 ablatis
3292 2145 3530 2217 reliquis
3589 2144 3806 2199 iterum

2109 2239 2388 2305 renovati,
2421 2254 2535 2309 quo
2558 2237 2793 2293 ardeant
2810 2237 2923 2291 alia
2950 2252 3080 2307 quae
3102 2235 3493 2305 imponuntur.

2179 2329 2343 2395 Quem
2378 2327 2583 2382 nutriet
2628 2341 2797 2382 sacer.
2830 2326 3151 2393 Allegorice.
3185 2324 3344 2378 Mane
3392 2322 3686 2393 judicatus
3718 2326 3809 2376 est

2112 2418 2383 2483 Christus,
2442 2432 2674 2487 vespere
2724 2413 3048 2469 cruciﬁxus.
3110 2412 3262 2484 ignis
3323 2427 3461 2483 ergo
3530 2427 3697 2466 mane
3749 2413 3810 2464 et

2114 2521 2345 2577 vespere
2393 2503 2727 2573 subjicitur:
2757 2503 2857 2575 qui
2903 2502 3150 2557 cliaritas
3185 2501 3286 2557 Dei
3314 2501 3372 2556 in
3407 2500 3572 2556 nobis
3608 2499 3806 2555 nutri-

2114 2598 2227 2661 tur,
2264 2594 2399 2649 dum
2435 2593 2719 2649 Christum
2769 2607 2939 2646 mane
2973 2590 3313 2662 judicatum,
3353 2605 3586 2661 vespere
3616 2588 3812 2644 cruci-

2116 2685 2313 2750 ﬁxum,
2342 2682 2663 2737 recolimus.

2190 2773 2378 2842 (Gneo.
2439 2771 2535 2838 lib,
2588 2786 2696 2825 xxv
2744 2768 2963 2837 Moral.,
3010 2783 3135 2839 cap.
3190 2768 3265 2838 7.)
3320 2766 3513 2822 Altare
3556 2765 3654 2820 Dei
3709 2781 3814 2820 cor

2120 2866 2379 2915 nostrum
2435 2864 2538 2925 est,
2592 2862 2723 2925 etc.,
2780 2872 2949 2928 usque
2994 2855 3069 2911 ad
3114 2862 3177 2911 ut
3210 2872 3322 2927 quo
3352 2855 3536 2927 magis
3584 2853 3814 2909 videtur

383 2941 541 2998 Vens.
590 2945 639 3009 l,
672 2945 726 2997 2.
759 2970 828 2982 —
864 2943 1095 2997 Locutus
1146 2945 1243 3008 est,
1297 2946 1401 2997 etc.
1434 2941 1638 2997 Anima
1674 2956 1793 3012 quae
1820 2956 2005 3011 pecca-
2039 2954 2077 3010 ο
2120 2949 2288 3015 Deus,
2318 2948 2499 3019 magis
2528 2947 2823 3018 diligatur.

310 3031 468 3095 verit,
523 3035 627 3087 etc.
666 3030 867 3101 (Is1ca.)
910 3029 1065 3085 idem
1098 3033 1394 3101 peccatum
1442 3035 1529 3084 est
1583 3029 1735 3101 quod
1778 3028 1839 3084 in
1869 3046 2002 3084 san-

313 3123 421 3188 cta,
454 3123 583 3187 etc.,
615 3134 783 3184 usque
811 3118 887 3174 ad
910 3118 1095 3173 simile
1111 3123 1194 3174 est
1217 3118 1453 3190 rapinm.
1608 3186 1612 3190 ,

388 3207 567 3278 (Ome.
628 3208 769 3263 hom.
822 3207 855 3261 4
910 3210 967 3263 in
1013 3208 1206 3275 Leuit.)
1252 3210 1462 3262 Anima
1515 3221 1637 3280 quae
1680 3209 2001 3277 peccaverit,

316 3299 424 3350 etc.
460 3298 575 3367 Ego
610 3300 749 3366 puto
777 3296 930 3366 quod
962 3296 1213 3350 animam
1242 3302 1518 3363 nostram,
1543 3301 1673 3363 etc.,
1707 3311 1876 3366 usque
1897 3296 2003 3351 ad:

316 3384 481 3440 Nemo
510 3385 649 3439 enim
679 3386 852 3439 mittit
886 3386 1074 3439 vinum
1104 3399 1298 3439 novum
1334 3386 1393 3439 in
1427 3388 1573 3440 utres
1610 3388 1827 3439 veteres.

387 3472 523 3527 Rem
603 3473 899 3543 perditam,
974 3477 1078 3527 etc.
1139 3473 1340 3543 (Ome)
1418 3473 1579 3528 LXX:
1628 3472 2005 3543 perditionem.

321 3560 874 3617 Laboranthaeretici
904 3561 961 3616 in
984 3561 1287 3633 Scripturis
1316 3562 1699 3633 perditionem
1730 3561 2008 3628 invenire,

323 3649 475 3705 unde
522 3649 741 3720 possint
790 3666 1043 3705 errorem
1098 3656 1352 3705 astruere
1387 3666 1400 3705 :
1433 3651 1529 3705 sed
1571 3649 1718 3705 forte
1748 3651 2010 3705 ecclesia-

324 3738 461 3793 stica
496 3738 669 3793 verba
722 3738 1019 3794 audientes
1062 3738 1425 3809 resipiscunt,
1473 3742 1529 3793 et
1566 3739 1716 3811 quod
1776 3738 2011 3794 invene-

321 3832 475 3898 rant,
513 3826 893 3899 perditionem
926 3843 1047 3881 esse
1077 3826 1407 3898 intelligunt
1432 3832 1489 3882 et
1517 3827 1783 3896 reddunt,
1815 3826 1876 3882 id
1907 3834 2011 3895 est,

324 3915 542 3972 auctori
564 3932 665 3972 suo
696 3915 1011 3971 dimittunt.

393 4005 556 4060 Vens.
587 4009 639 4061 5.
671 4035 733 4045 —
781 4008 850 4062 Et
881 4007 1130 4075 quintam
1185 4008 1407 4076 insuper
1433 4010 1664 4076 partem,
1722 4009 1828 4060 etc.
1883 4004 2012 4060 Liu-

323 4109 517 4165 guam,
547 4093 760 4149 scilicet
779 4092 839 4148 in
858 4109 971 4164 qua
1001 4109 1149 4147 unus
1173 4092 1243 4147 de
1273 4092 1529 4164 quinque
1560 4091 1856 4147 sensibus:
1895 4092 2015 4147 haec

321 4182 577 4249 offertur,
609 4186 673 4236 ut
701 4181 771 4236 de
824 4186 1029 4235 caetero
1060 4197 1173 4235 non
1224 4186 1431 4252 peccet,
1491 4181 1627 4251 quia
1672 4196 1775 4251 per
1830 4180 2013 4252 ipsam

322 4270 776 4344 unumquodque
808 4268 1210 4340 praedictorum
1240 4268 1611 4324 commissum
1644 4274 1748 4323 est.

393 4358 601 4429 (Οιιιρ.)
677 4359 841 4414 LXX:
883 4373 1000 4412 non
1042 4359 1290 4426 quintam
1341 4363 1574 4427 partem,
1634 4356 1729 4411 sed
1771 4358 2013 4427 quintus,

324 4452 389 4502 ut
441 4446 530 4502 bis
568 4446 844 4518 quinque,
897 4451 1027 4513 etc.,
1076 4460 1245 4514 usque
1291 4446 1365 4501 ad
1421 4461 1601 4501 unum
1653 4447 1831 4501 Deum
1866 4446 2013 4501 refe-

321 4551 536 4592 ramus.

395 4626 557 4680 Vens.
615 4626 667 4680 8.
700 4653 770 4665 —
816 4625 1157 4692 Locutusque
1204 4627 1282 4677 est
1337 4624 1593 4678 Dominus
1654 4620 1729 4677 ad
1780 4622 2016 4692 Moysen,

323 4715 524 4770 dicens.
566 4711 775 4785 (Is1cn.)
806 4712 905 4768 Hic
950 4711 1019 4767 de
1061 4711 1191 4785 jugi
1245 4711 1521 4767 sacriﬁcio
1572 4712 1848 4783 loquitur,
1882 4716 2012 4774 etc.,

321 4819 491 4874 usque
515 4803 590 4860 ad
640 4808 697 4860 et
726 4807 903 4859 totam
939 4802 1111 4857 vitam
1142 4816 1304 4856 suam
1333 4800 1404 4856 ad
1432 4800 1840 4873 perfectionem
1870 4815 2017 4855 com-

321 4896 519 4965 ponaL

393 4982 560 5037 Vens.
625 4984 709 5038 10.
783 5009 855 5024 -—
918 4980 1122 5045 Lineis,
1194 4994 1312 5033 non
1373 4977 1574 5046 laneis,
1634 4977 1888 5034 tunicam
1960 4982 2016 5033 et

321 5069 616 5125 feminalia
662 5069 813 5124 linea
840 5070 963 5124 vult
1009 5083 1153 5135 esse,
1190 5083 1308 5122 non
1362 5067 1526 5122 lanea
1556 5067 1751 5135 (Exod.
1797 5067 2010 5137 χχχιιι).

319 5159 498 5216 Vestis
527 5163 683 5214 entm
715 5158 868 5214 linea
896 5156 1104 5213 habilis
1141 5160 1198 5211 et
1246 5155 1436 5211 mollis
1483 5162 1585 5225 est,
1628 5161 1685 5211 et
1714 5156 2013 5212 adhaerens

320 5246 581 5321 corpori;
654 5248 839 5315 lanea,
897 5251 1090 5303 autem
1138 5262 1358 5318 aspera,
1406 5245 1542 5317 quia
1593 5244 1811 5300 habiles
1861 5246 2010 5300 mul-

318 5342 557 5408 tumque
613 5334 965 5391 cohaerentes
1020 5338 1155 5390 sunt
1184 5334 1391 5389 animae
1422 5332 1638 5404 iustitia
1665 5338 1722 5388 et
1762 5335 2007 5390 castitas.

319 5427 491 5483 Linea
544 5440 777 5497 quoque
825 5423 997 5479 vestis
1060 5423 1224 5478 facile
1276 5426 1467 5493 potest
1530 5420 1749 5491 haberi,
1805 5419 1884 5475 sic
1954 5424 2011 5474 et

320 5518 570 5580 virtutes,
604 5514 652 5570 si
681 5513 810 5585 quis
841 5512 1085 5569 voluerit
1109 5529 1202 5566 eas
1234 5511 1551 5583 consequi“

2183 3040 2252 3093 Et
2282 3040 2527 3106 imposito
2569 3037 2873 3091 holocausta
2931 3034 3159 3104 desuper
3186 3033 3424 3089 adolebit
3467 3037 3573 3087 etc.
3619 3034 3808 3103 (Ana,

2113 3132 2301 3197 quaest.
2339 3129 2401 3181 l3
2440 3128 2499 3180 in
2538 3123 2746 3195 Leuit.)
2778 3123 3090 3178 Videndum
3133 3126 3216 3177 est
3244 3126 3438 3177 utrum
3470 3121 3660 3175 nullus
3690 3120 3818 3175 dies

2114 3214 2665 3287 prastermitteretur,
2718 3216 2848 3277 etc.,
2879 3226 3049 3281 usque
3099 3209 3173 3265 ad
3201 3210 3354 3282 quod
3387 3210 3597 3264 mirum
3640 3216 3728 3265 est
3758 3211 3809 3265 si

2113 3309 2344 3371 taceret,
2376 3317 2481 3357 nec
2510 3302 2846 3356 admoneret
2871 3300 3007 3354 talia
3036 3315 3272 3369 vespere
3311 3298 3524 3353 offerri.

2192 3393 2353 3447 Vens.
2414 3392 2494 3445 14η.
2538 3419 2607 3431 -
2655 3391 2778 3444 Hzc
2832 3394 2929 3444 est.
2972 3388 3201 3443 Videtur
3256 3387 3548 3458 legislator
3599 3388 3813 3442 iterare

2118 3479 2437 3550 quae-dixit,
2471 3479 2811 3533 memoriam
2845 3491 3128 3530 renovans
3173 3476 3510 3546 repetitione
3544 3475 3805 3530 mandati

2116 3574 2172 3623 et
2202 3567 2510 3622 ostendens
2558 3565 2863 3620 utilitatem
2904 3570 2961 3619 et
3001 3564 3393 3618 necessitatem
3427 3564 3590 3634 legis.
3624 3565 3816 3618 luter-

2118 3657 2282 3729 ponit
2318 3660 2509 3711 tamen
2561 3653 2777 3725 aliquid
2805 3654 2937 3708 novi
2960 3653 3019 3707 iu
3046 3669 3159 3724 quo
3190 3652 3522 3706 mandatum
3553 3667 3820 3707 necessa-

2119 3747 2271 3801 rium
2312 3748 2367 3799 et
2409 3742 2794 3799 inexcusabile
2852 3741 3063 3796 innuit.
3099 3741 3255 3795 Sicut
3283 3756 3419 3812 ergo
3448 3740 3517 3795 de
3547 3740 3820 3796 holocau-

2120 3833 2219 3886 stis
2264 3830 2542 3886 sacriﬁcia
2570 3829 2812 3897 iteravit,
2868 3829 3219 3900 permiscens
3265 3830 3348 3883 eis
3392 3828 3811 3895 assiduitatem,

2123 3924 2187 3975 ut
2218 3923 2302 3974 est
2336 3918 2477 3973 illud
2511 3936 2527 3972 :
2566 3919 2716 3988 Ignis
2766 3920 2826 3973 in
2870 3918 3039 3972 altari
3067 3932 3274 3986 semper
3316 3917 3510 3971 ardeat
3565 3922 3616 3971 et
3665 3933 3816 3973 nun-

2122 4024 2287 4079 quam
2344 4007 2563 4076 deﬁciat
2591 4023 2603 4061 :
2648 4007 2729 4061 sic
2762 4007 2820 4061 in
2853 4006 3129 4061 sacriﬁcio
3182 4006 3411 4073 similae,
3442 4005 3499 4060 id
3529 4010 3615 4061 est
3643 4007 3813 4061 theo-

2121 4097 2286 4166 logiae
2311 4095 2491 4165 addit,
2512 4095 2648 4167 quia
2678 4100 2907 4166 oportet
2934 4096 2996 4150 in
3050 4095 3170 4149 loco
3197 4099 3421 4149 tantum
3454 4098 3668 4163 sancto,
3698 4098 3758 4149 et
3785 4111 3820 4149 a

2127 4186 2378 4240 masculo
2399 4184 2641 4239 comedi.

2190 4276 2261 4330 Et
2301 4289 2500 4329 coram.
2567 4272 2893 4328 Secundum
2932 4271 3085 4343 quod
3137 4270 3394 4326 Christus
3447 4271 3812 4339 revelaverit,

2122 4363 2222 4435 qui
2241 4367 2327 4418 est
2354 4378 2553 4417 verum
2581 4362 2779 4417 altare.
2819 4362 2883 4415 In
2933 4360 3020 4416 his
3050 4376 3186 4432 ergo
3224 4360 3574 4431 theologiam
3605 4361 3817 4416 consti-

2119 4455 2350 4507 tuamus
2393 4465 2524 4522 quae
2560 4449 2725 4505 nobis
2764 4449 2999 4504 tradidit
3045 4449 3300 4504 Christus
3349 4447 3700 4516 incarnatus,
3752 4454 3819 4505 ut

2122 4540 2349 4595 Patrem
2390 4538 2450 4592 in
2480 4555 2569 4605 eo,
2604 4542 2661 4593 et
2699 4537 2889 4609 ipsum
2924 4537 2986 4591 in
3030 4539 3193 4591 Patre
3220 4535 3556 4608 cogitemus,
3590 4542 3649 4592 et
3680 4538 3820 4609 quia

2122 4628 2366 4698 Spiritus
2393 4632 2480 4683 est
2509 4627 2632 4682 Filii
2667 4631 2723 4681 et
2751 4642 2784 4681 a
2812 4627 2976 4681 Patre
3006 4624 3286 4696 procedit.

2195 4716 2351 4771 Vens.
2406 4718 2490 4771 16.
2546 4744 2615 4756 -
2655 4715 2969 4785 Reliquam,
3029 4719 3162 4781 etc.,
3218 4720 3284 4769 ut
3332 4729 3449 4767 non
3479 4728 3546 4769 ex
3600 4718 3721 4769 toto
3780 4733 3814 4770 a

2118 4801 2406 4873 theologia
2432 4818 2734 4870 cessemus,
2755 4801 2892 4873 quia
2912 4815 3138 4855 summa
3179 4799 3433 4855 scientiae
3460 4800 3521 4855 in
3540 4800 3810 4858 futurum

2121 4895 2511 4946 conversatur.

2191 4982 2256 5035 In
2309 4980 2440 5035 loco.
2476 4978 2731 5043 Ecclesia,
2773 4993 2902 5050 quin
2950 4983 3035 5033 est
3075 4977 3342 5033 introitus
3376 4981 3435 5039 et
3466 4977 3814 5034 vestibulum

2120 5068 2268 5135 coeli,
2300 5067 2364 5121 in
2411 5083 2478 5121 ea
2523 5071 2752 5137 oportet
2791 5066 2862 5121 de
2901 5066 3195 5121 divinitate
3248 5066 3426 5138 loqui,
3473 5066 3625 5121 unde
3666 5068 3813 5137 psal.

2118 5172 2296 5212 Lxxvu
2331 5171 2343 5211 :
2392 5157 2459 5212 In
2495 5156 2726 5210 ecclesiis
2775 5154 3063 5209 benedicite
3100 5156 3233 5223 Deo,
3293 5158 3377 5209 est
3424 5152 3668 5225 quisque
3701 5154 3816 5212 sibi

2119 5243 2428 5299 domestica
2474 5242 2731 5309 ecclesia,
2771 5243 2911 5298 dum
2939 5259 2973 5296 a
3013 5243 3249 5298 terrenis
3296 5242 3544 5313 negotiis
3586 5248 3811 5298 cessat:

2116 5334 2207 5389 hic
2237 5334 2346 5389 sibi
2374 5333 2444 5388 de
2478 5334 2589 5388 Deo
2619 5332 2779 5404 loqui
2807 5338 2865 5387 et
2895 5332 3240 5403 theologiam
3282 5347 3546 5387 exercere
3598 5337 3810 5403 potest.

2116 5423 2275 5479 Tales
2326 5425 2459 5478 sunt
2529 5420 2737 5494 quibus
2795 5437 2926 5492 pars
2981 5420 3242 5476 sacriﬁcii
3294 5421 3480 5485 datur,
3538 5421 3609 5475 de
3672 5423 3814 5487 Deo,
3848 5458 3873 5477 .

2117 5510 2351 5578 scilicet,
2383 5509 2647 5565 meditari
2670 5513 2725 5565 et
2755 5509 2934 5579 loqui.
