4064 6186
227 290 301 341 313

270 404 406 455 Vens.
452 404 526 455 l7.
593 402 746 457 Sicut
796 418 899 472 pro
948 412 1184 473 peccato.
1224 405 1420 462 Simile
1494 408 1687 464 innuit
1745 411 1927 468 hocA

224 488 518 544 sacriﬁcium
541 489 613 554 ei,
646 491 799 560 quod
829 497 885 545 et
919 509 1022 563 pro
1069 500 1298 564 peccato
1351 502 1405 550 et
1462 514 1566 569 pro
1623 499 1858 554 delicto:

222 595 366 633 sermo
389 577 534 632 enim
593 578 662 632 de
699 581 812 634 Deo
865 581 1113 637 maxime
1157 585 1227 638 ad
1278 586 1658 654 expiationem
1713 597 1769 643 et
1795 590 1864 644 ad

220 666 632 721 emundationem
663 668 870 724 anima
901 671 1164 736 habetur,
1189 675 1420 744 quando
1449 677 1572 730 oleo
1602 683 1660 731 et
1686 678 1863 744 thuri,

219 757 255 810 id
279 759 363 820 est,
388 755 756 826 eleemosyna
797 762 852 812 et
879 759 1140 825 orationi,
1176 763 1512 818 sacrilicium
1542 767 1698 821 verbi
1740 767 1859 833 Dei,

218 845 254 898 id
279 849 368 910 est,
397 844 717 915 theologia,
751 847 1195 919 conjunguntur.

264 933 402 986 Veiis.
438 935 518 987 l8.
553 962 615 973 —
676 935 866 990 Mares
921 941 1151 992 tantum.
1211 940 1336 994 Non
1381 941 1642 997 omnium
1687 946 1863 999 estde

215 1021 298 1074 Deo
319 1020 619 1090 disputare,
655 1024 753 1078 sed
786 1040 986 1079 eorum
1020 1027 1118 1096 qui
1141 1028 1286 1082 nihil
1338 1029 1675 1099 femineum,
1721 1033 1863 1088 nihil

213 1110 388 1164 ﬂuxum
427 1110 484 1164 in
515 1112 954 1184 cogitationibus
987 1117 1069 1170 vel
1107 1117 1376 1188 operibus
1423 1120 1650 1176 habent.
1707 1124 1864 1189 Legi-

213 1201 440 1255 timumac
486 1205 869 1270 sempiternum
923 1209 1019 1259 est.
1077 1207 1152 1259 De
1187 1209 1300 1261 Deo
1351 1209 1506 1263 enim
1571 1211 1862 1282 disputare

209 1301 509 1357 prasumere
530 1305 649 1344 non
679 1291 973 1358 debemus,
1011 1294 1149 1348 dum
1195 1311 1298 1365 per
1337 1298 1638 1354 saculares
1687 1301 1862 1370 phan-

209 1376 343 1429 tasias
363 1394 392 1430 a
428 1381 810 1436 masculorum
840 1382 1122 1452 dignitate
1175 1387 1545 1442 declinamus.

261 1464 418 1519 Omnis
455 1469 552 1535 qui
573 1471 829 1537 tetigerit.
865 1471 1073 1542 (lsrcn.)
1112 1474 1223 1527 Hoc
1274 1476 1340 1528 ad
1406 1477 1653 1532 litteram
1713 1483 1862 1533 stare

209 1567 294 1605 non
310 1558 482 1623 potest
513 1569 526 1607 :
559 1557 824 1629 nunquid
852 1560 1006 1613 enim
1037 1560 1084 1613 si
1141 1561 1396 1632 tetigerit
1443 1564 1732 1619 homicida
1767 1569 1866 1620 aut

208 1641 436 1709 profanus
464 1644 913 1701 sanctiﬁcabitur
938 1648 966 1702 ‘I
998 1650 1189 1703 nullus
1220 1651 1372 1705 enim
1397 1653 1698 1724 excipitur.
1751 1655 1861 1709 Sed

210 1729 440 1796 Christus,
473 1731 530 1786 in
551 1735 718 1804 cujus
751 1740 886 1806 typo
947 1737 1070 1792 hac
1120 1748 1536 1809 pracesserunt
1595 1743 1862 1797 immola-

208 1820 315 1870 tur:
346 1818 505 1888 hujus
572 1837 804 1876 carnem
833 1824 931 1895 qui
976 1827 1246 1897 tetigerit,
1291 1829 1349 1882 id
1401 1834 1503 1896 est,
1560 1830 1660 1902 qui
1707 1832 1863 1887 ﬁdeli

208 1905 339 1959 corde
366 1910 540 1962 totam
571 1925 732 1979 spem
763 1912 958 1967 salutis
991 1914 1048 1968 in
1096 1917 1359 1986 passione
1406 1921 1528 1988 ejus
1581 1928 1637 1975 et
1667 1939 1860 1976 resur-

207 1993 409 2046 rectione
440 1999 715 2066 posuerit,
749 2001 1020 2056 continuo
1052 2005 1512 2063 sanctiﬁcabitur.

261 2082 367 2153 (In)
397 2085 584 2140 Omnis
636 2090 750 2156 qui.
816 2090 1014 2145 Omnis
1074 2097 1544 2151 commemoratio
1592 2097 1692 2153 Dei
1741 2116 1866 2154 san-

206 2169 564 2226 ctiﬁcationem
597 2181 846 2243 prastat.
887 2178 1080 2233 Unde:
1111 2181 1500 2252 Sanctiﬁcatur
1545 2192 1723 2241 autem
1765 2203 1866 2256 per

203 2259 382 2313 verbum
409 2263 501 2315 Dei
526 2268 580 2316 et
611 2267 926 2320 orationem.
971 2260 1081 2323 Sed
1131 2286 1262 2324 cum
1320 2272 1477 2341 dicit,
1531 2280 1863 2347 tangentem

203 2347 517 2433 sanctiﬁcari,
554 2352 728 2422 plane
785 2356 1034 2411 ostendit
1062 2359 1196 2428 quia
1234 2358 1576 2432 disputando
1624 2367 1694 2419 de
1729 2367 1861 2433 Deo,

204 2431 244 2486 id
269 2440 358 2499 est,
389 2436 853 2509 theologizando,
885 2443 1095 2498 sufﬁcit
1116 2446 1280 2500 nobis
1320 2431 1542 2504 tantum
1597 2431 1862 2522 tangere:

205 2522 279 2590 qui
297 2525 435 2578 enim
467 2528 592 2581 vult
611 2528 878 2594 caleﬁeri,
915 2532 962 2585 si
1002 2549 1234 2589 manum
1282 2536 1338 2590 in
1396 2537 1590 2605 ignem
1623 2542 1863 2608 miserit,

205 2625 282 2678 pro
307 2613 664 2670 calefactione
694 2618 1048 2675 adustionem
1080 2624 1398 2680 sustinebit.

257 2699 358 2753 Haec
410 2707 485 2755 est
517 2703 740 2759 oblatio.
803 2707 994 2777 (Aura,
1027 2716 1215 2779 quasi.
1274 2715 1338 2767 14
1386 2717 1446 2768 in
1497 2716 1692 2787 Levii.)
1741 2719 1868 2773 Alia

205 2791 307 2839 sunt
327 2789 594 2844 sacriﬁcia
623 2809 752 2863 qua
780 2801 1245 2854 commemoravit
1294 2801 1355 2855 in
1403 2805 1597 2868 Exod.,
1657 2807 1867 2877 quibus

205 2888 284 2942 per
306 2882 510 2947 septem
539 2880 665 2934 dies
685 2883 1110 2939 sanctiﬁcantur
1139 2889 1477 2960 sacerdotes,
1520 2899 1582 2948 ut
1634 2894 1868 2966 fungan-

1895 1701 1932 1754 Β

1281 289 1539 346 GLOSSA
1579 293 1985 350 ORDINARIA.
2027 323 2094 334 —-
2138 296 2263 349 LIB.
2311 295 2538 350 LEVIT.

3575 300 3678 354 314

1961 428 2019 467 eo
2048 429 2115 467 ea:
2141 415 2272 482 filiis
2303 414 2419 483 ejus
2439 415 2606 481 faciet
2661 428 2742 467 ea.
2802 413 3055 469 Christus
3111 415 3267 468 enim
3318 430 3418 484 pro
3476 417 3663 474 Aaron

1973 506 2074 567 est,
2113 519 2225 556 non
2257 503 2315 556 in
2349 504 2472 556 loco
2503 503 2646 573 ejus,
2684 501 2818 574 quia
2863 502 3150 556 transtulit
3201 502 3260 556 in
3307 521 3366 557 se
3417 507 3673 560 sacerdo-

1973 592 2139 660 tium,
2169 597 2225 648 et
2253 593 2488 647 abstulit
2518 595 2723 647 Aaron.
2763 595 2847 646 Ea:
2871 594 3001 661 ﬁliis
3030 593 3166 661 ejus,
3215 592 3350 664 quia
3381 593 3450 648 de
3505 595 3672 650 Jacob

1973 697 2075 752 per
2105 681 2338 736 Mariam
2372 681 2666 736 descendit
2691 687 2748 735 et
2764 697 2828 734 ex
2869 681 3068 736 eadem
3097 682 3268 736 tribu.

2045 770 2153 835 Qui
2169 773 2338 840 patri.
2376 771 2529 825 Unus
2571 770 2847 824 Dominus
2875 771 3033 825 Jesus
3065 771 3338 835 Christus,
3363 787 3467 842 per
3497 789 3670 844 quem

1971 859 2165 913 omnia
2186 860 2365 928 (Rom.
2402 858 2498 928 XI).
2535 858 2810 913 Dominus
2831 859 2987 913 enim
3013 860 3207 928 gloria
3231 860 3532 915 cruciﬁxus
3563 866 3674 926 est,

1971 953 2029 1002 et
2058 948 2340 1002 incarnati
2401 947 2567 1001 Verbi
2616 947 2802 1018 passio
2853 953 2955 1012 est,
3015 965 3144 1018 qua
3209 948 3318 1003 fuit
3374 949 3434 1003 in
3502 966 3672 1005 carne

1973 1037 2218 1092 Christi:
2268 1038 2374 1102 Qui
2417 1040 2759 1105 semetipsum
2816 1041 2982 1092 totum
3055 1039 3381 1105 exinanivit,
3437 1040 3675 1104 formam

1968 1129 2113 1181 servi
2160 1128 2425 1194 accipiens
2484 1129 2534 1178 et
2591 1125 2836 1180 obediens
2893 1128 3042 1194 patri
3087 1141 3252 1193 usque
3293 1126 3368 1179 ad
3447 1133 3670 1182 nuirtem

1970 1217 2163 1269 crucis.

2041 1304 2198 1358 Vens.
2258 1305 2345 1356 23.
2376 1331 2449 1343 —
2490 1303 2652 1358 Omne
2707 1305 2862 1358 enim.
2895 1303 3260 1373 Quaecunque
3291 1303 3350 1356 in
3385 1302 3664 1358 sacriﬁcio

1970 1392 2339 1464 paciﬁcorum
2375 1391 2434 1446 in
2459 1392 2564 1444 hoc
2593 1393 3002 1462 quoquejubet
3032 1391 3172 1445 ﬁeri.

2040 1481 2146 1536 Nec
2223 1481 2532 1547 quisquam.
2588 1478 2752 1541 Quod
2835 1478 3150 1532 comeditur
3219 1476 3666 1532 comminuitur:

1971 1566 2308 1622 sacriﬁcium
2357 1565 2562 1621 Christi
2631 1566 2990 1633 comminuit,
3055 1567 3154 1638 qui
3230 1583 3334 1636 pro
3425 1566 3672 1637 peccatis

1972 1661 2261 1709 mortuum
2300 1653 2453 1719 dicit,
2486 1669 2616 1707 cum
2645 1658 2937 1723 peccatum
2992 1670 3106 1708 non
3141 1653 3356 1708 fecerit.

2042 1743 2246 1813 (01316.)
2278 1745 2383 1798 Nec
2439 1746 2728 1812 quisquam
2783 1744 3033 1797 comedet.
3080 1743 3429 1798 Sacriﬁcium
3461 1742 3520 1797 in
3563 1742 3673 1797 hoc

1971 1817 2095 1886 loco
2127 1831 2372 1886 Verbum
2401 1831 2589 1898 ipsum
2622 1832 3013 1902 accipiendum
3053 1838 3156 1897 est,
3192 1837 3248 1886 et
3297 1832 3575 1894 doctrina,
3599 1832 3670 1885 de

1973 1937 2087 1992 qua
2117 1921 2308 1975 nullus
2360 1921 2495 1988 edit,
2531 1921 2587 1974 id
2636 1927 2738 1987 est,
2789 1921 3039 1991 disputat
3085 1923 3170 1975 vel
3220 1925 3526 1988 retractat;
3570 1921 3670 1975 sed

1972 2009 2366 2065 holocaustum
2396 2015 2496 2064 est.
2529 2009 2820 2080 Quidquid
2860 2011 3014 2064 enim
3070 2010 3228 2080 dixit,
3265 2010 3542 2082 quidquid
3568 2015 3678 2064 sta-

1972 2100 2100 2168 tuit,
2131 2104 2344 2153 aterua
2373 2099 2792 2152 consecratione
2823 2099 3114 2168 perdurat.

2041 2187 2298 2245 Sacerdos
2329 2189 2442 2256 qui,
2469 2191 2573 2242 etc.
2635 2187 2798 2256 (AUG.
2853 2192 3040 2256 quaest.
3098 2190 3159 2242 l8
3210 2190 3269 2240 in
3308 2187 3502 2255 Leuit.)
3551 2186 3677 2241 Non

1973 2279 2125 2350 quod
2158 2278 2425 2348 imponit,
2457 2283 2587 2345 etc.,
2648 2292 2814 2345 usque
2849 2277 2923 2330 ad
2963 2279 3068 2330 hoc
3094 2282 3151 2330 et
3209 2277 3378 2331 modo
3428 2277 3677 2333 breviter

1971 2369 2402 2420 commemorat.

2045 2456 2429 2524 (Oare.homit.
2455 2457 2485 2508 5
2529 2456 2586 2508 in
2631 2455 2820 2515 Leuit.)
2854 2454 3125 2519 Quadam
3169 2454 3488 2510 hostiarum
3543 2461 3678 2512 sunt

1973 2545 2146 2599 solius
2181 2545 2298 2610 Dei,
2334 2550 2461 2611 etc.,
2495 2560 2664 2613 usque
2715 2545 2790 2599 ad
2841 2546 3046 2600 melius
3104 2545 3209 2601 ista
3263 2545 3384 2616 igni
3420 2562 3674 2601 reserva-

1977 2650 2125 2688 mus.

2047 2722 2316 2776 Vens.27.
2376 2750 2445 2761 —
2491 2720 2771 2791 Quidquid
2829 2725 3083 2791 tetigerit.
3144 2722 3409 2787 Quamvis
3465 2723 3676 2778 oblatio

1976 2809 2047 2863 sit
2095 2809 2346 2876 alterius,
2398 2808 2456 2862 id
2512 2815 2594 2864 est
2664 2811 3009 2880 panitentis,
3044 2811 3486 2865 sanctiticabitur
3543 2815 3598 2864 et
3630 2811 3678 2866 si

1976 2913 2090 2952 non
2118 2897 2406 2967 paniteat.
2466 2897 2742 2952 Similiter
2771 2899 2816 2952 si
2866 2900 3133 2969 parvulus
3187 2899 3505 2971 baptizatus
3553 2901 3672 2955 fue-

206 2968 276 3058 tn_r
299 2967 628 3024 sacerdotio.
683 2971 852 3025 Aliud
906 2979 991 3028 est
1047 2976 1199 3046 quod
1229 2987 1659 3050 commemorat,
1715 2986 1870 3054 quod
1909 2986 2068 3052 Crit,
2103 2985 2201 3056 qui
2229 3001 2332 3056 per
2352 3002 2410 3039 se
2468 2987 2726 3042 nondum
2773 2967 3043 3058 peccavit,
3092 2967 3402 3043 mund-atur
3453 2989 3524 3044 ab
3563 2989 3672 3044 ori-

206 3051 369 3108 oﬁerat
394 3072 656 3111 summus
684 3061 965 3130 sacerdos,
1006 3065 1235 3134 quando
1275 3069 1661 3138 constituitur,
1709 3051 1871 3128 idest

206 3143 395 3210 quando
422 3147 664 3217 ungitur
695 3164 708 3202 :
743 3150 892 3204 unde
921 3151 1114 3206 addit:
1148 3155 1210 3208 In
1233 3154 1321 3208 die
1341 3171 1451 3224 qua
1480 3164 1698 3214 una-erit
1728 3177 1864 3228 eum,

205 3244 293 3283 non
319 3247 426 3300 eos,
459 3250 593 3289 cum
621 3236 795 3291 etiam
823 3240 1100 3294 secundos
1128 3243 1450 3298 sacerdotes
1504 3249 1643 3318 ungi
1672 3251 1869 3319 praci-

205 3317 298 3384 piat
325 3340 338 3384 ;
366 3320 466 3376 hoc
499 3323 846 3379 sacriﬁcium
875 3333 959 3381 est
980 3329 1395 3399 sempiternum
1433 3350 1537 3403 per
1565 3317 1869 3392 successio-

207 3422 325 3476 nem,
355 3411 562 3468 scilicet
591 3415 971 3473 sacerdotum.
1025 3418 1124 3472 Vel
1170 3420 1305 3490 quia
1361 3425 1512 3494 quod
1561 3425 1750 3496 signat
1785 3433 1870 3482 est

208 3500 598 3568 sempiternum.

257 3577 374 3633 Hac
427 3587 524 3647 est,
588 3586 696 3636 etc.
757 3586 944 3638 Aaron
1000 3602 1164 3642 mons
1232 3589 1597 3659 fortitudinis,
1645 3595 1704 3649 id
1761 3601 1864 3665 est,

205 3662 416 3721 Christus
446 3686 458 3736 ;
482 3669 586 3724 ﬁlii
607 3671 732 3740 ejus
757 3689 956 3727 omnes
977 3674 1174 3730 ﬁdeles
1203 3693 1216 3743 ;
1241 3678 1362 3732 dies
1391 3682 1698 3750 unctionis,
1718 3662 1865 3740 tem;

204 3767 286 3820 pus
311 3754 727 3825 incarnationis,
781 3777 896 3832 quo
955 3770 1158 3819 unctus
1197 3772 1280 3820 est
1323 3768 1451 3823 oleo
1501 3772 1714 3828 latitia
1744 3791 1866 3846 pra

205 3846 533 3918 participibus
562 3850 702 3905 suis.

254 3934 404 4004 Ephi.
456 3938 670 3993 Christi
734 3940 1169 4000 humanitatem.
1236 3948 1377 4018 Ephi
1441 3951 1676 4021 quidem
1751 3959 1867 4010 tres

203 4021 388 4113 {modios
415 4027 649 4096 capiens
695 4027 980 4099 signiﬁcat
1021 4033 1376 4102 Trinitatem,
1407 4037 1453 4091 si
1502 4043 1696 4096 tamen
1731 4044 1865 4113 ephi

204 4105 389 4166 Domini
418 4130 549 4167 caro
569 4121 674 4183 est,
702 4121 763 4170 ut
790 4117 1214 4192 demonstretur
1242 4125 1551 4182 divinitatis
1606 4105 1862 4186 eminen-

201 4194 274 4262 tia,
301 4206 350 4253 et
379 4202 692 4258 Dominica
712 4206 898 4260 carnis
917 4222 1048 4263 cum
1065 4225 1130 4264 ea
1151 4210 1632 4286 inseparabilitas,
1664 4219 1866 4274 nihilo.

1980 3074 2178 3146 ginali.

2048 3163 2109 3218 Si
2131 3162 2196 3216 de
2219 3164 2504 3231 sanguine,
2535 3162 2593 3216 id
2652 3169 2755 3230 est,
2807 3164 2853 3218 si
2924 3165 3242 3220 substantia
3314 3167 3500 3220 carnis
3550 3182 3676 3237 pec-

1977 3251 2113 3304 catis
2158 3251 2330 3305 fuerit
2375 3253 2676 3306 maculata.
2739 3253 2936 3307 Unde:
2989 3256 3371 3309 Vestimentum
3450 3257 3671 3310 mistum

1976 3342 2240 3405 sanguine
2271 3344 2375 3394 erit
2402 3343 2461 3393 in
2487 3341 2844 3395 combustione
2893 3347 2943 3395 et
3007 3342 3157 3396 cibus
3210 3345 3354 3409 ignis
3411 3343 3556 3412 (Isa.
3599 3347 3673 3412 ix)

1977 3427 2293 3494 infernalis,
2344 3428 2558 3483 scilicet
2596 3430 2876 3485 lavabitur
2927 3433 3143 3487 inloco
3195 3441 3411 3497 sancto,
3470 3435 3528 3488 id
3587 3441 3674 3488 est

1976 3531 2137 3586 spem
2167 3516 2398 3572 habebit
2431 3517 2485 3572 in
2509 3517 2816 3589 baptismo,
2847 3520 2945 3591 qui
3002 3537 3118 3575 non
3158 3523 3345 3576 solum
3385 3523 3674 3593 praterita

1974 3606 2176 3672 abluit,
2212 3607 2310 3660 sed
2344 3607 2575 3661 instruit
2601 3613 2663 3661 ut
2695 3610 2762 3663 de
2790 3610 2995 3664 futuris
3026 3610 3303 3680 paenitere
3345 3611 3541 3680 possit.

2050 3693 2319 3748 Vens.27.
2386 3722 2457 3736 —-
2496 3697 2604 3750 Vas
2653 3702 2830 3752 autem
2853 3699 3055 3767 fictile,
3120 3704 3228 3754 etc.
3329 3699 3595 3753 Inﬁrmus
3655 3715 3666 3753 :

1975 3781 2205 3849 scilicet,
2233 3781 2545 3844 imbecillis,
2578 3785 2676 3854 qui
2721 3792 2950 3855 peracta
3003 3788 3338 3857 poenitentia
3403 3788 3678 3843 relabitur

1975 3872 2043 3925 ad
2063 3877 2309 3942 peccata,
2362 3873 2448 3926 his
2469 3873 2916 3942 confringendus
2948 3881 3031 3928 est
3059 3880 3273 3930 terrore
3313 3875 3540 3946 judicii.

2048 3961 2210 4014 Vens.
2243 3964 2337 4015 29.
2377 3961 2655 4015 —0mnis
2714 3964 3004 4028 masculus,
3065 3969 3167 4017 etc.
3218 3963 3490 4018 Sacerdos
3535 3965 3677 4018 inte—

1971 4064 2137 4119 grum
2164 4049 2504 4104 sacriﬁcium
2539 4049 2781 4104 oﬁ'erens
2798 4055 2854 4103 et
2885 4052 3208 4119 comedens,
3263 4051 3520 4106 Christus
3567 4057 3670 4119 est,

1971 4138 2070 4210 qui
2099 4142 2352 4192 nostram
2378 4137 2775 4208 paenitentiam
2831 4138 3016 4207 ollert,
3077 4145 3131 4193 et
3184 4140 3434 4194 comedit
3487 4155 3678 4211 pecca-

1973 4233 2163 4281 torum
2203 4228 2464 4281 salutem.
2503 4227 2711 4282 Carnes
2765 4233 2955 4282 autem
3011 4229 3293 4295 sacriﬁcii,
3336 4229 3472 4300 quia
3528 4229 3675 4299 perti

198 4285 351 4341 minus
373 4291 715 4386 sacriﬁcium
745 4301 1088 4365 perpetuum
1110 4305 1209 4354 est.
1243 4302 1363 4356 Una
1401 4304 1554 4359 enim
1577 4306 1863 4363 oblatione
1904 4304 1944 4358 ι)
1973 4321 2112 4370 nent
2135 4316 2206 4371 ad
2237 4317 2650 4386 paenitentiam,
2696 4317 2884 4371 omnis
2939 4319 3222 4372 masculus
3287 4318 3358 4372 de
3412 4317 3674 4372 sacerdo-

195 4381 571 4434 consummavit
603 4381 664 4434 in
695 4384 1106 4455 sempiternum
1136 4390 1551 4448 sanctiﬁcatos:
1612 4397 1764 4451 unde
1803 4402 1860 4452 et

194 4466 367 4521 salvan:
394 4472 449 4522 in
475 4477 798 4540 perpetuum
839 4478 1038 4541 potest.

246 4554 297 4608 In
337 4560 624 4628 sacri/icio.
685 4560 892 4632 (0316.)
949 4563 1060 4618 Lex
1115 4566 1290 4637 Moysi
1357 4569 1698 4626 sacriﬁcium
1773 4579 1859 4628 est

195 4646 476 4713 sacerdotis,
511 4654 646 4712 etc.,
679 4665 848 4719 usque
873 4651 947 4705 ad
978 4653 1037 4706 in
1069 4670 1181 4725 quo
1221 4656 1362 4711 nihil
1411 4657 1484 4713 sit
1533 4660 1854 4727 remissurn,

193 4730 302 4787 nihil
321 4735 676 4792 luxuriosum
703 4739 914 4806 (Matth.
947 4741 1080 4812 xvr).

242 4823 392 4880 Mane.
436 4827 598 4882 Mane
629 4829 803 4898 capit
859 4831 1044 4902 passio
1077 4832 1304 4888 Domini
1343 4851 1408 4890 ex
1439 4852 1552 4908 quo
1595 4837 1657 4893 in
1712 4841 1856 4896 atrio

193 4906 379 4982 Caipha
421 4917 606 4988 alapis
663 4935 840 4973 casus
899 4925 1006 4987 est,
1069 4927 1125 4976 et
1183 4939 1362 4996 usque
1414 4906 1484 4980 ad
1553 4943 1855 4999 vesperum

192 5003 425 5064 protelata
453 5011 560 5074 est,
594 5007 843 5062 tenebris
900 5010 1056 5065 enim
1110 5027 1238 5067 eam
1285 5013 1791 5088 interpolantibus,
1823 5037 1856 5074 a

194 5094 309 5178 sexta
331 5091 462 5148 hora
484 5111 668 5167 usque
690 5097 761 5151 ad
796 5098 997 5153 horam
1020 5116 1233 5156 nonam
1261 5101 1321 5156 in
1355 5119 1522 5159 mane
1543 5110 1600 5160 et
1621 5121 1854 5178 vespere

197 5173 435 5237 dividitur.

247 5267 492 5326 Vens.2l.
561 5274 778 5340 —Qua
836 5278 893 5330 in
950 5280 1246 5346 sartagine.
1301 5279 1518 5348 .(Gaec.
1587 5282 1726 5338 hom.
1789 5287 1851 5338 l2

195 5354 430 5430 inlisech.)
489 5362 725 5418 Nullum
765 5364 882 5418 Deo
943 5366 1055 5420 tale
1139 5368 1480 5425 sacriﬁcium
1550 5376 1654 5438 est,
1715 5377 1849 5439 etc.,

195 5455 316 5510 usque
340 5449 409 5502 ad
430 5450 830 5507 holocaustum
854 5453 966 5508 Deo
997 5455 1322 5525 deputatur.

243 5533 376 5591 Vns.
425 5541 511 5594 22.
549 5571 618 5582 —
649 5542 927 5598 Sacerdos.
979 5544 1133 5602 LXX:
1200 5547 1459 5602 Sacerdos
1499 5555 1688 5604 unctus
1746 5567 1848 5620 pro

1969 4406 2120 4460 tibus
2150 4407 2411 4474 comedit,
2437 4407 2614 4474 fortis,
2664 4408 2880 4462 scilicet
2909 4412 2964 4461 et
2997 4414 3279 4473 strenuus,
3298 4407 3390 4461 cui
3420 4406 3627 4461 dicitur
3660 4423 3671 4459 :

1973 4497 2220 4551 Virititer
2289 4513 2406 4565 age,
2463 4501 2514 4551 et
2573 4499 2905 4563 con/artetur
2966 4513 3056 4552 cor
3119 4502 3289 4564 tuum,
3359 4501 3410 4552 et
3460 4497 3666 4552 sustine

1967 4587 2255 4640 Dominum
2286 4585 2453 4656 (Psal.
2493 4585 2663 4656 xxvr).

2037 4675 2195 4728 Vens.
2239 4676 2324 4730 30.
2377 4704 2445 4716 —
2497 4676 2616 4732 Non
2671 4673 2992 4740 comedetur,
3041 4679 3142 4728 etc.
3193 4673 3337 4738 Quia
3386 4672 3458 4728 ad
3507 4672 3668 4728 Chri-

1965 4763 2396 4833 stumpertinet,
2448 4763 2548 4834 qui
2607 4762 2842 4834 propria
2893 4763 3250 4826 auctoritate,
3309 4767 3368 4817 et
3440 4763 3674 4834 propria

1965 4850 2276 4906 divinitatis
2323 4852 2528 4906 virtute
2595 4851 2992 4907 remissionem
3049 4851 3270 4906 tribuit.
3341 4852 3470 4922 Ejus
3514 4851 3668 4905 enim

1964 4939 2172 5009 passio.
2204 4957 2307 5010 per
2360 4957 2535 5012 quam
2587 4940 2752 4994 nobis
2806 4944 3148 5010 procuratur
3210 4939 3495 5006 remissio,
3553 4955 3670 4994 non

1962 5028 2068 5082 fuit
2093 5028 2343 5085 hominis
2400 5028 2550 5099 puri,
2607 5028 2703 5082 sed
2773 5027 3075 5082 incarnati.
3125 5028 3256 5082 Ideo
3316 5043 3434 5083 non
3481 5029 3676 5084 editur

1962 5117 2032 5171 ab
2065 5117 2414 5186 hominibus,
2438 5118 2534 5172 sed
2561 5117 2691 5188 igne
2713 5118 3088 5185 consumitur,
3113 5117 3249 5190 quia
3272 5118 3670 5174 remissionem

1963 5214 2096 5268 dare
2130 5214 2226 5268 Dei
2251 5213 2429 5268 solius
2461 5219 2564 5278 est,
2599 5214 2695 5283 qui
2727 5229 2831 5284 per
2870 5214 3061 5285 ignem
3121 5215 3493 5285 signiﬁcatur,
3533 5220 3672 5272 Deus

1959 5307 2099 5358 enim
2125 5309 2302 5358 noster
2330 5305 2478 5370 ignis
2506 5318 2812 5358 consumens
2843 5308 2920 5358 est
2946 5305 3132 5374 (Deut.
3174 5305 3274 5377 iv).
