4064 6186
268 293 368 345 315

968 445 1194 503 CAPUT
1233 447 1345 502 VII.

339 588 497 644 Vsus.
532 592 577 644 l.
637 619 704 632 —
763 591 1010 645 Delictos.
1068 589 1280 661 (Ιειειι.)
1325 591 1603 646 Delictum
1655 591 1966 664 aliquando

263 673 416 745 dicit,
447 681 577 744 etc.,
610 694 780 749 usque
815 679 890 734 ad
918 678 1134 734 oblatio
1165 683 1357 735 autem
1387 695 1593 736 renum
1623 684 1680 736 et
1709 681 1965 754 pinnulae

265 766 447 837 epatis
477 770 532 821 et
558 768 840 823 femorum
868 769 1241 824 sanctimonia
1271 774 1373 824 est.

337 854 515 924 (Ome.
565 861 753 925 quaist.
824 859 945 911 5in
1002 855 1199 928 Leuit.)
1266 857 1511 922 Quidam
1592 859 1790 916 dicunt
1845 876 1966 916 esse

265 945 535 1001 delictum
567 961 696 1000 cum
726 961 840 1000 non
861 945 1102 1000 iacimus
1118 946 1270 1017 quod
1322 947 1596 1003 debemus
1627 965 1640 1004 :
1673 955 1966 1021 peccatum

263 1051 400 1090 vero
432 1050 560 1088 cum
594 1049 710 1088 non
743 1034 986 1089 facimus
1017 1035 1172 1108 quod
1205 1051 1321 1090 non
1355 1036 1649 1105 debemus,
1705 1039 1802 1095 sed
1846 1055 1965 1095 non

267 1124 475 1194 ubique
500 1124 605 1178 hoc
634 1123 988 1181 observatur.

338 1214 498 1268 Vens.
535 1215 588 1266 2.
631 1242 700 1253 —
729 1213 966 1282 Sanguis
999 1213 1136 1282 ejus,
1193 1217 1299 1268 etc.
1341 1213 1549 1285 (lsica.)
1601 1215 1966 1288 Quaecunque

265 1298 490 1356 iiuntin
521 1299 800 1355 sacriﬁcio
836 1299 1225 1370 paciﬁcorum,
1276 1300 1332 1355 in
1363 1301 1473 1356 hoc
1527 1317 1757 1374 quoque
1803 1302 1968 1374 jubet

264 1388 409 1444 ﬁeri.

339 1477 496 1532 Vsus.
526 1481 582 1532 7.
615 1506 687 1520 -
717 1478 872 1533 Sicut
903 1483 1257 1548 prope-cauto,
1298 1482 1404 1533 etc.
1440 1477 1625 1550 (Ama,
1681 1485 1870 1549 quaest.
1895 1482 1965 1537 20

266 1569 325 1620 in
349 1565 544 1637 Leuit.)
583 1567 882 1621 Peccatum
937 1572 1020 1622 est
1071 1566 1420 1639 pcrpetratio
1479 1567 1635 1636 mali,
1693 1569 1963 1625 delictum

265 1654 514 1710 desertio
544 1655 702 1709 boni.
736 1655 891 1709 Sicut
919 1655 1071 1710 enim
1093 1656 1244 1711 aliud
1275 1662 1364 1711 est
1401 1656 1685 1712 declinare
1714 1674 1748 1712 a
1789 1660 1962 1727 malo,

265 1743 540 1814 aliudque
563 1743 747 1798 facere
786 1744 1025 1812 bonum,
1057 1744 1134 1799 ita
1163 1748 1220 1799 et
1243 1745 1399 1801 aliud
1425 1745 1708 1800 abstinere
1729 1763 1763 1801 a
1789 1747 1962 1817 bono,

266 1836 322 1886 et
349 1832 503 1886 aliud
537 1832 718 1887 facere
768 1833 1005 1900 malum,
1066 1839 1124 1888 et
1173 1833 1328 1888 aliud
1375 1833 1646 1890 delictum
1676 1835 1784 1889 hoc
1831 1851 1965 1905 pec-

265 1924 453 1975 catum
484 1920 574 1976 sit.
609 1921 702 1974 Vel
735 1921 1003 1976 delictum
1056 1927 1141 1978 est
1170 1923 1323 1994 quod
1381 1922 1728 1994 ignoranter,
1763 1939 1964 1994 pecca-

264 2013 387 2064 tum
421 2009 574 2081 quod
604 2010 848 2066 scienter
888 2010 1282 2067 committitur.

337 2097 642 2166 (Onic.,ubi
676 2101 1071 2170 supra.)»Sicut
1098 2117 1198 2171 pro
1231 2106 1466 2172 peccato,
1527 2106 1634 2158 etc.
1692 2101 1967 2158 Similiter

260 2185 540 2256 jubentur
565 2187 760 2259 adipes
813 2188 1025 2259 arietis,
1065 2205 1233 2259 usque
1253 2190 1327 2244 ad
1375 2189 1434 2245 id
1481 2195 1587 2258 est,
1629 2191 1782 2262 quod
1813 2206 1847 2245 a
1875 2190 1966 2246 via

265 2276 480 2346 peccati
510 2282 869 2347 peccatorem
899 2282 1258 2334 convertunt.

337 2365 435 2419 Ad
453 2365 799 2433 sacerdotem,
832 2371 935 2422 etc.
966 2367 1274 2435 Christum,
1335 2366 1434 2440 qui
1481 2383 1585 2440 pro
1633 2367 1802 2424 nobis
1826 2384 1966 2439 pro-

266 2453 488 2526 pitiatio
517 2453 695 2508 factus
745 2459 848 2510 est.
919 2455 982 2510 In
1029 2456 1156 2526 ipso
1217 2471 1354 2527 ergo
1408 2472 1577 2511 omne
1625 2456 1964 2513 sacriﬁcium

266 2542 646 2612 ministratur,
677 2548 731 2597 et
761 2543 972 2614 agitur,
1002 2549 1060 2598 et
1114 2545 1268 2615 quod
1299 2561 1367 2599 ex
1394 2545 1731 2615 poenitentia
1765 2563 1961 2600 conse-

267 2631 485 2703 quitur,
526 2631 596 2686 ad
637 2648 769 2686 eum
801 2632 1062 2688 refertur.
1109 2633 1232 2704 Ipse
1253 2633 1426 2701 enim,
1478 2638 1543 2689 ut
1566 2650 1670 2689 nos
1700 2635 1958 2697 salvan-ct.

265 2721 421 2776 venit
447 2721 677 2777 dicens:
711 2723 830 2780 Non
869 2725 992 2777 veni
1027 2737 1216 2778 vocare
1251 2723 1450 2793 justas,
1517 2723 1612 2780 sed
1661 2729 1963 2795 peccatores

267 2812 483 2881 (Matth.
517 2812 612 2882 ιιι).

337 2898 647 2953 Holocausti
705 2901 1000 2956 victimam.
1050 2899 1212 2971 (lsrca
1242 2901 1257 2970 )
1286 2901 1408 2956 Non
1453 2899 1669 2956 bonum
1751 2900 1966 2957 scilicet

895 292 1290 348 WALAFltlDl
1331 294 1572 350 STRABI
1621 295 1820 351 FULD.
1864 295 2024 350 ΜΟΝ.
2065 295 2216 351 OPP.
2262 295 2436 350 PARS
2476 295 2517 350 1.
2563 325 2632 334 --
2669 295 3124 353 THEOLOGICA.

3683 303 3791 354 3l6

1994 413 2044 471 A
2081 419 2398 485 unguntur,
2432 415 2568 486 quia
2597 416 2783 488 majus
2821 422 2910 474 est
2965 417 3160 474 lumen
3185 424 3241 475 et
3293 420 3476 490 gratia
3513 423 3648 477 Novi
3681 425 3791 478 Te-

2073 503 2342 558 stamenti
2369 520 2543 576 quam
2574 506 2798 560 veteris.

2144 591 2463 663 Coctamque
2491 594 2748 658 similam,
2779 598 2830 650 et
2859 594 3155 666 collyridas
3183 596 3316 663 oleo,
3359 601 3466 652 etc.
3519 599 3791 655 Divinam

2073 675 2288 732 scilicet
2342 677 2711 750 sapientiam,
2763 695 2894 751 quae
2949 681 3215 753 coquitur
3266 683 3400 755 igne
3465 687 3787 742 charitatis.

2078 766 2218 821 Nam
2262 765 2520 821 Christus
2555 767 2656 822 Dei
2704 768 2982 839 sapientia
3021 775 3256 842 propter
3305 773 3546 829 nimiam
3596 776 3790 831 chari-

2073 855 2248 908 tatem
2270 869 2329 909 se
2361 853 2537 908 tradit
2564 855 2754 910 morti.

2146 942 2308 996 Vens.
2363 944 2447 998 14.
2489 973 2560 986 —
2628 943 2896 1013 Otreretur
2942 947 3186 1014 Domino,
3233 952 3284 1003 et
3319 951 3423 1004 erit
3464 952 3790 1022 sacerdotis,

2073 1035 2180 1086 etc.
2217 1031 2379 1086 LXX:
2412 1035 2484 1087 Et
2527 1032 2713 1101 oﬂ'eret
2741 1033 2807 1088 de
2851 1035 3099 1089 omnibus
3169 1038 3483 1094 muneribus
3503 1042 3620 1095 suis
3649 1042 3785 1095 lau-

2073 1119 2345 1175 dationem
2398 1123 2490 1175 Dei
2529 1121 2801 1177 sacerdoti
2849 1124 3210 1192 profundenti
3256 1131 3580 1195 sanguinem
3624 1131 3777 1184 salu-

2074 1209 2210 1263 taris
2263 1207 2353 1263 illi
2379 1211 2499 1264 erit.
2533 1211 2652 1266 Non
2711 1212 3094 1268 enimvolentis
3140 1229 3312 1284 neque
3366 1221 3653 1278 currentis.
3681 1218 3777 1273 sed

2071 1299 2171 1352 Dei
2214 1299 2516 1353 miserentis
2575 1302 2655 1354 est
2705 1301 2875 1368 (Rom.
2935 1313 3026 1367 ix).
3059 1303 3285 1358 Christo
3345 1310 3540 1360 autem
3611 1307 3786 1360 minio

2072 1385 2275 1440 stranti
2304 1390 2362 1441 et
2389 1385 2708 1457 perﬁcienti
2760 1388 3101 1444 sacriﬁcium
3148 1391 3425 1462 primitiae
3472 1395 3787 1450 offerendas

2073 1479 2226 1530 sunt.

2143 1563 2306 1618 Vsus.
2360 1565 2445 1618 l5.
2502 1593 2572 1606 —
2639 1565 2807 1635 Cujus
2845 1580 3030 1622 carnes
3080 1567 3266 1624 eadem
3309 1571 3654 1628 comedentur
3675 1573 3790 1636 die.

2073 1655 2180 1706 etc.
2203 1651 2400 1722 (Οιιιοη
2433 1652 2531 1707 ubi
2552 1654 2767 1725 supra.)
2796 1655 2957 1710 Alius
3001 1657 3211 1712 animae
3275 1659 3434 1713 cibus
3496 1666 3580 1715 est
3603 1661 3789 1728 lactis,

2073 1745 2202 1808 etc.,
2235 1755 2404 1810 usque
2441 1741 2516 1796 ad
2547 1757 2560 1796 :
2593 1743 2734 1810 Sint,
2766 1742 2974 1815 inquit,
3018 1761 3158 1800 nova
3216 1751 3267 1800 et
3341 1754 3540 1803 vetem.

2145 1830 2320 1897 Usque
2342 1843 2518 1884 mane.
2553 1831 2827 1884 Futurum
2859 1833 3154 1903 sarculum,
3177 1835 3277 1889 ubi
3299 1835 3407 1891 erit
3465 1853 3632 1892 verus
3663 1837 3792 1892 dies

2073 1915 2174 1987 qui
2201 1915 2355 1970 nocti
2385 1917 2557 1988 hujus
2616 1920 2809 1974 saeculi
2859 1921 3122 1987 succedit,
3195 1939 3311 1978 non
3367 1926 3499 1980 vult-
3533 1931 3789 1982 nostram

2073 2005 2246 2060 vitam
2275 2005 2666 2076 imperfectam
2716 2008 2966 2080 relinqui
3016 2025 3118 2081 per
3171 2028 3347 2083 quam
3397 2029 3502 2067 nos
3558 2019 3791 2085 oportet

2072 2093 2276 2148 salvari
2311 2110 2325 2149 :
2357 2094 2417 2149 in
2447 2095 2640 2150 futuro
2665 2096 2819 2151 enim
2843 2114 2955 2152 non
2987 2099 3177 2154 licebit
3221 2102 3464 2172 operari.

2144 2181 2302 2236 Vsus.
2333 2184 2416 2237 t9.
2457 2211 2528 2223 —
2557 2183 2619 2238 Si
2643 2188 2762 2239 voto
2781 2185 2866 2240 vel
2917 2192 3122 2255 sponte,
3162 2191 3269 2242 etc.
3328 2190 3510 2244 Omne
3566 2189 3785 2245 sacriﬁ—

2073 2269 2226 2324 cium
2281 2270 2671 2340 paciﬁcorum,
2740 2273 2826 2328 vel
2901 2275 3151 2329 salutare
3233 2283 3614 2347 spontaneum
3672 2282 3780 2341 est,

2074 2357 2226 2412 unde
2273 2357 2425 2414 inter
2473 2359 2625 2415 dona
2671 2362 2934 2433 superius
2978 2363 3229 2434 positum
3299 2369 3402 2420 est.
3479 2366 3585 2421 Sed
3653 2382 3788 2436 gra-

2073 2447 2287 2501 tiarum
2364 2447 2606 2502 actionis
2673 2452 2763 2505 vel
2820 2451 3008 2506 laudis
3092 2452 3459 2516 sacriﬁcium,
3519 2457 3785 2527 quamvis

2072 2536 2288 2607 species
2307 2537 2430 2607 ejus
2450 2537 2544 2604 sit,
2567 2538 2702 2610 quia
2727 2540 3064 2595 rationabile
3097 2545 3200 2608 est,
3243 2541 3628 2597 voluntarium
3663 2560 3782 2598 non

2071 2625 2279 2679 dicitur
2310 2640 2322 2679 :
2359 2624 2514 2696 quia,
2548 2642 2678 2680 cum
2709 2627 3016 2682 rationales
3066 2645 3285 2694 sumus,
3329 2630 3585 2686 debitum
3635 2648 3787 2704 quo-

2073 2713 2378 2769 dammodo
2411 2714 2764 2786 prmeipuum
2807 2716 3060 2772 Creatori
3109 2718 3383 2773 debemus
3440 2719 3784 2777 rationabile

2073 2802 2435 2857 sacriﬁcium.

2140 2891 2344 2946 Eadem
2373 2891 2646 2946 similiter.
2680 2891 2823 2956 Quia
2841 2892 3074 2964 quidam
3104 2899 3232 2965 post
3250 2895 3422 2966 hujus
3445 2895 3576 2951 vitae
3602 2896 3779 2953 tinem

267 2986 596 3052 ευιονίυιη,
625 2991 751 3054 etc.,
811 3003 980 3059 usque
1009 2989 1083 3044 ad
1103 2989 1264 3061 cujus
1307 2994 1570 3062 respectu
1627 2990 1962 3061 patientiam
1991 3000 2033 3056 ρ
2071 2978 2241 3034 aliam
2287 2979 2461 3034 talem
2504 2979 2946 3051 descripserunt,
3010 2982 3432 3038 introducentcs
3489 2985 3779 3056 quoddam

267 3075 544 3130 habemus
575 3076 631 3128 in
665 3076 1045 3147 passionibus.

339 3163 500 3218 Vens.
529 3167 580 3219 9.
613 3194 683 3206 -
739 3165 969 3221 Habebit
1020 3166 1238 3236 lpellem.
1290 3166 1782 3222 Circumstantiam
1825 3167 1963 3223 divi-

267 3250 501 3318 tiarum,
529 3238 675 3324 quas
703 3253 914 3308 debens
943 3253 1144 3310 offerre
1199 3271 1335 3310 vero
1393 3255 1694 3323 sacerdoti,
1740 3255 1838 3327 qui
1861 3272 1959 3310 vo-

267 3339 394 3394 lunt
431 3341 821 3396 holocaustum
871 3342 1018 3398 ﬁeri.
1075 3343 1286 3399 Satban
1331 3344 1758 3399 circumstantia
1818 3343 1959 3398 divi-

267 3425 480 3480 tiarum
518 3429 726 3497 pellem
749 3428 1087 3496 nominavit,
1121 3430 1346 3485 dicens:
1387 3432 1573 3486 Pellem
1603 3447 1701 3500 pro
1725 3431 1884 3501 pelle,
1911 3435 1962 3485 et

267 3517 590 3584 omniaquae
618 3516 776 3571 habet
803 3518 977 3583 homo,
1027 3517 1181 3572 dabit
1232 3533 1332 3588 pro
1385 3522 1571 3574 anima
1625 3534 1727 3573 sua
1763 3518 1960 3589 (Jobu)

269 3605 420 3658 llanc
449 3604 605 3659 dedit
631 3605 734 3660 Job
766 3609 828 3660 ut
862 3607 1091 3677 pellem,
1149 3607 1207 3663 id
1238 3613 1323 3662 est
1367 3607 1704 3678 patientiam
1760 3606 1962 3662 retine-

267 3697 374 3758 ret,
409 3708 537 3764 quaz
564 3693 728 3764 pellis
756 3694 963 3750 dicitur
981 3712 1047 3750 ex
1077 3713 1191 3768 qua
1217 3698 1361 3752 tiunt
1388 3697 1568 3751 multa
1605 3696 1788 3751 utilia.

337 3783 409 3836 Et
427 3781 701 3852 quidquid
736 3785 796 3838 in
817 3785 1101 3853 craticula,
1136 3791 1242 3841 etc.
1276 3785 1418 3851 Quia
1476 3786 1595 3840 haec
1656 3784 1962 3856 theologiua

269 3867 678 3926 incarnationis
725 3873 1001 3944 proxima,
1058 3879 1211 3943 sunt,
1282 3875 1596 3930 necessario
1674 3873 1958 3929 offerenti.

269 3959 574 4015 sacerdotis
596 3966 742 4026 sunt,
806 3961 862 4016 id
911 3967 996 4017 est
1051 3963 1258 4018 Christi
1305 3963 1444 4030 nati,
1526 3963 1698 4035 passi,
1769 3968 1825 4018 et
1863 3963 1962 4036 qui

269 4049 595 4105 resurrexit.

341 4139 505 4194 Vsus.
542 4143 625 4194 to.
675 4170 743 4181 —
793 4141 914 4196 Sive
941 4142 1049 4196 oleo
1091 4157 1396 4212 conspersa,
1436 4147 1542 4197 etc.
1577 4143 1754 4214 (Ome.
1805 4142 1950 4196 hom.

271 4230 301 4279 5
323 4229 380 4281 in
406 4226 614 4298 Leuit.)
645 4226 996 4282 Sacriﬁcium
1029 4229 1274 4284 salutare
1299 4230 1533 4300 jubelur
1581 4231 1707 4286 ﬁeri
1745 4230 1804 4285 in
1835 4229 1960 4284 oleo

269 4320 400 4381 etc.,
431 4294 697 4385 usquead
716 4315 861 4370 alter
885 4315 944 4370 in
965 4317 1272 4387 sartagine,
1300 4294 1528 4372 vtertius
1556 4317 1614 4372 in
1666 4319 1956 4374 craticula.
2000 4294 2043 4352 D

342 4403 546 4474 (lsicu.)
591 4404 974 4474 Conspersum
1011 4405 1135 4460 oleo
1201 4406 1541 4462 sacriﬁcium
1619 4407 1690 4462 de
1774 4407 1964 4462 simila

267 4493 425 4562 dicit,
457 4498 568 4547 etc.
587 4532 602 4563 ,
630 4508 799 4562 usque
824 4493 900 4547 ad
930 4491 1063 4548 ﬁliis
1091 4496 1277 4550 Aaron
1327 4495 1640 4566 deputavit.

342 4582 769 4639 Vens.l2.—Si
791 4597 896 4652 pro
951 4585 1260 4650 gratiarum
1283 4586 1490 4638 actione
1548 4585 1721 4652 fuerit
1740 4585 1956 4641 oblatio.

267 4669 350 4726 Ad
382 4669 632 4726 litteram
665 4686 768 4742 pro
806 4671 1120 4742 gratiarum
1172 4671 1393 4727 actione
1425 4671 1490 4727 ﬁt
1551 4673 1780 4740 oblatio,
1830 4689 1961 4729 cum

267 4759 396 4831 quis
419 4759 488 4814 de
544 4776 754 4832 magna
804 4760 1171 4815 tribulatione
1235 4760 1506 4816 liberatus
1558 4763 1770 4834 gratias
1821 4764 1960 4835 agit,

266 4848 412 4903 sicut
432 4848 646 4920 Moyses
719 4853 844 4922 post
895 4849 1201 4905 transitum
1285 4850 1458 4904 maris
1517 4850 1696 4907 Rubri
1765 4853 1958 4921 (Exod,

266 4936 377 5007 xv).
411 4937 636 5007 Mystice
678 4954 926 5010 quoque,
989 4938 1049 4992 in
1099 4939 1319 5010 majora
1368 4939 1610 4995 crimina
1651 4957 1767 4995 non
1813 4957 1963 4996 como

267 5024 508 5092 miserit,
545 5026 644 5081 Dei
688 5027 1068 5083 misericordia
1118 5027 1314 5083 laudes
1387 5029 1676 5100 persolvit,
1736 5030 1836 5101 qui
1903 5047 1962 5087 se

267 5113 589 5168 immunem
619 5115 689 5169 ab
727 5117 1027 5172 horrendis
1081 5117 1417 5172 criminibus
1461 5118 1782 5174 custodivit.

338 5203 420 5258 Et
449 5203 650 5272 lagana
667 5219 867 5272 azyma
886 5210 1050 5260 uncta
1075 5207 1203 5262 oleo.
1238 5208 1473 5270 Panem,
1492 5206 1702 5262 scilicet
1731 5212 1963 5262 tenuem

268 5294 328 5346 et
358 5292 556 5360 latum,
582 5291 680 5363 qui
698 5292 990 5348 scientiam
1015 5295 1429 5366 prophetarum
1461 5295 1761 5366 signiﬁcat.
1781 5295 1965 5360 Quan-

262 5383 389 5434 tum
422 5383 612 5433 autem
642 5378 812 5434 distat
863 5381 1012 5435 inter
1069 5382 1409 5437 soliditatem
1443 5383 1603 5454 panis
1661 5389 1717 5438 et
1757 5383 1961 5438 teneri-

267 5467 526 5522 tudinem
558 5467 769 5538 lagani,
826 5473 1048 5523 tantum
1095 5469 1246 5525 inter
1287 5471 1582 5525 scientiam
1641 5472 1845 5526 veteris
1911 5477 1967 5527 et

272 5555 775 5613 Novi'l‘estamenti
809 5573 1020 5628 ;panes
1051 5573 1186 5628 ergo
1205 5563 1550 5630 sparguntur
1592 5561 1740 5625 oleo,
1765 5561 1962 5631 lagana

2070 3067 2340 3123 saeculum
2382 3067 2537 3122 mille
2563 3085 2846 3124 annorum
2876 3071 2937 3125 in
2967 3087 3080 3142 quo
3110 3073 3423 3128 Jerusalem
3464 3074 3783 3130 aediﬁcatur

2069 3162 2128 3212 et
2157 3157 2436 3228 templum
2467 3158 2611 3228 ejus,
2656 3162 2713 3213 et
2755 3165 2948 3214 sancta
2995 3164 3320 3216 sanctorum
3369 3163 3782 3217 restaurabun-

2069 3251 2182 3308 tur,
2212 3251 2270 3299 et
2301 3245 2576 3301 sacrificia
2622 3247 2956 3304 offerantur.
3016 3250 3123 3305 Sed
3173 3251 3219 3304 si
3248 3250 3392 3322 fquis
3421 3251 3528 3306 hoc
3575 3253 3778 3319 credit,

2069 3338 2125 3388 et
2153 3333 2576 3405 quodammodo
2622 3337 2682 3392 in
2742 3342 2935 3393 mente
3001 3339 3265 3403 comedit,
3325 3357 3560 3411 sperans
3619 3357 3678 3396 se
3709 3358 3780 3397 eo

2069 3427 2329 3493 tempore
2350 3430 2664 3491 comedere,
2697 3427 2852 3498 quod
2883 3432 2969 3482 est
2997 3427 3367 3498 impossibile,
3415 3429 3628 3483 oblatio
3653 3430 3782 3500 ejus

2071 3527 2187 3565 non
2219 3510 2545 3582 suscipitur,
2570 3515 2706 3585 quia
2734 3517 2975 3584 polluta,
3010 3521 3307 3587 peccatum
3362 3533 3592 3589 quoque
3634 3535 3781 3574 con-

2069 3600 2266 3668 trahit,
2309 3601 2462 3656 unde
2509 3603 2620 3658 ait:
2671 3605 3006 3675 Quaecunque
3067 3609 3256 3661 anima
3328 3607 3430 3661 tali
3494 3622 3551 3663 se
3597 3607 3781 3664 edulio

2069 3690 2534 3757 contaminaverit,
2567 3696 2674 3746 etc.

2141 3777 2246 3836 Sed
2274 3786 2325 3836 et
2351 3781 2403 3835 si
2432 3779 2585 3850 quid,
2613 3785 2720 3835 etc.
2745 3780 2956 3851 (Οιιιρη
3020 3781 3118 3836 ubi
3162 3780 3376 3854 supra.)
3433 3784 3584 3839 Duos
3633 3783 3776 3839 dies.

2070 3871 2278 3942 quibus
2307 3871 2436 3926 licet
2464 3869 2612 3924 vesci
2674 3869 2938 3924 carnibus
2983 3870 3264 3933 sacriﬁcii,
3323 3876 3451 3938 etc.,
3506 3887 3677 3942 usque
3704 3875 3784 3928 ad

2072 3976 2184 4014 non
2207 3976 2345 4031 ergo
2377 3973 2662 4013 assumam
2684 3958 2848 4012 nobis
2895 3965 3232 4014 cunctorum
3283 3959 3600 4016 scientiam.

2141 4051 2303 4106 Vsus.
2342 4053 2423 4104 t7.
2455 4077 2527 4090 —
2576 4050 2787 4103 Tertius
2837 4052 3102 4104 invenerit
3183 4050 3318 4104 dies.
3359 4050 3631 4105 Futurum
3665 4067 3777 4106 sieo

2068 4140 2260 4195 culum
2291 4139 2351 4194 in
2395 4155 2509 4210 quo
2555 4136 2837 4208 generalis
2893 4138 3256 4201 resurrectio,
3323 4155 3498 4210 quam
3563 4139 3776 4195 Christi

2071 4227 2406 4283 resurrectio
2440 4227 2798 4298 signiﬁcavit.
2833 4227 2994 4282 Mane
3030 4226 3177 4280 facto
3229 4225 3384 4282 tertii
3442 4227 3578 4294 diei,
3637 4231 3781 4284 tunc

2070 4316 2226 4389 quod
2254 4315 2544 4388 reliquum
2607 4319 2690 4369 est
2745 4315 2880 4381 igne
2944 4321 3354 4370 consumetur:
3388 4317 3776 4388 quodcunque

2072 4405 2226 4460 enim
2257 4405 2504 4459 salutare
2535 4403 2934 4475 imperfectum
2963 4405 3389 4476 reliquerimus,
3424 4410 3523 4460 aut
3552 4406 3772 4460 malum

2071 4491 2392 4555 fecerimus,
2425 4494 2697 4562 tauquam
2724 4489 2899 4562 ligna,
2943 4491 3162 4557 fenum,
3224 4496 3323 4546 aut
3373 4491 3602 4563 stipula,
3638 4491 3774 4560 igne

2071 4585 2480 4634 consumetur:
2543 4595 2646 4634 nos
2702 4584 2893 4634 autem
2951 4579 3361 4635 detrimentum
3414 4579 3704 4652 patiemur
3729 4579 3775 4648 (ι

2073 4669 2190 4723 Cor.
2218 4668 2320 4737 ιιι).

2144 4757 2313 4811 Vens.
2347 4759 2426 4811 t9.
2449 4785 2514 4796 —
2546 4755 2686 4812 Caro
2707 4772 2844 4825 quae,
2869 4760 2981 4812 etc.
3037 4755 3243 4827 (Ome,
3300 4757 3439 4810 hom.
3504 4760 3534 4810 5
3592 4757 3651 4810 in
3680 4758 3784 4811 Le-

2070 4846 2195 4916 rit.)
2229 4847 2438 4900 Carnes
2469 4849 2678 4900 sanctae
2709 4845 2900 4900 divina
2946 4845 3116 4898 verba
3163 4844 3584 4917 intelliguntur,
3607 4859 3782 4914 usque

2071 4940 2146 4995 ad
2171 4945 2228 4994 et
2265 4941 2451 4994 aliena
2479 4940 2848 4995 immunditia
2895 4941 3145 5010 pollutus
3171 4945 3274 4996 est.

2146 5030 2299 5083 Vsus.
2333 5031 2418 5082 2|.
2451 5058 2521 5069 —
2558 5030 2653 5085 Vel
2669 5030 2924 5099 jumenti.
2957 5030 3225 5084 Iumenta
3295 5029 3596 5084 immunda
3645 5033 3783 5084 sunt

2072 5116 2172 5187 qui
2222 5115 2538 5170 immundis
2579 5121 2638 5172 et
2687 5117 2931 5172 terrenis
2989 5117 3306 5172 actionibus
3365 5118 3569 5172 intenti
3621 5122 3779 5184 sunt,

2075 5205 2224 5259 unde
2259 5204 2631 5260 fornicatores
2660 5207 2786 5275 equi
2808 5207 3081 5261 emissarii
3123 5206 3256 5260 dicti
3285 5211 3436 5260 sunt.

2149 5295 2306 5349 Vens.
2335 5297 2425 5349 23.
2461 5323 2522 5335 —
2553 5293 2793 5365 Adipem
2843 5298 2977 5359 ovis,
3044 5300 3151 5350 etc.
3214 5294 3362 5348 ldest
3413 5310 3518 5348 nec
3587 5293 3776 5361 fortis,

2075 5399 2179 5437 nec
2221 5383 2560 5451 innocentis,
2600 5399 2703 5438 nec
2760 5384 3110 5455 paenitentis,
3177 5383 3329 5437 bona
3385 5382 3627 5438 intentio
3689 5385 3779 5438 vel

2073 5472 2418 5528 desiderium
2474 5472 2701 5528 sinistra
2791 5471 3263 5543 interpretatione
3346 5471 3776 5542 depravandum

2077 5567 2349 5634 tanquam
2372 5561 2833 5633 perhypocrisim
2859 5561 2931 5618 sit
2957 5562 3190 5625 factum,
3215 5576 3319 5614 nec
3343 5561 3473 5632 quis
3502 5560 3778 5616 velitme-
