4064 6186
232 289 319 339 ill?
1342 282 1592 339 GLOSSA
1630 281 2035 338 OI‘tDINARIA.
2077 310 2146 319 ——-
2186 281 2313 336 LIB.
2358 280 2583 337 LEVIT.

3616 282 3720 334 3I8

232 406 386 458 ritum
462 402 691 458 alterius
766 402 1167 471 exterminare,
1228 406 1285 459 et
1333 403 1499 476 quasi
1544 402 1897 459 comedendo
1940 408 1982 460 Α
2010 400 2079 456 de
2110 401 2244 458 ﬁliis
2270 403 2461 457 Aaron
2487 401 2750 458 sacerdos
2780 400 2991 456 scilicet
3013 399 3327 472 singularis
3355 403 3414 455 et
3444 400 3505 456 in
3522 403 3710 456 omni-

230 492 574 547 imminuere.

288 583 468 649 (Auc.,
501 585 687 650 quaest.
735 584 796 635 2t
853 584 911 635 in
958 582 1124 635 Levit.
1176 585 1313 635 tom.
1371 581 1491 651 III.)
1539 580 1690 635 Dixit
1738 596 1902 650 supe-

230 669 349 732 rius,
382 674 512 734 etc.,
544 683 711 737 usque
730 668 806 722 ad
830 668 937 722 sibi
966 669 1263 737 elegerunt
1289 675 1533 723 mortem
1564 669 1801 739 peccati.

291 759 441 811 Vens.
470 760 558 812 2t.
593 787 660 797 —
692 760 757 814 In
788 760 970 812 varios
1017 772 1166 811 usus.
1215 758 1338 811 Non
1387 758 1572 812 solum
1619 758 1903 812 bonorum

230 846 492 901 imitando
522 862 712 918 opera,
758 846 855 900 sed
887 847 1059 900 etiam
1089 846 1373 901 malorum
1405 847 1568 901 nobis
1606 847 1667 901 in
1714 862 1904 901 exem-

230 937 371 1006 ptum
402 935 702 990 trahendo.
747 934 1013 1005 Legimus
1043 934 1198 989 enim
1243 935 1527 990 Ilerodem
1568 936 1771 990 natalis
1818 935 1905 990 sui

228 1024 367 1078 diem
400 1023 733 1091 celebrasse,
784 1029 839 1078 et
881 1024 1078 1095 epulas
1128 1024 1405 1095 sanguine
1449 1024 1689 1080 fmdasse
1740 1026 1906 1094 (Mat-

228 1116 295 1167 th.
326 1114 436 1181 xiv)
474 1129 486 1166 :
521 1113 630 1167 tale
660 1112 1007 1168 desiderium
1050 1112 1112 1166 in
1165 1128 1333 1166 usum
1378 1112 1656 1167 habemus
1694 1118 1761 1167 ut
1808 1129 1907 1167 ca-

231 1216 468 1267 veamus,
502 1201 598 1255 sed
637 1201 953 1255 econtrario
1000 1201 1179 1255 nostri
1227 1201 1432 1256 natalis
1481 1201 1633 1256 diem
1686 1217 1801 1273 quo
1849 1202 1908 1255 in

230 1289 477 1360 paradiso
532 1290 767 1355 fuimus,
822 1306 952 1344 cum
1007 1289 1164 1344 luctu
1207 1294 1263 1344 et
1308 1290 1618 1345 afﬂictione
1681 1306 1905 1345 memo-

230 1394 423 1431 remus.
458 1376 779 1432 Pbari<aeus
808 1378 1144 1448 superbiens
1173 1379 1253 1433 ait
1292 1395 1306 1433 :
1358 1381 1585 1434 Gratias
1633 1395 1735 1447 ago
1786 1380 1906 1445 tibi,

230 1469 348 1535 quia
374 1481 481 1521 non
509 1482 627 1521 sum
666 1469 805 1522 sicut
851 1469 1028 1522 czeteri
1074 1468 1333 1539 homines,
1386 1474 1493 1523 etc.
1544 1468 1670 1540 (Luc
1729 1468 1908 1538 δικ-ιιι.)

231 1554 328 1607 Nos
357 1553 675 1608 econtrario
726 1554 981 1608 dicamus
1020 1570 1034 1609 :
1076 1557 1236 1625 Deus,
1288 1559 1539 1611 miserere
1595 1558 1716 1621 mei,
1778 1558 1910 1626 quia

229 1658 321 1695 non
372 1656 492 1695 sum
536 1644 734 1697 similis
774 1646 943 1698 servis
983 1646 1111 1699 tuis.
1159 1646 1259 1715 qui
1307 1645 1625 1717 angelicam
1692 1645 1910 1699 ducunt

230 1732 383 1784 vitam
420 1731 480 1784 in
512 1730 701 1785 terris.

292 1820 456 1874 Vsus.
516 1822 608 1874 25.
669 1821 732 1876 Si
785 1823 908 1891 quis
972 1819 1213 1891 adipem,
1268 1826 1373 1875 etc.
1435 1822 1640 1893 (Omc.)
1691 1822 1913 1887 Quasi:

233 1925 385 1963 nemo
411 1908 760 1963 scandalizet
788 1925 969 1963 unum
1000 1925 1064 1963 ex
1110 1910 1198 1964 bis
1244 1910 1518 1978 minimis,
1569 1912 1669 1983 qui
1714 1911 1773 1966 in
1822 1926 1914 1966 mc

233 1997 476 2062 credunt,
510 2001 619 2051 etc.
656 1997 899 2069 Sanguis
938 1998 1160 2052 comedi
1209 1999 1570 2068 prohibetur,
1621 2001 1803 2070 quasi,
1852 2016 1917 2054 ne

233 2085 463 2151 glorieris
488 2084 753 2139 adversus
784 2086 990 2151 fractos
1038 2102 1237 2153 ramos,
1292 2104 1357 2143 ne
1414 2093 1471 2141 tu
1524 2089 1814 2156 cmcidaris,
1867 2094 1915 2142 et

234 2174 323 2237 illi,
350 2187 397 2226 si
446 2188 557 2227 non
599 2176 996 2242 permanserint
1028 2176 1087 2228 in
1141 2176 1543 2244 incredulitate,
1600 2179 1918 2232 inserantur

235 2262 385 2328 (Rom.
417 2262 518 2331 ιι).
578 2261 822 2331 Sanguis
867 2267 1059 2317 autem
1106 2264 1434 2319 Judaaorum
1478 2266 1725 2336 populus
1766 2270 1917 2320 recte

234 2350 565 2421 intelligitur
590 2367 603 2404 :
638 2365 755 2405 non
785 2350 938 2407 enim
968 2367 1031 2406 ex
1061 2352 1173 2406 ﬁde
1205 2368 1391 2425 neque
1422 2369 1486 2407 ex
1517 2354 1719 2425 spiritu
1746 2356 1912 2410 Abra-

236 2438 334 2507 hae,
364 2440 456 2494 sed
488 2442 717 2494 tantum
748 2439 817 2494 de
850 2442 1125 2512 sanguine
1148 2442 1268 2512 ejus
1299 2442 1605 2498 descendit.

296 2529 450 2582 Vens.
484 2531 579 2583 29.
621 2557 689 2569 —
739 2530 847 2596 Qui
892 2530 1049 2597 offert
1102 2533 1395 2585 victimam.
1446 2530 1649 2601 (ORIG.,
1695 2531 1834 2585 hom.
1887 2533 1917 2583 5

236 2617 285 2668 in
306 2616 495 2687 Leuit.)
527 2615 655 2670 Alia
686 2616 897 2685 littera,
944 2622 1076 2685 etc.,
1126 2632 1295 2687 usque
1338 2617 1413 2673 ad
1458 2622 1514 2671 et
1561 2618 1759 2672 salutis
1802 2632 1917 2672 suos

238 2703 476 2757 conscius
506 2704 724 2774 gratias
757 2704 996 2759 Domino
1021 2705 1213 2761 refert.

297 2792 413 2861 (ιω,
445 2792 613 2863 ibid.)
643 2792 992 2848 Sacriﬁcium
1020 2794 1173 2865 quod
1219 2794 1428 2850 dicitur
1468 2796 1735 2863 salutare,
1785 2799 1915 2861 etc.,

238 2893 387 2948 usque
415 2880 490 2933 ad
528 2879 629 2951 qui
670 2885 904 2949 portant
928 2898 1060 2936 vasa
1092 2882 1338 2938 Domini.

2010 490 2116 545 bus
2143 490 2485 561 praecipuus,
2528 490 2619 544 cui
2650 489 2800 545 cedit
2827 506 3021 545 armus
3049 490 3248 545 dexter
3264 488 3327 544 in
3349 490 3701 561 portionem,

2013 579 2065 633 id
2099 585 2201 645 est,
2245 579 2432 634 omnis
2459 579 2606 633 actio
2635 580 2787 634 bona
2816 583 2873 632 et
2903 578 3176 649 perfecta.

2081 669 2240 724 Vens.
2276 671 2361 723 35.
2397 696 2469 709 —
2502 669 2623 723 Hac
2652 671 2729 722 est
2760 670 2959 721 unctio.
2992 666 3201 735 (Isrcu.)
3240 665 3519 721 Videntur
3561 681 3705 735 ergo

2014 757 2136 812 haec
2166 756 2233 812 ad
2268 756 2592 811 unctionem
2619 756 2977 810 sacerdotum
3011 755 3320 824 pertinere,
3353 760 3484 817 etc.,
3540 770 3708 824 usque

2014 846 2087 899 ad
2116 846 2254 917 quid
2284 850 2477 900 autem
2511 861 2613 916 per
2640 844 2969 916 prtedictam
3004 843 3334 899 unctionem
3360 844 3709 899 intellexerit

2015 937 2075 989 in
2107 936 2481 1006 sequentibus
2510 933 2777 989 ostendit.

2090 1024 2245 1078 Vens.
2283 1025 2371 1078 37.
2416 1051 2489 1063 —
2530 1024 2642 1077 Ista
2687 1026 2766 1077 est
2842 1021 2929 1075 lea:
2982 1021 3300 1086 holocausti,
3353 1023 3457 1074 etc.
3521 1020 3709 1089 (Ome.

2020 1110 2157 1166 hom.
2192 1110 2270 1181 5.)
2304 1112 2444 1166 Cum
2474 1109 2831 1181 proposuerit
2861 1108 3167 1180 legislator,
3199 1113 3330 1175 etc.,
3363 1107 3709 1177 usqueadin

2018 1214 2130 1269 qua
2160 1198 2478 1269 ﬁgurarum
2510 1197 2715 1252 veritas
2742 1201 3129 1252 conservatur.

2088 1288 2201 1340 Ista
2231 1291 2313 1341 est
2343 1289 2449 1353 (ex,
2476 1290 2582 1341 etc.
2624 1286 2837 1356 (lsncu.)
2883 1286 3046 1340 Vides
3094 1284 3422 1339 ditl‘erentes
3471 1299 3710 1338 conver-

2017 1376 2267 1430 sationes
2297 1390 2425 1445 qua:
2461 1376 2573 1429 Deo
2601 1378 2976 1445 conjungunt,
3022 1375 3297 1426 honorem
3344 1371 3576 1439 scilicet,
3626 1387 3710 1426 sa-

2018 1463 2248 1534 pientim
2279 1463 2614 1533 perfectum,
2647 1464 2745 1534 qui
2776 1462 3130 1532 signiﬁcatur
3158 1477 3261 1531 per
3282 1461 3712 1527 holocaustum;

2018 1553 2105 1606 vel
2133 1552 2417 1623 justitiam
2449 1552 2817 1618 mediocrem,
2853 1566 2983 1623 quin
3022 1555 3293 1621 operatur
3318 1566 3383 1605 ea
3418 1565 3549 1620 quas
3581 1555 3716 1604 sunt

2025 1642 2094 1695 ad
2126 1642 2388 1695 salutem.
2421 1640 2705 1696 Sacriﬁcia
2733 1641 2889 1695 enim
2917 1640 3289 1710 paciﬁcorum
3335 1638 3421 1694 vel
3471 1654 3574 1708 per
3617 1638 3714 1693 ho-

2028 1731 2342 1785 locaustum
2373 1730 2455 1783 vel
2492 1746 2593 1801 per
2618 1729 2969 1785 oblationem
2994 1734 3143 1783 recte
3174 1744 3294 1783 esse
3324 1727 3487 1782 utilia
3527 1728 3595 1782 ad
3623 1744 3711 1781 sa-

2024 1819 2369 1873 cerdotalem
2407 1818 2746 1884 dignitatem
2776 1818 2862 1873 lex
2897 1817 3193 1872 intellexit.
3230 1817 3388 1871 Unde
3413 1816 3472 1870 in
3492 1816 3583 1870 die
3601 1830 3717 1887 qua

2026 1908 2210 1979 legem
2248 1907 2531 1961 unctionis
2560 1907 2867 1975 mandavit,
2899 1905 3153 1961 subdidit
3190 1922 3257 1960 ea
3303 1920 3433 1975 quas
3475 1908 3608 1958 sunt
3643 1902 3716 1958 de

2024 1996 2313 2051 sacriﬁciis
2345 1995 2631 2067 simulque
2661 1996 2857 2051 omnia
2886 1996 3132 2050 breviter
3160 1993 3520 2049 memoravit.

2096 2085 2261 2140 Vens.
2294 2088 2384 2140 28.
2412 2114 2485 2125 —
2521 2086 2583 2139 In
2612 2089 2785 2140 monte
2814 2086 2992 2140 Sinni.
3024 2083 3132 2149 Qui
3170 2083 3349 2138 rubus
3391 2083 3481 2137 vel
3527 2084 3712 2135 tenta-

2024 2174 2104 2230 tio
2140 2174 2554 2245 interpretatur
2585 2189 2598 2228 :
2633 2173 2832 2228 similis
2859 2178 2945 2229 est
2989 2178 3179 2227 autem
3235 2172 3379 2226 rubo
3422 2168 3662 2224 tentatio
3699 2185 3711 2223 :

2025 2279 2292 2333 asperum
2319 2263 2475 2318 enim
2502 2262 2814 2334 virgultum
2839 2266 2923 2317 est
2952 2268 3011 2316 et
3036 2262 3268 2317 difﬁcile
3316 2260 3541 2331 capitur
3572 2274 3586 2313 :
3630 2258 3715 2311 sic

2027 2368 2237 2407 corona
2266 2351 2430 2407 bona;
2453 2350 2584 2406 vitae
2613 2351 2674 2405 in
2706 2350 3119 2405 tentationibus
3146 2352 3220 2418 et)
3249 2346 3717 2403 tribulationibus

2028 2439 2117 2493 vix
2145 2440 2405 2495 habetur.
2440 2440 2633 2495 Unde:
2675 2441 2869 2495 Beatus
2914 2441 3002 2494 uir
3046 2441 3143 2507 qui
3192 2441 3418 2494 sustinet
3464 2437 3716 2491 tentatio-

2024 2544 2161 2595 nem,
2195 2532 2328 2597 quia
2355 2544 2476 2584 cum
2500 2528 2766 2599 probatus
2791 2529 2982 2595 fuerit,
3014 2530 3239 2597 accipiet
3287 2540 3538 2581 coronam
3587 2526 3715 2579 vitae

2028 2617 2199 2687 (Jac,
2232 2621 2311 2685 ιι).

2667 2748 2893 2803 CAPUT
2924 2747 3065 2802 VIII.

2103 2883 2262 2936 Vnus.
2296 2884 2346 2934 2.
2382 2907 2449 2920 —
2488 2883 2633 2934 Duos
2680 2881 2894 2933 arietes.
2945 2877 3153 2933 Christi
3196 2876 3385 2948 passio
3432 2875 3717 2947 signiﬁca-

300 2968 457 3024 Vsas.
492 2972 586 3023 30.
621 2998 689 3009 —
718 2970 937 3025 ’I‘enebit
964 2972 1237 3036 manibus,
1270 2977 1380 3028 etc.
1440 2972 1713 3041 (HIERON.,
1753 2975 1911 3042 epist.
1953 2972 1993 3027 C
2023 2975 2136 3036 tur,
2169 2969 2377 3040 quiest
2404 2968 2514 3023 dux
2543 2968 2762 3038 populi.
2796 2968 2946 3023 Bene
2977 2972 3167 3021 autem
3194 2965 3309 3021 duo
3352 2964 3558 3019 arietes
3607 2962 3715 3017 im-

238 3054 620 3120 adFabiolam,
661 3060 800 3110 tom.
851 3057 920 3125 I.)
968 3058 1047 3113 De
1100 3058 1346 3113 victimis
1395 3059 1735 3114 salutaribus
1792 3058 1917 3113 adi-

240 3158 355 3212 pem
400 3144 656 3198 oﬁ'erunt
704 3145 1044 3209 sacerdotes,
1092 3152 1219 3215 etc.,
1267 3164 1436 3218 usque
1491 3148 1565 3202 ad
1622 3154 1685 3203 ut
1742 3148 1922 3203 discat

240 3236 591 3287 contemnere
618 3250 747 3304 quae
779 3250 839 3289 se
872 3234 1022 3289 videt
1049 3235 1110 3289 in
1141 3252 1422 3291 secessum
1446 3237 1742 3308 projicere.

303 3321 463 3376 LVX:
549 3322 787 3391 Offerens
858 3324 1191 3395 sacriﬁcium
1252 3327 1492 3381 salutare
1542 3329 1787 3387 Domino.
1842 3328 1923 3393 of-

241 3411 361 3474 feret
387 3426 588 3466 munus
611 3428 768 3466 suum
816 3414 1037 3467 Domino
1083 3414 1149 3467 de
1196 3416 1464 3483 sacriﬁcio
1509 3413 1745 3471 salutari
1788 3416 1921 3484 ejus.

240 3500 383 3561 Quod
425 3516 725 3570 exponens
782 3502 1095 3573 adjungit:
1136 3504 1350 3557 Tenebit
1402 3505 1650 3559 manibus
1707 3503 1922 3574 adipem

244 3588 426 3644 hostiae.
486 3590 585 3643 Vel
637 3591 798 3660 juxta
845 3592 1012 3646 LXX:
1062 3607 1254 3648 melius
1300 3595 1414 3661 eius
1463 3593 1686 3662 offerent
1732 3608 1800 3646 ea:
1836 3609 1919 3649 ea

246 3676 490 3731 Domino:
528 3678 722 3747 Ipsum
757 3680 911 3733 enim
942 3685 1169 3751 oportet
1192 3697 1323 3753 quas
1353 3681 1424 3736 ad
1477 3684 1719 3737 salutem
1763 3699 1925 3737 suam

245 3766 513 3832 pertinent
541 3767 771 3837 operari
801 3783 813 3821 :
848 3770 980 3836 quia
1004 3769 1231 3836 justitia
1251 3770 1397 3839 justi
1421 3787 1588 3841 super
1634 3788 1753 3826 eum
1794 3774 1920 3838 erit,

244 3856 287 3904 et
312 3855 559 3923 impietas
592 3857 753 3923 impii
780 3857 884 3909 erit
912 3870 1076 3925 super
1099 3874 1217 3912 eum
1244 3860 1462 3926 (Ezech.
1497 3860 1673 3930 xvm).

305 3942 669 3998 Pectusculum
724 3948 902 3998 autem
948 3946 1070 4011 erit,
1126 3954 1232 4001 etc.
1280 3947 1450 4017 (1511).)
1500 3950 1702 4005 Pectus
1758 3949 1928 4004 datur

248 4032 511 4085 sacerdoti
546 4037 609 4085 ut
639 4032 1042 4103 cogitationem
1074 4036 1349 4090 mundam
1397 4042 1455 4091 et
1496 4038 1771 4094 doctrinm
1820 4039 1927 4093 ha-

249 4116 364 4172 bcat
416 4121 703 4175 notitiam.
756 4122 1057 4177 Brachium
1112 4126 1395 4192 dextrum,
1442 4131 1503 4179 ut
1545 4127 1695 4181 bona
1754 4141 1929 4197 opera

249 4204 459 4273 habeat,
490 4214 549 4262 et
586 4210 945 4283 adpugnam
975 4215 1174 4265 contra
1193 4211 1483 4267 diabolum
1508 4219 1729 4269 armata
1750 4230 1922 4269 manu

251 4296 521 4363 procedat,
553 4301 613 4351 et
644 4298 800 4369 quod
838 4299 1008 4354 corde
1048 4302 1393 4372 conceperit,
1444 4318 1683 4372 operum
1737 4319 1929 4358 exem-

251 4384 332 4452 plo
361 4385 638 4454 perﬁciat.
691 4387 867 4441 Datur
910 4392 963 4441 et
1013 4388 1081 4442 de
1132 4390 1352 4461 privato
1397 4391 1647 4457 maxilla,
1700 4396 1765 4447 ut
1810 4392 1928 4447 elo-

251 4472 468 4540 quentia
513 4476 770 4545 polleat:
817 4475 987 4531 datur
1030 4482 1085 4531 et
1130 4483 1350 4542 venter,
1405 4485 1463 4534 ut
1507 4480 1794 4535 luxuriam
1840 4496 1930 4535 ex-

252 4561 511 4633 stinguat,
537 4570 595 4617 et
624 4565 817 4633 gulam
847 4571 1193 4625 contemnat.

317 4652 473 4707 Vsus.
510 4654 598 4707 32.
636 4680 703 4693 —
736 4654 1067 4710 Sacerdotis.
1110 4656 1314 4727 (Αυσ.)
1362 4656 1592 4725 Christi,
1633 4658 1695 4713 in
1743 4673 1928 4714 sacer-

245 4736 362 4793 dote
391 4739 647 4811 ﬁgurati.
686 4741 841 4796 Unde
871 4744 1026 4797 solus
1052 4744 1315 4799 sacerdos
1359 4749 1545 4815 potest
1587 4746 1927 4802 sacriﬁcium

244 4825 336 4880 hoc
390 4829 688 4897 perﬁcere.
750 4830 1006 4901 Incipere
1059 4831 1215 4887 enim
1265 4832 1482 4887 bonum
1540 4840 1800 4890 nostrum
1845 4841 1930 4890 est

243 4916 501 4984 perﬁcere
543 4925 601 4973 et
651 4918 721 4973 ad
776 4920 949 4974 ﬁnem
1000 4920 1230 4988 ducere,
1288 4921 1496 4977 divinas
1549 4924 1749 4994 gratiae
1809 4930 1914 4979 est.

245 5005 346 5059 Non
371 5012 449 5061 est
490 5009 719 5063 volentis
769 5024 939 5078 neque
993 5012 1279 5075 currentis,
1334 5010 1429 5064 sed
1483 5013 1579 5065 Dei
1626 5014 1925 5068 miscrentis

246 5092 462 5162 dirigere
493 5100 725 5153 actiones
754 5114 766 5151 :
806 5099 955 5152 unde
986 5103 1044 5153 et
1079 5098 1375 5153 brachium
1420 5100 1520 5154 Dei
1575 5102 1922 5155 nominatur.

250 5181 387 5238 Unde
417 5190 568 5241 recte
616 5202 842 5241 armum
890 5187 997 5255 vel,
1040 5187 1209 5258 juxta
1258 5188 1426 5243 LXX:
1479 5187 1778 5243 brachium
1826 5205 1926 5243 ac-

250 5271 400 5341 cepit.

313 5362 475 5416 Vens.
515 5366 603 5419 33.
644 5393 712 5405 —
759 5364 863 5430 Qui
906 5365 1160 5420 obtulerit
1208 5368 1547 5433 sanguinem,
1595 5370 1701 5420 etc.
1762 5366 1924 5422 Chri-

255 5452 356 5501 stus
375 5455 477 5518 est,
499 5452 600 5523 qui
625 5468 824 5509 verum
842 5455 1182 5525 sanguinem
1202 5454 1572 5523 paciﬁcorum
1592 5460 1648 5509 et
1668 5455 1923 5526 adipem,

258 5538 456 5595 animas
487 5541 700 5597 scilicet
725 5547 779 5596 et
810 5542 1090 5598 desideria
1116 5543 1451 5598 salutarium
1487 5544 1675 5611 otfert,
1705 5544 1804 5615 qui
1841 5550 1925 5599 est

2033 3062 2332 3122 molautur,
2399 3058 2535 3129 quia
2583 3057 2839 3113 Christus
2894 3056 2979 3111 bis
3045 3056 3206 3111 nobis
3272 3054 3544 3126 mysteria
3598 3070 3717 3108 sua:

2031 3149 2309 3221 passionis
2334 3147 2621 3203 commisit
2654 3163 2666 3201 :
2702 3148 2953 3217 primum
2988 3147 3215 3219 quando
3252 3160 3469 3215 agnum
3519 3144 3714 3215 mysti-

2031 3255 2163 3294 cum
2187 3238 2247 3293 in
2276 3254 2435 3293 ccena
2464 3236 2734 3302 comedit,
2766 3236 3015 3291 secundo
3060 3236 3291 3307 quando
3341 3234 3542 3289 eadem
3596 3249 3717 3304 my-

2032 3328 2201 3384 steria
2228 3327 2285 3381 in
2318 3326 2483 3398 panis
2505 3331 2563 3381 et
2592 3325 2705 3379 vini
2738 3324 3165 3380 consecratione
3194 3322 3506 3379 constituit.

2108 3418 2269 3471 Vens.
2340 3420 2390 3471 3.
2451 3416 2519 3458 -ἐ
2588 3416 2658 3471 Et
2704 3416 3077 3484 congregabis.
3122 3413 3461 3469 Convocavit
3504 3412 3722 3484 Moyses

2032 3521 2261 3561 omnem
2301 3520 2670 3574 synagogam,
2722 3503 2983 3575 quamvis
3039 3502 3315 3558 Dominus
3362 3501 3625 3573 elegisset
3669 3506 3728 3557 et

2034 3594 2413 3667 praecepisset,
2461 3598 2803 3648 convocatur
2841 3598 3033 3648 tamen
3080 3607 3417 3663 synagoga:
3480 3591 3723 3662 requiri-

2036 3691 2129 3738 tur
2157 3683 2311 3737 enim
2340 3683 2402 3737 in
2444 3682 2762 3736 ordinando
2812 3682 3102 3736 sacerdote
3149 3681 3455 3751 praesentia
3498 3680 3722 3751 populi,

2034 3778 2099 3828 ut
2127 3772 2309 3826 sciant
2336 3787 2535 3826 omnes
2560 3775 2616 3825 et
2658 3770 2796 3825 certi
2856 3771 2970 3825 sint
3014 3770 3151 3841 quia
3207 3771 3308 3841 qui
3358 3769 3727 3841 praestantior

2036 3866 2122 3915 est
2148 3877 2213 3914 ex
2242 3859 2401 3915 omni
2432 3859 2664 3930 populo,
2690 3859 2927 3926 doctior,
2960 3859 3208 3913 sanctior
3237 3864 3293 3913 et
3322 3860 3529 3914 virtute
3577 3858 3725 3912 emi-

2037 3948 2284 4015 nentior,
2319 3948 2413 4001 ille
2440 3946 2673 4017 eligitur
2703 3945 2773 4000 ad
2806 3946 3207 4001 sacerdotium.
3245 3947 3399 4002 Lavit
3426 3962 3564 4016 ergo
3595 3963 3727 4002 eum

2038 4042 2094 4092 et
2148 4036 2351 4091 induit.
2398 4035 2563 4100 Quali
2615 4034 3002 4089 indumento?
3049 4034 3259 4098 tunica,
3317 4038 3373 4089 et
3432 4035 3733 4104 praecinxit

2038 4141 2170 4181 eum
2202 4141 2364 4179 zona.
2424 4124 2492 4178 Et
2532 4123 2789 4178 iterum:
2854 4124 3083 4178 Vestivit
3131 4139 3251 4178 eum
3301 4125 3539 4178 tunicam
3588 4125 3729 4179 tala-

2038 4230 2149 4269 rem
2178 4214 2374 4285 (Eccli.
2404 4214 2552 4279 va),
2584 4213 2674 4267 vel
2700 4216 2763 4267 ut
2809 4212 2946 4267 alibi
2988 4211 3254 4283 legimus,
3303 4214 3613 4267 interiorem
3654 4214 3728 4282 (ll

2041 4305 2170 4370 Reg.
2227 4300 2339 4371 xv).
2394 4301 2567 4356 Video
2618 4305 2813 4355 autem
2886 4302 3109 4357 duabus
3184 4300 3393 4356 tunicis
3462 4301 3733 4356 indutum

2040 4390 2391 4463 pontiﬁcem.
2423 4391 2582 4446 Jesus
2630 4394 2820 4445 autem
2866 4391 3133 4462 prohibet
3178 4391 3465 4463 apostolos
3511 4390 3733 4445 duabus

2042 4481 2248 4536 tunicis
2279 4479 2465 4547 indui,
2516 4494 2647 4534 cum
2696 4480 2914 4551 Moyses
2960 4486 3019 4535 et
3060 4480 3240 4546 Jesus,
3298 4479 3356 4534 id
3393 4483 3478 4534 est
3533 4478 3627 4534 lex
3676 4481 3734 4532 et

2044 4569 2409 4640 Evangelium
2465 4568 2770 4623 convenire
2821 4569 3068 4624 debeant
3110 4568 3330 4638 (Matth.
3380 4567 3457 4639 x).
3530 4565 3735 4621 Dicunt

2040 4658 2136 4713 alii
2166 4659 2319 4730 quod
2356 4659 2517 4714 Jesus
2562 4657 2837 4729 praecepit
2882 4658 3022 4713 duas
3069 4656 3290 4712 tunicas
3333 4672 3451 4711 non
3498 4655 3728 4720 habere,

2039 4763 2158 4802 non
2186 4764 2306 4802 esse
2338 4746 2686 4802 contrarium
2715 4746 2847 4817 legi,
2879 4746 2974 4800 sed
3014 4745 3320 4816 perfectius
3365 4746 3491 4815 lege
3526 4761 3539 4799 :
3568 4744 3735 4809 isicut

2038 4842 2097 4891 et
2124 4853 2256 4891 cum
2287 4836 2376 4891 lex
2405 4835 2781 4890 homicidium
2809 4838 2961 4890 vetat
2996 4834 3200 4904 (Exod.
3245 4836 3356 4902 xx),
3400 4834 3562 4890 Jesus
3603 4849 3734 4888 vero

2037 4925 2393 4980 iracundiam
2424 4929 2639 4979 resecat
2666 4925 2881 4994 (Matth.
2917 4925 3013 4994 v);
3055 4928 3111 4979 et
3149 4939 3281 4977 cum
3331 4924 3421 4977 lex
3468 4921 3734 4993 prohibet

2034 5014 2399 5079 adulterium,
2463 5015 2625 5069 Iesus
2696 5029 2830 5068 vero
2884 5010 3409 5082 concupiscentiam
3459 5011 3717 5066 abscidit.

2036 5102 2154 5173 Ego
2186 5118 2299 5157 non
2330 5102 2480 5156 intra
2507 5102 2677 5172 hujus
2708 5100 3102 5171 intelligentia:
3134 5100 3477 5171 angustiam,
3508 5100 3735 5171 pontiﬁ-

2035 5192 2177 5246 calia
2206 5194 2557 5245 sacramenta
2590 5190 2865 5245 concludo
2898 5204 2910 5244 :
2947 5189 3195 5260 amplius
3242 5188 3383 5243 mihi
3412 5189 3632 5261 aliquid
3663 5205 3728 5244 ex

2034 5280 2141 5334 ista
2196 5280 2379 5335 forma
2423 5278 2650 5333 videtur
2703 5278 2947 5333 ostendi.
3005 5278 3230 5335 Sciebat
3292 5278 3545 5350 pontifex
3611 5278 3728 5341 ille,

2036 5386 2206 5440 quem
2240 5373 2373 5423 tunc
2402 5367 2704 5423 ordinabat
2737 5368 2936 5433 Moses,
2986 5368 3123 5439 quia
3177 5366 3534 5423 circumcisio
3583 5371 3733 5421 esset

2034 5458 2341 5529 spiritualis
2373 5473 2386 5510 :
2420 5456 2679 5511 servabat
2725 5462 2917 5511 tamen
2965 5462 3022 5511 et
3066 5456 3561 5512 circumcisionem
3609 5472 3731 5510 car—

2033 5546 2143 5613 nis,
2203 5545 2337 5617 quia
2393 5545 2819 5602 incircumcisus
2877 5561 2994 5600 esse
3046 5562 3153 5601 non
3212 5549 3457 5618 poterat,
3492 5544 3732 5606 habebat
