4064 6186
225 308 327 360 319

837 303 1231 359 WALAFRIDI
1275 303 1524 358 STRABI
1566 303 1760 359 FULD.
1804 303 1967 360 MON.
2011 305 2163 360 OPP.
2204 304 2384 360 PARS
2421 305 2463 360 Ι.
2506 332 2575 344 —-
2615 304 3073 361 THEOLOGICA.

3640 308 3751 359 320

220 444 359 500 ergo
390 428 533 484 duas
556 427 795 497 tunicas,
829 442 1002 482 unam
1033 427 1275 482 carnalis
1306 426 1581 498 mysterii,
1616 426 1786 481 aliam
1822 425 1909 481 in-
1936 426 1984 483 A
2022 430 2197 483 cinxit
2249 444 2437 483 zonam
2486 434 2537 483 et
2570 430 2787 484 vestivit
2833 443 2952 483 eum
3009 426 3336 498 epomidem.
3395 428 3749 484 lncarnatim

220 517 550 588 telligentias
580 516 915 588 spiritualis.
945 517 1067 570 Non
1096 517 1249 570 enim
1306 519 1531 586 poterat
1566 532 1689 570 esse
1729 515 1922 586 ponti-

221 606 313 662 fex
367 622 566 662 eorum
613 605 713 677 qui
753 610 889 660 tunc
950 610 1132 671 erant,
1188 604 1300 658 nisi
1348 604 1597 658 carnalia
1646 604 1925 659 sacriﬁcia

220 694 471 761 oﬁ'erret,
504 694 762 766 quamvis
788 694 1109 765 spiritualia
1138 706 1259 747 esse
1286 693 1495 749 debere
1522 694 1710 748 sciret.
1766 695 1914 750 Con-

222 784 519 839 venienter
542 799 679 854 ergo
708 783 953 837 habebat
989 784 1131 837 duas
1182 782 1421 837 tunicas.
1477 782 1733 855 Apostoli
1784 798 1920 837 vero

223 873 323 945 qui
354 872 561 927 dicturi
588 876 797 926 erant:
850 873 910 929 Si
952 871 1428 939 circumcidimini,
1473 872 1725 929 Christus
1776 872 1920 925 nihil

220 962 370 1017 vobis
411 961 661 1032 proderit
709 960 858 1031 (Gal.
913 960 986 1032 v),
1041 967 1099 1015 et
1148 961 1453 1015 litteralem
1497 961 1921 1016 observantiam

222 1048 453 1121 penitus
480 1048 862 1119 reprobaturi,
892 1048 1098 1103 merito
1125 1049 1267 1105 duas
1290 1048 1512 1103 tunicas
1536 1049 1747 1103 habere
1788 1064 1919 1120 pro-

221 1139 533 1205 hibentur;
600 1138 810 1193 sufﬁcit
852 1138 935 1193 eis
988 1154 1123 1203 una,
1183 1142 1241 1192 et
1294 1138 1416 1192 haec
1467 1138 1726 1204 interior,
1794 1153 1921 1192 eam

217 1243 349 1282 vero
382 1243 511 1299 qum
540 1227 698 1294 foris,
732 1234 819 1281 est
848 1227 990 1299 legis
1023 1226 1277 1281 tunicam
1306 1227 1530 1293 nolunt,
1575 1225 1707 1299 quia
1740 1242 1917 1281 unam

215 1316 378 1369 Jesus
409 1319 465 1369 et
496 1314 679 1385 ipsam
718 1313 1054 1369 interiorem
1090 1314 1298 1368 habere
1332 1312 1633 1384 permittit.

297 1404 456 1459 Vens.
486 1405 537 1459 6.
570 1432 643 1443 —
683 1404 921 1473 Cumque
966 1404 1211 1459 lavisset.
1262 1402 1517 1473 (HIERON.
1563 1401 1660 1455 ubi
1704 1398 1920 1471 supra.)

217 1492 343 1547 Jam
385 1496 522 1547 tunc
585 1493 991 1564 purgationem
1051 1491 1272 1555 mundi,
1333 1496 1467 1557 etc.,
1522 1504 1692 1560 usque
1735 1488 1811 1543 ad
1860 1491 1925 1543 ut

218 1580 371 1652 quod
406 1584 598 1635 mente
630 1580 1012 1652 concipimus,
1045 1596 1220 1651 opere
1251 1583 1666 1652 perpetremus.

292 1669 500 1741 (Οιιιαη
535 1671 675 1724 hom.
710 1672 741 1724 6
799 1672 856 1725 in
903 1670 1103 1738 Leuit.)
1159 1669 1329 1723 havet
1390 1672 1445 1723 te
1492 1667 1731 1739 Moyses,
1788 1667 1920 1732 etc.,

223 1773 392 1827 usque
423 1758 498 1812 ad
529 1759 683 1830 quali
715 1758 916 1812 ordine
945 1756 1197 1829 pontifex
1228 1756 1627 1811 constituatur.

294 1847 458 1901 Vens.
526 1850 577 1900 7.
634 1875 706 1887 —
772 1847 1017 1901 Vestivit.
1070 1844 1353 1916 (thauma,
1402 1840 1564 1907 ibid.)
1629 1840 1924 1896 Discamus

223 1934 383 2009 prius
409 1950 745 1989 communes
790 1933 1151 1989 sacerdotum
1196 1936 1396 1995 vestes,
1450 1935 1584 1998 etc.,
1622 1935 1796 1999 usque
1852 1926 1927 1982 ad

224 2025 360 2098 quia
388 2024 447 2079 in
473 2024 586 2079 tela
616 2040 734 2078 non
763 2028 948 2096 potest
972 2022 1099 2077 ﬁeri
1127 2019 1457 2091 hujusmodi
1487 2034 1652 2090 opus.

299 2114 425 2183 (10.)
473 2112 735 2169 Secunda
780 2117 867 2167 est
916 2127 982 2166 ex
1025 2111 1145 2166 lino
1191 2108 1442 2182 poderis,
1487 2107 1543 2161 id
1596 2110 1682 2160 est
1731 2102 1927 2159 talaris

227 2202 440 2275 duplici
489 2203 761 2274 syndone,
816 2218 987 2274 quam
1040 2200 1319 2271 Iosephus
1390 2201 1554 2252 vocat
1614 2194 1924 2267 hyssinam,

226 2292 348 2347 hac
377 2289 629 2345 adhaeret
659 2289 885 2361 corpori
918 2288 997 2344 ita
1027 2294 1181 2342 arcta
1210 2290 1266 2341 et
1295 2285 1501 2341 strictis
1550 2282 1808 2349 manicis,
1862 2286 1929 2335 ut

227 2380 382 2435 nulla
406 2379 467 2434 in
493 2382 646 2433 veste
676 2394 817 2449 ruga
849 2378 939 2443 sit,
975 2382 1034 2433 et
1066 2393 1243 2448 usque
1274 2376 1342 2430 ad
1374 2390 1541 2429 crura
1587 2370 1907 2428 descendat.

227 2470 390 2525 Tales
418 2467 600 2522 solent
627 2466 837 2521 habere
876 2465 1088 2520 milites
1117 2465 1297 2518 lineas
1327 2478 1470 2535 quas
1513 2460 1775 2515 camisias
1826 2474 1923 2511 vo-

227 2561 378 2623 cant,
411 2560 569 2627 aptas
601 2554 875 2610 membris
904 2558 960 2609 et
990 2553 1266 2619 astrictas,
1300 2556 1365 2606 ut
1392 2551 1459 2605 ad
1510 2548 1707 2604 omnia
1750 2562 1918 2618 expe-

226 2644 329 2701 diti
372 2643 502 2698 sint.
561 2643 673 2698 Hic
722 2642 1042 2697 sacerdotes
1088 2644 1331 2695 utuntur
1379 2638 1593 2705 tunica,
1643 2636 1920 2691 habentes

230 2733 566 2789 vestitorum
598 2731 1114 2802 pulchritudinem,
1145 2734 1203 2785 et
1232 2729 1520 2785 nudorum
1552 2726 1925 2791 celeritatem,

233 2838 363 2896 qua:
393 2821 603 2877 dicitur
630 2821 805 2875 linea.

302 2910 559 2965 Tertium
590 2910 910 2981 cingulum,
944 2908 1224 2979 serpentis
1254 2907 1391 2979 pelli
1422 2920 1597 2978 quam
1646 2904 1706 2959 in
1736 2905 1929 2958 aestate

2033 533 2167 572 nem
2192 516 2399 573 Christi
2428 516 2777 588 exsequitur.
2821 518 3027 571 Totum
3073 517 3229 572 enim
3278 517 3575 572 hominem
3620 534 3751 571 sus-

2032 606 2203 676 cepit,
2234 620 2441 677 corpus
2472 605 2683 660 scilicet
2711 610 2770 659 et
2809 607 3102 673 animam;
3152 611 3393 661 timicam
3440 612 3743 661 terrenum

2030 693 2354 765 appellavit,
2404 693 2541 765 quia
2565 693 2652 762 {de
2683 698 2838 748 terra
2878 697 2998 761 est;
3049 694 3375 765 epomidem
3424 695 3744 764 caelestem,

2030 782 2166 854 quia
2193 782 2397 855 ὑπωμίς
2428 782 2657 853 poderis
2683 786 2784 837 est.
2834 784 2899 838 Et
2929 783 3311 850 hyacinthina,
3364 783 3462 855 qui
3511 788 3602 837 est
3645 801 3744 837 co-

2028 872 2115 926 lor
2142 871 2403 939 caelestis,
2437 876 2748 943 utrumque
2779 871 2933 926 enim
2986 872 3254 943 suscepit,
3307 878 3365 927 et
3420 875 3741 944 utrumque

2029 961 2284 1017 salvavit.

2100 1050 2378 1121 (HIERON.)
2414 1051 2475 1105 ln
2518 1050 2709 1104 tunica
2740 1049 3135 1121 hyacinthina,
3192 1048 3343 1106 mala
3393 1049 3630 1118 Punica,
3676 1056 3736 1106 et

2027 1138 2410 1193 tintinnabula
2444 1154 2457 1193 :
2492 1138 2628 1210 quia
2659 1144 2816 1193 tanta
2850 1138 3016 1194 debet
3059 1154 3178 1194 esse
3210 1138 3496 1210 pontiﬁcis
3542 1141 3723 1195 scien-

2028 1226 2123 1294 tia,
2155 1232 2220 1282 ut
2246 1243 2472 1299 gressus
2498 1228 2620 1298 ejus
2659 1232 2715 1281 et
2766 1233 2958 1282 motus
2997 1231 3055 1281 et
3097 1227 3289 1281 omnia
3330 1226 3549 1281 vocalia
3595 1227 3736 1288 sint,

2029 1319 2085 1370 et
2114 1316 2431 1380 veritatem,
2467 1332 2637 1388 quam
2671 1320 2864 1370 mente
2894 1315 3176 1385 concepit,
3210 1315 3411 1371 habitu
3465 1323 3737 1384 resonet;

2032 1404 2312 1477 quidquid
2345 1404 2485 1477 agit,
2518 1403 2802 1476 quidquid
2835 1405 3107 1475 loquitur,
3150 1404 3411 1458 doctrina
3456 1404 3546 1458 sit.
3593 1404 3733 1460 Sine

2030 1493 2454 1554 tintinnabulis,
2504 1493 2791 1547 coloribus
2839 1492 3095 1559 diversis,
3144 1492 3410 1563 gemmis,
3462 1492 3731 1548 ﬂoribus-

2032 1598 2145 1655 que
2172 1582 2449 1637 virtutum
2476 1598 2580 1637 nec
2609 1581 2669 1636 in
2705 1581 3010 1637 Ecclesiam
3058 1581 3399 1653 ingreditur,
3448 1598 3551 1637 nec
3594 1598 3745 1654 pon-

2030 1672 2169 1729 tifex
2197 1675 2300 1726 est.
3372 1684 3381 1689 ί

2107 1762 2414 1826 Humerale,
2470 1765 2577 1815 etc.
2634 1759 2838 1831 (Οιυο.)
2895 1758 3177 1830 Imposuit
3222 1761 3437 1831 Moyses
3475 1759 3740 1831 pontiﬁci

2035 1849 2527 1922 superhumerale,
2561 1849 2712 1920 quod
2743 1854 2829 1903 est
2871 1848 3241 1903 humerorum
3287 1865 3352 1903 ex
3398 1848 3738 1902 circumdu-

2034 1941 2223 1994 ctione
2255 1937 2428 1992 vestis
2461 1943 2697 1991 ornatus
2731 1954 2744 1993 :
2780 1936 3008 1991 humeri
3038 1942 3231 1991 autem
3261 1936 3474 1990 laboris
3508 1941 3565 1990 et
3603 1953 3741 2007 ope-

2035 2028 2114 2083 ris
2154 2026 2364 2082 indicia
2402 2031 2556 2081 sunt.
2618 2026 2751 2080 Vult
2795 2041 2932 2096 ergo
2984 2026 3315 2095 pontificem
3361 2026 3420 2079 in
3465 2026 3739 2096 operibus

2037 2131 2157 2171 esse
2206 2118 2519 2169 ornatum:
2569 2130 2687 2167 non
2738 2115 2890 2168 enim
2935 2113 3142 2168 sufﬁcit
3186 2116 3305 2166 sola
3344 2114 3596 2180 scientia,
3639 2113 3741 2169 sed

2035 2207 2134 2276 qui
2159 2205 2348 2271 fecerit
2378 2208 2427 2258 el
2457 2202 2702 2257 docuerit
2750 2204 2837 2257 hic
2883 2217 3112 2272 magnus
3143 2202 3425 2257 vocabitur
3480 2202 3535 2272 (ι
3590 2204 3733 2257 Tim.

2036 2310 2095 2349 lli
2116 2312 2137 2360 ;
2167 2292 2360 2348 Matth.
2386 2289 2464 2361 γ.)

2104 2379 2582 2450 Superhumerale.
2645 2378 2853 2451 (litem)
2929 2377 3412 2450 Superbumerale
3470 2385 3527 2436 et
3590 2378 3738 2434 duos

2037 2470 2256 2543 lapides
2305 2466 2702 2538 smaragdinos
2750 2467 2835 2521 vel
2888 2466 3221 2538 onychinos,
3309 2467 3410 2539 qui
3489 2468 3742 2539 desuper

2035 2559 2307 2616 humeros
2336 2561 2559 2627 tegunt,
2595 2560 2649 2610 et
2678 2555 3134 2627 interpretantur
3163 2556 3278 2611 duo
3305 2556 3736 2627 hemisphmria,

2037 2662 2284 2721 quorum
2339 2644 2496 2700 aliud
2547 2659 2723 2715 super
2765 2648 2995 2707 terram,
3040 2644 3194 2700 aliud
3252 2644 3355 2700 sub
3399 2649 3589 2713 terra;
3646 2644 3739 2701 vel

2039 2738 2221 2792 solem
2251 2737 2307 2791 et
2337 2735 2531 2788 lunam
2564 2733 2665 2804 qui
2694 2733 2943 2803 desuper
2971 2733 3233 2788 rutilant.

2111 2823 2237 2893 (Ιο.)
2296 2824 2417 2877 Duo
2471 2820 2689 2892 lapides
2728 2820 2787 2875 in
2845 2821 3305 2892 superhumeraii
3363 2821 3621 2877 Christus
3678 2826 3740 2874 et

2041 2911 2305 2978 Ecclesia,
2336 2908 2633 2964 duodecim
2671 2908 3061 2979 apostolorum
3116 2909 3215 2981 qui
3254 2910 3322 2965 ad
3373 2909 3735 2980 praedicatio-

235 2998 389 3054 exuit
417 2998 794 3060 simillimum,
830 3000 891 3051 ut
928 2997 1167 3067 longum
1215 2994 1569 3067 marsupium
1616 2993 1676 3047 in
1723 2996 1929 3047 rotun-
1960 3002 2001 3060 ο
2039 3016 2170 3056 nem
2202 2997 2361 3053 missi
2393 3002 2525 3051 sunt
2554 2996 2789 3051 nomina
2809 2996 3187 3064 continentes,
3221 3000 3310 3053 vel
3338 2999 3530 3053 ιίιιειιει
3550 3003 3605 3052 ει
3626 2997 3740 3069 ερί-

238 3088 374 3143 dum
400 3092 641 3154 textum,
675 3085 782 3140 sub
840 3084 1094 3156 tegmine
1136 3084 1307 3150 cocci,
1357 3097 1650 3155 purpuras,
1700 3079 1931 3150 hyacin-

236 3176 345 3244 thi,
374 3181 431 3231 et
458 3175 652 3247 byssi:
686 3178 925 3246 propter
963 3173 1228 3228 decorem
1275 3178 1332 3227 et
1376 3168 1798 3233 fortitudinem,
1853 3166 1933 3221 ita

237 3264 515 3337 polymite
545 3264 899 3328 distinctum,
939 3266 1005 3316 ut
1045 3262 1299 3317 diversos
1344 3260 1515 3315 ﬂores
1571 3262 1627 3312 et
1677 3271 1933 3327 gemmas

240 3353 472 3409 artiﬁcis
504 3368 679 3406 manu
710 3367 825 3405 non
856 3350 1120 3416 intextas,
1169 3350 1264 3404 sed
1316 3348 1538 3403 additas
1576 3350 1762 3416 putes.
1816 3344 1934 3399 Hoc

238 3442 429 3498 balteo
458 3441 608 3496 inter
637 3438 972 3494 umbilicum
997 3444 1055 3493 et
1096 3444 1293 3508 pectus
1335 3436 1487 3491 linea
1530 3432 1727 3488 tunica
1763 3432 1931 3486 strin-

242 3532 416 3603 gitur,
448 3530 545 3602 qui
579 3533 828 3601 quatuor
870 3526 1181 3597 digitorum
1225 3524 1439 3580 habens
1480 3522 1844 3579 latitudinem
1880 3524 1935 3575 et

241 3636 451 3692 magna
483 3635 547 3673 ex
582 3622 739 3690 parte
770 3616 840 3671 ad
888 3631 1054 3670 crura
1102 3615 1473 3679 descendens,
1520 3627 1650 3665 cum
1703 3610 1933 3681 expedi-

243 3709 397 3764 tione
426 3708 496 3763 ad
524 3705 799 3762 sacriﬁcia
829 3720 976 3777 opus
1006 3708 1108 3773 est,
1138 3703 1196 3759 in
1246 3705 1450 3758 laevum
1492 3701 1799 3756 humerum
1849 3715 1936 3754 re-

242 3801 564 3868 torquetur.

315 3883 600 3957 (Hieaox)
629 3884 907 3950 Quartum
952 3886 1037 3939 est
1086 3881 1420 3948 rotundum,
1473 3882 1603 3947 etc.,
1653 3892 1823 3948 usque
1863 3876 1939 3932 ad

246 3974 437 4031 statim
467 3974 804 4029 moriturus.

316 4063 447 4135 (ln.)
478 4063 710 4118 Sextum
744 4059 1033 4128 Hebraice,
1065 4063 1194 4125 etc.,
1245 4073 1415 4128 usque
1458 4055 1532 4112 ad
1583 4056 1644 4110 in
1684 4054 1939 4110 humeris

244 4154 451 4223 portet.

317 4240 401 4309 (lo
431 4238 449 4311 )
477 4238 797 4310 Septimum
824 4236 1122 4310 parvulum
1149 4238 1253 4303 est,
1286 4239 1411 4300 etc.,
1443 4248 1613 4304 usque
1642 4231 1717 4288 ad
1739 4236 1796 4289 et
1825 4247 1938 4286 una

249 4332 473 4383 textura
502 4325 824 4381 videntibus
848 4330 1168 4397 putaretur.

320 4416 448 4488 (ln.)
480 4416 687 4472 Octava
718 4419 806 4470 est
830 4414 1043 4469 lamina
1082 4428 1268 4473 aurea,
1323 4416 1454 4477 etc.,
1502 4424 1671 4481 usque
1728 4408 1803 4464 ad
1853 4413 1940 4464 to-

249 4509 484 4576 tamque
520 4502 806 4575 pontiﬁcis
849 4500 1336 4574 pulchritudinem
1376 4498 1477 4555 Dei
1520 4513 1730 4555 nomen
1777 4513 1936 4553 coro-

248 4597 345 4648 net
363 4597 421 4648 et
448 4596 725 4664 protegat.

319 4681 463 4738 Mala
488 4686 681 4737 autem
704 4680 916 4737 Punica
939 4684 996 4735 et
1039 4677 1433 4735 tintinnabula
1474 4676 1534 4732 in
1571 4674 1942 4732 inferioribus

249 4772 435 4843 posita
462 4770 689 4843 fulgura
739 4771 1135 4827 demonstrant
1172 4774 1231 4824 et
1272 4766 1550 4835 tonitrua,
1594 4766 1684 4820 vel
1727 4770 1941 4820 terram

249 4865 307 4914 et
334 4876 543 4932 aquam
568 4864 626 4916 et
652 4859 844 4915 omnia
869 4858 1152 4914 elementa
1181 4857 1332 4913 inter
1360 4871 1421 4911 se
1446 4854 1840 4920 consonantia,
1890 4857 1947 4908 et

251 4948 332 5003 sic
364 4948 472 5003 sibi
496 4950 779 5019 perplexa,
827 4953 890 5002 ut
920 4947 1036 5002 sint
1061 4947 1121 5001 in
1154 4945 1398 5015 singulis
1423 4943 1639 4998 omnia.

320 5036 600 5106 (Hmaom)
632 5036 855 5091 Hebrei
904 5039 1151 5107 quatuor
1197 5034 1432 5098 colores,
1484 5036 1613 5098 etc.,
1658 5044 1829 5099 usque
1873 5029 1948 5084 ad

255 5124 612 5197 providentia
640 5129 906 5195 penetrat
932 5123 1216 5179 universa.

324 5214 527 5285 (Oam.,
562 5213 700 5267 hom.
728 5216 759 5267 6
798 5215 855 5267 in
892 5211 1083 5281 Leuit.)
1124 5212 1187 5266 In
1232 5208 1436 5277 exodo,
1486 5207 1586 5262 ubi
1640 5207 1712 5262 de
1761 5222 1945 5261 sacer-

254 5301 541 5358 dotalibus
564 5301 869 5356 mandatur
894 5301 1165 5370 vestibus,
1195 5304 1328 5365 etc.,
1360 5312 1531 5369 usque
1578 5296 1653 5352 ad
1700 5312 1770 5351 ne
1824 5311 1950 5350 sau-

255 5397 409 5446 ctum
438 5390 605 5446 detur
630 5390 869 5445 canibus
892 5394 951 5445 et
985 5388 1312 5460 margarita:
1338 5390 1627 5460 ponantur
1654 5389 1785 5441 ante
1814 5400 1950 5455 por-

259 5497 353 5536 cos
377 5479 550 5549 (Marc
607 5476 720 5547 vn).

330 5570 411 5629 Et
465 5568 748 5635 inducens,
806 5572 915 5622 etc.
960 5568 1129 5626 LXX:
1178 5566 1363 5623 Induit
1406 5567 1645 5620 tunicam
1699 5566 1750 5616 et
1802 5576 1949 5632 prm-

2038 3092 2183 3145 ritus
2212 3089 2272 3143 in
2311 3087 2517 3159 quibus
2546 3085 2740 3140 omnia
2770 3086 2911 3158 legis
2943 3086 3245 3157 mysteria;
3285 3103 3316 3140 a
3362 3086 3575 3141 dextris
3626 3087 3741 3158 spi-

2040 3179 2201 3245 ritus,
2234 3192 2267 3230 a
2296 3173 2544 3230 sinistris
2572 3173 2764 3228 littera
2804 3175 2874 3235 (Il
2922 3175 3051 3228 Cor.
3103 3174 3206 3246 ιιι).
3258 3175 3366 3229 Per
3403 3174 3622 3227 litteras
3654 3172 3739 3239 ad

2040 3266 2235 3333 verba,
2267 3281 2371 3336 per
2398 3262 2571 3317 verba
2601 3260 2862 3315 venimus
2891 3262 2960 3316 ad
3010 3278 3263 3317 sensum.
3312 3262 3553 3316 Pulcher
3592 3262 3739 3315 ordo

2042 3355 2166 3425 ipso
2218 3352 2417 3408 habitu
2475 3354 2832 3406 sacramenta
2893 3350 3264 3422 signiﬁcans:
3337 3351 3398 3404 in
3475 3349 3739 3404 numeris

2041 3458 2237 3514 opera,
2261 3441 2321 3495 in
2351 3445 2578 3512 pectore
2604 3431 2768 3505 ratio,
2801 3438 2955 3493 unde
3002 3443 3061 3493 et
3104 3440 3497 3510 pectusculum
3539 3453 3739 3491 come-

2040 3530 2185 3585 dunt
2211 3526 2551 3583 sacerdotes.

2113 3618 2277 3671 Vsas.
2322 3618 2373 3671 8.
2433 3643 2503 3654 -—
2548 3611 2701 3679 Quod
2742 3613 3069 3681 astringens.
3131 3611 3335 3679 (0mm,
3393 3613 3488 3667 ubi
3544 3627 3739 3682 supra.

2043 3705 2230 3761 Cinxit
2260 3717 2394 3758 eum
2416 3700 2729 3755 secundum
2759 3698 3037 3755 facturam
3078 3700 3409 3767 humeralis,
3458 3703 3593 3769 etc.,
3641 3717 3742 3755 us-

2042 3811 2143 3865 que
2184 3792 2257 3847 ad
2306 3791 2442 3862 quia
2485 3788 2799 3843 secundum
2849 3804 3025 3861 opera
3081 3805 3180 3844 sua
3228 3789 3461 3859 cingulo
3513 3788 3745 3843 virtutis

2042 3884 2239 3939 utitur.
2824 3934 2837 3945 κ

2112 3970 2351 4041 Aptavit
2377 3966 2655 4034 rationali,
2685 3968 2791 4020 etc.
2820 3964 3112 4037 (Hmaom)
3159 3963 3455 4019 Rationale
3506 3962 3565 4016 in
3617 3978 3745 4017 me-

2043 4056 2137 4111 dio
2166 4054 2436 4127 positum,
2469 4057 2683 4108 terram
2714 4052 2947 4120 indicat,
2981 4069 3111 4123 quae
3144 4053 3328 4106 instar
3354 4050 3574 4122 puncti,
3606 4064 3743 4104 cum

2043 4145 2240 4200 omnia
2269 4142 2327 4197 in
2359 4159 2416 4196 se
2444 4143 2664 4205 habeat,
2696 4143 2912 4197 cunctis
2947 4143 3190 4197 valletur
3217 4140 3532 4196 elementis.

2118 4235 2335 4305 (ORIG.,
2367 4231 2463 4287 ubi
2491 4232 2701 4302 supra.)
2744 4232 3021 4303 imposuit
3040 4246 3215 4301 super
3245 4245 3377 4283 eum
3411 4227 3626 4299 legion,
3661 4225 3740 4278 λου

1968 4295 2011 4350 ι)
2048 4295 2178 4394 γιᾶν,
2204 4295 2332 4384 etc.
2364 4295 2627 4391 usquead
2656 4295 2799 4375 nihil
2827 4295 2983 4375 enim
3007 4295 3136 4391 post
3180 4317 3302 4373 haec
3340 4295 3605 4388 adjicitur
3651 4329 3747 4367 ca-

2048 4410 2157 4482 piti
2187 4408 2491 4480 pontiﬁcis.

2120 4499 2404 4568 (limitem,
2454 4494 2549 4549 ubi
2596 4496 2815 4567 supra.)
2861 4492 3158 4549 Rationale
3205 4490 3441 4562 duplex,
3482 4493 3749 4561 apertum

2052 4591 2108 4641 et
2133 4584 2547 4652 absconditum,
2577 4587 2709 4650 etc.,
2740 4597 2909 4652 usque
2940 4581 3015 4637 ad
3060 4586 3117 4636 et
3153 4578 3244 4636 his
3292 4577 3755 4651 praecedentibus

2054 4672 2310 4728 doctrina
2337 4675 2396 4726 et
2422 4671 2632 4726 veritas
2661 4675 2953 4742 sequatur.

2122 4760 2253 4830 (ln.)
2287 4759 2592 4815 Duodecim
2621 4757 2859 4829 lapides,
2892 4762 3023 4825 etc.,
3055 4770 3224 4825 usque
3253 4754 3328 4811 ad
3365 4752 3532 4809 nobis
3562 4751 3754 4807 scien-

2053 4848 2193 4904 tiam
2226 4849 2676 4904 demonstrante.

2124 4939 2312 4994 Posuit
2342 4938 2621 4993 laminam.
2664 4936 2791 5006 (11).)
2835 4932 2986 4989 Nihil
3031 4932 3264 5004 prodest
3308 4930 3569 4986 omnium
3613 4945 3758 4985 eru-

2055 5024 2215 5093 ditio,
2248 5024 2359 5079 nisi
2390 5024 2492 5079 Dei
2535 5023 2774 5078 scientia
2822 5026 3151 5086 coronetur,
3208 5036 3338 5092 quas
3386 5035 3615 5089 semper
3669 5022 3757 5073 est

2057 5113 2106 5168 ei
2134 5129 2265 5169 cum
2300 5115 2463 5169 Patre
2494 5128 2508 5168 :
2539 5112 2690 5167 unde
2739 5113 3010 5166 laminam
3056 5125 3229 5181 super
3271 5108 3509 5165 cidarim
3560 5108 3759 5178 impo-

2058 5203 2191 5259 suit.

2129 5290 2254 5365 (lo.)
2285 5290 2621 5363 Imperfecta
2654 5293 2789 5345 sunt
2833 5289 3029 5344 omnia
3075 5287 3186 5343 nisi
3234 5286 3429 5341 currui
3463 5289 3762 5356 quaeratur

2062 5380 2279 5451 auriga,
2325 5386 2381 5435 et
2427 5395 2600 5451 super
2649 5383 2938 5434 creaturas
2995 5380 3227 5434 Creator
3278 5375 3548 5429 insistens
3597 5379 3762 5445 regat

2060 5469 2203 5540 ipse,
2236 5469 2335 5541 qui
2387 5468 2662 5527 condidit.
2718 5467 2880 5535 Quod
2932 5467 3072 5523 olim
3117 5465 3179 5520 in
3223 5464 3458 5530 lamina,
3506 5479 3659 5516 nunc
3695 5463 3758 5517 in

2062 5560 2225 5631 signo
2254 5558 2436 5615 crucis
2463 5558 2780 5615 ostenditur
2812 5573 2825 5613 :
2858 5554 3158 5629 pretiosior
3187 5557 3273 5610 est
3304 5551 3537 5625 sanguis
3576 5567 3760 5607 evan-
