4064 6186
269 278 362 329 321
1411 271 1665 329 GLOSSA
1703 272 2107 329 ORDINARIA.
2148 303 2216 312 ——
2260 275 2389 330 LIB.
2437 274 2659 331 LEVIT.

3678 281 3780 335 322

269 393 399 463 gelii
424 408 569 447 auro
616 389 789 463 legis;
832 396 967 446 tunc
1004 391 1169 462 juxta
1227 391 1573 461 Ezechielem
1604 392 1832 464 signum
1868 409 1966 464 ge-
1997 406 2040 459 Α
2080 398 2271 461 natur,
2303 394 2440 466 quia
2483 399 2611 465 post
2653 410 2869 466 agnum
2909 395 2968 450 in
3017 411 3179 451 ccena
3203 395 3584 464 immolatum,
3615 401 3775 471 seip-
3864 406 3869 413 '

273 482 561 536 mentibus
590 480 877 551 ﬁgebatur
910 480 969 533 in
994 480 1179 535 fronte
1208 479 1344 553 thau
1376 482 1592 549 (Ezech.
1622 481 1739 552 Vill)
1778 505 1789 535 ι
1823 497 1974 535 nunc

270 576 563 641 portantes
614 584 841 622 crucem
884 568 1168 622 dicimus:
1223 570 1501 635 signatum
1547 573 1627 623 est
1684 584 1847 639 super
1877 584 1972 624 nos

270 661 443 713 lumen
473 659 676 720 vultus,
708 659 945 723 Domine,
974 661 1079 711 etc.
1112 658 1283 726 (Psal.
1308 666 1405 727 iv.)

334 746 479 800 Auri
527 747 739 800 lamina
761 744 820 798 in
842 745 1027 799 fronte
1057 745 1363 816 pontiﬁcis,
1413 749 1471 800 et
1509 762 1722 801 nomen
1755 746 1855 800 Dei
1888 746 1974 799 in-

269 836 579 904 scriptum;
629 834 824 887 omnia
871 850 1001 905 quas
1054 850 1226 905 super
1273 838 1485 889 terram
1516 840 1650 889 sunt
1681 835 1780 889 Dei
1822 835 1972 889 arbi-

270 924 374 978 trio
399 923 713 993 gubernari
745 922 1087 993 signiﬁcant.
1134 924 1360 977 iustum
1398 922 1553 977 enim
1586 929 1709 977 erat
1740 928 1803 977 ut
1834 939 1974 994 pon-

270 1013 401 1066 til‘ex
464 1012 586 1073 Dei,
634 1018 1029 1065 creaturarum
1078 1011 1337 1066 omnium
1368 1016 1569 1082 typum
1618 1016 1856 1082 portans
1914 1010 1973 1065 in

270 1100 524 1154 vestibus
567 1100 703 1166 suis,
754 1100 1034 1154 indicaret
1082 1105 1284 1154 cuncta
1323 1100 1422 1154 Dei
1457 1099 1846 1154 misericordia
1884 1100 1972 1155 in-

270 1190 487 1259 digere,
520 1195 579 1243 et
607 1204 737 1243 cum
771 1188 1132 1255 sacriﬁcaret,
1186 1189 1510 1259 expiaretur
1537 1187 1793 1243 conditio
1843 1187 1971 1243 uni-

271 1278 504 1331 versalis
539 1294 552 1331 :
590 1278 685 1331 ubi
720 1294 838 1330 non
872 1294 974 1347 pro
1010 1276 1223 1343 liberis,
1268 1276 1628 1347 parentibus,
1661 1281 1717 1330 et
1742 1276 1973 1347 propiu-

272 1365 418 1437 quis,
465 1365 570 1419 sed
620 1380 722 1435 pro
755 1365 914 1419 omni
949 1369 1210 1419 creatura
1256 1380 1385 1418 voce
1424 1369 1479 1417 et
1510 1364 1712 1418 habitu
1771 1381 1972 1435 preca-

277 1459 447 1509 retur.

346 1544 515 1597 Vens.
575 1544 659 1597 l0.
713 1572 780 1582 —
823 1542 983 1604 Tulit,
1050 1546 1154 1596 etc.
1216 1541 1337 1613 [pse
1383 1546 1463 1597 est
1530 1541 1652 1607 Dei,
1714 1540 1816 1612 qui
1868 1556 1973 1594 un-

276 1632 354 1703 git
373 1636 428 1685 et
447 1631 553 1702 qui
572 1630 807 1701 ungitur
829 1648 841 1685 :
863 1646 1084 1701 ungens
1103 1631 1276 1685 verbo
1301 1629 1633 1695 divinitatis,
1654 1630 1970 1684 secundum

2082 499 2211 537 sum
2259 482 2498 551 obtulit;
2542 484 2693 538 unde
2724 486 2911 539 Aaron
2952 500 3124 555 super
3152 490 3323 555 caput
3349 485 3543 541 arietis
3574 503 3778 543 manus

2082 570 2359 641 imposuit
2388 586 2518 624 cum
2565 570 2698 625 ﬁliis
2746 571 2883 638 suis,
2943 572 3080 643 quia
3135 588 3501 628 communem
3558 591 3777 630 caenam

2082 674 2214 713 cum
2245 657 2537 728 discipulis
2581 657 2699 711 suis
2730 658 2984 713 Christus
3036 660 3372 727 celebravit;
3422 661 3522 716 sed
3565 662 3781 733 Moyses

2082 744 2403 815 specialiter
2444 745 2553 799 hoc
2588 746 2931 800 sacriﬁcium
2972 746 3203 813 obtulit,
3269 748 3406 818 quia
3464 749 3594 819 plus
3652 751 3780 805 aliis

2083 834 2328 905 ﬁguram
2368 834 2575 889 Christi
2626 834 2924 907 expressit,
2979 834 3078 907 qui
3135 835 3383 891 maxime
3438 838 3779 895 sacriﬁcium

2082 939 2251 977 suum
2282 922 2430 977 fecit.

2155 1012 2312 1066 Vaas.
2388 1012 2478 1066 2i.
2548 1040 2617 1054 —
2698 1014 2897 1080 Tetigit
2958 1016 3258 1068 extremum
3335 1016 3613 1084 auricula,
3671 1022 3779 1072 etc.

2081 1098 2137 1154 Si
2219 1114 2321 1170 per
2409 1102 2599 1154 Aaron
2678 1100 2963 1155 Christum
3042 1100 3375 1172 accipimus,
3458 1110 3777 1161 extremum

2082 1185 2352 1240 auriculae
2384 1187 2507 1257 ejus
2536 1187 2812 1257 sanguine
2841 1192 3053 1242 tactum
3085 1188 3212 1254 fuit,
3242 1190 3379 1260 quia
3411 1190 3561 1244 Patri
3600 1208 3780 1264 usque

2082 1275 2153 1329 ad
2185 1280 2426 1329 mortem
2483 1274 2753 1330 obedivit.
2797 1275 2857 1330 Si
2904 1276 3226 1331 sacerdotes
3300 1278 3555 1332 Ecclesiae
3609 1296 3779 1335 aures

2083 1379 2280 1417 eorum
2310 1364 2607 1435 tangenda:
2628 1369 2778 1430 sunt,
2803 1364 3153 1436 pollicesque
3175 1371 3523 1421 manuumet
3544 1369 3779 1439 pedum,

2083 1457 2147 1507 ut
2174 1452 2547 1506 eminentiam
2577 1454 2867 1508 actionum
2900 1460 2955 1508 et
2976 1470 3275 1523 gressuum
3308 1456 3552 1511 Domino
3583 1473 3781 1514 conse-

2083 1545 2271 1595 crent.
2318 1543 2515 1609 Tetigit
2564 1548 2882 1609 extremum,
2938 1549 3043 1598 etc.
3087 1543 3221 1607 Quis
3252 1544 3326 1598 sit
3380 1544 3553 1615 hujus
3606 1543 3781 1599 sacri-

2082 1630 2197 1684 ﬁcii
2243 1630 2477 1685 effectus
2514 1631 2705 1685 unctio
2764 1632 2989 1686 aurium
3022 1636 3077 1686 et
3115 1649 3391 1687 manuum
3450 1632 3779 1705 pedumque

275 1721 420 1792 quod
451 1736 589 1774 cum
631 1722 793 1773 Patre
828 1724 885 1773 et
916 1719 1135 1789 Spiritu
1170 1724 1361 1773 sancto
1395 1719 1563 1773 habet
1591 1719 1788 1772 omnia
1820 1735 1976 1773 com-
2009 1705 2049 1761 Β
2088 1718 2445 1773 demonstrat
2473 1736 2487 1773 :
2549 1728 2786 1790 propter
2840 1720 3225 1775 obedientiam
3256 1721 3473 1793 quippe
3523 1728 3782 1776 nostram

276 1808 487 1863 munia.
541 1810 797 1877 AlPatre
831 1808 1066 1878 ungitur
1112 1807 1423 1861 secundum
1476 1807 1666 1861 illud:
1726 1808 1896 1861 Untit
1928 1811 1978 1860 te

273 1900 421 1963 Deus,
458 1898 613 1951 Deus
663 1900 787 1949 tuus
830 1897 939 1950 oleo
986 1897 1206 1963 latitia,
1237 1901 1346 1950 etc.
1392 1896 1557 1965 (Psal.
1592 1894 1756 1963 xuv).
1808 1894 1975 1949 Unxit

271 2003 396 2040 eum
426 1984 679 2056 Spiritus
700 1989 929 2038 sanctus
971 1984 1284 2038 secundum
1321 1983 1521 2037 Isaiam
1546 1999 1559 2036 :
1588 1985 1836 2051 Spiritus
1875 1986 1973 2037 Do-

272 2075 401 2125 mini
438 2087 610 2141 super
648 2087 753 2137 me,
794 2086 851 2125 eo
890 2069 1036 2140 quod
1081 2073 1301 2124 unxerit
1347 2085 1428 2124 me
1458 2070 1583 2139 (lsa.
1642 2070 1772 2138 ιιι).
1837 2069 1975 2133 Quae

271 2166 456 2214 autem
492 2162 662 2214 Pater
690 2165 749 2213 et
773 2158 1019 2228 Spiritus
1051 2165 1297 2221 sanctus,
1343 2160 1463 2213 haec
1516 2156 1713 2212 eadem
1759 2156 1891 2211 facit
1920 2162 1978 2211 et

277 2248 460 2304 Filius.
503 2248 681 2315 Ungit
712 2262 851 2315 ergo
880 2246 1192 2299 secundum
1213 2245 1587 2311 divinitatem,
1623 2244 1863 2315 ungitur
1882 2260 1974 2298 se-

274 2338 523 2391 cundum
574 2335 1014 2389 humanitatem.
1071 2334 1225 2389 Unde
1265 2338 1320 2388 et
1362 2333 1557 2388 Daniel
1598 2333 1855 2387 oblatum
1904 2334 1977 2387 il-

276 2426 389 2480 lum
428 2425 613 2488 videt,
664 2422 998 2477 offerentem
1040 2438 1158 2476 non
1211 2420 1381 2487 videt,
1419 2421 1554 2493 quia
1606 2421 1978 2493 semetipsum

278 2523 457 2578 oﬁ'ert.
520 2520 698 2577 Unxit
726 2535 865 2591 ergo
896 2520 1112 2591 Moyses
1159 2523 1215 2574 et
1253 2519 1438 2586 offert,
1481 2518 1691 2573 Christi
1731 2519 1977 2591 ﬁguram

279 2626 505 2682 gerens.

344 2701 506 2754 Vens.
556 2702 614 2753 tl
655 2727 723 2739 -—
752 2698 1128 2765 Sanctiﬁcant.
1162 2695 1376 2767 (Oam.)
1433 2695 1732 2767 Signiﬁcat
1783 2711 1979 2767 super-

278 2804 405 2844 nam
452 2792 782 2843 creaturam
842 2785 1295 2840 sanctiﬁcatione
1341 2790 1535 2839 nostra
1572 2785 1859 2840 ditatam:
1920 2785 1979 2839 id

279 2884 376 2947 est,
443 2893 555 2949 per
610 2891 848 2931 carnem
906 2874 1265 2929 Dominicam
1321 2890 1388 2929 ex
1446 2874 1611 2928 nobis
1666 2879 1973 2946 sumptam.

2084 1809 2454 1879 actionesque
2504 1807 2704 1876 bonas,
2733 1813 2789 1863 et
2812 1810 3305 1864 conversationem
3334 1810 3677 1876 celebratur,
3714 1816 3777 1865 ut

2086 1896 2475 1951 inobedientia
2530 1897 2669 1952 Ades
2720 1904 2979 1953 carentes
3043 1897 3336 1969 Unigeniti
3391 1898 3779 1954 obedientiam

2084 2000 2529 2056 consequamur.

2154 2076 2349 2129 Manus
2392 2075 2531 2143 ejus,
2582 2078 2689 2129 etc.
2730 2075 2798 2130 Ut
2845 2074 2905 2129 in
2937 2074 3089 2130 bona
3119 2075 3342 2132 actione
3370 2076 3781 2133 confortemur.

2085 2161 2492 2218 Confortantur
2521 2162 2673 2217 enim
2724 2178 2854 2235 quas
2888 2168 3202 2235 unguntur,
3246 2165 3620 2222 destruantur
3650 2182 3779 2237 quae

2087 2267 2203 2307 non
2235 2259 2553 2324 unguntur.
2612 2253 2717 2308 Ubi
2771 2252 2927 2307 enim
2976 2254 3169 2308 unctio
3202 2269 3322 2308 non
3350 2254 3460 2308 fuit
3488 2255 3782 2325 sanguinis

2084 2338 2387 2408 immolati,
2430 2342 2856 2413 percutiebatur
2910 2343 3206 2413 .Egyptus.
3261 2342 3372 2397 Sed
3413 2342 3570 2414 prius
3599 2359 3782 2397 sacer-

2088 2428 2210 2495 dos,
2242 2433 2297 2483 et
2328 2434 2526 2501 postea
2573 2430 2679 2486 ﬁlii
2726 2430 2848 2501 ejus
2890 2432 3255 2501 angebantur
3310 2431 3615 2502 sanguine,
3648 2432 3786 2502 quia

2086 2518 2344 2573 Christus
2376 2519 2594 2590 primus
2625 2519 2968 2592 sanguinem
3001 2518 3219 2591 accepit
3275 2518 3339 2574 in
3366 2535 3548 2587 caena,
3578 2520 3786 2575 deinde

2090 2606 2388 2679 discipulis
2413 2608 2589 2665 dedit.

2161 2696 2328 2752 Fudit
2355 2713 2517 2767 super
2566 2698 2760 2752 altare.
2822 2697 2962 2752 Cum
3016 2695 3172 2752 enim
3210 2695 3371 2763 bibit,
3423 2700 3479 2752 et
3510 2696 3784 2769 apostolis

2086 2785 2242 2840 dedit
2272 2785 2488 2852 bibere,
2544 2786 2969 2857 intelligibilem
3002 2785 3341 2857 sanguinem
3374 2802 3546 2857 super
3583 2787 3783 2852 altare,

2085 2874 2145 2928 id
2200 2878 2307 2943 est,
2367 2890 2577 2945 corpus
2621 2891 2790 2929 suum
2818 2874 2986 2929 fudit.
3046 2874 3291 2930 Ecclesia
3331 2879 3520 2929 autem
3576 2890 3785 2945 corpus

280 2968 465 3022 Unde:
498 2972 566 3020 ut
599 2971 789 3019 notum
817 2963 976 3035 fieret
1005 2963 1345 3034 principibus
1382 2967 1433 3018 et
1477 2962 1834 3033 potestatibus
1879 2979 1977 3033 per
2010 2987 2049 3042 (ς
2089 2962 2330 3030 Christi;
2359 2962 2511 3017 unde
2552 2964 2767 3018 Marcus
2799 2979 2812 3018 :
2855 2966 2926 3018 Et
2961 2977 3194 3030 sumens,
3239 2966 3450 3031 gratias
3495 2978 3660 3032 agens
3690 2963 3783 3017 de-

277 3058 550 3111 ecclesiam
562 3101 574 3118 ,
608 3058 722 3108 etc.

343 3146 507 3198 Vens.
577 3146 657 3197 ιλ
691 3171 759 3183 -
788 3140 1066 3203 Fundens,
1126 3146 1235 3196 etc.
1288 3141 1474 3211 Caput
1514 3139 1720 3196 Christi
1767 3138 1977 3194 divini-

278 3240 372 3286 tas.
425 3233 590 3287 Sicut
635 3231 790 3284 enim
841 3237 1012 3301 caput
1067 3247 1099 3283 a
1148 3228 1388 3299 pedibus
1416 3246 1532 3283 non
1562 3227 1851 3293 dividitur,
1899 3229 1978 3283 sic

282 3338 374 3375 nec
400 3320 676 3376 divinitas
711 3319 920 3373 Christi
951 3318 1022 3372 ab
1080 3317 1438 3371 humanitate
1472 3321 1597 3388 post
1645 3316 1975 3371 unctionem

281 3412 321 3478 il
358 3412 480 3464 Cor.
511 3410 622 3477 xi).
676 3407 837 3462 Unde
868 3407 946 3461 ait
977 3422 991 3460 :
1025 3407 1196 3462 Unarit
1244 3410 1293 3460 te
1322 3409 1482 3471 Deus,
1512 3407 1659 3460 Deus
1689 3413 1836 3471 tuus,
1868 3410 1975 3460 etc.

283 3500 449 3568 (Psat.
482 3498 623 3566 Liv.)
651 3496 742 3552 Sic
770 3495 925 3550 enim
967 3496 1115 3550 Deus
1140 3495 1375 3565 ungitur
1403 3500 1462 3549 et
1498 3494 1906 3549 sanctiﬁcatur.

345 3589 504 3643 Vens.
578 3589 662 3640 l3.
722 3615 791 3626 —
822 3584 1014 3645 Filios,
1065 3589 1168 3638 etc.
1210 3584 1409 3652 (Onie.,
1470 3584 1567 3637 ubi
1614 3583 1832 3652 supra.)
1878 3585 1977 3637 At-

285 3678 443 3731 tende
476 3673 867 3731 diﬁ'erentiam
916 3673 1207 3727 minorum
1233 3671 1594 3726 sacerdotum
1638 3672 1708 3726 ad
1739 3672 1981 3743 majores

282 3771 399 3829 etc.,
431 3778 610 3833 usque
640 3762 716 3816 ad
744 3761 966 3818 etiamsi
993 3759 1167 3831 primi
1196 3775 1412 3815 nomen
1454 3759 1758 3830 acceperit.

355 3855 715 3922 Vestivitque,
787 3855 895 3905 etc.
951 3850 1109 3904 Filiis
1172 3852 1361 3903 Aaron
1383 3847 1597 3903 similes
1661 3848 1871 3903 tunicae
1922 3852 1979 3902 et

284 3959 435 3997 ZODiB
481 3942 574 3996 vel
632 3938 808 3994 baltei
853 3942 911 3992 et
948 3937 1167 3992 cidares
1212 3937 1300 3991 vel
1347 3936 1533 3991 mitras
1578 3937 1976 4008 imponuntur,

284 4034 466 4102 ipsum
497 4030 658 4084 enim
688 4028 958 4093 induunt,
987 4026 1111 4098 ipso
1158 4024 1486 4095 cinguntur,
1531 4025 1720 4095 ipsum
1755 4028 1982 4095 portant

283 4120 336 4174 in
364 4120 586 4192 capite;
621 4117 807 4173 lumbi
852 4116 1011 4170 enim
1067 4114 1499 4185 praecinguntur
1531 4114 1787 4179 veritate,
1848 4129 1979 4183 quas

281 4215 360 4264 est
387 4209 671 4269 Christus,
729 4210 787 4260 et
829 4204 1151 4259 induantur
1180 4201 1353 4257 lorica
1385 4202 1665 4274 justitiaa:
1721 4200 1980 4257 Christus

284 4304 473 4353 autem
519 4294 749 4367 justitia
798 4298 883 4349 est
919 4292 1064 4348 sicut
1110 4296 1166 4346 et
1194 4291 1360 4363 galea
1388 4291 1607 4361 salutis,
1656 4291 1782 4362 ipse
1824 4290 1979 4346 enim
2008 4274 2053 4330 Ῑ)

285 4392 361 4440 est
386 4387 641 4440 salutare
667 4380 789 4437 Dei.

353 4476 519 4529 Vens.
551 4473 636 4528 14.
667 4501 739 4512 -—
767 4469 991 4534 Obtulit,
1021 4472 1127 4522 etc.
1166 4467 1375 4538 (lsicn.)
1400 4466 1537 4531 Quae
1566 4466 1640 4520 sit
1672 4466 1844 4538 hujus
1900 4467 1980 4521 le-

288 4564 366 4633 gis
394 4563 599 4628 virtus,
631 4565 764 4625 etc.,
790 4574 962 4627 usque
989 4556 1064 4611 ad
1088 4555 1405 4610 necessario
1425 4561 1619 4609 autem
1654 4555 1761 4609 ﬁlii
1790 4559 1981 4610 Aaron

289 4659 560 4723 tanquam
600 4646 1089 4704 communicantes
1136 4642 1190 4699 ei
1236 4641 1512 4698 sacriﬁcio
1555 4658 1761 4697 manus
1802 4642 1984 4714 impo-

294 4746 451 4796 nunt.

359 4829 550 4899 (Auo.,
586 4830 777 4896 quast.
829 4826 898 4879 23
957 4824 1020 4876 in
1078 4821 1276 4891 Leuit.)
1337 4820 1477 4875 Cum
1524 4818 1802 4874 sacriﬁcia
1878 4834 1983 4891 pro

289 4916 529 4986 peccatis
573 4916 939 4977 memoraret,
1002 4915 1110 4965 etc.
1159 4923 1328 4977 usque
1386 4906 1461 4960 ad
1520 4911 1580 4961 et
1633 4907 1981 4979 sanguinem

292 5006 475 5060 fusum
496 5004 568 5059 ad
600 5002 783 5057 basim
806 4999 1000 5055 altaris
1028 4996 1457 5052 sacriﬁciorum.

354 5094 582 5157 Obtulit,
633 5097 745 5145 etc.
810 5089 1020 5159 (Isica.)
1091 5086 1201 5141 Lex
1239 5084 1591 5139 sacerdotem
1649 5083 1710 5138 in
1774 5085 1975 5139 multis

296 5182 577 5236 Christum
630 5180 1001 5250 ﬁgurantem,
1061 5180 1192 5241 etc.,
1232 5189 1401 5242 usque
1458 5173 1533 5227 ad
1589 5172 1789 5228 ovibus
1841 5189 1987 5245 pras-

298 5277 577 5425 militum,
608 5368 713 5412 etc.
765 5354 1163 5426 Mysteriorum
1222 5353 1613 5419 traditionem,
1672 5358 1729 5409 et
1777 5354 1987 5425 pascha

302 5448 619 5520 mysticum,
660 5445 816 5518 quod
862 5444 1120 5499 Christus
1171 5442 1477 5497 celebravit
1508 5457 1640 5495 cum
1694 5441 1987 5513 discipulis

306 5538 413 5591 suis
442 5536 660 5605 (Matth.
712 5532 887 5602 xxvi),
929 5531 1216 5604 signiﬁcat
1260 5532 1444 5585 aries:
1476 5529 1739 5585 secundus
1791 5530 1985 5605 nomi-

2087 3050 2173 3105 dit
2202 3053 2300 3118 eis,
2338 3056 2389 3106 et
2439 3052 2685 3107 biberunt
2712 3068 2781 3106 ea:
2831 3068 2888 3106 eo
2917 3067 3115 3119 omnes,
3154 3056 3206 3107 et
3244 3052 3395 3109 dixit
3429 3055 3539 3107 eis:
3577 3054 3679 3108 llic
3706 3056 3786 3107 est

2085 3143 2312 3209 sanguis
2355 3155 2501 3196 meus
2546 3143 2674 3195 novi
2715 3143 3021 3196 testamenti
3064 3143 3160 3210 qui
3200 3157 3299 3212 pro
3324 3144 3510 3197 multis
3538 3141 3783 3211 effunde-

2088 3234 2185 3285 tur
2219 3229 2412 3299 (Marc.
2443 3230 2577 3301 xiv).

2158 3320 2397 3389 Adipem
2462 3335 2606 3374 vero.
2657 3318 2806 3384 Quid
2860 3318 2981 3374 haec
3037 3317 3385 3390 signiﬁcent,
3431 3318 3490 3374 in
3545 3319 3780 3375 salutari

2088 3406 2385 3472 sacriﬁcio,
2437 3408 2527 3463 vel
2584 3409 2950 3478 paciﬁcorum
3025 3407 3241 3462 dictum
3290 3413 3394 3475 cst,
3463 3409 3587 3464 LXX
3651 3424 3784 3464 vero

2086 3512 2191 3568 pro
2240 3496 2438 3561 cauda,
2488 3496 2777 3564 lumbum;
2839 3512 2943 3568 pro
2999 3496 3305 3563 intestinis,
3360 3497 3779 3563 ventriculum;

2087 3589 2144 3639 et
2191 3600 2296 3654 pro
2350 3584 2586 3639 reticulo
2624 3584 2855 3655 jecoris,
2904 3584 3144 3656 pinnam
3194 3585 3377 3656 epatis
3426 3585 3781 3641 ediderunt:

2090 3689 2206 3726 non
2245 3673 2455 3727 frustra
2510 3679 2706 3729 autem
2743 3672 2918 3728 etiam
2958 3689 3111 3728 nunc
3139 3673 3201 3728 in
3231 3674 3408 3730 ariete
3440 3690 3781 3730 commemo-

2093 3766 2314 3816 rantur.

2164 3850 2326 3903 Vens.
2358 3851 2426 3902 26
2476 3878 2545 3890 —
2594 3850 2872 3904 Canistro.
2909 3850 3051 3915 LXX,
3097 3850 3456 3905 canistrum:
3512 3866 3789 3906 consum-

2089 3936 2377 4004 mationis,
2420 3952 2549 4007 qua:
2616 3943 2701 3991 est
2740 3937 2941 4007 lingua
2973 3938 3219 4005 Domini,
3254 3954 3385 4011 quas
3434 3940 3785 4012 praecipuam

2090 4026 2514 4097 perfectamque
2568 4026 2881 4080 doctrinam
2938 4026 3275 4080 introduxit.
3326 4028 3452 4081 Non
3490 4028 3649 4083 enim
3694 4046 3786 4083 ve-

2091 4114 2176 4168 nit
2213 4114 2429 4168 solvere
2461 4114 2670 4184 legem,
2707 4114 2804 4168 sed
2844 4114 3161 4185 adimplere
3198 4114 3413 4183 (Matth.
3466 4115 3606 4186 χιιι).
3659 4117 3788 4171 Haec

2091 4201 2238 4257 bene
2292 4201 2605 4260 canistrum
2676 4202 2883 4257 dicitur
2930 4206 3166 4273 propter
3232 4206 3449 4257 textum
3514 4203 3786 4259 doctrinae

2091 4291 2232 4361 ejus,
2265 4306 2397 4345 cum
2445 4292 2626 4345 multa
2667 4290 2730 4346 in
2784 4291 3068 4362 parabolis
3120 4290 3359 4347 dixerat.
3406 4292 3538 4347 Erat
3595 4298 3786 4347 autem

2091 4383 2151 4433 et
2188 4378 2468 4433 ferculum
2513 4383 2570 4433 et
2601 4394 2799 4433 mensa
2854 4378 3025 4433 totius
3081 4378 3377 4437 doctrinm.
3432 4381 3601 4434 Recte
3649 4396 3786 4452 ergo

2090 4467 2161 4523 de
2204 4466 2450 4523 canistro
2494 4468 3003 4525 consummationis
3052 4469 3352 4541 mysticum
3404 4484 3610 4541 panem
3647 4486 3784 4542 pro-

2096 4562 2286 4628 ponit.

2162 4648 2386 4701 Panem.
2436 4646 2823 4717 Apostolicam
2873 4644 3211 4700 doctrinam.
3284 4645 3665 4717 legalemque,
3730 4650 3787 4700 et

2094 4733 2509 4806 propheticam.
2582 4734 2691 4789 Lex
2743 4734 2917 4802 enim,
2959 4738 3015 4789 et
3067 4734 3388 4805 prophetae,
3437 4740 3495 4789 et
3540 4734 3782 4805 apostoli

2093 4822 2434 4878 memoriam
2459 4822 2582 4893 ejus
2625 4822 2859 4876 faciunt.
2914 4823 3019 4876 Lex
3051 4822 3205 4876 enim
3234 4820 3368 4876 dicit
3401 4837 3415 4876 :
3450 4823 3547 4875 Hic
3577 4827 3654 4876 est
3683 4838 3786 4891 pa-

2090 4912 2177 4966 nis
2240 4926 2396 4980 quem
2450 4910 2602 4965 dedit
2649 4907 2799 4965 vobis
2832 4908 3097 4963 Dominus
3152 4908 3353 4978 (Exod.
3416 4910 3583 4981 χχνι).
3645 4911 3784 4965 Pro-

2092 4999 2269 5070 pheta
2319 5001 2511 5053 autem
2544 5014 2558 5052 :
2615 5000 2782 5054 Panis
2830 4998 2946 5067 ejus
2977 4996 3220 5063 dabitur,
3252 5001 3357 5053 etc.
3393 4998 3527 5069 (lsa.
3571 5002 3785 5065 χχχιιι)

2095 5086 2435 5157 Prophetica
2488 5091 2681 5142 autem
2747 5091 2806 5141 et
2855 5085 3055 5155 legalis
3111 5084 3367 5141 doctrina
3436 5087 3627 5142 minus
3686 5104 3789 5143 nu-

2093 5176 2276 5231 triunt
2304 5192 2478 5247 quam
2510 5174 2834 5246 apostolica.
2871 5174 3028 5230 Unde
3060 5176 3268 5230 Paulus
3301 5192 3315 5231 :
3349 5178 3536 5232 Posuit
3557 5180 3695 5233 Deus
3730 5178 3787 5231 in

2094 5266 2315 5321 ecclesia
2386 5266 2627 5333 primum
2718 5264 3014 5332 apostolos,
3092 5263 3287 5319 deinde
3360 5266 3657 5336 prophetas
3747 5268 3790 5335 (Ι

2096 5355 2213 5411 Cor.
2246 5357 2365 5424 χιι).
2392 5350 2652 5423 Apostoli
2698 5356 2893 5407 autem
2930 5351 3074 5422 legis
3129 5356 3188 5406 et
3243 5355 3660 5424 prophetarum
3688 5354 3788 5409 du-

2094 5446 2232 5497 cunt
2262 5440 2605 5506 testimonia,
2639 5457 2739 5511 per
2771 5456 2900 5513 quae
2931 5439 3012 5494 eis
3042 5439 3315 5511 collyrida
3348 5446 3402 5495 et
3422 5441 3625 5513 lagana
3654 5447 3789 5496 sunt

2098 5530 2372 5601 subjecta.
