4038 6180
265 274 366 330 323

879 271 1270 328 WALAFRIDI
1311 273 1556 330 STRABI
1598 271 1802 330 FULD.
1845 272 2010 330 MON.
2053 273 2156 330 PP.
2198 275 2373 333 PARS
2409 277 2451 332 1.
2492 306 2562 316 -
2600 277 3054 337 THEOLOGICA.

3671 285 3775 339 3'24

329 397 400 452 Et
441 410 652 450 armum
683 394 873 466 (Gneo.
927 395 1076 451 lib.|
1131 398 1362 465 Regest.,
1403 412 1487 466 ep.
1519 397 1646 468 24.)
1674 395 1944 452 Sacerdos
1976 401 2021 454 A
2061 399 2210 469 gerit
2265 399 2513 471 ﬁguram
2594 401 2794 473 futuri,
2855 407 2911 458 et
2991 403 3508 460 consummationis
3563 407 3763 463 seculi

259 499 329 538 ex
376 489 663 555 pra'cepto
697 483 840 555 legis
887 499 1112 538 armum
1169 484 1454 552 dextrum,
1503 487 1649 554 etc.,
1679 499 1848 554 usque
1885 483 1960 538 ad
2068 489 2386 560 praesentis,
2421 490 2555 562 quia
2598 496 2818 561 septem
2874 493 3119 547 volvitur
3177 492 3400 549 diebus.
3459 495 3772 566 Oportebat

261 576 318 627 et
343 573 400 627 in
429 573 802 644 sequentibus
830 572 1042 642 Moyses
1071 571 1224 627 dicit.

327 661 490 716 Vens.
561 664 648 716 39.
721 690 789 702 —-
850 662 998 715 Tulit
1047 661 1435 730 pectusculum.
1493 663 1680 729 (Auo.,
1750 664 1946 732 quaest.

255 752 322 803 23
363 753 422 804 in
472 751 670 820 Leuit.)
701 748 973 820 Superius
1002 749 1137 820 quia
1181 749 1526 820 generaliter
1558 749 1951 821 praecipiebat,

259 845 388 906 etc.,
423 854 592 909 usque
642 839 717 894 ad
766 857 800 894 a
846 839 1132 910 principio
1184 841 1340 894 enim
1373 840 1629 896 dicitur:
1679 843 1811 911 Ipse
1853 840 1956 896 tibi

258 943 378 998 qua:
407 927 482 983 ad
509 929 786 998 pepulum,
827 932 884 983 tu
903 929 988 982 illi
1016 943 1136 997 qua
1163 929 1238 982 ad
1265 932 1449 985 Deum.

337 1018 500 1072 Vens.
595 1018 682 1072 30.
775 1046 844 1057 —
924 1021 1292 1087 Assumesque
1371 1021 1721 1084 unguentum.
1792 1017 1949 1088 (10.,

258 1110 448 1176 quast.
478 1105 588 1175 24.)
629 1105 920 1170 Ουωνὶῐιιι·
949 1109 1078 1174 post
1127 1110 1370 1159 mortem
1401 1105 1536 1161 Mosi
1587 1105 1716 1177 quis
1765 1122 1952 1176 unge—

260 1196 358 1249 bat
376 1195 750 1261 sacerdotem,
782 1197 909 1260 etc.,
943 1209 1112 1263 usque
1139 1194 1214 1250 ad
1239 1194 1603 1266 obsequendo
1633 1211 1752 1249 non
1774 1195 1952 1250 excel-

259 1284 450 1339 lendo.

327 1375 596 1442 Aspersit,
654 1376 759 1428 etc.
813 1371 1180 1443 Qumcunque
1214 1372 1275 1426 in
1325 1371 1489 1428 nobis
1519 1377 1653 1427 sunt
1697 1373 1848 1428 bona
1876 1372 1949 1427 ad

255 1478 389 1516 eum
420 1466 695 1533 tanquam
718 1465 893 1531 caput
909 1465 1170 1515 nostrum
1197 1461 1519 1516 reducenda
1551 1467 1714 1528 sunt;
1745 1462 1896 1516 unde
1931 1479 1943 1517 :

251 1554 355 1607 Pro
405 1554 480 1608 eis
535 1567 630 1619 ego
681 1552 957 1621 sanctiﬁco
976 1553 1239 1620 meipsum
1281 1555 1342 1606 ut
1371 1554 1484 1607 sint
1521 1556 1570 1606 et
1603 1553 1714 1621 ipsi
1741 1553 1945 1606 sancti-

2067 577 2220 632 enim
2251 583 2314 633 ut
2339 579 2538 634 eadem
2560 579 2650 634 die
2681 581 2972 637 adveniret
3000 582 3267 652 Spiritus,
3299 599 3412 654 qua
3459 585 3773 640 resurrexit

2064 665 2340 722 Christus.
2372 669 2526 722 Tunc
2583 669 2664 724 ait
2717 670 2905 724 vocari
2960 673 3153 726 Aaron
3211 675 3269 727 et
3314 672 3464 727 ﬁlios
3511 674 3657 743 ejus,
3711 679 3770 730 et

2063 755 2308 826 majores
2359 761 2534 812 natu:
2565 761 2701 812 tunc
2757 759 2908 813 enim
2942 763 3317 816 convocatum
3375 766 3462 815 est
3507 763 3770 818 Ecclesia:

2060 847 2473 916 spectaculum,
2504 845 2565 901 in
2626 863 2741 918 qua
2784 851 2869 902 est
2901 850 3112 914 Aaron,
3161 849 3218 903 id
3272 853 3376 918 est,
3410 850 3669 906 Christus
3701 857 3758 908 et

2063 932 2170 988 ﬁlii
2209 933 2332 1004 ejus
2370 934 2470 1006 qui
2499 936 2629 990 altze
2667 940 2801 991 sunt
2829 937 3293 1002 conversationis,
3329 943 3387 993 et
3411 939 3542 995 ideo
3579 957 3762 996 sacer-

2063 1022 2207 1077 dotii
2238 1023 2506 1091 ministri,
2539 1028 2595 1079 et
2639 1025 2884 1097 majores
2915 1031 3074 1095 natu,
3135 1026 3194 1081 id
3252 1032 3350 1091 est,
3394 1030 3754 1102 presybteri:

2061 1127 2127 1166 ex
2157 1112 2247 1166 his
2273 1112 2426 1168 enim
2447 1129 2654 1186 corpus
2683 1116 2942 1170 Ecclesiae
2963 1116 3240 1173 consistit.

2131 1221 2293 1275 Vsus.
2324 1223 2358 1275 2
2386 1250 2457 1262 —
2506 1223 2646 1276 Tolle
2690 1221 2775 1289 de,
2823 1228 2928 1277 etc.
2981 1223 3196 1294 Accipit
3244 1227 3432 1280 Aaron
3510 1225 3756 1284 vitulum

2058 1305 2121 1360 in
2158 1306 2554 1362 holocaustum
2594 1311 2649 1362 et
2693 1309 2952 1377 arietem,
2988 1315 3044 1364 et
3079 1310 3245 1366 offert
3283 1311 3538 1366 Domino.
3600 1315 3757 1369 Tunc

2058 1391 2215 1447 enim
2276 1391 2532 1448 Christus
2586 1393 2926 1449 sacrificium
2990 1412 3158 1450 suum
3234 1396 3566 1466 notiﬁcavit,
3623 1416 3754 1454 cum

2057 1481 2301 1552 Spiritus
2377 1483 2684 1537 adveniens
2745 1485 3004 1552 Parthos,
3082 1485 3291 1552 Medos,
3352 1487 3640 1555 Elamitas,
3700 1493 3758 1543 et

2056 1569 2315 1625 omnium
2346 1571 2605 1642 gentium
2644 1572 2927 1644 primitias
2971 1573 3039 1628 ad
3072 1573 3463 1646 apostolorum
3498 1590 3756 1630 caenacu-

252 1642 404 1700 ﬁcati
476 1643 537 1696 in
609 1641 855 1694 veritate.
926 1642 1132 1710 Aperte
1193 1638 1390 1710 igitur,
1442 1642 1907 1710 sanctiﬁcationen

252 1727 570 1755 ...μυξη-...η
600 1744 756 1755 ιιιιοισνι
794 1727 929 1755 λζ..ζό
982 1743 1108 1755 num
1139 1727 1507 1755 ..ηκιιιζιξιιηιζη
1557 1727 1724 1755 Α..ι....
1757 1729 1907 1755 “ALL.

2119 1674 2177 1712 ω
2204 1638 2424 1731 colligit
2449 1660 2591 1731 (Act.
2626 1638 2704 1730 ιὶ).

249 1727 571 1800 passionem
600 1744 762 1782 suam
793 1727 949 1792 dixit,
980 1743 1110 1798 quas
1139 1727 1509 1782 sanctiﬁcatio
1556 1727 1724 1783 datur
1755 1729 1939 1784 nobis.

319 1819 390 1872 Εἰ
427 1831 590 1887 super
647 1818 784 1886 ﬁlios
828 1815 1012 1886 (Auc.)
1074 1816 1200 1870 Non
1253 1816 1568 1887 apparebat
1625 1816 1754 1887 quis
1793 1816 1940 1872 tilio-

247 1921 379 1961 rum
423 1920 648 1960 summo
675 1905 953 1960 sacerdoti
976 1905 1340 1973 fsuccederet.
1379 1906 1502 1960 Non
1523 1904 1693 1960 lenim
1721 1905 1940 1976 primo-

250 1993 514 2067 genitum
555 1995 640 2048 vel
681 1993 961 2064 majorem
994 1993 1193 2047 deﬁnit
1235 1993 1544 2065 Scriptura,
1575 1994 1685 2049 nisi
1725 1995 1786 2049 in
1837 1994 1940 2049 ali-

249 2099 366 2156 quo
404 2081 598 2138 divino
651 2082 869 2154 judicio
923 2081 1110 2148 ﬁebat,
1160 2082 1420 2153 quamvis
1449 2099 1518 2137 ex
1571 2083 1940 2139 contentione

246 2171 466 2227 venisse
497 2171 774 2240 videatur,
814 2175 880 2225 ut
919 2175 1117 2242 postea
1149 2171 1343 2242 plures
1381 2171 1584 2227 ﬁerent
1620 2173 1941 2228 sacerdotes

246 2260 480 2327 summi,
537 2261 675 2332 quia
735 2260 1214 2315 contendentibus
1272 2259 1768 2315 excellentioribus
1823 2259 1940 2314 litis

245 2349 513 2405 ﬁniendas
543 2366 711 2404 causa
738 2349 998 2421 pluribus
1019 2349 1207 2404 honor
1235 2348 1358 2420 ipse
1388 2349 1769 2404 tribuebatur.

311 2439 476 2493 Vens.
530 2439 617 2494 31.
652 2469 719 2479 -
765 2440 934 2510 Panes
963 2453 1189 2507 quoque.
1255 2437 1465 2492 Carnes
1503 2452 1634 2492 cum
1689 2437 1937 2508 panibus

242 2527 464 2582 comedi
492 2527 782 2598 praecepit,
813 2531 879 2581 ut
917 2526 1306 2596 intelligamus
1341 2542 1546 2598 corpus
1577 2525 1802 2592 Christi,
1837 2526 1938 2598 qui

239 2633 368 2672 caro
411 2621 513 2683 est,
579 2616 744 2687 panis
800 2616 900 2687 qui
954 2616 1024 2671 de
1083 2615 1224 2670 coelo
1285 2614 1575 2670 descendit
1611 2617 1785 2684 (Joan.
1832 2617 1934 2686 vx),

239 2711 294 2761 et
324 2707 432 2761 hoc
458 2705 520 2760 in
545 2704 781 2760 ecclesia
807 2708 1031 2760 tantum
1053 2703 1224 2759 debet
1247 2703 1544 2760 celebrari.

313 2795 471 2851 VERS.
529 2796 615 2849 32.
665 2824 735 2835 —
795 2792 1080 2863 Quidquid
1129 2798 1326 2848 autem.
1381 2794 1493 2848 Hoc
1550 2792 1809 2847 videmus
1876 2793 1934 2849 in

239 2883 487 2940 Ecclesia
560 2882 704 2951 ﬁeri,
767 2887 823 2938 et
873 2898 1003 2953 quas
1069 2881 1474 2952 inconsumpta
1555 2881 1936 2935 remanserint

237 2971 467 3044 ignibus
495 2971 663 3027 tradi.
698 2972 820 3026 Non
846 2971 983 3026 dicit
1012 2976 1224 3038 autem,
1259 2974 1544 3042 quotquot
1587 2969 1787 3024 diebus
1837 2969 1932 3024 in-
1961 2986 2000 3042 ο

237 3065 575 3132 consumpta
618 3061 1017 3127 remanserint,
1058 3064 1122 3115 ut
1149 3075 1396 3130 semper,
1433 3059 1481 3114 si
1525 3058 1925 3125 remanserint,

235 3148 536 3204 tradantur
562 3148 685 3220 igni
719 3165 732 3204 :
764 3149 1032 3214 innuens,
1054 3152 1119 3203 ut
1157 3147 1203 3201 si
1233 3165 1266 3203 a
1297 3147 1642 3202 comestione
1665 3145 1927 3202 sacriﬁcii

237 3237 551 3304 deﬁcimus,
584 3253 688 3292 nec
737 3236 1081 3309 perscrutari
1113 3236 1388 3306 valemus,
1437 3241 1635 3291 utrum
1688 3251 1757 3290 ea
1797 3251 1927 3306 quas

233 3325 515 3394 videmus,
559 3325 748 3398 ipsum
784 3341 989 3397 corpus
1021 3324 1250 3379 Domini
1303 3324 1434 3391 sint,
1468 3341 1582 3379 non
1617 3329 1804 3378 tamen
1836 3340 1924 3379 re-

233 3414 586 3485 linquamus,
620 3415 715 3470 sed
748 3413 869 3485 igni
909 3414 1223 3481 tradamus,
1265 3417 1328 3468 ut
1380 3413 1640 3468 comedat
1681 3411 1927 3484 Spiritus

234 3508 460 3559 sanctus
497 3502 653 3575 quod
701 3519 818 3557 non
874 3518 1197 3573 possumus.
1232 3501 1495 3556 Comedit
1523 3506 1737 3567 autem,
1795 3515 1925 3555 cum

232 3591 546 3663 cogitamus
587 3591 639 3646 ei
667 3591 957 3662 possibilia
985 3606 1105 3645 esse
1135 3607 1263 3662 quas
1301 3606 1418 3645 non
1453 3605 1784 3660 possumus.

305 3681 463 3735 Veas.
500 3682 586 3737 33.
638 3711 707 3721 —
739 3682 814 3736 De
857 3681 1012 3735 ostio.
1070 3679 1365 3751 Signiﬁcat
1412 3678 1548 3751 quia
1605 3681 1728 3733 toto
1776 3682 1922 3733 tem-

231 3785 370 3839 pore
401 3769 698 3840 praesentis
726 3768 856 3823 vitae
881 3785 998 3824 non
1024 3773 1108 3823 est
1141 3768 1210 3824 de
1244 3768 1611 3823 tabernaculo
1652 3767 1923 3822 receden-

233 3858 393 3926 dum,
422 3859 522 3913 sed
549 3857 649 3913 Dei
677 3857 903 3913 servitio
935 3857 1333 3912 insistendum.

303 3948 496 4019 (Auo.,
541 3951 731 4016 quzst.
776 3947 846 4002 24
875 3947 936 4001 in
984 3946 1173 4015 Leuit.)
1206 3946 1292 4001 Ad
1325 3945 1539 4000 ostium
1569 3943 1922 4000 tabernaculi

230 4034 562 4101 testimonii,
592 4038 720 4103 etc.,
752 4049 922 4106 usque
974 4035 1050 4089 ad
1102 4033 1376 4090 habitatio
1407 4033 1622 4106 quippe
1670 4033 1779 4089 hoc
1824 4047 1924 4088 no-

230 4139 365 4179 men
388 4122 622 4195 accepit.

299 4213 511 4282 Septem
583 4213 743 4277 enim,
843 4210 1054 4282 (lsica.)
1138 4208 1625 4282 Quinquagesima
1727 4213 1916 4280 septe-

2126 1765 2378 1820 Vitulum
2410 1765 2576 1821 offert
2605 1768 2796 1823 Aaron
2825 1771 2883 1824 et
2933 1767 3192 1835 arietem,
3221 1767 3452 1840 quando
3481 1768 3750 1824 doctores

2052 1854 2316 1909 Ecclesia:
2386 1856 2652 1926 mysteria
2716 1856 2999 1928 passionis
3077 1857 3448 1925 annuutiant,
3517 1861 3574 1913 et
3643 1875 3748 1930 pro

2050 1943 2230 1997 salute
2252 1942 2491 1997 humani
2523 1943 2750 2014 generis
2775 1944 3059 1999 celebrata
3087 1944 3403 2001 insinuant.

2124 2032 2330 2086 Tollite.
2381 2031 2611 2086 Hircum
2655 2031 2985 2088 obtulerunt
3045 2034 3287 2105 apostoli
3335 2034 3426 2090 die
3483 2036 3750 2092 Penteco-

2048 2124 2160 2174 stes
2189 2120 2417 2191 quando
2443 2121 2642 2176 Petrus
2673 2121 2859 2191 pmnit
2887 2121 3102 2177 entiam
3135 2123 3485 2179 annuntians
3512 2123 3700 2197 inquit
3730 2142 3741 2178 :

2047 2209 2434 2265 Conuerlimini
2449 2211 2501 2263 et
2533 2213 2678 2278 agite
2702 2209 3103 2280 paenitentiam.

2124 2299 2306 2370 (Ana,
2339 2303 2526 2367 quast.
2567 2301 2634 2354 26
2665 2302 2724 2354 in
2753 2300 2949 2371 Levit.)
3000 2299 3248 2372 Accipite
3285 2300 3509 2356 hircum
3541 2317 3606 2356 ex
3647 2317 3742 2355 ca—

2043 2383 2164 2455 pris
2194 2401 2398 2446 unum.
2432 2390 2564 2454 etc.,
2591 2403 2758 2457 usque
2777 2389 2851 2444 ad
2873 2388 2970 2444 ubi
2994 2393 3185 2444 autem
3221 2389 3492 2457 universi,
3550 2389 3631 2445 ibi
3684 2396 3738 2443 et

2046 2472 2277 2544 singuli,
2303 2475 2398 2530 sed
2428 2490 2544 2530 non
2576 2477 2946 2532 convertitur.

2117 2582 2274 2635 Vens.
2323 2583 2375 2636 6.
2436 2612 2506 2623 —
2560 2585 2664 2638 Isle
2716 2599 2906 2651 sermo,
2961 2591 3067 2640 etc.
3107 2585 3463 2652 Sermonem,
3523 2585 3740 2640 scilicet

2043 2685 2165 2725 rem
2197 2670 2560 2741 imperatam.
2611 2675 2720 2728 Hoc
2773 2675 2941 2740 facile
2986 2677 3044 2728 in
3087 2691 3258 2730 meam
3282 2677 3738 2730 commemoratio-

2043 2775 2163 2814 nem
2218 2762 2370 2826 (Luc.
2422 2761 2581 2833 xxu).
2631 2763 2969 2820 Sermonem
3011 2770 3200 2820 autem
3236 2765 3393 2832 dicit,
3430 2764 3566 2836 quia
3603 2765 3740 2835 plus

2042 2849 2102 2905 in
2139 2867 2404 2905 sermone
2453 2853 2845 2910 consideratur
2891 2857 2977 2911 vel
3007 2856 3261 2911 constitit
3289 2855 3460 2927 hujus
3500 2855 3738 2927 dispen-

2042 2941 2184 2996 satio
2235 2942 2510 3013 mysterii,
2551 2947 2607 2997 et
2663 2943 2912 3000 maxime
2961 2945 3256 3000 Dominico
3287 2945 3460 3000 verbo
3507 2961 3575 2999 ea
3606 2961 3738 3015 quae

2041 3037 2322 3100 apparent
2359 3030 2420 3085 in
2467 3031 2623 3086 aliud
2653 3034 2836 3104 majus
2868 3038 2924 3088 et
2947 3033 3305 3103 intelligibile
3336 3033 3732 3087 transferente.

2039 3118 2200 3174 Unde
2229 3123 2286 3173 et
2322 3119 2391 3174 de
2429 3135 2642 3175 manna
2668 3121 2748 3176 ait
2783 3138 2797 3176 :
2825 3122 2942 3177 Hic
2969 3127 3047 3177 est
3071 3123 3232 3192 panis
3262 3137 3419 3191 quem
3445 3119 3597 3174 dedit
3634 3135 3729 3174 vo-

2037 3206 2117 3260 bis
2172 3205 2438 3262 Dominus
2469 3207 2544 3261 ad
2604 3207 2958 3271 conitendum,
3035 3211 3124 3264 hic
3192 3214 3272 3264 est
3338 3224 3513 3264 sermo
3575 3223 3734 3276 quem

2033 3294 2311 3347 constituit
2341 3295 2595 3350 Dominus
2625 3295 2822 3366 (Exod.
2854 3297 2988 3367 xvr).
3027 3297 3091 3352 In
3136 3296 3227 3352 his
3264 3313 3401 3368 ergo
3449 3294 3737 3366 signiﬁcat

2035 3380 2170 3451 quia
2195 3387 2452 3438 sanctum
2484 3384 2817 3454 mysterium
2863 3385 2979 3440 illis
3015 3387 3316 3457 agentibus
3367 3390 3423 3440 et
3475 3383 3735 3440 Domini-

2033 3483 2156 3522 cam
2198 3483 2417 3524 caenam
2457 3470 2886 3527 celebrantibus
2933 3472 3164 3528 advenit
3205 3471 3450 3544 Spiritus
3480 3474 3730 3526 sanctus.

2033 3557 2165 3612 Erat
2183 3557 2338 3613 enim
2383 3558 2502 3613 dies
2533 3559 2880 3629 Dominicus,
2914 3561 2973 3616 in
3018 3578 3132 3633 quo
3169 3560 3476 3632 oportebat
3503 3564 3732 3630 aposto-

2031 3645 2122 3700 los
2171 3661 2327 3700 sacra
2381 3646 2666 3703 celebrare
2734 3649 3058 3720 mysteria:
3110 3663 3356 3720 quorum
3425 3651 3732 3719 sequentes

2031 3734 2366 3790 traditiones
2441 3736 2796 3792 Dominicam
2869 3738 3022 3793 diem
3089 3737 3296 3794 divinis
3351 3735 3730 3792 conventibus

2033 3820 2388 3891 deputamus.
2430 3822 2705 3876 Similiter
2747 3829 2805 3890 et
2850 3824 3139 3879 Christum
3188 3825 3321 3894 post
3365 3821 3730 3884 resurrectio-

2031 3923 2164 3963 nem
2205 3923 2311 3979 per
2349 3910 2647 3980 mysticam
2675 3927 2895 3968 coenam
2926 3916 2983 3969 et
3010 3913 3173 3987 panis
3201 3911 3537 3968 fractionem
3567 3910 3729 3966 inve-

2030 3997 2222 4052 nimus
2253 3998 2702 4054 manifestatum.

2103 4105 2262 4160 Vaas.
2289 4110 2339 4160 7.
2365 4108 2436 4161 Et
2473 4105 2694 4160 immota
2719 4120 2820 4174 pro
2844 4112 3080 4176 peccato,
3140 4111 3248 4174 etc,
3297 4107 3483 4179 (Aura,
3531 4111 3726 4174 quast.

2028 4193 2186 4247 27in
2221 4192 2440 4263 Levit.).
2488 4194 2613 4248 Alia
2667 4194 2879 4264 littera,
2939 4200 3072 4263 etc.,
3127 4210 3298 4266 usque
3352 4195 3428 4250 ad
3474 4208 3592 4250 non
3639 4197 3728 4250 est

227 4300 390 4357 nario
430 4301 488 4354 in
525 4316 584 4355 se
624 4299 1020 4371 multiplicato,
1055 4302 1185 4364 etc.,
1226 4313 1396 4368 usque
1437 4297 1512 4352 ad
1560 4297 1925 4352 observantes
1965 4272 2007 4328 θ
2030 4295 2255 4336 necesse
2275 4297 2448 4352 super
2467 4281 2866 4337 ῙιοῘοοδυείαω
2895 4281 3138 4354 imponi-

227 4389 514 4444 custodias
549 4387 794 4454 Domini,
827 4391 934 4441 etc.

297 4479 456 4533 Vens.
504 4479 592 4533 36.
624 4506 697 4517 —
731 4476 1118 4545 Feceruntque,
1147 4477 1255 4528 etc.
1313 4474 1505 4527 Aaron
1551 4472 1921 4544 conjungitur

225 4567 386 4634 filiis,
419 4582 521 4620 nec
550 4566 665 4621 exit
693 4565 763 4620 de
801 4565 982 4636 jauua
1018 4562 1395 4618 tabernaculi.
1431 4563 1554 4633 Ipse
1601 4563 1756 4617 enim
1796 4565 1919 4618 erat

227 4654 642 4727 praedicandus,
677 4659 733 4709 et
760 4653 821 4708 in
848 4651 930 4708 eis
961 4652 1394 4723 praedicaturus,
1427 4651 1572 4705 sicut
1621 4650 1743 4722 ipse
1781 4666 1914 4706 con-

228 4749 409 4801 secret
445 4744 572 4800 etin
602 4743 874 4800 membris
902 4747 1284 4798 consecratur.

896 4875 1121 4932 CAPUT
1153 4875 1238 4931 1X.

297 5011 466 5066 Vsus.
500 5014 547 5066 l.
579 5039 649 5054 -—
694 5011 898 5068 Octava
941 5008 1051 5078 die,
1099 5011 1206 5062 etc.
1245 5006 1452 5062 Octava
1490 5004 1610 5062 dies
1644 5009 1774 5076 post
1811 5004 1912 5060 de-

227 5100 570 5155 dicationem
602 5099 881 5170 signiﬁcat
913 5097 1063 5152 diem
1112 5097 1487 5157 Pentecostes,
1521 5109 1636 5164 quo
1672 5093 1913 5164 Spiritus

225 5194 454 5244 sanctus
484 5187 717 5243 advenit
746 5188 889 5259 (Act.
935 5189 1016 5252 ιι).
1067 5185 1298 5257 Septem
1326 5201 1460 5239 vero
1492 5200 1526 5237 a
1552 5181 1910 5237 dedicatione

227 5277 348 5333 dies
379 5277 630 5331 innuunt
667 5275 876 5345 septies
909 5279 1125 5345 septem
1161 5273 1301 5342 dies,
1335 5270 1436 5344 qui
1461 5271 1693 5326 fuerunt
1731 5286 1763 5324 a
1817 5283 1912 5322 re-

223 5365 574 5421 surrectione
609 5379 787 5435 usque
818 5363 884 5418 ad
921 5363 1312 5429 Pentecosten,
1341 5359 1554 5416 scilicet
1597 5360 1686 5425 49,
1723 5357 1913 5414 addito

223 5454 385 5528 quasi
408 5457 605 5509 octavo
632 5451 757 5526 ipso
783 5451 874 5506 die
906 5452 1281 5507 Pentecostes.

294 5544 627 5599 Pentecoste
725 5555 854 5612 quae
943 5538 1182 5609 contigit
1267 5537 1362 5595 die
1451 5534 1908 5603 resurrectionis,

2089 4385 2237 4454 Olfer
2293 4387 2679 4454 holocaustum,
2745 4391 2852 4443 etc.
2933 4388 3056 4444 Non
3117 4387 3252 4444 dicit
3321 4385 3725 4442 holocaustum

2025 4474 2554 4538 consummationis,
2579 4479 2641 4530 ut
2655 4491 2849 4547 supra,
2872 4475 3102 4547 quando
3124 4475 3375 4530 oblatum
3399 4479 3485 4528 est
3505 4477 3564 4528 ut
3595 4489 3728 4528 san-

2025 4561 2368 4616 ctiﬁcatione
2391 4567 2911 4631 consummaretur,
2935 4567 2997 4618 ut
3027 4561 3343 4618 sacerdotio
3359 4562 3722 4632 fungeretur,

2025 4665 2140 4722 quo
2167 4650 2528 4722 fungebatur.
2554 4650 2878 4706 Notandum
2909 4667 3042 4704 sane
3059 4666 3189 4705 cum
3222 4665 3326 4722 pro
3348 4650 3564 4722 populo
3580 4649 3725 4704 olfe-

2023 4743 2230 4794 runtur
2266 4738 2539 4794 sacriﬁcia
2590 4745 2647 4794 et
2675 4755 2779 4810 pro
2826 4744 3058 4811 peccato
3087 4738 3362 4794 sacriﬁcia
3402 4753 3524 4794 esse
3560 4737 3727 4810 jussa

2023 4827 2238 4899 offerri,
2289 4833 2346 4882 et
2393 4828 2787 4883 holocaustum
2819 4833 2875 4882 et
2921 4826 3260 4882 sacriﬁcium
3287 4826 3568 4882 salutaris.
3612 4827 3725 4880 Pro

2021 4917 2313 4972 sacerdote
2365 4931 2500 4970 vero
2538 4915 2792 4970 oblatum
2839 4913 3012 4970 fuisse
3040 4931 3146 4986 pro
3171 4920 3421 4986 peccato,
3468 4918 3524 4971 et
3563 4914 3724 4970 holo~

2022 5009 2280 5060 caustum
2337 5001 2861 5071 consummationis,
2915 5018 3032 5058 non
3079 5002 3363 5059 salutaris.
3419 5003 3530 5058 Sed
3581 5018 3721 5059 cono

2019 5091 2420 5147 summatiouis
2469 5092 2727 5147 oblatum
2780 5096 2885 5162 est,
2923 5092 3155 5163 quando
3205 5090 3542 5146 sanctiﬁcati
3586 5097 3726 5145 sunt

2021 5180 2359 5236 sacerdotes.
2413 5181 2477 5235 Et
2520 5180 2642 5235 haec
2693 5180 2900 5234 obtulit
2977 5180 3194 5250 Moyses
3251 5195 3356 5252 pro
3417 5184 3608 5235 Aaron
3662 5185 3725 5234 et

2021 5268 2155 5325 ﬁliis
2185 5269 2321 5337 suis,
2350 5272 2550 5340 postea
2579 5284 2712 5323 vero
2741 5271 2930 5323 Aaron
2961 5269 3085 5339 jam
3122 5268 3438 5324 sacerdotio
3467 5268 3716 5339 fungens

2019 5358 2352 5432 praecipitur
2372 5374 2476 5429 pro
2509 5375 2568 5412 se
2588 5357 2790 5412 oll‘erre
2822 5358 3066 5414 vitulum
3093 5375 3197 5431 pro
3228 5362 3476 5431 peccato,
3501 5363 3558 5413 et
3579 5358 3723 5414 arie-

2019 5451 2138 5503 tem
2169 5447 2230 5501 in
2260 5447 2654 5502 holocaustum
2676 5462 2793 5501 non
2821 5447 3358 5515 consummationis;
3394 5451 3530 5502 tunc
3559 5447 3718 5503 enim

2019 5533 2362 5593 offerebatur
2401 5537 2465 5590 ut
2494 5533 2936 5592 sanctiﬁcatione
2985 5538 3497 5601 consummaretur,
3544 5540 3602 5589 et
3632 5551 3719 5590 sa-
