4064 6186
253 260 341 314 325
1352 252 1607 309 GLOSSA
1643 252 2044 309 0RDINAHIA.
2082 282 2151 292 —
2195 252 2326 309 LIB.
2372 253 2590 310 LEVIT.

3645 254 3747 308 396

246 377 483 434 cerdotio
515 376 678 448 fungi
704 380 910 448 posset,
943 391 1060 448 quo
1088 391 1220 433 cum
1252 376 1621 449 fungebatur,
1666 393 1782 432 non
1814 382 1938 432 erat
1961 380 2002 434 A
2041 377 2159 433 sive
2194 377 2496 449 Elzaphan,
2532 378 2626 433 Dei
2650 375 3002 443 illuminatio,
3035 375 3121 431 vel
3156 378 3251 432 Dei
3298 377 3590 446 speculum.
3648 378 3743 432 llis

253 484 461 522 necesse
492 467 703 521 iterum
734 482 1157 521 consummare.

310 557 471 611 Vens.
500 558 552 610 8.
584 583 655 596 --
683 555 1006 623 Statimque,
1031 558 1138 609 etc.
1173 554 1392 624 (stcn.)
1421 554 1545 619 Qua
1591 570 1761 609 causa
1808 554 1930 609 haec

248 644 404 699 etiam
434 642 524 697 hic
548 641 823 697 sacriﬁcia
853 646 1202 713 peragantur
1218 643 1481 714 superius
1501 642 1768 709 diximus,
1794 648 1884 696 etc
1912 684 1925 709 ,

249 747 400 800 usque
428 731 503 785 ad
532 730 683 785 unde
722 730 782 785 in
836 746 1081 802 persona
1126 731 1429 786 sacerdotis
1456 736 1765 804 utrumque
1796 747 1927 802 per-

249 820 511 892 spicimus
538 820 815 875 oblatum.

302 912 482 980 (AUG.,
515 910 624 980 ubi
643 908 861 977 supra.)
914 908 1094 963 Movet
1142 908 1317 963 etiam
1367 908 1519 980 quod
1552 924 1684 964 cum
1709 909 1919 965 faceret

247 1002 421 1052 Aaron
472 978 643 1051 dona~
673 995 871 1067 populi
932 1012 1062 1067 quae
1108 1012 1284 1066 supra
1328 1004 1741 1063 memorantur,
1793 1003 1927 1066 etc.,

245 1102 400 1155 usque
427 1085 505 1139 ad
531 1089 842 1156 utrumque
871 1100 937 1139 ex
971 1089 1212 1156 utroque
1241 1084 1557 1152 animante,
1609 1085 1775 1155 quasi
1823 1102 1931 1155 pe—

248 1174 491 1229 ctuscula
519 1172 742 1226 dixerit.

307 1263 462 1316 Vens.
500 1265 586 1316 l5.
639 1290 701 1302 —
759 1259 838 1315 Et
892 1275 992 1330 pro
1036 1266 1276 1331 peccato,
1340 1265 1449 1316 etc.
1503 1260 1715 1329 (Istam)
1758 1260 1931 1331 Cujus

247 1351 359 1406 haac
384 1350 635 1421 ﬁguram
684 1349 948 1414 habeant,
998 1355 1126 1416 etc.,
1167 1365 1337 1419 usque
1376 1350 1451 1404 ad
1496 1356 1553 1404 et
1598 1366 1728 1423 qua».
1765 1350 1929 1405 doce-

247 1446 361 1494 rent
392 1439 697 1494 Ecclesiam
724 1437 995 1492 meditari
1025 1454 1143 1492 non
1173 1438 1491 1493 cessabant.

308 1529 617 1585 Extendens
636 1542 878 1593 manum,
905 1531 1013 1582 etc.
1054 1527 1239 1596 (Auo.,
1275 1527 1473 1593 Quaest.
1507 1529 1576 1581 28
1630 1529 1690 1582 in
1730 1527 1930 1598 Leuit.)

245 1618 321 1673 Ad
372 1618 550 1672 altare
603 1620 759 1670 stans
810 1616 1181 1682 deserviebat,
1216 1620 1348 1683 etc.,
1385 1632 1554 1686 usque
1584 1617 1659 1671 ad
1697 1616 1797 1689 qui
1854 1618 1933 1672 ibi

252 1708 451 1777 gradus
484 1705 780 1777 prohibuit
810 1720 952 1760 esse.

310 1795 470 1848 Vens.
503 1796 592 1847 22.
619 1822 693 1834 —
727 1794 918 1862 Sicque
945 1793 1221 1861 completis
1242 1795 1292 1847 et
1317 1796 1529 1848 caetera.
1566 1792 1784 1864 (lsrcn.)
1816 1793 1934 1848 Evi-

251 1884 440 1939 denter
473 1899 706 1938 omnem
732 1883 979 1953 ﬁguram
1005 1882 1262 1936 Ecclesiae
1291 1883 1413 1937 vult
1460 1898 1768 1954 exponere,
1801 1888 1932 1951 etc.,

250 1989 404 2044 usque
428 1972 507 2027 ad
531 1972 831 2043 sequentia
858 1971 1272 2025 demonstrant.

316 2063 475 2117 Vsus.
509 2061 600 2117 23.
632 2090 702 2102 —
743 2063 981 2129 Ingressi
1022 2065 1199 2116 autem
1242 2064 1447 2131 Moyses
1493 2065 1543 2115 et
1598 2061 1787 2116 Aaron
1843 2066 1935 2116 ta-

248 2153 587 2206 bernaculum
618 2152 934 2219 testimonii,
962 2154 1068 2204 etc.
1124 2150 1243 2218 (Ιο.)
1291 2150 1437 2214 Quia
1478 2150 1547 2205 de
1589 2150 1937 2221 intelligibili

248 2240 627 2306 tabernaculo,
672 2247 802 2305 etc.,
845 2254 1014 2310 usque
1059 2239 1135 2294 ad
1180 2238 1420 2293 idoneus
1465 2244 1551 2293 est
1600 2244 1662 2294 ut
1708 2243 1938 2312 praestet

248 2327 726 2383 benedictionem.

310 2418 551 2486 Ingressi
573 2421 770 2472 autem.
805 2414 1089 2471 Prmmisit
1116 2416 1371 2482 ingressi,
1403 2417 1460 2469 et
1490 2413 1683 2469 subdit
1711 2416 1932 2482 egressi,

247 2507 371 2577 quia
399 2507 665 2561 sacerdos
695 2504 1018 2576 ingreditur
1062 2503 1517 2573 tabernaculum,
1567 2503 1796 2575 quando
1830 2518 1934 2573 pro

247 2610 301 2648 se
326 2596 411 2650 vel
440 2610 551 2667 pro
598 2594 815 2664 populo
864 2597 1009 2659 orat,
1071 2593 1161 2647 vel
1215 2592 1425 2648 divinas
1466 2591 1937 2663 contemplationi

247 2688 429 2751 vacat;
479 2683 777 2754 egreditur
831 2698 963 2737 cum
1011 2681 1196 2748 docet,
1246 2682 1335 2736 vel
1383 2680 1669 2736 benedicit
1700 2681 1933 2752 populo,

244 2773 321 2828 vel
357 2788 490 2827 cum
522 2772 593 2826 ad
639 2770 1041 2825 conscientiam
1088 2769 1241 2825 redit
1282 2771 1689 2843 perscrutando
1731 2786 1814 2837 se,
1863 2786 1935 2825 ne

244 2862 373 2916 forte
403 2861 463 2916 in
495 2859 905 2933 prmdicatione
936 2854 1209 2914 oﬁ'endat.

2030 468 2162 538 jure
2194 466 2525 537 praecipitur
2557 471 2615 520 ut
2646 467 2847 519 tollant
2877 465 3068 519 Nadab
3098 472 3155 519 et
3180 464 3323 519 Abiu
3351 469 3511 518 extra
3532 470 3736 520 castra.

2040 554 2111 609 Hi
2141 555 2297 608 enim
2352 558 2573 608 sanctos
2621 553 2967 623 signiﬁcant.
3024 553 3124 623 qui
3180 570 3214 606 a
3265 554 3377 607 Deo
3428 552 3742 608 illuminati

2040 643 2228 714 ipsum
2275 642 2536 697 manibus
2580 641 2713 696 ﬁdei
2760 645 3081 709 attrectant,
3140 645 3197 695 et
3249 642 3429 695 Deum
3484 642 3737 711 perfecta

2038 733 2150 787 ﬁde
2178 732 2659 802 contemplantur.
2711 731 2866 786 Unde
2926 731 3070 785 bene
3121 730 3223 784 lilii
3255 730 3741 798 Ozielfdicuntur,

2039 821 2138 893 qui
2202 821 2485 890 signiﬁcat
2538 822 2939 889 Evangelium:
3000 820 3152 874 unde
3208 820 3483 890 patruelis
3552 822 3742 875 Aaron

2040 909 2211 964 fuisse
2232 908 2458 975 dicitur,
2492 908 2626 979 quia
2658 924 2865 977 magna
2915 907 3179 979 cognatio
3212 913 3297 962 est
3342 908 3633 978 Evangelii
3689 916 3747 963 et

2043 999 2223 1069 Legis.
2252 996 2621 1068 Evangelium
2652 1012 2901 1067 namque
2940 996 3217 1067 eXpositio
3250 1001 3334 1051 est
3374 998 3536 1069 Legis
3573 1013 3586 1051 :
3638 999 3742 1053 ﬁlii

2040 1092 2232 1142 autem
2286 1085 2572 1156 Evangelii
2622 1085 2915 1139 hmreticos
2971 1100 3103 1140 vere
3160 1090 3420 1140 mortuos
3476 1103 3510 1141 a
3542 1088 3743 1141 castris

2042 1175 2301 1233 Ecclesia:
2334 1174 2665 1228 detrudunt.
2699 1174 2794 1228 Vel
2825 1174 3054 1228 Misadai
3083 1178 3139 1229 et
3178 1174 3479 1245 Elisaphan
3510 1175 3732 1246 primus

2040 1266 2347 1320 attrectatio
2380 1265 2502 1327 Dei,
2538 1262 2596 1316 id
2626 1267 2712 1317 est
2737 1262 3001 1329 Misadai;
3035 1262 3339 1333 Elisaphan
3386 1263 3737 1334 interpreta-

2042 1359 2134 1409 tur
2164 1354 2380 1423 specula
2408 1353 2508 1407 Dei
2532 1354 2650 1406 mei.
2686 1351 3020 1422 Quicunque
3050 1351 3155 1405 scit
3186 1356 3487 1407 attrectare
3536 1353 3735 1419 Deum,

2044 1444 2100 1495 et
2136 1440 2417 1512 speculari
2469 1439 2676 1495 Christi
2720 1440 2932 1493 scilicet
2977 1456 3205 1493 carnem
3253 1445 3309 1493 et
3357 1439 3736 1507 divinitatem,

2043 1529 2189 1584 sicut
2217 1531 2461 1585 Thomas
2483 1527 2583 1599 qui
2612 1542 2787 1581 manu
2814 1530 3170 1580 contrectans
3194 1541 3425 1580 carnem
3468 1524 3689 1580 dicebat
3721 1541 3733 1579 :

2048 1621 2183 1674 Deus
2214 1634 2360 1673 meus
2384 1622 2434 1671 et
2466 1619 2718 1672 Dominus
2748 1630 2893 1671 meus
2924 1616 3106 1685 (Joan.
3140 1617 3257 1683 xx),
3309 1619 3494 1685 potest
3539 1613 3735 1680 ignem

2045 1707 2247 1763 alienae
2278 1706 2549 1761 doctrina:
2604 1704 2825 1759 auferre
2874 1721 2908 1757 a
2955 1703 3096 1758 facie
3151 1707 3497 1769 sanctorum,
3547 1703 3604 1757 id
3658 1709 3743 1757 est

2043 1796 2421 1852 sacerdotum.
2450 1795 2679 1850 Tunicae
2709 1793 3084 1859 sacerdotum,
3127 1793 3478 1847 conversatio
3526 1798 3583 1846 et
3630 1792 3743 1846 vita

2044 1900 2158 1956 qua
2192 1883 2495 1938 sacerdotii
2542 1883 2860 1938 induuntur
2906 1882 3123 1936 habitu.
3168 1881 3531 1953 Abjiciuutur
3597 1897 3740 1951 ergo

2043 1990 2170 2029 cum
2208 1973 2573 2027 sacerdotioa
2611 1971 2895 2026 consortio
2921 1971 3279 2026 sacerdotum
3310 1975 3368 2024 et
3410 1971 3583 2025 etiam
3630 1986 3740 2040 po—

2044 2061 2192 2135 puli.
2240 2061 2395 2117 Unde
2425 2060 2599 2127 addit,
2632 2064 2792 2115 emtra
2836 2060 3262 2123 tabernaculum,
3317 2058 3375 2113 id
3413 2062 3516 2127 est,
3549 2059 3735 2113 eccle-

2044 2151 2188 2205 siam
2225 2150 2442 2222 populi,
2471 2148 2577 2204 ﬁlii
2605 2149 2793 2220 patrui
2821 2151 3008 2202 Aaron
3032 2148 3155 2202 haec
3182 2147 3415 2203 faciunt.

2112 2240 2326 2304 Aaron,
2350 2238 2407 2292 id
2435 2244 2518 2292 est
2550 2236 2744 2305 David,
2786 2252 2889 2307 per
2934 2252 3105 2307 quem
3156 2235 3478 2307 prophetiae
3526 2235 3737 2291 intelli-

2044 2333 2281 2399 guntur,
2307 2342 2436 2398 quas
2463 2325 2750 2381 Christum
2784 2324 3150 2378 manifestum
3202 2322 3438 2391 faciunt,
3492 2330 3549 2378 et
3593 2341 3741 2396 quo-

2044 2416 2352 2471 dammodo
2374 2414 2775 2486 ignorantibus
2821 2412 3069 2485 pariunt.
3126 2412 3319 2467 Frater
3360 2417 3552 2467 autem
3601 2429 3739 2484 pro-

2044 2504 2255 2576 phetiae
2288 2503 2652 2574 Evangelium
2684 2507 2805 2571 est;
2833 2517 2964 2572 quae
2993 2500 3148 2555 enim
3175 2500 3236 2554 in
3259 2501 3574 2571 Evangeliis
3595 2502 3740 2556 facta

2044 2598 2195 2661 sunt,
2242 2610 2277 2647 a
2320 2592 2611 2664 prophetis
2668 2590 2939 2661 praedicta
2971 2591 3137 2658 lsunt.
3191 2589 3317 2645 Filii
3364 2605 3499 2659 ergo
3549 2589 3739 2645 fratris

2044 2682 2222 2754 patris
2251 2684 2461 2747 Aaron,
2494 2680 2552 2735 id
2582 2683 2668 2734 est
2696 2677 3004 2749 Evangelii,
3037 2679 3177 2733 tales
3210 2677 3465 2749 ejiciunt.
3528 2680 3685 2734 Unde
3722 2696 3733 2733 :

2045 2772 2106 2826 Si
2129 2772 2251 2840 quis
2280 2771 2427 2824 venit
2474 2769 2548 2823 ad
2594 2782 2706 2833 vos,
2760 2772 2810 2821 et
2865 2768 3004 2821 hanc
3054 2767 3357 2823 doctrinam
3401 2783 3505 2823 non
3552 2767 3734 2838 affert,

2043 2861 2209 2914 nolite
2234 2874 2354 2913 eum
2379 2860 2611 2927 recipere
2638 2858 2697 2911 in
2728 2856 2942 2910 domum
2974 2856 3041 2926 (ll
3072 2858 3249 2925 Joan.)

941 2909 1286 3004 In
1334 2947 1521 3020 specie
1568 2909 1738 3020 ignis,
1790 2948 1935 3003 sicut
1964 2974 2004 3029 ρ
2043 2909 2855 3015 Ἦῦξιιέῗξξζ-Ἱέὰρἱιά,εἰς.
2897 2909 3315 3014 lAdlitterain.
3357 2944 3502 3009 Quia
3554 2960 3738 3017 nuper

240 3039 293 3093 in
320 3039 409 3093 die
440 3040 826 3105 Pentecostes,
861 3037 1013 3092 unde
1041 3035 1270 3104 subdit;
1303 3040 1371 3093 Et
1402 3052 1651 3105 egressus
1681 3042 1761 3093 est
1788 3040 1934 3106 ignis

238 3143 269 3180 a
296 3129 539 3182 Domino.
576 3126 734 3182 Unde
761 3129 815 3180 et
847 3126 1023 3181 Lucas
1054 3142 1068 3179 :
1116 3126 1511 3196 Apparuerunt
1557 3127 1671 3181 illis
1714 3126 1925 3196 disper—

239 3218 341 3271 tita
366 3218 594 3283 linguae,
628 3220 891 3284 tanquam
920 3215 1087 3281 ignis.

302 3306 459 3362 Omni
486 3304 850 3372 multitudini,
882 3307 990 3358 etc.
1024 3302 1127 3358 Cui
1156 3301 1344 3357 simile
1371 3304 1548 3358 Lucas
1593 3302 1712 3357 ait:
1766 3302 1933 3358 Facta

239 3398 406 3449 autem
434 3396 543 3449 hac
576 3409 695 3448 voce
734 3395 977 3447 convenit
1021 3393 1335 3455 multitudo,
1395 3398 1447 3447 et
1485 3397 1659 3448 mente
1705 3395 1934 3459 con/usa

240 3488 309 3534 est
335 3482 585 3552 (Act-11)
611 3501 627 3548 ;
657 3496 771 3535 non
801 3481 988 3535 solum
1012 3481 1298 3547 convenit,
1332 3481 1429 3536 sed
1470 3481 1715 3552 expavit.
1772 3481 1930 3537 Unde

243 3570 323 3625 hic
393 3570 700 3642 sequitur:
783 3568 1179 3640 Obstupebant
1243 3573 1435 3623 autem
1513 3575 1571 3625 et
1639 3568 1929 3625 miraban-

241 3663 344 3721 tur,
377 3665 488 3714 etc.

304 3748 409 3812 Qui
465 3751 628 3802 erant
671 3760 835 3817 super
875 3747 1068 3801 altare.
1118 3747 1339 3802 Invenit
1389 3746 1526 3818 quia
1577 3762 1803 3801 necesse
1859 3746 1934 3802 sit

239 3836 505 3904 praedicta
544 3835 837 3901 sacriﬁcia,
894 3840 951 3890 et
998 3851 1197 3890 eorum
1239 3835 1618 3905 expositiones
1660 3850 1933 3907 superpoo

238 3937 364 3978 nere
388 3923 748 3994 intelligibili
778 3923 942 3979 altari
967 3924 1221 3994 corporis
1240 3924 1467 3990 Christi;
1494 3928 1559 3980 ut
1577 3924 1713 3979 illuc
1743 3924 1929 3996 suspi-

235 4018 315 4066 ret
340 4017 545 4068 nostra
572 4012 839 4082 intentio,
870 4016 928 4067 et
972 4017 1110 4067 tunc
1154 4012 1507 4068 nutrimenta
1553 4012 1929 4084 intelligibilis

236 4100 394 4170 ignis,
427 4101 490 4157 id
523 4105 611 4156 est
639 4100 888 4171 Spiritus
915 4100 1118 4169 sancti,
1145 4101 1408 4167 aderunt,
1439 4101 1509 4157 de
1547 4117 1662 4173 quo
1711 4102 1927 4158 dictum

236 4195 348 4244 est:
424 4191 687 4245 Dominus
771 4191 908 4246 Deus
978 4194 1160 4246 noster
1230 4191 1378 4259 ignis
1457 4205 1771 4247 consumens
1851 4207 1931 4256 est

236 4278 402 4347 (Deut.
440 4278 538 4345 iv).

927 4410 1154 4466 CAPUT
1186 4412 1245 4466 Χ.

300 4542 463 4598 Vens.
503 4545 551 4597 1.
582 4570 653 4585 --
682 4543 1041 4611 Arreptisque
1068 4542 1289 4599 Nadab.
1340 4542 1502 4612 (Anc.
1549 4547 1737 4612 quaest.
1785 4545 1844 4599 3t
1871 4544 1931 4596 in

237 4632 429 4699 Leuit,
459 4635 603 4685 tom.
629 4630 751 4701 lli.)
784 4631 1034 4686 Exeunte
1065 4647 1099 4685 a
1127 4630 1368 4685 Domino
1390 4630 1522 4702 igne
1553 4631 1766 4687 mortui
1795 4637 1931 4687 sunt

235 4718 332 4775 ﬁlii
358 4724 577 4787 Aaron,
617 4724 750 4789 etc,,
775 4735 943 4789 usque
969 4720 1044 4775 ad
1072 4724 1357 4775 tormenta
1386 4719 1693 4791 patientur.

296 4810 681 4878 Arreptisque,
717 4813 833 4863 etc.
872 4809 1051 4877 (1510.,
1082 4814 1269 4879 quaest.
1301 4811 1359 4863 in
1399 4810 1597 4877 Levit.,
1646 4813 1788 4864 tom.
1839 4810 1925 4873 V.)

233 4896 496 4953 Alienum
520 4897 717 4968 ignem
744 4897 1012 4964 offerunt,
1036 4904 1168 4965 etc.,
1206 4913 1376 4969 usque
1406 4898 1482 4953 ad
1510 4914 1582 4954 ne
1617 4897 1771 4953 vitiis
1817 4898 1927 4954 lla-

236 5000 481 5054 gremus.

296 5074 512 5143 (lsica.)
548 5074 646 5129 llic
672 5090 770 5129 eos
799 5074 900 5145 qui
931 5074 1117 5129 aliena
1165 5074 1388 5143 docent,
1444 5080 1575 5143 etc.,
1627 5091 1798 5147 usque
1854 5075 1929 5130 ad

233 5164 375 5217 unde
411 5164 588 5218 vitam
612 5167 880 5234 poterant
908 5164 1248 5234 promereri.

300 5252 482 5315 (Ana,
514 5253 611 5306 ubi
630 5252 849 5321 supra.)
886 5252 1013 5307 Alia
1057 5252 1265 5322 littera,
1318 5256 1449 5321 etc.,
1495 5268 1665 5326 usque
1709 5253 1783 5309 ad
1826 5270 1928 5325 per

237 5353 371 5408 quos
401 5339 571 5406 nobis
600 5340 955 5411 Scripturam
982 5341 1154 5396 dedit.

298 5429 459 5483 Vens.
490 5429 544 5484 4.
579 5458 640 5471 -
680 5431 890 5485 Vocatis
921 5434 1096 5485 autem
1145 5432 1337 5499 Moysi,
1386 5432 1605 5486 Misaele
1648 5436 1699 5487 et
1744 5433 1927 5487 Elisu-

236 5518 375 5583 phan
402 5502 613 5579 Βκὶξάηο
645 5519 855 5589 Nisae],
889 5521 981 5573 Dei
1007 5522 1333 5575 attrectatio.
1389 5505 1547 5585 :3ny
1601 5520 1923 5593 Elisaphan,

2040 3035 2268 3091 fuerant
2324 3035 2439 3089 Deo
2494 3031 2826 3098 consecrati,
2880 3031 3143 3103 praecipit
3189 3037 3254 3088 ut
3314 3039 3508 3088 sancta
3566 3036 3738 3090 vesti—

2041 3130 2236 3179 menta
2281 3140 2397 3179 non
2437 3123 2750 3195 deponant,
2805 3120 2905 3177 sed
2947 3121 3133 3194 parati
3177 3120 3387 3177 servire
3438 3124 3553 3178 Deo
3596 3125 3735 3179 assi-

2051 3217 2222 3268 stant.

2113 3300 2431 3372 Allegorice
2462 3303 2673 3364 autem,
2725 3313 2797 3354 ne
2845 3297 2903 3352 in
2950 3297 3172 3353 Christo
3211 3298 3551 3355 divisionem
3598 3316 3733 3371 per-

2040 3406 2311 3446 sonarum
2342 3389 2570 3445 faciant.
2604 3388 2785 3459 Caput
2816 3386 2973 3442 enim
3005 3386 3213 3443 Christi
3246 3388 3395 3444 Deus
3424 3394 3529 3456 est,
3574 3390 3736 3445 Clu-io

2039 3484 2162 3534 stus
2220 3483 2416 3534 autem
2473 3494 2539 3532 ex
2594 3476 2888 3531 divinitate
2947 3480 3170 3531 constat
3226 3482 3285 3532 et
3336 3478 3733 3544 humanitate;

2048 3567 2249 3640 capitis
2272 3567 2448 3634 enim,
2478 3567 2534 3622 id
2560 3571 2646 3620 est
2689 3564 3002 3620 divinitatis
3056 3565 3201 3620 tiara
3252 3566 3579 3623 humanitas
3630 3575 3734 3635 est,

2041 3673 2154 3728 qua
2182 3661 2327 3712 tecta
2359 3657 2466 3711 fuit
2495 3657 2651 3709 velut
2679 3654 2830 3726 pileo
2857 3652 3163 3722 divinitas;
3195 3655 3317 3711 i1th
3357 3673 3472 3712 non
3502 3662 3587 3714 est
3635 3674 3735 3711 au-

2040 3745 2293 3813 ferenda,
2325 3761 2432 3800 nec
2483 3743 2686 3798 divisio
2733 3758 3110 3813 personarum
3146 3743 3208 3798 in
3257 3746 3481 3801 Christo
3530 3747 3737 3819 praedi-

2039 3834 2242 3903 canda,
2277 3835 2375 3889 sed
2407 3833 2652 3888 duarum
2680 3829 3127 3885 substantiarum
3165 3849 3281 3887 una
3310 3850 3574 3905 persona.

2110 3923 2318 3993 Capita
2346 3926 2682 3992 vestra,etc.
2730 3919 2920 3988 (Aea,
2977 3924 3167 3990 quaest.
3219 3924 3290 3977 32
3342 3925 3402 3977 in
3451 3924 3597 3992 Lev.)
3656 3924 3734 3979 Ne

2039 4012 2256 4067 scilicet
2312 4012 2531 4067 cidares
2597 4009 2904 4081 deponant,
2984 4014 3115 4074 etc.,
3190 4025 3359 4081 usque
3426 4012 3503 4066 ad
3583 4012 3736 4067 unde

2039 4101 2200 4157 addit
2231 4117 2245 4156 :

2106 4193 2325 4247 Fratres
2352 4192 2520 4248 vestri
2560 4196 2613 4248 et
2668 4196 2839 4249 omnis
2882 4193 3072 4249 domus
3120 4190 3291 4246 Israel
3332 4189 3602 4259 plangant
3648 4192 3733 4244 in-

1865 4297 1880 4312 ·
1962 4270 2006 4327 Ι)
2034 4279 2298 4337 cendium.
2330 4282 2533 4350 (lsrcu.)
2569 4283 2694 4338 Non
2723 4283 3053 4355 ignoramus
3102 4279 3241 4352 quid
3291 4278 3509 4334 cidares
3556 4280 3735 4351 signi-

2040 4366 2227 4436 ﬁcent,
2260 4374 2394 4439 etc.,
2425 4387 2595 4443 usque
2622 4372 2697 4428 ad
2724 4372 2793 4428 de
2820 4388 2933 4445 qua
2969 4386 2982 4426 :
3040 4371 3227 4427 Unctio
3272 4369 3386 4439 ejus
3436 4367 3587 4425 docet
3635 4384 3728 4423 vos

2039 4457 2106 4511 de
2130 4460 2394 4514 omnibus.

2110 4546 2274 4602 Vens.
2306 4550 2357 4602 9.
2390 4576 2459 4591 --
2517 4549 2716 4605 Vinum
2758 4554 2810 4605 et
2858 4564 3010 4605 omne
3052 4545 3198 4618 quod
3252 4546 3541 4603 inebriare.
3603 4547 3729 4618 (ιο.)

2042 4633 2229 4705 Usque
2249 4651 2401 4691 nunc
2431 4637 2578 4692 hanc
2605 4638 2791 4711 legem
2826 4638 3067 4693 Ecclesia
3098 4635 3367 4699 custodit,
3401 4640 3535 4706 etc.,
3566 4650 3736 4704 usque

2036 4721 2115 4777 ad
2146 4722 2205 4778 id
2236 4729 2320 4778 est
2348 4724 2723 4795 spiritualiter
2749 4726 3074 4798 inspirasse.

2119 4813 2313 4867 Vinum
2340 4818 2392 4868 et
2417 4828 2569 4869 omne
2596 4814 2758 4884 quod,
2792 4819 2900 4869 etc.
2924 4814 3009 4868 Ab
3039 4812 3109 4867 iis
3136 4827 3266 4885 qua:
3296 4816 3506 4867 statum
3558 4825 3726 4865 men-

2035 4898 2110 4953 tis
2140 4899 2418 4972 dejiciunt
2444 4903 2532 4958 vel
2558 4908 2822 4958 evertunt
2850 4902 3133 4957 abstinere
3157 4902 3460 4973 jubentur,
3500 4900 3732 4972 quando

2037 4986 2470 5045 tabernaculum
2500 4990 2920 5062 ingrediuntur.
2957 4991 3067 5045 Nos
3097 4995 3290 5045 autem
3320 5005 3615 5061 nunquam
3649 4989 3732 5043 in-

2037 5077 2346 5147 ebriemur,
2404 5079 2503 5133 sed
2566 5094 2793 5150 semper
2870 5082 3059 5133 mente
3125 5082 3182 5133 et
3245 5094 3483 5149 corpore
3555 5078 3729 5134 sobrii

2041 5166 2241 5221 simus.

2111 5255 2336 5322 Quando
2394 5255 2691 5310 intrabitis.
2772 5256 2952 5325 (A110,,
3040 5259 3228 5324 quaest.
3313 5254 3422 5325 33).
3494 5254 3730 5320 Quando

2038 5360 2176 5416 ergo
2207 5345 2289 5399 eis
2334 5344 2537 5399 licebat
2584 5344 2799 5411 bibere,
2851 5349 2982 5411 etc.,
3031 5359 3200 5413 usque
3244 5343 3319 5398 ad
3371 5349 3437 5398 ut
3490 5343 3600 5398 hoc
3659 5343 3734 5396 sit

2037 5433 2288 5489 ofﬁcium
2312 5434 2670 5489 sacerdotum
2717 5433 3043 5512 legitimum
3081 5438 3361 5489 aeternum
3412 5433 3471 5489 in
3518 5449 3730 5504 proge-

2038 5538 2160 5576 nies
2189 5538 2411 5577 eorum.
