  <div class='ocr_page' id='page_1' title='image "/cluster/home/n/w/nwhite01/storage/ocr_20150623/113/hvd.32044054759782/169.png"; bbox 0 0 4038 6180; ppageno 0'>
   <div class='ocr_carea' id='block_1_1' title="bbox 315 206 417 260">
    <p class='ocr_par' dir='ltr' id='par_1_1' title="bbox 315 206 417 260">
     <span class='ocr_line' id='line_1_1' title="bbox 315 206 417 260; baseline 0.01 -1"><span class='ocrx_word' id='word_1_1' title='bbox 315 206 417 260; x_wconf 74' lang='lat'><strong><em>327&#39;</em></strong></span> 
     </span>
    </p>
   </div>
   <div class='ocr_carea' id='block_1_2' title="bbox 1066 205 3102 267">
    <p class='ocr_par' dir='ltr' id='par_1_2' title="bbox 1066 205 3102 267">
     <span class='ocr_line' id='line_1_2' title="bbox 1066 205 3102 267; baseline 0.002 -8"><span class='ocrx_word' id='word_1_2' title='bbox 1066 205 1457 263; x_wconf 62' lang='lat' dir='ltr'><strong><em>WALAI’RIDI</em></strong></span> <span class='ocrx_word' id='word_1_3' title='bbox 1500 206 1745 263; x_wconf 79' lang='lat' dir='ltr'><strong><em>STRABI</em></strong></span> <span class='ocrx_word' id='word_1_4' title='bbox 1786 207 1987 264; x_wconf 86' lang='lat' dir='ltr'><strong><em>FULD.</em></strong></span> <span class='ocrx_word' id='word_1_5' title='bbox 2030 206 2189 263; x_wconf 71' lang='lat' dir='ltr'><strong><em>NON.</em></strong></span> <span class='ocrx_word' id='word_1_6' title='bbox 2233 207 2407 264; x_wconf 82' lang='lat' dir='ltr'><strong><em>PARS</em></strong></span> <span class='ocrx_word' id='word_1_7' title='bbox 2446 208 2488 262; x_wconf 88' lang='grc' dir='ltr'><strong>ῐ.</strong></span> <span class='ocrx_word' id='word_1_8' title='bbox 2530 238 2599 249; x_wconf 68' lang='grc' dir='ltr'><strong><em>-οο</em></strong></span> <span class='ocrx_word' id='word_1_9' title='bbox 2637 208 3102 267; x_wconf 80' lang='lat' dir='ltr'><strong><em>THEOLOGICA.</em></strong></span> 
     </span>
    </p>
   </div>
   <div class='ocr_carea' id='block_1_3' title="bbox 3708 219 3813 271">
    <p class='ocr_par' dir='ltr' id='par_1_3' title="bbox 3708 219 3813 271">
     <span class='ocr_line' id='line_1_3' title="bbox 3708 219 3813 271; baseline -0.01 0"><span class='ocrx_word' id='word_1_10' title='bbox 3708 219 3813 271; x_wconf 75' lang='lat'><strong><em>328</em></strong></span> 
     </span>
    </p>
   </div>
   <div class='ocr_carea' id='block_1_4' title="bbox 383 327 3818 408">
    <p class='ocr_par' dir='ltr' id='par_1_4' title="bbox 383 327 3818 408">
     <span class='ocr_line' id='line_1_4' title="bbox 383 327 3818 408; baseline 0.003 -24"><span class='ocrx_word' id='word_1_11' title='bbox 383 331 543 385; x_wconf 78' lang='lat' dir='ltr'><strong><em>Vens.</em></strong></span> <span class='ocrx_word' id='word_1_12' title='bbox 582 330 666 385; x_wconf 89' lang='grc'><strong>10.</strong></span> <span class='ocrx_word' id='word_1_13' title='bbox 702 330 769 385; x_wconf 87' lang='lat' dir='ltr'><strong><em>Ut</em></strong></span> <span class='ocrx_word' id='word_1_14' title='bbox 797 327 1040 384; x_wconf 80' lang='lat' dir='ltr'><strong><em>habeatis</em></strong></span> <span class='ocrx_word' id='word_1_15' title='bbox 1077 330 1358 383; x_wconf 75' lang='lat' dir='ltr'><strong><em>scientiam</em></strong></span> <span class='ocrx_word' id='word_1_16' title='bbox 1403 328 1763 384; x_wconf 77' lang='lat' dir='ltr'><strong><em>discernendi.</em></strong></span> <span class='ocrx_word' id='word_1_17' title='bbox 1811 328 1993 399; x_wconf 75' lang='grc' dir='ltr'><strong><em>(Αυθ.)</em></strong></span> <span class='ocrx_word' id='word_1_18' title='bbox 2023 330 2067 386; x_wconf 86' lang='grc' dir='ltr'>Α</span> <span class='ocrx_word' id='word_1_19' title='bbox 2105 334 2298 385; x_wconf 90' lang='lat' dir='ltr'><strong><em>autem</em></strong></span> <span class='ocrx_word' id='word_1_20' title='bbox 2328 346 2504 402; x_wconf 90' lang='lat' dir='ltr'><strong><em>quare</em></strong></span> <span class='ocrx_word' id='word_1_21' title='bbox 2536 330 2610 386; x_wconf 90' lang='lat' dir='ltr'><strong><em>sit</em></strong></span> <span class='ocrx_word' id='word_1_22' title='bbox 2647 330 2877 401; x_wconf 78' lang='lat' dir='ltr'><strong><em>factum,</em></strong></span> <span class='ocrx_word' id='word_1_23' title='bbox 2911 332 3205 405; x_wconf 81' lang='lat' dir='ltr'><strong><em>respondit</em></strong></span> <span class='ocrx_word' id='word_1_24' title='bbox 3241 335 3452 403; x_wconf 86' lang='lat' dir='ltr'><strong><em>Aaron,</em></strong></span> <span class='ocrx_word' id='word_1_25' title='bbox 3494 339 3552 391; x_wconf 86' lang='lat' dir='ltr'><strong><em>et</em></strong></span> <span class='ocrx_word' id='word_1_26' title='bbox 3598 336 3818 408; x_wconf 80' lang='lat' dir='ltr'><strong><em>placuit</em></strong></span> 
     </span>
    </p>
   </div>
   <div class='ocr_carea' id='block_1_5' title="bbox 312 417 1999 489">
    <p class='ocr_par' dir='ltr' id='par_1_5' title="bbox 312 417 1999 489">
     <span class='ocr_line' id='line_1_5' title="bbox 312 417 1999 489; baseline -0.002 -13"><span class='ocrx_word' id='word_1_27' title='bbox 312 422 426 476; x_wconf 87' lang='lat' dir='ltr'><strong><em>Hoc</em></strong></span> <span class='ocrx_word' id='word_1_28' title='bbox 455 424 511 474; x_wconf 90' lang='lat' dir='ltr'><strong><em>et</em></strong></span> <span class='ocrx_word' id='word_1_29' title='bbox 540 417 806 488; x_wconf 80' lang='lat' dir='ltr'><strong><em>ambigue</em></strong></span> <span class='ocrx_word' id='word_1_30' title='bbox 837 417 1088 489; x_wconf 89' lang='lat' dir='ltr'><strong><em>positum</em></strong></span> <span class='ocrx_word' id='word_1_31' title='bbox 1115 421 1217 485; x_wconf 91' lang='lat' dir='ltr'><strong><em>est,</em></strong></span> <span class='ocrx_word' id='word_1_32' title='bbox 1271 422 1397 481; x_wconf 90' lang='lat' dir='ltr'><strong><em>etc.,</em></strong></span> <span class='ocrx_word' id='word_1_33' title='bbox 1434 433 1601 488; x_wconf 87' lang='lat' dir='ltr'><strong><em>usque</em></strong></span> <span class='ocrx_word' id='word_1_34' title='bbox 1655 418 1730 471; x_wconf 87' lang='lat' dir='ltr'><strong><em>ad</em></strong></span> <span class='ocrx_word' id='word_1_35' title='bbox 1778 434 1851 471; x_wconf 85' lang='lat' dir='ltr'><strong><em>an</em></strong></span> <span class='ocrx_word' id='word_1_36' title='bbox 1897 433 1999 488; x_wconf 84' lang='lat' dir='ltr'><strong><em>po-</em></strong></span> 
     </span>
    </p>
   </div>
   <div class='ocr_carea' id='block_1_6' title="bbox 313 505 1397 578">
    <p class='ocr_par' dir='ltr' id='par_1_6' title="bbox 313 505 1397 578">
     <span class='ocr_line' id='line_1_6' title="bbox 313 505 1397 578; baseline -0.003 -14"><span class='ocrx_word' id='word_1_37' title='bbox 313 511 427 565; x_wconf 85' lang='lat' dir='ltr'><strong><em>tius</em></strong></span> <span class='ocrx_word' id='word_1_38' title='bbox 452 508 522 562; x_wconf 87' lang='lat' dir='ltr'><strong><em>ad</em></strong></span> <span class='ocrx_word' id='word_1_39' title='bbox 550 512 857 578; x_wconf 91' lang='lat' dir='ltr'><strong><em>utrumque</em></strong></span> <span class='ocrx_word' id='word_1_40' title='bbox 884 505 1248 561; x_wconf 84' lang='lat' dir='ltr'><strong><em>referendum</em></strong></span> <span class='ocrx_word' id='word_1_41' title='bbox 1270 507 1397 561; x_wconf 86' lang='lat' dir='ltr'><strong><em>est?</em></strong></span> 
     </span>
    </p>
   </div>
   <div class='ocr_carea' id='block_1_7' title="bbox 380 593 2001 664">
    <p class='ocr_par' dir='ltr' id='par_1_7' title="bbox 380 593 2001 664">
     <span class='ocr_line' id='line_1_7' title="bbox 380 593 2001 664; baseline -0.001 -14"><span class='ocrx_word' id='word_1_42' title='bbox 380 599 539 652; x_wconf 80' lang='lat' dir='ltr'><strong><em>Vens.</em></strong></span> <span class='ocrx_word' id='word_1_43' title='bbox 580 598 660 650; x_wconf 83' lang='lat' dir='ltr'><strong><em>t2.</em></strong></span> <span class='ocrx_word' id='word_1_44' title='bbox 693 625 762 637; x_wconf 96' lang='lat'><strong>—</strong></span> <span class='ocrx_word' id='word_1_45' title='bbox 797 596 990 650; x_wconf 81' lang='lat' dir='ltr'><strong><em>Tollite</em></strong></span> <span class='ocrx_word' id='word_1_46' title='bbox 1026 596 1375 663; x_wconf 78' lang='lat' dir='ltr'><strong><em>sacriﬁcium,</em></strong></span> <span class='ocrx_word' id='word_1_47' title='bbox 1425 598 1530 648; x_wconf 92' lang='lat' dir='ltr'><strong><em>etc.</em></strong></span> <span class='ocrx_word' id='word_1_48' title='bbox 1576 593 1795 664; x_wconf 71' lang='lat' dir='ltr'><strong><em>(lsxcn)</em></strong></span> <span class='ocrx_word' id='word_1_49' title='bbox 1838 593 2001 658; x_wconf 89' lang='lat' dir='ltr'><strong><em>Quod</em></strong></span> 
     </span>
    </p>
   </div>
   <div class='ocr_carea' id='block_1_8' title="bbox 306 684 1998 759">
    <p class='ocr_par' dir='ltr' id='par_1_8' title="bbox 306 684 1998 759">
     <span class='ocr_line' id='line_1_8' title="bbox 306 684 1998 759; baseline -0.002 -18"><span class='ocrx_word' id='word_1_50' title='bbox 306 685 700 759; x_wconf 87' lang='lat' dir='ltr'><strong><em>pectusculum</em></strong></span> <span class='ocrx_word' id='word_1_51' title='bbox 729 684 1150 749; x_wconf 89' lang='lat' dir='ltr'><strong><em>conﬁdentiam,</em></strong></span> <span class='ocrx_word' id='word_1_52' title='bbox 1184 688 1311 745; x_wconf 79' lang='lat' dir='ltr'><strong><em>etc.,</em></strong></span> <span class='ocrx_word' id='word_1_53' title='bbox 1344 699 1510 754; x_wconf 86' lang='lat' dir='ltr'><strong><em>usque</em></strong></span> <span class='ocrx_word' id='word_1_54' title='bbox 1538 684 1612 738; x_wconf 89' lang='lat' dir='ltr'><strong><em>ad</em></strong></span> <span class='ocrx_word' id='word_1_55' title='bbox 1641 700 1771 755; x_wconf 72' lang='lat' dir='ltr'><strong><em>quae</em></strong></span> <span class='ocrx_word' id='word_1_56' title='bbox 1804 690 1998 738; x_wconf 90' lang='lat' dir='ltr'><strong><em>autem</em></strong></span> 
     </span>
    </p>
   </div>
   <div class='ocr_carea' id='block_1_9' title="bbox 309 771 2003 845">
    <p class='ocr_par' dir='ltr' id='par_1_9' title="bbox 309 771 2003 845">
     <span class='ocr_line' id='line_1_9' title="bbox 309 771 2003 845; baseline -0.002 -15"><span class='ocrx_word' id='word_1_57' title='bbox 309 775 379 830; x_wconf 86' lang='lat' dir='ltr'><strong><em>ad</em></strong></span> <span class='ocrx_word' id='word_1_58' title='bbox 430 772 666 845; x_wconf 85' lang='lat' dir='ltr'><strong><em>paciﬁca</em></strong></span> <span class='ocrx_word' id='word_1_59' title='bbox 720 778 777 827; x_wconf 90' lang='lat' dir='ltr'><strong><em>et</em></strong></span> <span class='ocrx_word' id='word_1_60' title='bbox 834 771 1105 827; x_wconf 87' lang='lat' dir='ltr'><strong><em>salutaria</em></strong></span> <span class='ocrx_word' id='word_1_61' title='bbox 1156 772 1480 843; x_wconf 75' lang='lat' dir='ltr'><strong><em>lpertinent.</em></strong></span> <span class='ocrx_word' id='word_1_62' title='bbox 1552 772 1727 827; x_wconf 80' lang='lat' dir='ltr'><strong><em>totius</em></strong></span> <span class='ocrx_word' id='word_1_63' title='bbox 1804 774 2003 845; x_wconf 84' lang='lat' dir='ltr'><strong><em>populi</em></strong></span> 
     </span>
    </p>
   </div>
   <div class='ocr_carea' id='block_1_10' title="bbox 310 869 461 919">
    <p class='ocr_par' dir='ltr' id='par_1_10' title="bbox 310 869 461 919">
     <span class='ocr_line' id='line_1_10' title="bbox 310 869 461 919; baseline -0.007 0"><span class='ocrx_word' id='word_1_64' title='bbox 310 869 461 919; x_wconf 89' lang='lat' dir='ltr'><strong><em>sunt.</em></strong></span> 
     </span>
    </p>
   </div>
   <div class='ocr_carea' id='block_1_11' title="bbox 383 948 2000 1020">
    <p class='ocr_par' dir='ltr' id='par_1_11' title="bbox 383 948 2000 1020">
     <span class='ocr_line' id='line_1_11' title="bbox 383 948 2000 1020; baseline -0.002 -13"><span class='ocrx_word' id='word_1_65' title='bbox 383 953 589 1017; x_wconf 84' lang='lat' dir='ltr'><strong><em>Tollite,</em></strong></span> <span class='ocrx_word' id='word_1_66' title='bbox 624 955 733 1006; x_wconf 93' lang='lat' dir='ltr'><strong><em>etc.</em></strong></span> <span class='ocrx_word' id='word_1_67' title='bbox 772 952 1013 1016; x_wconf 87' lang='lat' dir='ltr'><strong><em>Arcana,</em></strong></span> <span class='ocrx_word' id='word_1_68' title='bbox 1046 948 1260 1003; x_wconf 84' lang='lat' dir='ltr'><strong><em>scilicet</em></strong></span> <span class='ocrx_word' id='word_1_69' title='bbox 1288 953 1346 1003; x_wconf 92' lang='lat' dir='ltr'><strong><em>et</em></strong></span> <span class='ocrx_word' id='word_1_70' title='bbox 1374 948 1662 1019; x_wconf 86' lang='lat' dir='ltr'><strong><em>profunda</em></strong></span> <span class='ocrx_word' id='word_1_71' title='bbox 1689 948 2000 1020; x_wconf 65' lang='lat' dir='ltr'><strong><em>Scripturae</em></strong></span> 
     </span>
    </p>
   </div>
   <div class='ocr_carea' id='block_1_12' title="bbox 311 1037 1996 1110">
    <p class='ocr_par' dir='ltr' id='par_1_12' title="bbox 311 1037 1996 1110">
     <span class='ocr_line' id='line_1_12' title="bbox 311 1037 1996 1110; baseline -0.003 -13"><span class='ocrx_word' id='word_1_72' title='bbox 311 1045 682 1107; x_wconf 87' lang='lat' dir='ltr'><strong><em>sacramenta,</em></strong></span> <span class='ocrx_word' id='word_1_73' title='bbox 713 1056 841 1110; x_wconf 67' lang='lat' dir='ltr'><strong><em>qua:</em></strong></span> <span class='ocrx_word' id='word_1_74' title='bbox 880 1039 1083 1109; x_wconf 87' lang='lat' dir='ltr'><strong><em>vulgus</em></strong></span> <span class='ocrx_word' id='word_1_75' title='bbox 1105 1055 1219 1092; x_wconf 93' lang='lat' dir='ltr'><strong><em>non</em></strong></span> <span class='ocrx_word' id='word_1_76' title='bbox 1247 1037 1416 1109; x_wconf 87' lang='lat' dir='ltr'><strong><em>capit,</em></strong></span> <span class='ocrx_word' id='word_1_77' title='bbox 1449 1037 1745 1093; x_wconf 85' lang='lat' dir='ltr'><strong><em>retinenda</em></strong></span> <span class='ocrx_word' id='word_1_78' title='bbox 1789 1054 1853 1093; x_wconf 91' lang='lat' dir='ltr'><strong><em>ac</em></strong></span> <span class='ocrx_word' id='word_1_79' title='bbox 1900 1054 1996 1092; x_wconf 86' lang='lat' dir='ltr'><strong><em>co-</em></strong></span> 
     </span>
    </p>
   </div>
   <div class='ocr_carea' id='block_1_13' title="bbox 309 1126 1993 1198">
    <p class='ocr_par' dir='ltr' id='par_1_13' title="bbox 309 1126 1993 1198">
     <span class='ocr_line' id='line_1_13' title="bbox 309 1126 1993 1198; baseline -0.002 -14"><span class='ocrx_word' id='word_1_80' title='bbox 309 1128 591 1185; x_wconf 82' lang='lat' dir='ltr'><strong><em>medenda</em></strong></span> <span class='ocrx_word' id='word_1_81' title='bbox 623 1132 755 1181; x_wconf 89' lang='lat' dir='ltr'><strong><em>sunt</em></strong></span> <span class='ocrx_word' id='word_1_82' title='bbox 792 1127 1088 1198; x_wconf 73' lang='lat' dir='ltr'><strong><em>perfectis,</em></strong></span> <span class='ocrx_word' id='word_1_83' title='bbox 1131 1128 1302 1196; x_wconf 68' lang='lat' dir='ltr'><strong><em>juxta</em></strong></span> <span class='ocrx_word' id='word_1_84' title='bbox 1350 1128 1544 1193; x_wconf 84' lang='lat' dir='ltr'><strong><em>altare,</em></strong></span> <span class='ocrx_word' id='word_1_85' title='bbox 1592 1126 1651 1181; x_wconf 88' lang='lat' dir='ltr'><strong><em>id</em></strong></span> <span class='ocrx_word' id='word_1_86' title='bbox 1699 1131 1784 1181; x_wconf 85' lang='lat' dir='ltr'><strong><em>est</em></strong></span> <span class='ocrx_word' id='word_1_87' title='bbox 1828 1128 1993 1198; x_wconf 83' lang='lat' dir='ltr'><strong><em>juxta</em></strong></span> 
     </span>
    </p>
   </div>
   <div class='ocr_carea' id='block_1_14' title="bbox 318 1214 1682 1287">
    <p class='ocr_par' dir='ltr' id='par_1_14' title="bbox 318 1214 1682 1287">
     <span class='ocr_line' id='line_1_14' title="bbox 318 1214 1682 1287; baseline -0.004 -14"><span class='ocrx_word' id='word_1_88' title='bbox 318 1216 629 1275; x_wconf 76' lang='lat' dir='ltr'><strong><em>Dominicae</em></strong></span> <span class='ocrx_word' id='word_1_89' title='bbox 667 1215 946 1287; x_wconf 86' lang='lat' dir='ltr'><strong><em>passionis</em></strong></span> <span class='ocrx_word' id='word_1_90' title='bbox 977 1216 1152 1269; x_wconf 87' lang='lat' dir='ltr'><strong><em>ﬁdem</em></strong></span> <span class='ocrx_word' id='word_1_91' title='bbox 1184 1221 1241 1269; x_wconf 90' lang='lat' dir='ltr'><strong><em>et</em></strong></span> <span class='ocrx_word' id='word_1_92' title='bbox 1266 1214 1682 1269; x_wconf 79' lang='lat' dir='ltr'><strong><em>auctoritatem.</em></strong></span> 
     </span>
    </p>
   </div>
   <div class='ocr_carea' id='block_1_15' title="bbox 385 1303 2002 1374">
    <p class='ocr_par' dir='ltr' id='par_1_15' title="bbox 385 1303 2002 1374">
     <span class='ocr_line' id='line_1_15' title="bbox 385 1303 2002 1374; baseline -0.001 -14"><span class='ocrx_word' id='word_1_93' title='bbox 385 1307 658 1360; x_wconf 59' lang='lat' dir='ltr'><strong><em>Vens”.</em></strong></span> <span class='ocrx_word' id='word_1_94' title='bbox 706 1336 774 1345; x_wconf 92' lang='grc'><strong>--</strong></span> <span class='ocrx_word' id='word_1_95' title='bbox 822 1305 1215 1371; x_wconf 85' lang='lat' dir='ltr'><strong><em>Pectusculum,</em></strong></span> <span class='ocrx_word' id='word_1_96' title='bbox 1264 1308 1369 1357; x_wconf 87' lang='lat' dir='ltr'><strong><em>etc.</em></strong></span> <span class='ocrx_word' id='word_1_97' title='bbox 1422 1303 1602 1371; x_wconf 81' lang='lat' dir='ltr'><strong><em>(Aue.,</em></strong></span> <span class='ocrx_word' id='word_1_98' title='bbox 1655 1308 1840 1373; x_wconf 77' lang='lat' dir='ltr'><strong><em>quaest.</em></strong></span> <span class='ocrx_word' id='word_1_99' title='bbox 1892 1304 2002 1374; x_wconf 76' lang='lat' dir='ltr'><strong><em>3i.)</em></strong></span> 
     </span>
    </p>
   </div>
   <div class='ocr_carea' id='block_1_16' title="bbox 314 1391 2005 1463">
    <p class='ocr_par' dir='ltr' id='par_1_16' title="bbox 314 1391 2005 1463">
     <span class='ocr_line' id='line_1_16' title="bbox 314 1391 2005 1463; baseline -0.003 -12"><span class='ocrx_word' id='word_1_100' title='bbox 314 1395 701 1453; x_wconf 84' lang='lat' dir='ltr'><strong><em>Pectusculum.</em></strong></span> <span class='ocrx_word' id='word_1_101' title='bbox 732 1393 999 1457; x_wconf 84' lang='lat' dir='ltr'><strong><em>Quamvis</em></strong></span> <span class='ocrx_word' id='word_1_102' title='bbox 1030 1392 1273 1463; x_wconf 81' lang='lat' dir='ltr'><strong><em>singulis</em></strong></span> <span class='ocrx_word' id='word_1_103' title='bbox 1304 1392 1530 1463; x_wconf 84' lang='lat' dir='ltr'><strong><em>singula</em></strong></span> <span class='ocrx_word' id='word_1_104' title='bbox 1582 1391 1821 1446; x_wconf 87' lang='lat' dir='ltr'><strong><em>nomina</em></strong></span> <span class='ocrx_word' id='word_1_105' title='bbox 1871 1392 2005 1446; x_wconf 88' lang='lat' dir='ltr'><strong><em>data</em></strong></span> 
     </span>
    </p>
   </div>
   <div class='ocr_carea' id='block_1_17' title="bbox 312 1480 2007 1553">
    <p class='ocr_par' dir='ltr' id='par_1_17' title="bbox 312 1480 2007 1553">
     <span class='ocr_line' id='line_1_17' title="bbox 312 1480 2007 1553; baseline -0.003 -14"><span class='ocrx_word' id='word_1_106' title='bbox 312 1485 445 1552; x_wconf 87' lang='lat' dir='ltr'><strong><em>sint,</em></strong></span> <span class='ocrx_word' id='word_1_107' title='bbox 504 1488 638 1553; x_wconf 90' lang='lat' dir='ltr'><strong><em>etc.,</em></strong></span> <span class='ocrx_word' id='word_1_108' title='bbox 695 1498 861 1553; x_wconf 86' lang='lat' dir='ltr'><strong><em>usque</em></strong></span> <span class='ocrx_word' id='word_1_109' title='bbox 933 1481 1007 1535; x_wconf 87' lang='lat' dir='ltr'><strong><em>ad</em></strong></span> <span class='ocrx_word' id='word_1_110' title='bbox 1059 1481 1128 1536; x_wconf 92' lang='lat' dir='ltr'><strong><em>de</em></strong></span> <span class='ocrx_word' id='word_1_111' title='bbox 1200 1481 1528 1552; x_wconf 85' lang='lat' dir='ltr'><strong><em>pectusculo</em></strong></span> <span class='ocrx_word' id='word_1_112' title='bbox 1602 1480 2007 1552; x_wconf 85' lang='lat' dir='ltr'><strong><em>imponebatur</em></strong></span> 
     </span>
    </p>
   </div>
   <div class='ocr_carea' id='block_1_18' title="bbox 313 1571 500 1627">
    <p class='ocr_par' dir='ltr' id='par_1_18' title="bbox 313 1571 500 1627">
     <span class='ocr_line' id='line_1_18' title="bbox 313 1571 500 1627; baseline -0.005 0"><span class='ocrx_word' id='word_1_113' title='bbox 313 1571 500 1627; x_wconf 87' lang='lat' dir='ltr'><strong><em>altari.</em></strong></span> 
     </span>
    </p>
   </div>
   <div class='ocr_carea' id='block_1_19' title="bbox 387 1656 2012 1729">
    <p class='ocr_par' dir='ltr' id='par_1_19' title="bbox 387 1656 2012 1729">
     <span class='ocr_line' id='line_1_19' title="bbox 387 1656 2012 1729; baseline -0.002 -14"><span class='ocrx_word' id='word_1_114' title='bbox 387 1662 545 1715; x_wconf 79' lang='lat' dir='ltr'><strong><em>Vens.</em></strong></span> <span class='ocrx_word' id='word_1_115' title='bbox 583 1661 669 1715; x_wconf 84' lang='lat' dir='ltr'><strong><em>l6.</em></strong></span> <span class='ocrx_word' id='word_1_116' title='bbox 697 1687 767 1700; x_wconf 87' lang='lat'><strong><em>-—</em></strong></span> <span class='ocrx_word' id='word_1_117' title='bbox 792 1660 938 1715; x_wconf 84' lang='lat' dir='ltr'><strong><em>Inter</em></strong></span> <span class='ocrx_word' id='word_1_118' title='bbox 971 1659 1100 1713; x_wconf 63' lang='lat' dir='ltr'><strong><em>hac.</em></strong></span> <span class='ocrx_word' id='word_1_119' title='bbox 1153 1657 1363 1728; x_wconf 73' lang='lat' dir='ltr'><strong><em>(lsncn.)</em></strong></span> <span class='ocrx_word' id='word_1_120' title='bbox 1411 1656 1552 1722; x_wconf 87' lang='lat' dir='ltr'><strong><em>Quia</em></strong></span> <span class='ocrx_word' id='word_1_121' title='bbox 1600 1672 1771 1711; x_wconf 92' lang='lat' dir='ltr'><strong><em>omne</em></strong></span> <span class='ocrx_word' id='word_1_122' title='bbox 1815 1673 2012 1729; x_wconf 90' lang='lat' dir='ltr'><strong><em>pecca-</em></strong></span> 
     </span>
    </p>
   </div>
   <div class='ocr_carea' id='block_1_20' title="bbox 311 1746 2011 1820">
    <p class='ocr_par' dir='ltr' id='par_1_20' title="bbox 311 1746 2011 1820">
     <span class='ocr_line' id='line_1_20' title="bbox 311 1746 2011 1820; baseline -0.002 -16"><span class='ocrx_word' id='word_1_123' title='bbox 311 1755 435 1804; x_wconf 86' lang='lat' dir='ltr'><strong><em>tum</em></strong></span> <span class='ocrx_word' id='word_1_124' title='bbox 467 1765 571 1820; x_wconf 90' lang='lat' dir='ltr'><strong><em>per</em></strong></span> <span class='ocrx_word' id='word_1_125' title='bbox 598 1747 995 1819; x_wconf 82' lang='lat' dir='ltr'><strong><em>pcenitentiam</em></strong></span> <span class='ocrx_word' id='word_1_126' title='bbox 1024 1747 1265 1809; x_wconf 89' lang='lat' dir='ltr'><strong><em>deletur,</em></strong></span> <span class='ocrx_word' id='word_1_127' title='bbox 1294 1752 1353 1801; x_wconf 90' lang='lat' dir='ltr'><strong><em>et</em></strong></span> <span class='ocrx_word' id='word_1_128' title='bbox 1381 1746 1482 1817; x_wconf 91' lang='lat' dir='ltr'><strong><em>qui</em></strong></span> <span class='ocrx_word' id='word_1_129' title='bbox 1509 1746 1845 1817; x_wconf 71' lang='lat' dir='ltr'><strong><em>praedictum</em></strong></span> <span class='ocrx_word' id='word_1_130' title='bbox 1878 1763 2011 1817; x_wconf 88' lang='lat' dir='ltr'><strong><em>pec-</em></strong></span> 
     </span>
    </p>
   </div>
   <div class='ocr_carea' id='block_1_21' title="bbox 314 1835 2008 1906">
    <p class='ocr_par' dir='ltr' id='par_1_21' title="bbox 314 1835 2008 1906">
     <span class='ocr_line' id='line_1_21' title="bbox 314 1835 2008 1906; baseline -0.002 -13"><span class='ocrx_word' id='word_1_131' title='bbox 314 1843 503 1893; x_wconf 89' lang='lat' dir='ltr'><strong><em>catum</em></strong></span> <span class='ocrx_word' id='word_1_132' title='bbox 575 1837 809 1892; x_wconf 91' lang='lat' dir='ltr'><strong><em>alterius</em></strong></span> <span class='ocrx_word' id='word_1_133' title='bbox 883 1836 1156 1890; x_wconf 73' lang='lat' dir='ltr'><strong><em>doctrinm</em></strong></span> <span class='ocrx_word' id='word_1_134' title='bbox 1210 1839 1265 1890; x_wconf 89' lang='lat' dir='ltr'><strong><em>et</em></strong></span> <span class='ocrx_word' id='word_1_135' title='bbox 1330 1835 1701 1906; x_wconf 63' lang='lat' dir='ltr'><strong><em>blasphemiae</em></strong></span> <span class='ocrx_word' id='word_1_136' title='bbox 1768 1836 2008 1890; x_wconf 84' lang='lat' dir='ltr'><strong><em>commi-</em></strong></span> 
     </span>
    </p>
   </div>
   <div class='ocr_carea' id='block_1_22' title="bbox 316 1925 2005 1992">
    <p class='ocr_par' dir='ltr' id='par_1_22' title="bbox 316 1925 2005 1992">
     <span class='ocr_line' id='line_1_22' title="bbox 316 1925 2005 1992; baseline -0.001 -11"><span class='ocrx_word' id='word_1_137' title='bbox 316 1931 533 1992; x_wconf 88' lang='lat' dir='ltr'><strong><em>serunt,</em></strong></span> <span class='ocrx_word' id='word_1_138' title='bbox 566 1925 767 1980; x_wconf 89' lang='lat' dir='ltr'><strong><em>salvati</em></strong></span> <span class='ocrx_word' id='word_1_139' title='bbox 795 1942 911 1979; x_wconf 90' lang='lat' dir='ltr'><strong><em>non</em></strong></span> <span class='ocrx_word' id='word_1_140' title='bbox 961 1930 1114 1990; x_wconf 90' lang='lat' dir='ltr'><strong><em>sunt,</em></strong></span> <span class='ocrx_word' id='word_1_141' title='bbox 1165 1941 1393 1979; x_wconf 89' lang='lat' dir='ltr'><strong><em>causam</em></strong></span> <span class='ocrx_word' id='word_1_142' title='bbox 1437 1926 1639 1980; x_wconf 89' lang='lat' dir='ltr'><strong><em>mortis</em></strong></span> <span class='ocrx_word' id='word_1_143' title='bbox 1689 1941 1887 1979; x_wconf 89' lang='lat' dir='ltr'><strong><em>eorum</em></strong></span> <span class='ocrx_word' id='word_1_144' title='bbox 1926 1925 2005 1979; x_wconf 89' lang='lat' dir='ltr'><strong><em>le-</em></strong></span> 
     </span>
    </p>
   </div>
   <div class='ocr_carea' id='block_1_23' title="bbox 314 2014 835 2086">
    <p class='ocr_par' dir='ltr' id='par_1_23' title="bbox 314 2014 835 2086">
     <span class='ocr_line' id='line_1_23' title="bbox 314 2014 835 2086; baseline 0 -18"><span class='ocrx_word' id='word_1_145' title='bbox 314 2015 555 2086; x_wconf 88' lang='lat' dir='ltr'><strong><em>gislator</em></strong></span> <span class='ocrx_word' id='word_1_146' title='bbox 584 2014 835 2085; x_wconf 86' lang='lat' dir='ltr'><strong><em>exponit.</em></strong></span> 
     </span>
    </p>
   </div>
   <div class='ocr_carea' id='block_1_24' title="bbox 381 2100 2006 2173">
    <p class='ocr_par' dir='ltr' id='par_1_24' title="bbox 381 2100 2006 2173">
     <span class='ocr_line' id='line_1_24' title="bbox 381 2100 2006 2173; baseline -0.001 -15"><span class='ocrx_word' id='word_1_147' title='bbox 381 2105 529 2159; x_wconf 83' lang='lat' dir='ltr'><strong><em>Inter</em></strong></span> <span class='ocrx_word' id='word_1_148' title='bbox 576 2105 683 2158; x_wconf 82' lang='lat' dir='ltr'><strong><em>haec</em></strong></span> <span class='ocrx_word' id='word_1_149' title='bbox 722 2105 952 2169; x_wconf 83' lang='lat' dir='ltr'><strong><em>hircum,</em></strong></span> <span class='ocrx_word' id='word_1_150' title='bbox 1014 2101 1227 2156; x_wconf 86' lang='lat' dir='ltr'><strong><em>scilicet</em></strong></span> <span class='ocrx_word' id='word_1_151' title='bbox 1273 2100 1407 2173; x_wconf 85' lang='lat' dir='ltr'><strong><em>quia</em></strong></span> <span class='ocrx_word' id='word_1_152' title='bbox 1462 2117 1580 2156; x_wconf 90' lang='lat' dir='ltr'><strong><em>non</em></strong></span> <span class='ocrx_word' id='word_1_153' title='bbox 1635 2102 2006 2158; x_wconf 86' lang='lat' dir='ltr'><strong><em>comederunt</em></strong></span> 
     </span>
    </p>
   </div>
   <div class='ocr_carea' id='block_1_25' title="bbox 312 2190 2003 2263">
    <p class='ocr_par' dir='ltr' id='par_1_25' title="bbox 312 2190 2003 2263">
     <span class='ocr_line' id='line_1_25' title="bbox 312 2190 2003 2263; baseline 0 -17"><span class='ocrx_word' id='word_1_154' title='bbox 312 2191 418 2246; x_wconf 92' lang='lat' dir='ltr'><strong><em>ﬁlii</em></strong></span> <span class='ocrx_word' id='word_1_155' title='bbox 444 2196 634 2247; x_wconf 81' lang='lat' dir='ltr'><strong><em>Aaron</em></strong></span> <span class='ocrx_word' id='word_1_156' title='bbox 658 2191 814 2263; x_wconf 90' lang='lat' dir='ltr'><strong><em>quod</em></strong></span> <span class='ocrx_word' id='word_1_157' title='bbox 840 2208 945 2263; x_wconf 89' lang='lat' dir='ltr'><strong><em>pro</em></strong></span> <span class='ocrx_word' id='word_1_158' title='bbox 984 2195 1212 2262; x_wconf 87' lang='lat' dir='ltr'><strong><em>peccato</em></strong></span> <span class='ocrx_word' id='word_1_159' title='bbox 1241 2194 1361 2244; x_wconf 87' lang='lat' dir='ltr'><strong><em>erat</em></strong></span> <span class='ocrx_word' id='word_1_160' title='bbox 1403 2190 1461 2244; x_wconf 91' lang='lat' dir='ltr'><strong><em>in</em></strong></span> <span class='ocrx_word' id='word_1_161' title='bbox 1512 2191 1636 2245; x_wconf 93' lang='lat' dir='ltr'><strong><em>loco</em></strong></span> <span class='ocrx_word' id='word_1_162' title='bbox 1683 2196 1898 2259; x_wconf 91' lang='lat' dir='ltr'><strong><em>sancto,</em></strong></span> <span class='ocrx_word' id='word_1_163' title='bbox 1948 2192 2003 2247; x_wconf 88' lang='lat' dir='ltr'><strong><em>id</em></strong></span> 
     </span>
    </p>
   </div>
   <div class='ocr_carea' id='block_1_26' title="bbox 244 2279 2002 2353">
    <p class='ocr_par' dir='ltr' id='par_1_26' title="bbox 244 2279 2002 2353">
     <span class='ocr_line' id='line_1_26' title="bbox 244 2279 2002 2353; baseline 0 -18"><span class='ocrx_word' id='word_1_164' title='bbox 244 2342 249 2345; x_wconf 21' lang='grc' dir='ltr'>Α</span> <span class='ocrx_word' id='word_1_165' title='bbox 313 2286 397 2335; x_wconf 90' lang='lat' dir='ltr'><strong><em>est</em></strong></span> <span class='ocrx_word' id='word_1_166' title='bbox 431 2281 821 2353; x_wconf 65' lang='lat' dir='ltr'><strong><em>paenitentiam</em></strong></span> <span class='ocrx_word' id='word_1_167' title='bbox 849 2282 1065 2351; x_wconf 87' lang='lat' dir='ltr'><strong><em>peccati</em></strong></span> <span class='ocrx_word' id='word_1_168' title='bbox 1095 2279 1385 2334; x_wconf 89' lang='lat' dir='ltr'><strong><em>commissi</em></strong></span> <span class='ocrx_word' id='word_1_169' title='bbox 1415 2280 1475 2333; x_wconf 88' lang='lat' dir='ltr'><strong><em>in</em></strong></span> <span class='ocrx_word' id='word_1_170' title='bbox 1521 2280 1756 2335; x_wconf 86' lang='lat' dir='ltr'><strong><em>ecclesia</em></strong></span> <span class='ocrx_word' id='word_1_171' title='bbox 1805 2282 2002 2352; x_wconf 87' lang='lat' dir='ltr'><strong><em>peragi</em></strong></span> 
     </span>
    </p>
   </div>
   <div class='ocr_carea' id='block_1_27' title="bbox 310 2368 2003 2439">
    <p class='ocr_par' dir='ltr' id='par_1_27' title="bbox 310 2368 2003 2439">
     <span class='ocr_line' id='line_1_27' title="bbox 310 2368 2003 2439; baseline 0 -16"><span class='ocrx_word' id='word_1_172' title='bbox 310 2386 426 2423; x_wconf 92' lang='lat' dir='ltr'><strong><em>non</em></strong></span> <span class='ocrx_word' id='word_1_173' title='bbox 465 2369 740 2423; x_wconf 88' lang='lat' dir='ltr'><strong><em>fecerunt.</em></strong></span> <span class='ocrx_word' id='word_1_174' title='bbox 770 2368 988 2434; x_wconf 87' lang='lat' dir='ltr'><strong><em>Quibus</em></strong></span> <span class='ocrx_word' id='word_1_175' title='bbox 1016 2368 1124 2422; x_wconf 92' lang='lat' dir='ltr'><strong><em>hoc</em></strong></span> <span class='ocrx_word' id='word_1_176' title='bbox 1153 2372 1501 2439; x_wconf 69' lang='lat' dir='ltr'><strong><em>praeceptum</em></strong></span> <span class='ocrx_word' id='word_1_177' title='bbox 1533 2372 1635 2429; x_wconf 84' lang='lat' dir='ltr'><strong><em>est,</em></strong></span> <span class='ocrx_word' id='word_1_178' title='bbox 1668 2384 1813 2439; x_wconf 91' lang='lat' dir='ltr'><strong><em>quos</em></strong></span> <span class='ocrx_word' id='word_1_179' title='bbox 1843 2369 2003 2424; x_wconf 90' lang='lat' dir='ltr'><strong><em>Chri-</em></strong></span> 
     </span>
    </p>
   </div>
   <div class='ocr_carea' id='block_1_28' title="bbox 311 2455 1996 2528">
    <p class='ocr_par' dir='ltr' id='par_1_28' title="bbox 311 2455 1996 2528">
     <span class='ocr_line' id='line_1_28' title="bbox 311 2455 1996 2528; baseline 0.001 -17"><span class='ocrx_word' id='word_1_180' title='bbox 311 2463 430 2511; x_wconf 85' lang='lat' dir='ltr'><strong><em>stus</em></strong></span> <span class='ocrx_word' id='word_1_181' title='bbox 457 2458 517 2511; x_wconf 94' lang='lat' dir='ltr'><strong><em>in</em></strong></span> <span class='ocrx_word' id='word_1_182' title='bbox 556 2457 801 2512; x_wconf 87' lang='lat' dir='ltr'><strong><em>Ecclesia</em></strong></span> <span class='ocrx_word' id='word_1_183' title='bbox 843 2456 1081 2510; x_wconf 89' lang='lat' dir='ltr'><strong><em>vicarios</em></strong></span> <span class='ocrx_word' id='word_1_184' title='bbox 1122 2471 1256 2510; x_wconf 90' lang='lat' dir='ltr'><strong><em>suos</em></strong></span> <span class='ocrx_word' id='word_1_185' title='bbox 1307 2455 1618 2510; x_wconf 90' lang='lat' dir='ltr'><strong><em>constituit.</em></strong></span> <span class='ocrx_word' id='word_1_186' title='bbox 1669 2458 1794 2528; x_wconf 89' lang='lat' dir='ltr'><strong><em>Ipse</em></strong></span> <span class='ocrx_word' id='word_1_187' title='bbox 1843 2457 1996 2512; x_wconf 93' lang='lat' dir='ltr'><strong><em>enim</em></strong></span> 
     </span>
    </p>
   </div>
   <div class='ocr_carea' id='block_1_29' title="bbox 310 2544 1996 2616">
    <p class='ocr_par' dir='ltr' id='par_1_29' title="bbox 310 2544 1996 2616">
     <span class='ocr_line' id='line_1_29' title="bbox 310 2544 1996 2616; baseline 0 -16"><span class='ocrx_word' id='word_1_188' title='bbox 310 2546 612 2601; x_wconf 87' lang='lat' dir='ltr'><strong><em>oblationis</em></strong></span> <span class='ocrx_word' id='word_1_189' title='bbox 642 2561 761 2600; x_wconf 62' lang='lat' dir='ltr'><strong><em>sua:</em></strong></span> <span class='ocrx_word' id='word_1_190' title='bbox 794 2544 1155 2615; x_wconf 90' lang='lat' dir='ltr'><strong><em>sanguinem,</em></strong></span> <span class='ocrx_word' id='word_1_191' title='bbox 1187 2559 1316 2615; x_wconf 63' lang='lat' dir='ltr'><strong><em>quae</em></strong></span> <span class='ocrx_word' id='word_1_192' title='bbox 1346 2559 1451 2614; x_wconf 89' lang='lat' dir='ltr'><strong><em>pro</em></strong></span> <span class='ocrx_word' id='word_1_193' title='bbox 1491 2549 1686 2598; x_wconf 90' lang='lat' dir='ltr'><strong><em>nostro</em></strong></span> <span class='ocrx_word' id='word_1_194' title='bbox 1717 2545 1996 2616; x_wconf 83' lang='lat' dir='ltr'><strong><em>sanguine</em></strong></span> 
     </span>
    </p>
   </div>
   <div class='ocr_carea' id='block_1_30' title="bbox 310 2626 2001 2705">
    <p class='ocr_par' dir='ltr' id='par_1_30' title="bbox 310 2626 2001 2705">
     <span class='ocr_line' id='line_1_30' title="bbox 310 2626 2001 2705; baseline -0.001 -16"><span class='ocrx_word' id='word_1_195' title='bbox 310 2636 503 2690; x_wconf 89' lang='lat' dir='ltr'><strong><em>oblata</em></strong></span> <span class='ocrx_word' id='word_1_196' title='bbox 533 2639 633 2699; x_wconf 85' lang='lat' dir='ltr'><strong><em>est,</em></strong></span> <span class='ocrx_word' id='word_1_197' title='bbox 678 2626 1052 2700; x_wconf 53' lang='lat' dir='ltr'><strong><em>in&#39;sanctum,</em></strong></span> <span class='ocrx_word' id='word_1_198' title='bbox 1084 2633 1144 2688; x_wconf 91' lang='lat' dir='ltr'><strong><em>id</em></strong></span> <span class='ocrx_word' id='word_1_199' title='bbox 1174 2639 1257 2687; x_wconf 91' lang='lat' dir='ltr'><strong><em>est</em></strong></span> <span class='ocrx_word' id='word_1_200' title='bbox 1286 2633 1347 2686; x_wconf 89' lang='lat' dir='ltr'><strong><em>in</em></strong></span> <span class='ocrx_word' id='word_1_201' title='bbox 1389 2633 1617 2697; x_wconf 88' lang='lat' dir='ltr'><strong><em>coelum,</em></strong></span> <span class='ocrx_word' id='word_1_202' title='bbox 1667 2634 1728 2687; x_wconf 91' lang='lat' dir='ltr'><strong><em>in</em></strong></span> <span class='ocrx_word' id='word_1_203' title='bbox 1769 2650 2001 2705; x_wconf 87' lang='lat' dir='ltr'><strong><em>conspe-</em></strong></span> 
     </span>
    </p>
   </div>
   <div class='ocr_carea' id='block_1_31' title="bbox 306 2721 2000 2778">
    <p class='ocr_par' dir='ltr' id='par_1_31' title="bbox 306 2721 2000 2778">
     <span class='ocr_line' id='line_1_31' title="bbox 306 2721 2000 2778; baseline -0.001 0"><span class='ocrx_word' id='word_1_204' title='bbox 306 2728 399 2778; x_wconf 89' lang='lat' dir='ltr'><strong><em>ctu</em></strong></span> <span class='ocrx_word' id='word_1_205' title='bbox 430 2724 612 2778; x_wconf 88' lang='lat' dir='ltr'><strong><em>Patris</em></strong></span> <span class='ocrx_word' id='word_1_206' title='bbox 657 2723 880 2777; x_wconf 86' lang='lat' dir='ltr'><strong><em>obtulit.</em></strong></span> <span class='ocrx_word' id='word_1_207' title='bbox 946 2722 1125 2777; x_wconf 87' lang='lat' dir='ltr'><strong><em>Debet</em></strong></span> <span class='ocrx_word' id='word_1_208' title='bbox 1180 2726 1371 2776; x_wconf 91' lang='lat' dir='ltr'><strong><em>autem</em></strong></span> <span class='ocrx_word' id='word_1_209' title='bbox 1419 2721 1643 2776; x_wconf 91' lang='lat' dir='ltr'><strong><em>comedi</em></strong></span> <span class='ocrx_word' id='word_1_210' title='bbox 1686 2722 1792 2777; x_wconf 92' lang='lat' dir='ltr'><strong><em>hoc</em></strong></span> <span class='ocrx_word' id='word_1_211' title='bbox 1836 2724 2000 2776; x_wconf 85' lang='lat' dir='ltr'><strong><em>sacri-</em></strong></span> 
     </span>
    </p>
   </div>
   <div class='ocr_carea' id='block_1_32' title="bbox 304 2810 1995 2882">
    <p class='ocr_par' dir='ltr' id='par_1_32' title="bbox 304 2810 1995 2882">
     <span class='ocr_line' id='line_1_32' title="bbox 304 2810 1995 2882; baseline 0.001 -17"><span class='ocrx_word' id='word_1_212' title='bbox 304 2812 457 2867; x_wconf 91' lang='lat' dir='ltr'><strong><em>cium</em></strong></span> <span class='ocrx_word' id='word_1_213' title='bbox 491 2812 552 2866; x_wconf 88' lang='lat' dir='ltr'><strong><em>in</em></strong></span> <span class='ocrx_word' id='word_1_214' title='bbox 579 2813 703 2866; x_wconf 88' lang='lat' dir='ltr'><strong><em>loco</em></strong></span> <span class='ocrx_word' id='word_1_215' title='bbox 734 2816 949 2879; x_wconf 89' lang='lat' dir='ltr'><strong><em>sancto,</em></strong></span> <span class='ocrx_word' id='word_1_216' title='bbox 996 2810 1051 2865; x_wconf 92' lang='lat' dir='ltr'><strong><em>id</em></strong></span> <span class='ocrx_word' id='word_1_217' title='bbox 1100 2815 1184 2864; x_wconf 88' lang='lat' dir='ltr'><strong><em>est</em></strong></span> <span class='ocrx_word' id='word_1_218' title='bbox 1225 2810 1479 2877; x_wconf 87' lang='lat' dir='ltr'><strong><em>ecclesia,</em></strong></span> <span class='ocrx_word' id='word_1_219' title='bbox 1531 2810 1593 2864; x_wconf 92' lang='lat' dir='ltr'><strong><em>in</em></strong></span> <span class='ocrx_word' id='word_1_220' title='bbox 1638 2810 1995 2882; x_wconf 86' lang='lat' dir='ltr'><strong><em>propitiatio-</em></strong></span> 
     </span>
    </p>
   </div>
   <div class='ocr_carea' id='block_1_33' title="bbox 2110 418 2269 473">
    <p class='ocr_par' dir='ltr' id='par_1_33' title="bbox 2110 418 2269 473">
     <span class='ocr_line' id='line_1_33' title="bbox 2110 418 2269 473; baseline 0 0"><span class='ocrx_word' id='word_1_221' title='bbox 2110 418 2269 473; x_wconf 83' lang='lat' dir='ltr'><strong><em>Mosi.</em></strong></span> 
     </span>
    </p>
   </div>
   <div class='ocr_carea' id='block_1_34' title="bbox 2182 508 3817 575">
    <p class='ocr_par' dir='ltr' id='par_1_34' title="bbox 2182 508 3817 575">
     <span class='ocr_line' id='line_1_34' title="bbox 2182 508 3817 575; baseline 0.004 -12"><span class='ocrx_word' id='word_1_222' title='bbox 2182 508 2370 564; x_wconf 88' lang='lat' dir='ltr'><strong><em>Hodie.</em></strong></span> <span class='ocrx_word' id='word_1_223' title='bbox 2404 509 2578 575; x_wconf 88' lang='lat' dir='ltr'><strong><em>Quasi</em></strong></span> <span class='ocrx_word' id='word_1_224' title='bbox 2603 508 2753 563; x_wconf 89' lang='lat' dir='ltr'><strong><em>dicat</em></strong></span> <span class='ocrx_word' id='word_1_225' title='bbox 2784 526 2799 564; x_wconf 90' lang='lat'><strong><em>:</em></strong></span> <span class='ocrx_word' id='word_1_226' title='bbox 2833 509 2881 564; x_wconf 89' lang='lat' dir='ltr'><strong><em>si</em></strong></span> <span class='ocrx_word' id='word_1_227' title='bbox 2908 514 3040 565; x_wconf 88' lang='lat' dir='ltr'><strong><em>ante</em></strong></span> <span class='ocrx_word' id='word_1_228' title='bbox 3070 510 3464 567; x_wconf 86' lang='lat' dir='ltr'><strong><em>remissionem</em></strong></span> <span class='ocrx_word' id='word_1_229' title='bbox 3508 512 3817 570; x_wconf 89' lang='lat' dir='ltr'><strong><em>Salvatoris</em></strong></span> 
     </span>
    </p>
   </div>
   <div class='ocr_carea' id='block_1_35' title="bbox 2113 595 3813 669">
    <p class='ocr_par' dir='ltr' id='par_1_35' title="bbox 2113 595 3813 669">
     <span class='ocr_line' id='line_1_35' title="bbox 2113 595 3813 669; baseline 0.005 -19"><span class='ocrx_word' id='word_1_230' title='bbox 2113 595 2222 651; x_wconf 89' lang='lat' dir='ltr'><strong><em>hoc</em></strong></span> <span class='ocrx_word' id='word_1_231' title='bbox 2246 604 2595 668; x_wconf 83' lang='lat' dir='ltr'><strong><em>peccassent,</em></strong></span> <span class='ocrx_word' id='word_1_232' title='bbox 2639 598 2877 652; x_wconf 88' lang='lat' dir='ltr'><strong><em>forsitan</em></strong></span> <span class='ocrx_word' id='word_1_233' title='bbox 2923 599 3336 669; x_wconf 87' lang='lat' dir='ltr'><strong><em>ignosceretur,</em></strong></span> <span class='ocrx_word' id='word_1_234' title='bbox 3388 617 3517 655; x_wconf 90' lang='lat' dir='ltr'><strong><em>cum</em></strong></span> <span class='ocrx_word' id='word_1_235' title='bbox 3551 605 3813 661; x_wconf 89' lang='lat' dir='ltr'><strong><em>nondum</em></strong></span> 
     </span>
    </p>
   </div>
   <div class='ocr_carea' id='block_1_36' title="bbox 2114 687 3814 753">
    <p class='ocr_par' dir='ltr' id='par_1_36' title="bbox 2114 687 3814 753">
     <span class='ocr_line' id='line_1_36' title="bbox 2114 687 3814 753; baseline 0.005 -13"><span class='ocrx_word' id='word_1_236' title='bbox 2114 687 2329 741; x_wconf 91' lang='lat' dir='ltr'><strong><em>mundo</em></strong></span> <span class='ocrx_word' id='word_1_237' title='bbox 2360 687 2592 741; x_wconf 88' lang='lat' dir='ltr'><strong><em>scientia</em></strong></span> <span class='ocrx_word' id='word_1_238' title='bbox 2622 687 3087 743; x_wconf 86' lang='lat' dir='ltr'><strong><em>manifestaretur</em></strong></span> <span class='ocrx_word' id='word_1_239' title='bbox 3114 704 3127 743; x_wconf 94' lang='lat'><strong><em>:</em></strong></span> <span class='ocrx_word' id='word_1_240' title='bbox 3161 691 3336 753; x_wconf 85' lang='lat' dir='ltr'><strong><em>unde,</em></strong></span> <span class='ocrx_word' id='word_1_241' title='bbox 3369 691 3436 744; x_wconf 90' lang='lat' dir='ltr'><strong><em>Si</em></strong></span> <span class='ocrx_word' id='word_1_242' title='bbox 3477 706 3584 746; x_wconf 85' lang='lat' dir='ltr'><strong><em>non</em></strong></span> <span class='ocrx_word' id='word_1_243' title='bbox 3635 695 3814 748; x_wconf 86' lang='lat' dir='ltr'><strong><em>venis-</em></strong></span> 
     </span>
    </p>
   </div>
   <div class='ocr_carea' id='block_1_37' title="bbox 2112 778 3813 847">
    <p class='ocr_par' dir='ltr' id='par_1_37' title="bbox 2112 778 3813 847">
     <span class='ocr_line' id='line_1_37' title="bbox 2112 778 3813 847; baseline 0.004 -17"><span class='ocrx_word' id='word_1_244' title='bbox 2112 790 2243 842; x_wconf 87' lang='lat' dir='ltr'><strong><em>sem,</em></strong></span> <span class='ocrx_word' id='word_1_245' title='bbox 2275 780 2324 830; x_wconf 91' lang='lat' dir='ltr'><strong><em>et</em></strong></span> <span class='ocrx_word' id='word_1_246' title='bbox 2355 778 2561 832; x_wconf 84' lang='lat' dir='ltr'><strong><em>locutus</em></strong></span> <span class='ocrx_word' id='word_1_247' title='bbox 2626 778 2701 831; x_wconf 88' lang='lat' dir='ltr'><strong><em>eis</em></strong></span> <span class='ocrx_word' id='word_1_248' title='bbox 2736 778 2982 844; x_wconf 82' lang='lat' dir='ltr'><strong><em>fuissem,</em></strong></span> <span class='ocrx_word' id='word_1_249' title='bbox 3033 783 3314 847; x_wconf 85' lang='lat' dir='ltr'><strong><em>peccatum</em></strong></span> <span class='ocrx_word' id='word_1_250' title='bbox 3370 794 3481 834; x_wconf 84' lang='lat' dir='ltr'><strong><em>non</em></strong></span> <span class='ocrx_word' id='word_1_251' title='bbox 3534 781 3813 847; x_wconf 82' lang='lat' dir='ltr'><strong><em>haberent;</em></strong></span> 
     </span>
    </p>
   </div>
   <div class='ocr_carea' id='block_1_38' title="bbox 2111 867 3809 938">
    <p class='ocr_par' dir='ltr' id='par_1_38' title="bbox 2111 867 3809 938">
     <span class='ocr_line' id='line_1_38' title="bbox 2111 867 3809 938; baseline 0.005 -20"><span class='ocrx_word' id='word_1_252' title='bbox 2111 880 2253 919; x_wconf 86' lang='lat' dir='ltr'><strong><em>nunc</em></strong></span> <span class='ocrx_word' id='word_1_253' title='bbox 2281 870 2460 920; x_wconf 86' lang='lat' dir='ltr'><strong><em>autem</em></strong></span> <span class='ocrx_word' id='word_1_254' title='bbox 2506 867 2903 921; x_wconf 71' lang='lat' dir='ltr'><strong><em>excusationem</em></strong></span> <span class='ocrx_word' id='word_1_255' title='bbox 2948 882 3056 922; x_wconf 89' lang='lat' dir='ltr'><strong><em>non</em></strong></span> <span class='ocrx_word' id='word_1_256' title='bbox 3102 868 3299 923; x_wconf 84' lang='lat' dir='ltr'><strong><em>habent</em></strong></span> <span class='ocrx_word' id='word_1_257' title='bbox 3338 868 3404 924; x_wconf 87' lang='lat' dir='ltr'><strong><em>de</em></strong></span> <span class='ocrx_word' id='word_1_258' title='bbox 3446 876 3664 938; x_wconf 87' lang='lat' dir='ltr'><strong><em>peccato</em></strong></span> <span class='ocrx_word' id='word_1_259' title='bbox 3714 886 3809 927; x_wconf 93' lang='lat' dir='ltr'><strong><em>suo</em></strong></span> 
     </span>
    </p>
   </div>
   <div class='ocr_carea' id='block_1_39' title="bbox 2118 954 2439 1024">
    <p class='ocr_par' dir='ltr' id='par_1_39' title="bbox 2118 954 2439 1024">
     <span class='ocr_line' id='line_1_39' title="bbox 2118 954 2439 1024; baseline -0.003 -16"><span class='ocrx_word' id='word_1_260' title='bbox 2118 954 2290 1017; x_wconf 87' lang='lat' dir='ltr'><strong><em>(Joan.</em></strong></span> <span class='ocrx_word' id='word_1_261' title='bbox 2329 956 2439 1024; x_wconf 89' lang='lat' dir='ltr'><strong><em>xv).</em></strong></span> 
     </span>
    </p>
   </div>
   <div class='ocr_carea' id='block_1_40' title="bbox 2790 1088 3134 1144">
    <p class='ocr_par' dir='ltr' id='par_1_40' title="bbox 2790 1088 3134 1144">
     <span class='ocr_line' id='line_1_40' title="bbox 2790 1088 3134 1144; baseline 0.003 -1"><span class='ocrx_word' id='word_1_262' title='bbox 2790 1088 3018 1143; x_wconf 85' lang='lat' dir='ltr'><strong><em>CAPUT</em></strong></span> <span class='ocrx_word' id='word_1_263' title='bbox 3047 1089 3134 1144; x_wconf 80' lang='lat' dir='ltr'><strong><em>XI.</em></strong></span> 
     </span>
    </p>
   </div>
   <div class='ocr_carea' id='block_1_41' title="bbox 2186 1221 3811 1297">
    <p class='ocr_par' dir='ltr' id='par_1_41' title="bbox 2186 1221 3811 1297">
     <span class='ocr_line' id='line_1_41' title="bbox 2186 1221 3811 1297; baseline 0.005 -24"><span class='ocrx_word' id='word_1_264' title='bbox 2186 1221 2350 1275; x_wconf 76' lang='lat' dir='ltr'><strong><em>Vens.</em></strong></span> <span class='ocrx_word' id='word_1_265' title='bbox 2385 1251 2449 1261; x_wconf 83' lang='lat'><strong><em>—-</em></strong></span> <span class='ocrx_word' id='word_1_266' title='bbox 2497 1222 2728 1276; x_wconf 85' lang='lat' dir='ltr'><strong><em>Locutus</em></strong></span> <span class='ocrx_word' id='word_1_267' title='bbox 2771 1226 2850 1276; x_wconf 89' lang='lat' dir='ltr'><strong><em>est</em></strong></span> <span class='ocrx_word' id='word_1_268' title='bbox 2904 1223 3187 1277; x_wconf 85' lang='lat' dir='ltr'><strong><em>Dominus.</em></strong></span> <span class='ocrx_word' id='word_1_269' title='bbox 3242 1222 3456 1294; x_wconf 77' lang='lat' dir='ltr'><strong><em>(lsicn.)</em></strong></span> <span class='ocrx_word' id='word_1_270' title='bbox 3520 1224 3811 1297; x_wconf 87' lang='lat' dir='ltr'><strong><em>Quidquid</em></strong></span> 
     </span>
    </p>
   </div>
   <div class='ocr_carea' id='block_1_42' title="bbox 2116 1307 3813 1379">
    <p class='ocr_par' dir='ltr' id='par_1_42' title="bbox 2116 1307 3813 1379">
     <span class='ocr_line' id='line_1_42' title="bbox 2116 1307 3813 1379; baseline 0.004 -18"><span class='ocrx_word' id='word_1_271' title='bbox 2116 1324 2151 1362; x_wconf 87' lang='lat' dir='ltr'><strong><em>a</em></strong></span> <span class='ocrx_word' id='word_1_272' title='bbox 2178 1309 2292 1362; x_wconf 93' lang='lat' dir='ltr'><strong><em>Deo</em></strong></span> <span class='ocrx_word' id='word_1_273' title='bbox 2323 1307 2535 1362; x_wconf 89' lang='lat' dir='ltr'><strong><em>factum</em></strong></span> <span class='ocrx_word' id='word_1_274' title='bbox 2565 1308 2688 1379; x_wconf 90' lang='lat' dir='ltr'><strong><em>ipsa</em></strong></span> <span class='ocrx_word' id='word_1_275' title='bbox 2711 1308 3102 1362; x_wconf 84' lang='lat' dir='ltr'><strong><em>&#39;institutionis</em></strong></span> <span class='ocrx_word' id='word_1_276' title='bbox 3149 1310 3486 1365; x_wconf 89' lang='lat' dir='ltr'><strong><em>auctoritate</em></strong></span> <span class='ocrx_word' id='word_1_277' title='bbox 3533 1313 3813 1368; x_wconf 90' lang='lat' dir='ltr'><strong><em>mundum</em></strong></span> 
     </span>
    </p>
   </div>
   <div class='ocr_carea' id='block_1_43' title="bbox 2117 1396 3812 1469">
    <p class='ocr_par' dir='ltr' id='par_1_43' title="bbox 2117 1396 3812 1469">
     <span class='ocr_line' id='line_1_43' title="bbox 2117 1396 3812 1469; baseline 0.003 -18"><span class='ocrx_word' id='word_1_278' title='bbox 2117 1401 2219 1452; x_wconf 89' lang='lat' dir='ltr'><strong><em>est.</em></strong></span> <span class='ocrx_word' id='word_1_279' title='bbox 2253 1398 2314 1450; x_wconf 88' lang='lat' dir='ltr'><strong><em>In</em></strong></span> <span class='ocrx_word' id='word_1_280' title='bbox 2340 1396 2684 1450; x_wconf 86' lang='lat' dir='ltr'><strong><em>animalibus</em></strong></span> <span class='ocrx_word' id='word_1_281' title='bbox 2710 1396 2889 1467; x_wconf 90' lang='lat' dir='ltr'><strong><em>igitur</em></strong></span> <span class='ocrx_word' id='word_1_282' title='bbox 2910 1413 3099 1452; x_wconf 89' lang='lat' dir='ltr'><strong><em>mores</em></strong></span> <span class='ocrx_word' id='word_1_283' title='bbox 3130 1399 3450 1468; x_wconf 88' lang='lat' dir='ltr'><strong><em>pinguntur</em></strong></span> <span class='ocrx_word' id='word_1_284' title='bbox 3491 1399 3812 1469; x_wconf 90' lang='lat' dir='ltr'><strong><em>hominum,</em></strong></span> 
     </span>
    </p>
   </div>
   <div class='ocr_carea' id='block_1_44' title="bbox 2116 1486 3811 1558">
    <p class='ocr_par' dir='ltr' id='par_1_44' title="bbox 2116 1486 3811 1558">
     <span class='ocr_line' id='line_1_44' title="bbox 2116 1486 3811 1558; baseline 0.003 -19"><span class='ocrx_word' id='word_1_285' title='bbox 2116 1490 2174 1540; x_wconf 90' lang='lat' dir='ltr'><strong><em>et</em></strong></span> <span class='ocrx_word' id='word_1_286' title='bbox 2201 1490 2379 1554; x_wconf 90' lang='lat' dir='ltr'><strong><em>actus,</em></strong></span> <span class='ocrx_word' id='word_1_287' title='bbox 2408 1489 2463 1539; x_wconf 88' lang='lat' dir='ltr'><strong><em>et</em></strong></span> <span class='ocrx_word' id='word_1_288' title='bbox 2494 1486 2832 1552; x_wconf 89' lang='lat' dir='ltr'><strong><em>voluntates,</em></strong></span> <span class='ocrx_word' id='word_1_289' title='bbox 2896 1501 2963 1541; x_wconf 84' lang='lat' dir='ltr'><strong><em>ex</em></strong></span> <span class='ocrx_word' id='word_1_290' title='bbox 3015 1486 3225 1558; x_wconf 86' lang='lat' dir='ltr'><strong><em>quibus</em></strong></span> <span class='ocrx_word' id='word_1_291' title='bbox 3263 1487 3412 1542; x_wconf 88' lang='lat' dir='ltr'><strong><em>ﬁunt</em></strong></span> <span class='ocrx_word' id='word_1_292' title='bbox 3463 1489 3670 1544; x_wconf 91' lang='lat' dir='ltr'><strong><em>mundi</em></strong></span> <span class='ocrx_word' id='word_1_293' title='bbox 3730 1491 3811 1544; x_wconf 90' lang='lat' dir='ltr'><strong><em>vel</em></strong></span> 
     </span>
    </p>
   </div>
   <div class='ocr_carea' id='block_1_45' title="bbox 2118 1574 2425 1629">
    <p class='ocr_par' dir='ltr' id='par_1_45' title="bbox 2118 1574 2425 1629">
     <span class='ocr_line' id='line_1_45' title="bbox 2118 1574 2425 1629; baseline -0.007 0"><span class='ocrx_word' id='word_1_294' title='bbox 2118 1574 2425 1629; x_wconf 90' lang='lat' dir='ltr'><strong><em>immundi.</em></strong></span> 
     </span>
    </p>
   </div>
   <div class='ocr_carea' id='block_1_46' title="bbox 2191 1662 3812 1735">
    <p class='ocr_par' dir='ltr' id='par_1_46' title="bbox 2191 1662 3812 1735">
     <span class='ocr_line' id='line_1_46' title="bbox 2191 1662 3812 1735; baseline 0.004 -19"><span class='ocrx_word' id='word_1_295' title='bbox 2191 1663 2316 1734; x_wconf 81' lang='lat'><strong><em>(11).)</em></strong></span> <span class='ocrx_word' id='word_1_296' title='bbox 2346 1662 2495 1717; x_wconf 84' lang='lat' dir='ltr'><strong><em>Dixit</em></strong></span> <span class='ocrx_word' id='word_1_297' title='bbox 2526 1662 2798 1717; x_wconf 91' lang='lat' dir='ltr'><strong><em>Dominus</em></strong></span> <span class='ocrx_word' id='word_1_298' title='bbox 2828 1663 2896 1717; x_wconf 90' lang='lat' dir='ltr'><strong><em>ad</em></strong></span> <span class='ocrx_word' id='word_1_299' title='bbox 2952 1664 3067 1718; x_wconf 86' lang='lat' dir='ltr'><strong><em>Noe</em></strong></span> <span class='ocrx_word' id='word_1_300' title='bbox 3096 1680 3109 1718; x_wconf 90' lang='lat'><strong><em>:</em></strong></span> <span class='ocrx_word' id='word_1_301' title='bbox 3174 1665 3339 1721; x_wconf 88' lang='lat' dir='ltr'><strong><em>Omne</em></strong></span> <span class='ocrx_word' id='word_1_302' title='bbox 3381 1666 3524 1735; x_wconf 86' lang='lat' dir='ltr'><strong><em>quod</em></strong></span> <span class='ocrx_word' id='word_1_303' title='bbox 3573 1672 3812 1723; x_wconf 85' lang='lat' dir='ltr'><strong><em>movetur</em></strong></span> 
     </span>
    </p>
   </div>
   <div class='ocr_carea' id='block_1_47' title="bbox 2119 1751 3810 1823">
    <p class='ocr_par' dir='ltr' id='par_1_47' title="bbox 2119 1751 3810 1823">
     <span class='ocr_line' id='line_1_47' title="bbox 2119 1751 3810 1823; baseline 0.004 -17"><span class='ocrx_word' id='word_1_304' title='bbox 2119 1756 2170 1806; x_wconf 85' lang='lat' dir='ltr'><strong><em>et</em></strong></span> <span class='ocrx_word' id='word_1_305' title='bbox 2194 1754 2351 1820; x_wconf 80' lang='lat' dir='ltr'><strong><em>vivit,</em></strong></span> <span class='ocrx_word' id='word_1_306' title='bbox 2380 1754 2485 1807; x_wconf 83' lang='lat' dir='ltr'><strong><em>erit</em></strong></span> <span class='ocrx_word' id='word_1_307' title='bbox 2510 1751 2660 1806; x_wconf 83' lang='lat' dir='ltr'><strong><em>vobis</em></strong></span> <span class='ocrx_word' id='word_1_308' title='bbox 2703 1754 2762 1806; x_wconf 89' lang='lat' dir='ltr'><strong><em>in</em></strong></span> <span class='ocrx_word' id='word_1_309' title='bbox 2786 1752 2963 1807; x_wconf 87' lang='lat' dir='ltr'><strong><em>cibum</em></strong></span> <span class='ocrx_word' id='word_1_310' title='bbox 3012 1754 3159 1820; x_wconf 87' lang='lat' dir='ltr'><strong><em>(Gen.</em></strong></span> <span class='ocrx_word' id='word_1_311' title='bbox 3200 1756 3300 1823; x_wconf 78' lang='lat' dir='ltr'><strong><em>Ix),</em></strong></span> <span class='ocrx_word' id='word_1_312' title='bbox 3352 1760 3457 1809; x_wconf 90' lang='lat' dir='ltr'><strong><em>etc.</em></strong></span> <span class='ocrx_word' id='word_1_313' title='bbox 3501 1756 3563 1810; x_wconf 91' lang='lat' dir='ltr'><strong><em>In</em></strong></span> <span class='ocrx_word' id='word_1_314' title='bbox 3609 1757 3810 1812; x_wconf 87' lang='lat' dir='ltr'><strong><em>Genesi</em></strong></span> 
     </span>
    </p>
   </div>
   <div class='ocr_carea' id='block_1_48' title="bbox 2118 1840 3806 1913">
    <p class='ocr_par' dir='ltr' id='par_1_48' title="bbox 2118 1840 3806 1913">
     <span class='ocr_line' id='line_1_48' title="bbox 2118 1840 3806 1913; baseline 0.004 -20"><span class='ocrx_word' id='word_1_315' title='bbox 2118 1856 2345 1912; x_wconf 88' lang='lat' dir='ltr'><strong><em>quoque</em></strong></span> <span class='ocrx_word' id='word_1_316' title='bbox 2372 1840 2586 1894; x_wconf 91' lang='lat' dir='ltr'><strong><em>dictum</em></strong></span> <span class='ocrx_word' id='word_1_317' title='bbox 2618 1845 2741 1895; x_wconf 88' lang='lat' dir='ltr'><strong><em>est:</em></strong></span> <span class='ocrx_word' id='word_1_318' title='bbox 2781 1840 2937 1895; x_wconf 88' lang='lat' dir='ltr'><strong><em>Vidit</em></strong></span> <span class='ocrx_word' id='word_1_319' title='bbox 2986 1843 3125 1897; x_wconf 88' lang='lat' dir='ltr'><strong><em>Deus</em></strong></span> <span class='ocrx_word' id='word_1_320' title='bbox 3172 1848 3364 1897; x_wconf 87' lang='lat' dir='ltr'><strong><em>cuncta</em></strong></span> <span class='ocrx_word' id='word_1_321' title='bbox 3409 1860 3525 1913; x_wconf 63' lang='lat' dir='ltr'><strong><em>qum</em></strong></span> <span class='ocrx_word' id='word_1_322' title='bbox 3579 1846 3806 1911; x_wconf 82' lang='lat' dir='ltr'><strong><em>fecerat.</em></strong></span> 
     </span>
    </p>
   </div>
   <div class='ocr_carea' id='block_1_49' title="bbox 2115 1928 3809 2005">
    <p class='ocr_par' dir='ltr' id='par_1_49' title="bbox 2115 1928 3809 2005">
     <span class='ocr_line' id='line_1_49' title="bbox 2115 1928 3809 2005; baseline 0.004 -23"><span class='ocrx_word' id='word_1_323' title='bbox 2115 1934 2165 1982; x_wconf 92' lang='lat' dir='ltr'><strong><em>et</em></strong></span> <span class='ocrx_word' id='word_1_324' title='bbox 2194 1934 2349 1983; x_wconf 88' lang='lat' dir='ltr'><strong><em>erant</em></strong></span> <span class='ocrx_word' id='word_1_325' title='bbox 2374 1928 2531 1983; x_wconf 85' lang='lat' dir='ltr'><strong><em>valde</em></strong></span> <span class='ocrx_word' id='word_1_326' title='bbox 2563 1928 2700 1983; x_wconf 87' lang='lat' dir='ltr'><strong><em>bona</em></strong></span> <span class='ocrx_word' id='word_1_327' title='bbox 2725 1928 2882 1999; x_wconf 84' lang='lat' dir='ltr'><strong><em>(Gen.</em></strong></span> <span class='ocrx_word' id='word_1_328' title='bbox 2919 1928 2977 2000; x_wconf 85' lang='grc' dir='ltr'><strong><em>ι).</em></strong></span> <span class='ocrx_word' id='word_1_329' title='bbox 3017 1931 3115 1984; x_wconf 86' lang='lat' dir='ltr'><strong><em>Hic</em></strong></span> <span class='ocrx_word' id='word_1_330' title='bbox 3146 1936 3338 1985; x_wconf 91' lang='lat' dir='ltr'><strong><em>autem</em></strong></span> <span class='ocrx_word' id='word_1_331' title='bbox 3370 1934 3633 2004; x_wconf 63' lang='lat' dir='ltr'><strong><em>quaedam</em></strong></span> <span class='ocrx_word' id='word_1_332' title='bbox 3673 1950 3809 2005; x_wconf 87' lang='lat' dir='ltr'><strong><em>pro-</em></strong></span> 
     </span>
    </p>
   </div>
   <div class='ocr_carea' id='block_1_50' title="bbox 2115 2017 3804 2085">
    <p class='ocr_par' dir='ltr' id='par_1_50' title="bbox 2115 2017 3804 2085">
     <span class='ocr_line' id='line_1_50' title="bbox 2115 2017 3804 2085; baseline 0.004 -14"><span class='ocrx_word' id='word_1_333' title='bbox 2115 2017 2406 2085; x_wconf 88' lang='lat' dir='ltr'><strong><em>hibentur,</em></strong></span> <span class='ocrx_word' id='word_1_334' title='bbox 2440 2017 2594 2071; x_wconf 88' lang='lat' dir='ltr'><strong><em>velut</em></strong></span> <span class='ocrx_word' id='word_1_335' title='bbox 2618 2017 2789 2083; x_wconf 89' lang='lat' dir='ltr'><strong><em>mala,</em></strong></span> <span class='ocrx_word' id='word_1_336' title='bbox 2821 2022 2879 2071; x_wconf 90' lang='lat' dir='ltr'><strong><em>et</em></strong></span> <span class='ocrx_word' id='word_1_337' title='bbox 2911 2017 3211 2073; x_wconf 89' lang='lat' dir='ltr'><strong><em>immunda</em></strong></span> <span class='ocrx_word' id='word_1_338' title='bbox 3244 2020 3645 2078; x_wconf 88' lang='lat' dir='ltr'><strong><em>decernuntur.</em></strong></span> <span class='ocrx_word' id='word_1_339' title='bbox 3682 2024 3804 2078; x_wconf 83' lang='lat' dir='ltr'><strong><em>Non</em></strong></span> 
     </span>
    </p>
   </div>
   <div class='ocr_carea' id='block_1_51' title="bbox 2114 2105 3809 2168">
    <p class='ocr_par' dir='ltr' id='par_1_51' title="bbox 2114 2105 3809 2168">
     <span class='ocr_line' id='line_1_51' title="bbox 2114 2105 3809 2168; baseline 0.006 -10"><span class='ocrx_word' id='word_1_340' title='bbox 2114 2110 2246 2159; x_wconf 89' lang='lat' dir='ltr'><strong><em>sunt</em></strong></span> <span class='ocrx_word' id='word_1_341' title='bbox 2268 2109 2463 2159; x_wconf 89' lang='lat' dir='ltr'><strong><em>tamen</em></strong></span> <span class='ocrx_word' id='word_1_342' title='bbox 2488 2105 2594 2159; x_wconf 90' lang='lat' dir='ltr'><strong><em>ista</em></strong></span> <span class='ocrx_word' id='word_1_343' title='bbox 2642 2107 2927 2161; x_wconf 88' lang='lat' dir='ltr'><strong><em>contraria</em></strong></span> <span class='ocrx_word' id='word_1_344' title='bbox 2973 2107 3127 2162; x_wconf 89' lang='lat' dir='ltr'><strong><em>sibi:</em></strong></span> <span class='ocrx_word' id='word_1_345' title='bbox 3185 2124 3318 2163; x_wconf 82' lang='lat' dir='ltr'><strong><em>nam</em></strong></span> <span class='ocrx_word' id='word_1_346' title='bbox 3367 2114 3424 2164; x_wconf 91' lang='lat' dir='ltr'><strong><em>et</em></strong></span> <span class='ocrx_word' id='word_1_347' title='bbox 3476 2111 3809 2168; x_wconf 66' lang='lat' dir='ltr'><strong><em>Iudaeorum</em></strong></span> 
     </span>
    </p>
   </div>
   <div class='ocr_carea' id='block_1_52' title="bbox 2114 2194 3813 2271">
    <p class='ocr_par' dir='ltr' id='par_1_52' title="bbox 2114 2194 3813 2271">
     <span class='ocr_line' id='line_1_52' title="bbox 2114 2194 3813 2271; baseline 0.006 -24"><span class='ocrx_word' id='word_1_348' title='bbox 2114 2194 2570 2265; x_wconf 87' lang='lat' dir='ltr'><strong><em>gastrimargiam</em></strong></span> <span class='ocrx_word' id='word_1_349' title='bbox 2621 2195 2687 2249; x_wconf 89' lang='lat' dir='ltr'><strong><em>ad</em></strong></span> <span class='ocrx_word' id='word_1_350' title='bbox 2742 2196 3031 2250; x_wconf 91' lang='lat' dir='ltr'><strong><em>modicum</em></strong></span> <span class='ocrx_word' id='word_1_351' title='bbox 3078 2197 3351 2253; x_wconf 87' lang='lat' dir='ltr'><strong><em>Dominus</em></strong></span> <span class='ocrx_word' id='word_1_352' title='bbox 3416 2201 3695 2271; x_wconf 87' lang='lat' dir='ltr'><strong><em>reprimit,</em></strong></span> <span class='ocrx_word' id='word_1_353' title='bbox 3753 2208 3813 2258; x_wconf 91' lang='lat' dir='ltr'><strong><em>et</em></strong></span> 
     </span>
    </p>
   </div>
   <div class='ocr_carea' id='block_1_53' title="bbox 2114 2282 3811 2359">
    <p class='ocr_par' dir='ltr' id='par_1_53' title="bbox 2114 2282 3811 2359">
     <span class='ocr_line' id='line_1_53' title="bbox 2114 2282 3811 2359; baseline 0.004 -22"><span class='ocrx_word' id='word_1_354' title='bbox 2114 2282 2428 2355; x_wconf 88' lang='lat' dir='ltr'><strong><em>spiritualis</em></strong></span> <span class='ocrx_word' id='word_1_355' title='bbox 2484 2288 2903 2355; x_wconf 65' lang='lat' dir='ltr'><strong><em>praeceptorum</em></strong></span> <span class='ocrx_word' id='word_1_356' title='bbox 2961 2286 3239 2355; x_wconf 85' lang='lat' dir='ltr'><strong><em>expositio</em></strong></span> <span class='ocrx_word' id='word_1_357' title='bbox 3289 2288 3489 2359; x_wconf 84' lang='lat' dir='ltr'><strong><em>quales</em></strong></span> <span class='ocrx_word' id='word_1_358' title='bbox 3566 2288 3811 2344; x_wconf 89' lang='lat' dir='ltr'><strong><em>debeant</em></strong></span> 
     </span>
    </p>
   </div>
   <div class='ocr_carea' id='block_1_54' title="bbox 2113 2371 3809 2430">
    <p class='ocr_par' dir='ltr' id='par_1_54' title="bbox 2113 2371 3809 2430">
     <span class='ocr_line' id='line_1_54' title="bbox 2113 2371 3809 2430; baseline 0.002 -4"><span class='ocrx_word' id='word_1_359' title='bbox 2113 2388 2234 2426; x_wconf 90' lang='lat' dir='ltr'><strong><em>esse</em></strong></span> <span class='ocrx_word' id='word_1_360' title='bbox 2263 2371 2512 2426; x_wconf 88' lang='lat' dir='ltr'><strong><em>instruit.</em></strong></span> <span class='ocrx_word' id='word_1_361' title='bbox 2550 2372 2657 2427; x_wconf 83' lang='lat' dir='ltr'><strong><em>Lex</em></strong></span> <span class='ocrx_word' id='word_1_362' title='bbox 2681 2372 2836 2427; x_wconf 90' lang='lat' dir='ltr'><strong><em>enim</em></strong></span> <span class='ocrx_word' id='word_1_363' title='bbox 2870 2373 3290 2428; x_wconf 87' lang='lat' dir='ltr'><strong><em>nutrimentum</em></strong></span> <span class='ocrx_word' id='word_1_364' title='bbox 3317 2380 3405 2429; x_wconf 91' lang='lat' dir='ltr'><strong><em>est</em></strong></span> <span class='ocrx_word' id='word_1_365' title='bbox 3451 2376 3658 2430; x_wconf 65' lang='lat' dir='ltr'><strong><em>animas</em></strong></span> <span class='ocrx_word' id='word_1_366' title='bbox 3715 2393 3809 2429; x_wconf 90' lang='lat' dir='ltr'><strong><em>ra-</em></strong></span> 
     </span>
    </p>
   </div>
   <div class='ocr_carea' id='block_1_55' title="bbox 2112 2460 3809 2520">
    <p class='ocr_par' dir='ltr' id='par_1_55' title="bbox 2112 2460 3809 2520">
     <span class='ocr_line' id='line_1_55' title="bbox 2112 2460 3809 2520; baseline 0.002 -5"><span class='ocrx_word' id='word_1_367' title='bbox 2112 2460 2342 2516; x_wconf 87' lang='lat' dir='ltr'><strong><em>tionalis</em></strong></span> <span class='ocrx_word' id='word_1_368' title='bbox 2379 2461 2798 2517; x_wconf 89' lang='lat' dir='ltr'><strong><em>rationabiliter</em></strong></span> <span class='ocrx_word' id='word_1_369' title='bbox 2826 2461 3135 2517; x_wconf 88' lang='lat' dir='ltr'><strong><em>intellecta.</em></strong></span> <span class='ocrx_word' id='word_1_370' title='bbox 3167 2462 3325 2517; x_wconf 90' lang='lat' dir='ltr'><strong><em>Sicut</em></strong></span> <span class='ocrx_word' id='word_1_371' title='bbox 3353 2468 3545 2519; x_wconf 89' lang='lat' dir='ltr'><strong><em>autem</em></strong></span> <span class='ocrx_word' id='word_1_372' title='bbox 3604 2465 3665 2518; x_wconf 91' lang='lat' dir='ltr'><strong><em>in</em></strong></span> <span class='ocrx_word' id='word_1_373' title='bbox 3710 2480 3809 2520; x_wconf 81' lang='lat' dir='ltr'><strong><em>su-</em></strong></span> 
     </span>
    </p>
   </div>
   <div class='ocr_carea' id='block_1_56' title="bbox 2111 2550 3812 2623">
    <p class='ocr_par' dir='ltr' id='par_1_56' title="bbox 2111 2550 3812 2623">
     <span class='ocr_line' id='line_1_56' title="bbox 2111 2550 3812 2623; baseline 0.002 -18"><span class='ocrx_word' id='word_1_374' title='bbox 2111 2550 2428 2622; x_wconf 87' lang='lat' dir='ltr'><strong><em>perioribus</em></strong></span> <span class='ocrx_word' id='word_1_375' title='bbox 2476 2567 2579 2623; x_wconf 90' lang='lat' dir='ltr'><strong><em>per</em></strong></span> <span class='ocrx_word' id='word_1_376' title='bbox 2628 2552 2942 2606; x_wconf 87' lang='lat' dir='ltr'><strong><em>oblationes</em></strong></span> <span class='ocrx_word' id='word_1_377' title='bbox 2999 2550 3262 2622; x_wconf 87' lang='lat' dir='ltr'><strong><em>ﬁguravit</em></strong></span> <span class='ocrx_word' id='word_1_378' title='bbox 3328 2552 3649 2618; x_wconf 75' lang='lat' dir='ltr'><strong><em>offerentes,</em></strong></span> <span class='ocrx_word' id='word_1_379' title='bbox 3728 2553 3812 2609; x_wconf 92' lang='lat' dir='ltr'><strong><em>sic</em></strong></span> 
     </span>
    </p>
   </div>
   <div class='ocr_carea' id='block_1_57' title="bbox 2110 2638 3808 2710">
    <p class='ocr_par' dir='ltr' id='par_1_57' title="bbox 2110 2638 3808 2710">
     <span class='ocr_line' id='line_1_57' title="bbox 2110 2638 3808 2710; baseline 0.001 -18"><span class='ocrx_word' id='word_1_380' title='bbox 2110 2654 2263 2693; x_wconf 89' lang='lat' dir='ltr'><strong><em>nunc</em></strong></span> <span class='ocrx_word' id='word_1_381' title='bbox 2318 2654 2423 2708; x_wconf 92' lang='lat' dir='ltr'><strong><em>per</em></strong></span> <span class='ocrx_word' id='word_1_382' title='bbox 2481 2653 2548 2692; x_wconf 86' lang='lat' dir='ltr'><strong><em>ea</em></strong></span> <span class='ocrx_word' id='word_1_383' title='bbox 2623 2654 2753 2709; x_wconf 67' lang='lat' dir='ltr'><strong><em>quas</em></strong></span> <span class='ocrx_word' id='word_1_384' title='bbox 2837 2638 3215 2692; x_wconf 91' lang='lat' dir='ltr'><strong><em>comeduntur</em></strong></span> <span class='ocrx_word' id='word_1_385' title='bbox 3279 2639 3544 2710; x_wconf 82' lang='lat' dir='ltr'><strong><em>exprimit</em></strong></span> <span class='ocrx_word' id='word_1_386' title='bbox 3613 2656 3808 2694; x_wconf 82' lang='lat' dir='ltr'><strong><em>come—</em></strong></span> 
     </span>
    </p>
   </div>
   <div class='ocr_carea' id='block_1_58' title="bbox 2111 2726 2327 2782">
    <p class='ocr_par' dir='ltr' id='par_1_58' title="bbox 2111 2726 2327 2782">
     <span class='ocr_line' id='line_1_58' title="bbox 2111 2726 2327 2782; baseline -0.014 0"><span class='ocrx_word' id='word_1_387' title='bbox 2111 2726 2327 2782; x_wconf 86' lang='lat' dir='ltr'><strong><em>dentes.</em></strong></span> 
     </span>
    </p>
   </div>
   <div class='ocr_carea' id='block_1_59' title="bbox 2178 2815 3807 2888">
    <p class='ocr_par' dir='ltr' id='par_1_59' title="bbox 2178 2815 3807 2888">
     <span class='ocr_line' id='line_1_59' title="bbox 2178 2815 3807 2888; baseline 0.002 -20"><span class='ocrx_word' id='word_1_388' title='bbox 2178 2817 2342 2869; x_wconf 78' lang='lat' dir='ltr'><strong><em>Vens.</em></strong></span> <span class='ocrx_word' id='word_1_389' title='bbox 2378 2818 2431 2870; x_wconf 90' lang='lat'><strong><em>3.</em></strong></span> <span class='ocrx_word' id='word_1_390' title='bbox 2482 2844 2549 2855; x_wconf 90' lang='lat'><strong><em>—</em></strong></span> <span class='ocrx_word' id='word_1_391' title='bbox 2593 2815 2756 2871; x_wconf 88' lang='lat' dir='ltr'><strong><em>Omne</em></strong></span> <span class='ocrx_word' id='word_1_392' title='bbox 2793 2815 2937 2886; x_wconf 85' lang='lat' dir='ltr'><strong><em>quod</em></strong></span> <span class='ocrx_word' id='word_1_393' title='bbox 2980 2815 3160 2886; x_wconf 89' lang='lat' dir='ltr'><strong><em>habet,</em></strong></span> <span class='ocrx_word' id='word_1_394' title='bbox 3209 2819 3316 2870; x_wconf 89' lang='lat' dir='ltr'><strong><em>etc.</em></strong></span> <span class='ocrx_word' id='word_1_395' title='bbox 3382 2817 3561 2885; x_wconf 81' lang='grc' dir='ltr'><strong><em>(ῐεω.)</em></strong></span> <span class='ocrx_word' id='word_1_396' title='bbox 3619 2817 3682 2871; x_wconf 88' lang='lat' dir='ltr'><strong><em>In</em></strong></span> <span class='ocrx_word' id='word_1_397' title='bbox 3722 2818 3807 2888; x_wconf 85' lang='lat' dir='ltr'><strong><em>pi-</em></strong></span> 
     </span>
    </p>
   </div>
   <div class='ocr_carea' id='block_1_60' title="bbox 303 2898 3802 2976">
    <p class='ocr_par' dir='ltr' id='par_1_60' title="bbox 303 2898 3802 2976">
     <span class='ocr_line' id='line_1_60' title="bbox 303 2898 3802 2976; baseline 0.001 -19"><span class='ocrx_word' id='word_1_398' title='bbox 303 2918 437 2958; x_wconf 89' lang='lat' dir='ltr'><strong><em>nem</em></strong></span> <span class='ocrx_word' id='word_1_399' title='bbox 468 2906 855 2972; x_wconf 87' lang='lat' dir='ltr'><strong><em>peccatorum,</em></strong></span> <span class='ocrx_word' id='word_1_400' title='bbox 898 2899 1054 2954; x_wconf 88' lang='lat' dir='ltr'><strong><em>unde</em></strong></span> <span class='ocrx_word' id='word_1_401' title='bbox 1090 2898 1294 2953; x_wconf 88' lang='lat' dir='ltr'><strong><em>addit:</em></strong></span> <span class='ocrx_word' id='word_1_402' title='bbox 1352 2898 1807 2965; x_wconf 85' lang='lat' dir='ltr'><strong><em>Quemadmodum</em></strong></span> <span class='ocrx_word' id='word_1_403' title='bbox 1850 2917 1995 2971; x_wconf 69' lang='lat' dir='ltr'><strong><em>prz-</em></strong></span> <span class='ocrx_word' id='word_1_404' title='bbox 2034 2913 2073 2969; x_wconf 67' lang='grc' dir='ltr'><strong><em>(ζ</em></strong></span> <span class='ocrx_word' id='word_1_405' title='bbox 2105 2904 2294 2958; x_wconf 85' lang='lat' dir='ltr'><strong><em>scibus</em></strong></span> <span class='ocrx_word' id='word_1_406' title='bbox 2352 2903 2635 2975; x_wconf 87' lang='lat' dir='ltr'><strong><em>quidquid</em></strong></span> <span class='ocrx_word' id='word_1_407' title='bbox 2684 2904 2954 2974; x_wconf 87' lang='lat' dir='ltr'><strong><em>pinnulas</em></strong></span> <span class='ocrx_word' id='word_1_408' title='bbox 3007 2908 3065 2959; x_wconf 88' lang='lat' dir='ltr'><strong><em>et</em></strong></span> <span class='ocrx_word' id='word_1_409' title='bbox 3119 2921 3386 2976; x_wconf 89' lang='lat' dir='ltr'><strong><em>squamas</em></strong></span> <span class='ocrx_word' id='word_1_410' title='bbox 3434 2921 3551 2959; x_wconf 93' lang='lat' dir='ltr'><strong><em>non</em></strong></span> <span class='ocrx_word' id='word_1_411' title='bbox 3604 2906 3802 2973; x_wconf 86' lang='lat' dir='ltr'><strong><em>habet,</em></strong></span> 
     </span>
    </p>
   </div>
   <div class='ocr_carea' id='block_1_61' title="bbox 303 2986 1993 3061">
    <p class='ocr_par' dir='ltr' id='par_1_61' title="bbox 303 2986 1993 3061">
     <span class='ocr_line' id='line_1_61' title="bbox 303 2986 1993 3061; baseline 0.001 -19"><span class='ocrx_word' id='word_1_412' title='bbox 303 2993 513 3058; x_wconf 79' lang='lat' dir='ltr'><strong><em>ceptum</em></strong></span> <span class='ocrx_word' id='word_1_413' title='bbox 554 2994 632 3043; x_wconf 90' lang='lat' dir='ltr'><strong><em>est</em></strong></span> <span class='ocrx_word' id='word_1_414' title='bbox 668 2989 825 3054; x_wconf 86' lang='lat' dir='ltr'><strong><em>mihi,</em></strong></span> <span class='ocrx_word' id='word_1_415' title='bbox 874 2986 933 3041; x_wconf 91' lang='lat' dir='ltr'><strong><em>id</em></strong></span> <span class='ocrx_word' id='word_1_416' title='bbox 980 2992 1066 3042; x_wconf 89' lang='lat' dir='ltr'><strong><em>est</em></strong></span> <span class='ocrx_word' id='word_1_417' title='bbox 1106 2987 1250 3041; x_wconf 87' lang='lat' dir='ltr'><strong><em>sicut</em></strong></span> <span class='ocrx_word' id='word_1_418' title='bbox 1293 2987 1562 3058; x_wconf 65' lang='lat' dir='ltr'><strong><em>praecepi.</em></strong></span> <span class='ocrx_word' id='word_1_419' title='bbox 1612 2989 1801 3061; x_wconf 84' lang='lat' dir='ltr'><strong><em>Moyes</em></strong></span> <span class='ocrx_word' id='word_1_420' title='bbox 1840 2989 1993 3044; x_wconf 92' lang='lat' dir='ltr'><strong><em>enim</em></strong></span> 
     </span>
    </p>
   </div>
   <div class='ocr_carea' id='block_1_62' title="bbox 303 3074 1995 3147">
    <p class='ocr_par' dir='ltr' id='par_1_62' title="bbox 303 3074 1995 3147">
     <span class='ocr_line' id='line_1_62' title="bbox 303 3074 1995 3147; baseline 0.001 -19"><span class='ocrx_word' id='word_1_421' title='bbox 303 3075 452 3145; x_wconf 81' lang='lat' dir='ltr'><strong><em>gerit</em></strong></span> <span class='ocrx_word' id='word_1_422' title='bbox 499 3091 802 3145; x_wconf 86' lang='lat' dir='ltr'><strong><em>personam</em></strong></span> <span class='ocrx_word' id='word_1_423' title='bbox 854 3074 1082 3130; x_wconf 86' lang='lat' dir='ltr'><strong><em>Christi.</em></strong></span> <span class='ocrx_word' id='word_1_424' title='bbox 1134 3075 1409 3130; x_wconf 89' lang='lat' dir='ltr'><strong><em>Exustum</em></strong></span> <span class='ocrx_word' id='word_1_425' title='bbox 1458 3076 1689 3146; x_wconf 88' lang='lat' dir='ltr'><strong><em>reperit,</em></strong></span> <span class='ocrx_word' id='word_1_426' title='bbox 1741 3077 1878 3147; x_wconf 91' lang='lat' dir='ltr'><strong><em>quia</em></strong></span> <span class='ocrx_word' id='word_1_427' title='bbox 1932 3076 1995 3131; x_wconf 88' lang='lat' dir='ltr'><strong><em>in</em></strong></span> 
     </span>
    </p>
   </div>
   <div class='ocr_carea' id='block_1_63' title="bbox 300 3163 1993 3236">
    <p class='ocr_par' dir='ltr' id='par_1_63' title="bbox 300 3163 1993 3236">
     <span class='ocr_line' id='line_1_63' title="bbox 300 3163 1993 3236; baseline 0 -17"><span class='ocrx_word' id='word_1_428' title='bbox 300 3163 580 3235; x_wconf 89' lang='lat' dir='ltr'><strong><em>Spiritum</em></strong></span> <span class='ocrx_word' id='word_1_429' title='bbox 611 3169 871 3219; x_wconf 89' lang='lat' dir='ltr'><strong><em>sanctum</em></strong></span> <span class='ocrx_word' id='word_1_430' title='bbox 898 3168 1288 3234; x_wconf 86' lang='lat' dir='ltr'><strong><em>peccaverant,</em></strong></span> <span class='ocrx_word' id='word_1_431' title='bbox 1343 3163 1413 3218; x_wconf 89' lang='lat' dir='ltr'><strong><em>ab</em></strong></span> <span class='ocrx_word' id='word_1_432' title='bbox 1458 3164 1812 3236; x_wconf 87' lang='lat' dir='ltr'><strong><em>intelligibili</em></strong></span> <span class='ocrx_word' id='word_1_433' title='bbox 1857 3164 1993 3235; x_wconf 90' lang='lat' dir='ltr'><strong><em>igne</em></strong></span> 
     </span>
    </p>
   </div>
   <div class='ocr_carea' id='block_1_64' title="bbox 298 3250 1989 3323">
    <p class='ocr_par' dir='ltr' id='par_1_64' title="bbox 298 3250 1989 3323">
     <span class='ocr_line' id='line_1_64' title="bbox 298 3250 1989 3323; baseline 0 -17"><span class='ocrx_word' id='word_1_434' title='bbox 298 3250 543 3322; x_wconf 88' lang='lat' dir='ltr'><strong><em>Spiritus</em></strong></span> <span class='ocrx_word' id='word_1_435' title='bbox 599 3252 780 3306; x_wconf 84' lang='lat' dir='ltr'><strong><em>sancti</em></strong></span> <span class='ocrx_word' id='word_1_436' title='bbox 826 3251 1036 3306; x_wconf 90' lang='lat' dir='ltr'><strong><em>oblatio</em></strong></span> <span class='ocrx_word' id='word_1_437' title='bbox 1088 3267 1193 3322; x_wconf 86' lang='lat' dir='ltr'><strong><em>pro</em></strong></span> <span class='ocrx_word' id='word_1_438' title='bbox 1241 3253 1580 3323; x_wconf 67' lang='lat' dir='ltr'><strong><em>paenitentia</em></strong></span> <span class='ocrx_word' id='word_1_439' title='bbox 1627 3253 1817 3307; x_wconf 90' lang='lat' dir='ltr'><strong><em>ablata</em></strong></span> <span class='ocrx_word' id='word_1_440' title='bbox 1886 3258 1989 3308; x_wconf 88' lang='lat' dir='ltr'><strong><em>est.</em></strong></span> 
     </span>
    </p>
   </div>
   <div class='ocr_carea' id='block_1_65' title="bbox 306 3340 1993 3411">
    <p class='ocr_par' dir='ltr' id='par_1_65' title="bbox 306 3340 1993 3411">
     <span class='ocr_line' id='line_1_65' title="bbox 306 3340 1993 3411; baseline 0.001 -15"><span class='ocrx_word' id='word_1_441' title='bbox 306 3341 621 3397; x_wconf 84' lang='lat' dir='ltr'><strong><em>Voluntarie</em></strong></span> <span class='ocrx_word' id='word_1_442' title='bbox 668 3342 812 3395; x_wconf 88' lang='lat' dir='ltr'><strong><em>enim</em></strong></span> <span class='ocrx_word' id='word_1_443' title='bbox 853 3340 1203 3411; x_wconf 83' lang='lat' dir='ltr'><strong><em>peccantibus</em></strong></span> <span class='ocrx_word' id='word_1_444' title='bbox 1263 3356 1370 3395; x_wconf 87' lang='lat' dir='ltr'><strong><em>non</em></strong></span> <span class='ocrx_word' id='word_1_445' title='bbox 1423 3342 1748 3411; x_wconf 85' lang='lat' dir='ltr'><strong><em>relinquitur</em></strong></span> <span class='ocrx_word' id='word_1_446' title='bbox 1815 3343 1993 3397; x_wconf 88' lang='lat' dir='ltr'><strong><em>hostia</em></strong></span> 
     </span>
    </p>
   </div>
   <div class='ocr_carea' id='block_1_66' title="bbox 292 3428 1988 3502">
    <p class='ocr_par' dir='ltr' id='par_1_66' title="bbox 292 3428 1988 3502">
     <span class='ocr_line' id='line_1_66' title="bbox 292 3428 1988 3502; baseline -0.001 -17"><span class='ocrx_word' id='word_1_447' title='bbox 292 3445 394 3500; x_wconf 83' lang='lat' dir='ltr'><strong><em>pro</em></strong></span> <span class='ocrx_word' id='word_1_448' title='bbox 413 3433 628 3498; x_wconf 85' lang='lat' dir='ltr'><strong><em>peccato</em></strong></span> <span class='ocrx_word' id='word_1_449' title='bbox 659 3429 911 3498; x_wconf 83' lang='lat' dir='ltr'><strong><em>(Heb.x).</em></strong></span> <span class='ocrx_word' id='word_1_450' title='bbox 947 3430 1089 3484; x_wconf 88' lang='lat' dir='ltr'><strong><em>Nam</em></strong></span> <span class='ocrx_word' id='word_1_451' title='bbox 1135 3428 1281 3483; x_wconf 84' lang='lat' dir='ltr'><strong><em>sicut</em></strong></span> <span class='ocrx_word' id='word_1_452' title='bbox 1328 3446 1460 3484; x_wconf 86' lang='lat' dir='ltr'><strong><em>vera</em></strong></span> <span class='ocrx_word' id='word_1_453' title='bbox 1507 3430 1851 3502; x_wconf 75' lang='lat' dir='ltr'><strong><em>poenitentia</em></strong></span> <span class='ocrx_word' id='word_1_454' title='bbox 1896 3447 1988 3484; x_wconf 86' lang='lat' dir='ltr'><strong><em>ve-</em></strong></span> 
     </span>
    </p>
   </div>
   <div class='ocr_carea' id='block_1_67' title="bbox 292 3517 1993 3590">
    <p class='ocr_par' dir='ltr' id='par_1_67' title="bbox 292 3517 1993 3590">
     <span class='ocr_line' id='line_1_67' title="bbox 292 3517 1993 3590; baseline 0.001 -18"><span class='ocrx_word' id='word_1_455' title='bbox 292 3518 449 3573; x_wconf 86' lang='lat' dir='ltr'><strong><em>niam</em></strong></span> <span class='ocrx_word' id='word_1_456' title='bbox 480 3523 863 3589; x_wconf 88' lang='lat' dir='ltr'><strong><em>promeretur,</em></strong></span> <span class='ocrx_word' id='word_1_457' title='bbox 896 3517 977 3571; x_wconf 87' lang='lat' dir='ltr'><strong><em>ita</em></strong></span> <span class='ocrx_word' id='word_1_458' title='bbox 1025 3517 1291 3573; x_wconf 87' lang='lat' dir='ltr'><strong><em>simulata</em></strong></span> <span class='ocrx_word' id='word_1_459' title='bbox 1340 3519 1519 3573; x_wconf 90' lang='lat' dir='ltr'><strong><em>Deum</em></strong></span> <span class='ocrx_word' id='word_1_460' title='bbox 1572 3519 1804 3573; x_wconf 85' lang='lat' dir='ltr'><strong><em>irritat:</em></strong></span> <span class='ocrx_word' id='word_1_461' title='bbox 1860 3522 1993 3590; x_wconf 87' lang='lat' dir='ltr'><strong><em>quia</em></strong></span> 
     </span>
    </p>
   </div>
   <div class='ocr_carea' id='block_1_68' title="bbox 295 3604 1987 3677">
    <p class='ocr_par' dir='ltr' id='par_1_68' title="bbox 295 3604 1987 3677">
     <span class='ocr_line' id='line_1_68' title="bbox 295 3604 1987 3677; baseline 0 -15"><span class='ocrx_word' id='word_1_462' title='bbox 295 3607 536 3675; x_wconf 85' lang='lat' dir='ltr'><strong><em>Spiritus</em></strong></span> <span class='ocrx_word' id='word_1_463' title='bbox 578 3610 796 3661; x_wconf 86' lang='lat' dir='ltr'><strong><em>sanctus</em></strong></span> <span class='ocrx_word' id='word_1_464' title='bbox 839 3604 1145 3675; x_wconf 61' lang='lat' dir='ltr'><strong><em>disciplina</em></strong></span> <span class='ocrx_word' id='word_1_465' title='bbox 1193 3606 1415 3675; x_wconf 68' lang='lat' dir='ltr'><strong><em>effugiet</em></strong></span> <span class='ocrx_word' id='word_1_466' title='bbox 1467 3609 1654 3676; x_wconf 77' lang='lat' dir='ltr'><strong><em>ﬁctum</em></strong></span> <span class='ocrx_word' id='word_1_467' title='bbox 1717 3608 1871 3677; x_wconf 77' lang='lat' dir='ltr'><strong><em>(Sep.</em></strong></span> <span class='ocrx_word' id='word_1_468' title='bbox 1928 3608 1987 3677; x_wconf 84' lang='grc' dir='ltr'><strong><em>ι).</em></strong></span> 
     </span>
    </p>
   </div>
   <div class='ocr_carea' id='block_1_69' title="bbox 297 3692 1991 3766">
    <p class='ocr_par' dir='ltr' id='par_1_69' title="bbox 297 3692 1991 3766">
     <span class='ocr_line' id='line_1_69' title="bbox 297 3692 1991 3766; baseline 0.001 -18"><span class='ocrx_word' id='word_1_469' title='bbox 297 3694 412 3748; x_wconf 83' lang='lat' dir='ltr'><strong><em>Hoc</em></strong></span> <span class='ocrx_word' id='word_1_470' title='bbox 440 3697 633 3748; x_wconf 90' lang='lat' dir='ltr'><strong><em>autem</em></strong></span> <span class='ocrx_word' id='word_1_471' title='bbox 682 3693 864 3748; x_wconf 90' lang='lat' dir='ltr'><strong><em>sancti</em></strong></span> <span class='ocrx_word' id='word_1_472' title='bbox 911 3694 1105 3748; x_wconf 84' lang='lat' dir='ltr'><strong><em>Patres</em></strong></span> <span class='ocrx_word' id='word_1_473' title='bbox 1135 3692 1529 3749; x_wconf 85' lang='lat' dir='ltr'><strong><em>irremissibile</em></strong></span> <span class='ocrx_word' id='word_1_474' title='bbox 1573 3699 1885 3766; x_wconf 90' lang='lat' dir='ltr'><strong><em>peccatum,</em></strong></span> <span class='ocrx_word' id='word_1_475' title='bbox 1934 3700 1991 3750; x_wconf 87' lang='lat' dir='ltr'><strong><em>et</em></strong></span> 
     </span>
    </p>
   </div>
   <div class='ocr_carea' id='block_1_70' title="bbox 294 3777 1987 3851">
    <p class='ocr_par' dir='ltr' id='par_1_70' title="bbox 294 3777 1987 3851">
     <span class='ocr_line' id='line_1_70' title="bbox 294 3777 1987 3851; baseline 0.003 -18"><span class='ocrx_word' id='word_1_476' title='bbox 294 3777 708 3851; x_wconf 83' lang='lat' dir='ltr'><strong><em>blasphemiam</em></strong></span> <span class='ocrx_word' id='word_1_477' title='bbox 740 3780 801 3835; x_wconf 91' lang='lat' dir='ltr'><strong><em>in</em></strong></span> <span class='ocrx_word' id='word_1_478' title='bbox 830 3780 1105 3850; x_wconf 87' lang='lat' dir='ltr'><strong><em>Spiritum</em></strong></span> <span class='ocrx_word' id='word_1_479' title='bbox 1144 3786 1403 3837; x_wconf 87' lang='lat' dir='ltr'><strong><em>sanctum</em></strong></span> <span class='ocrx_word' id='word_1_480' title='bbox 1428 3782 1716 3850; x_wconf 86' lang='lat' dir='ltr'><strong><em>dixerunt,</em></strong></span> <span class='ocrx_word' id='word_1_481' title='bbox 1764 3783 1824 3838; x_wconf 90' lang='lat' dir='ltr'><strong><em>in</em></strong></span> <span class='ocrx_word' id='word_1_482' title='bbox 1868 3800 1987 3838; x_wconf 91' lang='lat' dir='ltr'><strong><em>sce-</em></strong></span> 
     </span>
    </p>
   </div>
   <div class='ocr_carea' id='block_1_71' title="bbox 295 3868 1987 3942">
    <p class='ocr_par' dir='ltr' id='par_1_71' title="bbox 295 3868 1987 3942">
     <span class='ocr_line' id='line_1_71' title="bbox 295 3868 1987 3942; baseline 0.002 -19"><span class='ocrx_word' id='word_1_483' title='bbox 295 3868 509 3924; x_wconf 88' lang='lat' dir='ltr'><strong><em>leribus</em></strong></span> <span class='ocrx_word' id='word_1_484' title='bbox 527 3885 710 3942; x_wconf 87' lang='lat' dir='ltr'><strong><em>usque</em></strong></span> <span class='ocrx_word' id='word_1_485' title='bbox 742 3869 814 3924; x_wconf 88' lang='lat' dir='ltr'><strong><em>ad</em></strong></span> <span class='ocrx_word' id='word_1_486' title='bbox 851 3869 1028 3925; x_wconf 85' lang='lat' dir='ltr'><strong><em>ﬁnem</em></strong></span> <span class='ocrx_word' id='word_1_487' title='bbox 1070 3870 1201 3925; x_wconf 64' lang='lat' dir='ltr'><strong><em>vitae</em></strong></span> <span class='ocrx_word' id='word_1_488' title='bbox 1254 3886 1639 3942; x_wconf 84' lang='lat' dir='ltr'><strong><em>perseverare,</em></strong></span> <span class='ocrx_word' id='word_1_489' title='bbox 1690 3871 1761 3926; x_wconf 89' lang='lat' dir='ltr'><strong><em>de</em></strong></span> <span class='ocrx_word' id='word_1_490' title='bbox 1809 3874 1987 3927; x_wconf 89' lang='lat' dir='ltr'><strong><em>salute</em></strong></span> 
     </span>
    </p>
   </div>
   <div class='ocr_carea' id='block_1_72' title="bbox 292 3957 1983 4030">
    <p class='ocr_par' dir='ltr' id='par_1_72' title="bbox 292 3957 1983 4030">
     <span class='ocr_line' id='line_1_72' title="bbox 292 3957 1983 4030; baseline 0.003 -19"><span class='ocrx_word' id='word_1_491' title='bbox 292 3973 396 4012; x_wconf 90' lang='lat' dir='ltr'><strong><em>sua</em></strong></span> <span class='ocrx_word' id='word_1_492' title='bbox 423 3957 748 4030; x_wconf 89' lang='lat' dir='ltr'><strong><em>desperare,</em></strong></span> <span class='ocrx_word' id='word_1_493' title='bbox 779 3959 850 4014; x_wconf 89' lang='lat' dir='ltr'><strong><em>de</em></strong></span> <span class='ocrx_word' id='word_1_494' title='bbox 891 3959 1149 4030; x_wconf 89' lang='lat' dir='ltr'><strong><em>potentia</em></strong></span> <span class='ocrx_word' id='word_1_495' title='bbox 1194 3964 1251 4014; x_wconf 90' lang='lat' dir='ltr'><strong><em>et</em></strong></span> <span class='ocrx_word' id='word_1_496' title='bbox 1303 3959 1695 4016; x_wconf 90' lang='lat' dir='ltr'><strong><em>misericordia</em></strong></span> <span class='ocrx_word' id='word_1_497' title='bbox 1742 3960 1983 4016; x_wconf 80' lang='lat' dir='ltr'><strong><em>Redem-</em></strong></span> 
     </span>
    </p>
   </div>
   <div class='ocr_carea' id='block_1_73' title="bbox 290 4047 777 4118">
    <p class='ocr_par' dir='ltr' id='par_1_73' title="bbox 290 4047 777 4118">
     <span class='ocr_line' id='line_1_73' title="bbox 290 4047 777 4118; baseline 0.002 -18"><span class='ocrx_word' id='word_1_498' title='bbox 290 4047 472 4118; x_wconf 84' lang='lat' dir='ltr'><strong><em>ptoris</em></strong></span> <span class='ocrx_word' id='word_1_499' title='bbox 498 4047 777 4102; x_wconf 83' lang='lat' dir='ltr'><strong><em>difﬁdere.</em></strong></span> 
     </span>
    </p>
   </div>
   <div class='ocr_carea' id='block_1_74' title="bbox 2103 2992 3806 3063">
    <p class='ocr_par' dir='ltr' id='par_1_74' title="bbox 2103 2992 3806 3063">
     <span class='ocr_line' id='line_1_74' title="bbox 2103 2992 3806 3063; baseline 0.001 -16"><span class='ocrx_word' id='word_1_500' title='bbox 2103 2992 2485 3047; x_wconf 88' lang='lat' dir='ltr'><strong><em>abominabile</em></strong></span> <span class='ocrx_word' id='word_1_501' title='bbox 2511 2995 2601 3046; x_wconf 89' lang='lat' dir='ltr'><strong><em>est</em></strong></span> <span class='ocrx_word' id='word_1_502' title='bbox 2631 3009 2644 3047; x_wconf 90' lang='lat'><strong><em>:</em></strong></span> <span class='ocrx_word' id='word_1_503' title='bbox 2679 3008 2878 3063; x_wconf 87' lang='lat' dir='ltr'><strong><em>aspera</em></strong></span> <span class='ocrx_word' id='word_1_504' title='bbox 2915 3008 3021 3063; x_wconf 91' lang='lat' dir='ltr'><strong><em>pro</em></strong></span> <span class='ocrx_word' id='word_1_505' title='bbox 3068 2993 3299 3048; x_wconf 89' lang='lat' dir='ltr'><strong><em>mundis</em></strong></span> <span class='ocrx_word' id='word_1_506' title='bbox 3345 2993 3648 3049; x_wconf 87' lang='lat' dir='ltr'><strong><em>habentur.</em></strong></span> <span class='ocrx_word' id='word_1_507' title='bbox 3700 2994 3806 3049; x_wconf 86' lang='lat' dir='ltr'><strong><em>Hi-</em></strong></span> 
     </span>
    </p>
   </div>
   <div class='ocr_carea' id='block_1_75' title="bbox 2103 3080 3800 3152">
    <p class='ocr_par' dir='ltr' id='par_1_75' title="bbox 2103 3080 3800 3152">
     <span class='ocr_line' id='line_1_75' title="bbox 2103 3080 3800 3152; baseline 0.001 -17"><span class='ocrx_word' id='word_1_508' title='bbox 2103 3081 2252 3152; x_wconf 89' lang='lat' dir='ltr'><strong><em>spidi</em></strong></span> <span class='ocrx_word' id='word_1_509' title='bbox 2281 3081 2438 3135; x_wconf 91' lang='lat' dir='ltr'><strong><em>enim</em></strong></span> <span class='ocrx_word' id='word_1_510' title='bbox 2467 3086 2524 3135; x_wconf 91' lang='lat' dir='ltr'><strong><em>et</em></strong></span> <span class='ocrx_word' id='word_1_511' title='bbox 2551 3080 2779 3149; x_wconf 87' lang='lat' dir='ltr'><strong><em>hirsuti,</em></strong></span> <span class='ocrx_word' id='word_1_512' title='bbox 2809 3080 2982 3147; x_wconf 83' lang='lat' dir='ltr'><strong><em>ﬁrmi,</em></strong></span> <span class='ocrx_word' id='word_1_513' title='bbox 3018 3086 3074 3136; x_wconf 93' lang='lat' dir='ltr'><strong><em>et</em></strong></span> <span class='ocrx_word' id='word_1_514' title='bbox 3104 3098 3302 3152; x_wconf 85' lang='lat' dir='ltr'><strong><em>graves</em></strong></span> <span class='ocrx_word' id='word_1_515' title='bbox 3331 3083 3638 3138; x_wconf 89' lang='lat' dir='ltr'><strong><em>hominum</em></strong></span> <span class='ocrx_word' id='word_1_516' title='bbox 3672 3099 3800 3137; x_wconf 91' lang='lat' dir='ltr'><strong><em>mo-</em></strong></span> 
     </span>
    </p>
   </div>
   <div class='ocr_carea' id='block_1_76' title="bbox 2101 3169 3804 3241">
    <p class='ocr_par' dir='ltr' id='par_1_76' title="bbox 2101 3169 3804 3241">
     <span class='ocr_line' id='line_1_76' title="bbox 2101 3169 3804 3241; baseline 0.001 -17"><span class='ocrx_word' id='word_1_517' title='bbox 2101 3186 2191 3224; x_wconf 91' lang='lat' dir='ltr'><strong><em>res</em></strong></span> <span class='ocrx_word' id='word_1_518' title='bbox 2220 3169 2629 3241; x_wconf 86' lang='lat' dir='ltr'><strong><em>approbantur.</em></strong></span> <span class='ocrx_word' id='word_1_519' title='bbox 2663 3169 2769 3234; x_wconf 92' lang='lat' dir='ltr'><strong><em>Qui</em></strong></span> <span class='ocrx_word' id='word_1_520' title='bbox 2795 3170 2917 3223; x_wconf 91' lang='lat' dir='ltr'><strong><em>sine</em></strong></span> <span class='ocrx_word' id='word_1_521' title='bbox 2946 3169 3036 3223; x_wconf 89' lang='lat' dir='ltr'><strong><em>his</em></strong></span> <span class='ocrx_word' id='word_1_522' title='bbox 3064 3174 3218 3235; x_wconf 87' lang='lat' dir='ltr'><strong><em>sunt,</em></strong></span> <span class='ocrx_word' id='word_1_523' title='bbox 3257 3170 3545 3226; x_wconf 90' lang='lat' dir='ltr'><strong><em>immundi</em></strong></span> <span class='ocrx_word' id='word_1_524' title='bbox 3592 3170 3804 3226; x_wconf 87' lang='lat' dir='ltr'><strong><em>dicun-</em></strong></span> 
     </span>
    </p>
   </div>
   <div class='ocr_carea' id='block_1_77' title="bbox 2100 3257 3805 3329">
    <p class='ocr_par' dir='ltr' id='par_1_77' title="bbox 2100 3257 3805 3329">
     <span class='ocr_line' id='line_1_77' title="bbox 2100 3257 3805 3329; baseline 0.001 -17"><span class='ocrx_word' id='word_1_525' title='bbox 2100 3264 2215 3325; x_wconf 91' lang='lat' dir='ltr'><strong><em>tur,</em></strong></span> <span class='ocrx_word' id='word_1_526' title='bbox 2269 3257 2480 3329; x_wconf 90' lang='lat' dir='ltr'><strong><em>quibus</em></strong></span> <span class='ocrx_word' id='word_1_527' title='bbox 2538 3258 2687 3312; x_wconf 84' lang='lat' dir='ltr'><strong><em>leves</em></strong></span> <span class='ocrx_word' id='word_1_528' title='bbox 2741 3263 2799 3311; x_wconf 90' lang='lat' dir='ltr'><strong><em>et</em></strong></span> <span class='ocrx_word' id='word_1_529' title='bbox 2840 3257 3066 3325; x_wconf 91' lang='lat' dir='ltr'><strong><em>lubrici,</em></strong></span> <span class='ocrx_word' id='word_1_530' title='bbox 3114 3258 3332 3314; x_wconf 84' lang='lat' dir='ltr'><strong><em>inﬁrmi</em></strong></span> <span class='ocrx_word' id='word_1_531' title='bbox 3372 3264 3429 3313; x_wconf 90' lang='lat' dir='ltr'><strong><em>et</em></strong></span> <span class='ocrx_word' id='word_1_532' title='bbox 3483 3259 3805 3315; x_wconf 76' lang='lat' dir='ltr'><strong><em>effeminati</em></strong></span> 
     </span>
    </p>
   </div>
   <div class='ocr_carea' id='block_1_78' title="bbox 2100 3346 3803 3419">
    <p class='ocr_par' dir='ltr' id='par_1_78' title="bbox 2100 3346 3803 3419">
     <span class='ocr_line' id='line_1_78' title="bbox 2100 3346 3803 3419; baseline 0.002 -18"><span class='ocrx_word' id='word_1_533' title='bbox 2100 3362 2288 3401; x_wconf 89' lang='lat' dir='ltr'><strong><em>mores</em></strong></span> <span class='ocrx_word' id='word_1_534' title='bbox 2345 3346 2713 3417; x_wconf 85' lang='lat' dir='ltr'><strong><em>adjiciuntur.</em></strong></span> <span class='ocrx_word' id='word_1_535' title='bbox 2770 3346 3044 3401; x_wconf 85' lang='lat' dir='ltr'><strong><em>Pinnulas</em></strong></span> <span class='ocrx_word' id='word_1_536' title='bbox 3096 3363 3329 3419; x_wconf 90' lang='lat' dir='ltr'><strong><em>quoque</em></strong></span> <span class='ocrx_word' id='word_1_537' title='bbox 3377 3348 3679 3419; x_wconf 88' lang='lat' dir='ltr'><strong><em>conjungit</em></strong></span> <span class='ocrx_word' id='word_1_538' title='bbox 3739 3353 3803 3404; x_wconf 89' lang='lat' dir='ltr'><strong><em>et</em></strong></span> 
     </span>
    </p>
   </div>
   <div class='ocr_carea' id='block_1_79' title="bbox 2098 3434 3806 3507">
    <p class='ocr_par' dir='ltr' id='par_1_79' title="bbox 2098 3434 3806 3507">
     <span class='ocr_line' id='line_1_79' title="bbox 2098 3434 3806 3507; baseline 0.002 -19"><span class='ocrx_word' id='word_1_539' title='bbox 2098 3450 2405 3506; x_wconf 86' lang='lat' dir='ltr'><strong><em>squamas;</em></strong></span> <span class='ocrx_word' id='word_1_540' title='bbox 2463 3434 2791 3507; x_wconf 88' lang='lat' dir='ltr'><strong><em>quicunque</em></strong></span> <span class='ocrx_word' id='word_1_541' title='bbox 2848 3435 3005 3490; x_wconf 90' lang='lat' dir='ltr'><strong><em>enim</em></strong></span> <span class='ocrx_word' id='word_1_542' title='bbox 3070 3436 3253 3507; x_wconf 88' lang='lat' dir='ltr'><strong><em>pisces</em></strong></span> <span class='ocrx_word' id='word_1_543' title='bbox 3292 3436 3519 3507; x_wconf 84' lang='lat' dir='ltr'><strong><em>pinnati</em></strong></span> <span class='ocrx_word' id='word_1_544' title='bbox 3562 3443 3695 3492; x_wconf 89' lang='lat' dir='ltr'><strong><em>sunt</em></strong></span> <span class='ocrx_word' id='word_1_545' title='bbox 3744 3444 3806 3493; x_wconf 88' lang='lat' dir='ltr'><strong><em>et</em></strong></span> 
     </span>
    </p>
   </div>
   <div class='ocr_carea' id='block_1_80' title="bbox 2096 3522 3799 3595">
    <p class='ocr_par' dir='ltr' id='par_1_80' title="bbox 2096 3522 3799 3595">
     <span class='ocr_line' id='line_1_80' title="bbox 2096 3522 3799 3595; baseline 0.002 -19"><span class='ocrx_word' id='word_1_546' title='bbox 2096 3523 2409 3595; x_wconf 87' lang='lat' dir='ltr'><strong><em>squamosi.</em></strong></span> <span class='ocrx_word' id='word_1_547' title='bbox 2441 3522 2498 3578; x_wconf 91' lang='lat' dir='ltr'><strong><em>Si</em></strong></span> <span class='ocrx_word' id='word_1_548' title='bbox 2527 3522 2739 3593; x_wconf 88' lang='lat' dir='ltr'><strong><em>quibus</em></strong></span> <span class='ocrx_word' id='word_1_549' title='bbox 2772 3523 3101 3593; x_wconf 87' lang='lat' dir='ltr'><strong><em>ignorantia</em></strong></span> <span class='ocrx_word' id='word_1_550' title='bbox 3148 3523 3405 3579; x_wconf 89' lang='lat' dir='ltr'><strong><em>solubilis</em></strong></span> <span class='ocrx_word' id='word_1_551' title='bbox 3442 3529 3549 3591; x_wconf 91' lang='lat' dir='ltr'><strong><em>est,</em></strong></span> <span class='ocrx_word' id='word_1_552' title='bbox 3600 3525 3689 3579; x_wconf 91' lang='lat' dir='ltr'><strong><em>his</em></strong></span> <span class='ocrx_word' id='word_1_553' title='bbox 3737 3530 3799 3581; x_wconf 88' lang='lat' dir='ltr'><strong><em>et</em></strong></span> 
     </span>
    </p>
   </div>
   <div class='ocr_carea' id='block_1_81' title="bbox 2096 3610 3804 3683">
    <p class='ocr_par' dir='ltr' id='par_1_81' title="bbox 2096 3610 3804 3683">
     <span class='ocr_line' id='line_1_81' title="bbox 2096 3610 3804 3683; baseline 0.002 -18"><span class='ocrx_word' id='word_1_554' title='bbox 2096 3612 2348 3682; x_wconf 87' lang='lat' dir='ltr'><strong><em>cognitio</em></strong></span> <span class='ocrx_word' id='word_1_555' title='bbox 2378 3610 2639 3666; x_wconf 89' lang='lat' dir='ltr'><strong><em>sublimis</em></strong></span> <span class='ocrx_word' id='word_1_556' title='bbox 2670 3616 2726 3666; x_wconf 92' lang='lat' dir='ltr'><strong><em>et</em></strong></span> <span class='ocrx_word' id='word_1_557' title='bbox 2752 3612 2869 3666; x_wconf 87' lang='lat' dir='ltr'><strong><em>vita</em></strong></span> <span class='ocrx_word' id='word_1_558' title='bbox 2907 3612 3151 3668; x_wconf 79' lang='lat' dir='ltr'><strong><em>ccelestis</em></strong></span> <span class='ocrx_word' id='word_1_559' title='bbox 3182 3627 3196 3668; x_wconf 89' lang='lat'><strong><em>:</em></strong></span> <span class='ocrx_word' id='word_1_560' title='bbox 3254 3612 3356 3683; x_wconf 91' lang='lat' dir='ltr'><strong><em>qui</em></strong></span> <span class='ocrx_word' id='word_1_561' title='bbox 3408 3618 3602 3669; x_wconf 85' lang='lat' dir='ltr'><strong><em>autem</em></strong></span> <span class='ocrx_word' id='word_1_562' title='bbox 3655 3614 3804 3669; x_wconf 83' lang='lat' dir='ltr'><strong><em>tales</em></strong></span> 
     </span>
    </p>
   </div>
   <div class='ocr_carea' id='block_1_82' title="bbox 2095 3701 3308 3765">
    <p class='ocr_par' dir='ltr' id='par_1_82' title="bbox 2095 3701 3308 3765">
     <span class='ocr_line' id='line_1_82' title="bbox 2095 3701 3308 3765; baseline 0.001 -10"><span class='ocrx_word' id='word_1_563' title='bbox 2095 3715 2212 3755; x_wconf 91' lang='lat' dir='ltr'><strong><em>non</em></strong></span> <span class='ocrx_word' id='word_1_564' title='bbox 2243 3705 2394 3765; x_wconf 90' lang='lat' dir='ltr'><strong><em>sunt,</em></strong></span> <span class='ocrx_word' id='word_1_565' title='bbox 2427 3716 2557 3754; x_wconf 92' lang='lat' dir='ltr'><strong><em>cum</em></strong></span> <span class='ocrx_word' id='word_1_566' title='bbox 2590 3701 2678 3753; x_wconf 90' lang='lat' dir='ltr'><strong><em>his</em></strong></span> <span class='ocrx_word' id='word_1_567' title='bbox 2705 3716 2811 3755; x_wconf 89' lang='lat' dir='ltr'><strong><em>nec</em></strong></span> <span class='ocrx_word' id='word_1_568' title='bbox 2836 3701 3030 3756; x_wconf 87' lang='lat' dir='ltr'><strong><em>cibum</em></strong></span> <span class='ocrx_word' id='word_1_569' title='bbox 3059 3717 3308 3757; x_wconf 88' lang='lat' dir='ltr'><strong><em>sumere.</em></strong></span> 
     </span>
    </p>
   </div>
   <div class='ocr_carea' id='block_1_83' title="bbox 2166 3787 3801 3862">
    <p class='ocr_par' dir='ltr' id='par_1_83' title="bbox 2166 3787 3801 3862">
     <span class='ocr_line' id='line_1_83' title="bbox 2166 3787 3801 3862; baseline 0.001 -18"><span class='ocrx_word' id='word_1_570' title='bbox 2166 3789 2466 3844; x_wconf 85' lang='lat' dir='ltr'><strong><em>Moraliter.</em></strong></span> <span class='ocrx_word' id='word_1_571' title='bbox 2499 3787 2716 3859; x_wconf 63' lang='grc' dir='ltr'><strong><em>(Θεία.)</em></strong></span> <span class='ocrx_word' id='word_1_572' title='bbox 2749 3789 2935 3844; x_wconf 86' lang='lat' dir='ltr'><strong><em>Pisces</em></strong></span> <span class='ocrx_word' id='word_1_573' title='bbox 2993 3790 3095 3862; x_wconf 88' lang='lat' dir='ltr'><strong><em>qui</em></strong></span> <span class='ocrx_word' id='word_1_574' title='bbox 3150 3789 3425 3861; x_wconf 86' lang='lat' dir='ltr'><strong><em>pinnulas</em></strong></span> <span class='ocrx_word' id='word_1_575' title='bbox 3472 3790 3689 3846; x_wconf 89' lang='lat' dir='ltr'><strong><em>habent</em></strong></span> <span class='ocrx_word' id='word_1_576' title='bbox 3738 3797 3801 3846; x_wconf 86' lang='lat' dir='ltr'><strong><em>et</em></strong></span> 
     </span>
    </p>
   </div>
   <div class='ocr_carea' id='block_1_84' title="bbox 2094 3876 3802 3951">
    <p class='ocr_par' dir='ltr' id='par_1_84' title="bbox 2094 3876 3802 3951">
     <span class='ocr_line' id='line_1_84' title="bbox 2094 3876 3802 3951; baseline 0.003 -21"><span class='ocrx_word' id='word_1_577' title='bbox 2094 3893 2383 3948; x_wconf 84' lang='lat' dir='ltr'><strong><em>squamas,</em></strong></span> <span class='ocrx_word' id='word_1_578' title='bbox 2411 3876 2546 3931; x_wconf 90' lang='lat' dir='ltr'><strong><em>dare</em></strong></span> <span class='ocrx_word' id='word_1_579' title='bbox 2578 3877 2758 3932; x_wconf 87' lang='lat' dir='ltr'><strong><em>saltus</em></strong></span> <span class='ocrx_word' id='word_1_580' title='bbox 2788 3894 2960 3949; x_wconf 88' lang='lat' dir='ltr'><strong><em>super</em></strong></span> <span class='ocrx_word' id='word_1_581' title='bbox 2986 3892 3166 3949; x_wconf 89' lang='lat' dir='ltr'><strong><em>aquas</em></strong></span> <span class='ocrx_word' id='word_1_582' title='bbox 3192 3879 3393 3934; x_wconf 89' lang='lat' dir='ltr'><strong><em>solent.</em></strong></span> <span class='ocrx_word' id='word_1_583' title='bbox 3429 3880 3494 3934; x_wconf 90' lang='lat' dir='ltr'><strong><em>In</em></strong></span> <span class='ocrx_word' id='word_1_584' title='bbox 3542 3878 3802 3951; x_wconf 84' lang='lat' dir='ltr'><strong><em>pinnatis</em></strong></span> 
     </span>
    </p>
   </div>
   <div class='ocr_carea' id='block_1_85' title="bbox 2094 3965 3796 4039">
    <p class='ocr_par' dir='ltr' id='par_1_85' title="bbox 2094 3965 3796 4039">
     <span class='ocr_line' id='line_1_85' title="bbox 2094 3965 3796 4039; baseline 0.002 -18"><span class='ocrx_word' id='word_1_585' title='bbox 2094 3982 2232 4037; x_wconf 91' lang='lat' dir='ltr'><strong><em>ergo</em></strong></span> <span class='ocrx_word' id='word_1_586' title='bbox 2262 3965 2515 4037; x_wconf 89' lang='lat' dir='ltr'><strong><em>piscibus</em></strong></span> <span class='ocrx_word' id='word_1_587' title='bbox 2544 3966 2739 4021; x_wconf 56' lang='lat' dir='ltr'><strong><em>electas</em></strong></span> <span class='ocrx_word' id='word_1_588' title='bbox 2765 3967 2975 4022; x_wconf 83' lang='lat' dir='ltr'><strong><em>animae</em></strong></span> <span class='ocrx_word' id='word_1_589' title='bbox 3002 3968 3344 4038; x_wconf 88' lang='lat' dir='ltr'><strong><em>ﬁgurantur,</em></strong></span> <span class='ocrx_word' id='word_1_590' title='bbox 3378 3984 3509 4039; x_wconf 69' lang='lat' dir='ltr'><strong><em>quin</em></strong></span> <span class='ocrx_word' id='word_1_591' title='bbox 3556 3970 3693 4023; x_wconf 67' lang='lat' dir='ltr'><strong><em>solae</em></strong></span> <span class='ocrx_word' id='word_1_592' title='bbox 3732 3969 3796 4025; x_wconf 89' lang='lat' dir='ltr'><strong><em>in</em></strong></span> 
     </span>
    </p>
   </div>
   <div class='ocr_carea' id='block_1_86' title="bbox 2092 4054 3800 4129">
    <p class='ocr_par' dir='ltr' id='par_1_86' title="bbox 2092 4054 3800 4129">
     <span class='ocr_line' id='line_1_86' title="bbox 2092 4054 3800 4129; baseline 0.001 -19"><span class='ocrx_word' id='word_1_593' title='bbox 2092 4054 2333 4110; x_wconf 79' lang='lat' dir='ltr'><strong><em>caelestis</em></strong></span> <span class='ocrx_word' id='word_1_594' title='bbox 2385 4054 2644 4110; x_wconf 70' lang='lat' dir='ltr'><strong><em>Ecclesiae</em></strong></span> <span class='ocrx_word' id='word_1_595' title='bbox 2701 4071 2906 4126; x_wconf 90' lang='lat' dir='ltr'><strong><em>corpus</em></strong></span> <span class='ocrx_word' id='word_1_596' title='bbox 2962 4062 3301 4123; x_wconf 84' lang='lat' dir='ltr'><strong><em>transeunt;</em></strong></span> <span class='ocrx_word' id='word_1_597' title='bbox 3361 4072 3490 4128; x_wconf 72' lang='lat' dir='ltr'><strong><em>quae</em></strong></span> <span class='ocrx_word' id='word_1_598' title='bbox 3539 4057 3800 4129; x_wconf 87' lang='lat' dir='ltr'><strong><em>pinnulis</em></strong></span> 
     </span>
    </p>
   </div>
   <div class='ocr_carea' id='block_1_87' title="bbox 249 4136 3796 4216">
    <p class='ocr_par' dir='ltr' id='par_1_87' title="bbox 249 4136 3796 4216">
     <span class='ocr_line' id='line_1_87' title="bbox 249 4136 3796 4216; baseline 0.003 -22"><span class='ocrx_word' id='word_1_599' title='bbox 249 4185 257 4194; x_wconf 89' lang='lat'><strong><em>.</em></strong></span> <span class='ocrx_word' id='word_1_600' title='bbox 361 4136 682 4206; x_wconf 57' lang='lat' dir='ltr'><strong><em>(Aonian)</em></strong></span> <span class='ocrx_word' id='word_1_601' title='bbox 717 4138 843 4191; x_wconf 87' lang='lat' dir='ltr'><strong><em>Non</em></strong></span> <span class='ocrx_word' id='word_1_602' title='bbox 872 4153 1104 4208; x_wconf 89' lang='lat' dir='ltr'><strong><em>peccare</em></strong></span> <span class='ocrx_word' id='word_1_603' title='bbox 1134 4137 1310 4193; x_wconf 89' lang='lat' dir='ltr'><strong><em>solius</em></strong></span> <span class='ocrx_word' id='word_1_604' title='bbox 1340 4138 1439 4194; x_wconf 89' lang='lat' dir='ltr'><strong><em>Dei</em></strong></span> <span class='ocrx_word' id='word_1_605' title='bbox 1478 4144 1584 4209; x_wconf 87' lang='lat' dir='ltr'><strong><em>est,</em></strong></span> <span class='ocrx_word' id='word_1_606' title='bbox 1624 4143 1766 4208; x_wconf 88' lang='lat' dir='ltr'><strong><em>etc.,</em></strong></span> <span class='ocrx_word' id='word_1_607' title='bbox 1816 4154 1984 4211; x_wconf 83' lang='lat' dir='ltr'><strong><em>usque</em></strong></span> <span class='ocrx_word' id='word_1_608' title='bbox 2024 4213 2059 4216; x_wconf 89' lang='lat'>_</span> <span class='ocrx_word' id='word_1_609' title='bbox 2087 4145 2365 4200; x_wconf 82' lang='lat' dir='ltr'><strong><em>virtutum</em></strong></span> <span class='ocrx_word' id='word_1_610' title='bbox 2402 4144 2561 4199; x_wconf 60' lang='lat' dir='ltr'><strong><em>fulta</em></strong></span> <span class='ocrx_word' id='word_1_611' title='bbox 2618 4161 2720 4216; x_wconf 89' lang='lat' dir='ltr'><strong><em>per</em></strong></span> <span class='ocrx_word' id='word_1_612' title='bbox 2766 4148 2992 4200; x_wconf 85' lang='lat' dir='ltr'><strong><em>caeleste</em></strong></span> <span class='ocrx_word' id='word_1_613' title='bbox 3039 4145 3387 4201; x_wconf 88' lang='lat' dir='ltr'><strong><em>desiderium</em></strong></span> <span class='ocrx_word' id='word_1_614' title='bbox 3447 4146 3661 4201; x_wconf 89' lang='lat' dir='ltr'><strong><em>saliunt</em></strong></span> <span class='ocrx_word' id='word_1_615' title='bbox 3720 4150 3796 4203; x_wconf 90' lang='lat' dir='ltr'><strong><em>ad</em></strong></span> 
     </span>
    </p>
   </div>
   <div class='ocr_carea' id='block_1_88' title="bbox 290 4223 1143 4281">
    <p class='ocr_par' dir='ltr' id='par_1_88' title="bbox 290 4223 1143 4281">
     <span class='ocr_line' id='line_1_88' title="bbox 290 4223 1143 4281; baseline 0.002 -2"><span class='ocrx_word' id='word_1_616' title='bbox 290 4223 367 4281; x_wconf 91' lang='lat' dir='ltr'><strong><em>ad</em></strong></span> <span class='ocrx_word' id='word_1_617' title='bbox 392 4224 504 4279; x_wconf 88' lang='lat' dir='ltr'><strong><em>nisi</em></strong></span> <span class='ocrx_word' id='word_1_618' title='bbox 528 4240 727 4279; x_wconf 89' lang='lat' dir='ltr'><strong><em>verum</em></strong></span> <span class='ocrx_word' id='word_1_619' title='bbox 754 4230 811 4280; x_wconf 90' lang='lat' dir='ltr'><strong><em>et</em></strong></span> <span class='ocrx_word' id='word_1_620' title='bbox 837 4226 1143 4281; x_wconf 90' lang='lat' dir='ltr'><strong><em>sincerum.</em></strong></span> 
     </span>
    </p>
   </div>
   <div class='ocr_carea' id='block_1_89' title="bbox 363 4313 1982 4388">
    <p class='ocr_par' dir='ltr' id='par_1_89' title="bbox 363 4313 1982 4388">
     <span class='ocr_line' id='line_1_89' title="bbox 363 4313 1982 4388; baseline 0.001 -19"><span class='ocrx_word' id='word_1_621' title='bbox 363 4313 545 4383; x_wconf 83' lang='lat' dir='ltr'><strong><em>(Auc.,</em></strong></span> <span class='ocrx_word' id='word_1_622' title='bbox 573 4319 760 4384; x_wconf 79' lang='lat' dir='ltr'><strong><em>quaest.</em></strong></span> <span class='ocrx_word' id='word_1_623' title='bbox 795 4317 861 4369; x_wconf 86' lang='lat'><strong><em>36</em></strong></span> <span class='ocrx_word' id='word_1_624' title='bbox 892 4316 950 4369; x_wconf 90' lang='lat' dir='ltr'><strong><em>in</em></strong></span> <span class='ocrx_word' id='word_1_625' title='bbox 996 4314 1192 4387; x_wconf 76' lang='lat' dir='ltr'><strong><em>Leuit.)</em></strong></span> <span class='ocrx_word' id='word_1_626' title='bbox 1241 4315 1388 4371; x_wconf 90' lang='lat' dir='ltr'><strong><em>Sane</em></strong></span> <span class='ocrx_word' id='word_1_627' title='bbox 1432 4316 1711 4388; x_wconf 89' lang='lat' dir='ltr'><strong><em>quoniam</em></strong></span> <span class='ocrx_word' id='word_1_628' title='bbox 1755 4332 1850 4371; x_wconf 87' lang='lat' dir='ltr'><strong><em>sex</em></strong></span> <span class='ocrx_word' id='word_1_629' title='bbox 1896 4332 1982 4388; x_wconf 69' lang='lat' dir='ltr'><strong><em>pe»</em></strong></span> 
     </span>
    </p>
   </div>
   <div class='ocr_carea' id='block_1_90' title="bbox 292 4403 1987 4477">
    <p class='ocr_par' dir='ltr' id='par_1_90' title="bbox 292 4403 1987 4477">
     <span class='ocr_line' id='line_1_90' title="bbox 292 4403 1987 4477; baseline 0.002 -20"><span class='ocrx_word' id='word_1_630' title='bbox 292 4419 423 4458; x_wconf 88' lang='lat' dir='ltr'><strong><em>cora</em></strong></span> <span class='ocrx_word' id='word_1_631' title='bbox 452 4403 863 4474; x_wconf 67' lang='lat' dir='ltr'><strong><em>praecipiuntur</em></strong></span> <span class='ocrx_word' id='word_1_632' title='bbox 887 4404 1078 4458; x_wconf 75' lang='lat' dir='ltr'><strong><em>offerri</em></strong></span> <span class='ocrx_word' id='word_1_633' title='bbox 1108 4419 1212 4475; x_wconf 92' lang='lat' dir='ltr'><strong><em>pro</em></strong></span> <span class='ocrx_word' id='word_1_634' title='bbox 1241 4405 1475 4476; x_wconf 90' lang='lat' dir='ltr'><strong><em>populo,</em></strong></span> <span class='ocrx_word' id='word_1_635' title='bbox 1518 4409 1649 4472; x_wconf 91' lang='lat' dir='ltr'><strong><em>etc.,</em></strong></span> <span class='ocrx_word' id='word_1_636' title='bbox 1695 4420 1864 4477; x_wconf 83' lang='lat' dir='ltr'><strong><em>usque</em></strong></span> <span class='ocrx_word' id='word_1_637' title='bbox 1911 4405 1987 4460; x_wconf 84' lang='lat' dir='ltr'><strong><em>ad</em></strong></span> 
     </span>
    </p>
   </div>
   <div class='ocr_carea' id='block_1_91' title="bbox 293 4490 1309 4563">
    <p class='ocr_par' dir='ltr' id='par_1_91' title="bbox 293 4490 1309 4563">
     <span class='ocr_line' id='line_1_91' title="bbox 293 4490 1309 4563; baseline 0.001 -18"><span class='ocrx_word' id='word_1_638' title='bbox 293 4506 424 4562; x_wconf 75' lang='lat' dir='ltr'><strong><em>quae</em></strong></span> <span class='ocrx_word' id='word_1_639' title='bbox 455 4490 649 4546; x_wconf 90' lang='lat' dir='ltr'><strong><em>omnia</em></strong></span> <span class='ocrx_word' id='word_1_640' title='bbox 676 4490 904 4546; x_wconf 80' lang='lat' dir='ltr'><strong><em>fuerant</em></strong></span> <span class='ocrx_word' id='word_1_641' title='bbox 929 4508 1036 4563; x_wconf 90' lang='lat' dir='ltr'><strong><em>pro</em></strong></span> <span class='ocrx_word' id='word_1_642' title='bbox 1062 4496 1309 4563; x_wconf 90' lang='lat' dir='ltr'><strong><em>peccato.</em></strong></span> 
     </span>
    </p>
   </div>
   <div class='ocr_carea' id='block_1_92' title="bbox 360 4580 1983 4653">
    <p class='ocr_par' dir='ltr' id='par_1_92' title="bbox 360 4580 1983 4653">
     <span class='ocr_line' id='line_1_92' title="bbox 360 4580 1983 4653; baseline 0.002 -19"><span class='ocrx_word' id='word_1_643' title='bbox 360 4582 531 4636; x_wconf 76' lang='lat' dir='ltr'><strong><em>Vens.</em></strong></span> <span class='ocrx_word' id='word_1_644' title='bbox 566 4583 650 4635; x_wconf 84' lang='grc'><strong><em>19.</em></strong></span> <span class='ocrx_word' id='word_1_645' title='bbox 683 4609 752 4621; x_wconf 90' lang='lat'><strong><em>—-</em></strong></span> <span class='ocrx_word' id='word_1_646' title='bbox 776 4580 1074 4650; x_wconf 83' lang='lat' dir='ltr'><strong><em>Respondit</em></strong></span> <span class='ocrx_word' id='word_1_647' title='bbox 1100 4582 1307 4649; x_wconf 83' lang='lat' dir='ltr'><strong><em>Aaron,</em></strong></span> <span class='ocrx_word' id='word_1_648' title='bbox 1340 4585 1447 4637; x_wconf 89' lang='lat' dir='ltr'><strong><em>etc.</em></strong></span> <span class='ocrx_word' id='word_1_649' title='bbox 1482 4583 1549 4637; x_wconf 90' lang='lat' dir='ltr'><strong><em>In</em></strong></span> <span class='ocrx_word' id='word_1_650' title='bbox 1589 4597 1836 4653; x_wconf 87' lang='lat' dir='ltr'><strong><em>persona</em></strong></span> <span class='ocrx_word' id='word_1_651' title='bbox 1886 4584 1983 4638; x_wconf 87' lang='lat' dir='ltr'><strong><em>Ec-</em></strong></span> 
     </span>
    </p>
   </div>
   <div class='ocr_carea' id='block_1_93' title="bbox 292 4668 1988 4741">
    <p class='ocr_par' dir='ltr' id='par_1_93' title="bbox 292 4668 1988 4741">
     <span class='ocr_line' id='line_1_93' title="bbox 292 4668 1988 4741; baseline 0.001 -18"><span class='ocrx_word' id='word_1_652' title='bbox 292 4668 501 4732; x_wconf 73' lang='lat' dir='ltr'><strong><em>clesite.</em></strong></span> <span class='ocrx_word' id='word_1_653' title='bbox 535 4668 697 4739; x_wconf 91' lang='lat' dir='ltr'><strong><em>cujus</em></strong></span> <span class='ocrx_word' id='word_1_654' title='bbox 728 4669 977 4739; x_wconf 87' lang='lat' dir='ltr'><strong><em>ﬁguram</em></strong></span> <span class='ocrx_word' id='word_1_655' title='bbox 1006 4669 1174 4741; x_wconf 90' lang='lat' dir='ltr'><strong><em>gerit,</em></strong></span> <span class='ocrx_word' id='word_1_656' title='bbox 1205 4668 1351 4723; x_wconf 89' lang='lat' dir='ltr'><strong><em>sicut</em></strong></span> <span class='ocrx_word' id='word_1_657' title='bbox 1387 4674 1444 4724; x_wconf 93' lang='lat' dir='ltr'><strong><em>et</em></strong></span> <span class='ocrx_word' id='word_1_658' title='bbox 1498 4670 1727 4737; x_wconf 87' lang='lat' dir='ltr'><strong><em>Christi,</em></strong></span> <span class='ocrx_word' id='word_1_659' title='bbox 1760 4671 1988 4726; x_wconf 86' lang='lat' dir='ltr'><strong><em>videtur</em></strong></span> 
     </span>
    </p>
   </div>
   <div class='ocr_carea' id='block_1_94' title="bbox 292 4757 1987 4830">
    <p class='ocr_par' dir='ltr' id='par_1_94' title="bbox 292 4757 1987 4830">
     <span class='ocr_line' id='line_1_94' title="bbox 292 4757 1987 4830; baseline 0.001 -17"><span class='ocrx_word' id='word_1_660' title='bbox 292 4762 482 4813; x_wconf 88' lang='lat' dir='ltr'><strong><em>Aaron</em></strong></span> <span class='ocrx_word' id='word_1_661' title='bbox 520 4758 707 4813; x_wconf 89' lang='lat' dir='ltr'><strong><em>dicere</em></strong></span> <span class='ocrx_word' id='word_1_662' title='bbox 739 4758 867 4812; x_wconf 91' lang='lat' dir='ltr'><strong><em>hoc.</em></strong></span> <span class='ocrx_word' id='word_1_663' title='bbox 903 4757 1094 4824; x_wconf 89' lang='lat' dir='ltr'><strong><em>Quasi,</em></strong></span> <span class='ocrx_word' id='word_1_664' title='bbox 1126 4758 1261 4829; x_wconf 86' lang='lat' dir='ltr'><strong><em>quia</em></strong></span> <span class='ocrx_word' id='word_1_665' title='bbox 1284 4763 1413 4830; x_wconf 89' lang='lat' dir='ltr'><strong><em>post</em></strong></span> <span class='ocrx_word' id='word_1_666' title='bbox 1440 4758 1748 4815; x_wconf 88' lang='lat' dir='ltr'><strong><em>adventum</em></strong></span> <span class='ocrx_word' id='word_1_667' title='bbox 1797 4760 1987 4815; x_wconf 90' lang='lat' dir='ltr'><strong><em>Salva-</em></strong></span> 
     </span>
    </p>
   </div>
   <div class='ocr_carea' id='block_1_95' title="bbox 289 4846 1988 4919">
    <p class='ocr_par' dir='ltr' id='par_1_95' title="bbox 289 4846 1988 4919">
     <span class='ocr_line' id='line_1_95' title="bbox 289 4846 1988 4919; baseline 0.002 -20"><span class='ocrx_word' id='word_1_668' title='bbox 289 4846 429 4900; x_wconf 85' lang='lat' dir='ltr'><strong><em>toris</em></strong></span> <span class='ocrx_word' id='word_1_669' title='bbox 487 4846 741 4917; x_wconf 90' lang='lat' dir='ltr'><strong><em>deputati</em></strong></span> <span class='ocrx_word' id='word_1_670' title='bbox 797 4850 930 4901; x_wconf 91' lang='lat' dir='ltr'><strong><em>sunt</em></strong></span> <span class='ocrx_word' id='word_1_671' title='bbox 983 4846 1331 4915; x_wconf 89' lang='lat' dir='ltr'><strong><em>ministrare,</em></strong></span> <span class='ocrx_word' id='word_1_672' title='bbox 1376 4851 1434 4902; x_wconf 90' lang='lat' dir='ltr'><strong><em>et</em></strong></span> <span class='ocrx_word' id='word_1_673' title='bbox 1474 4864 1579 4919; x_wconf 89' lang='lat' dir='ltr'><strong><em>pro</em></strong></span> <span class='ocrx_word' id='word_1_674' title='bbox 1652 4848 1988 4919; x_wconf 73' lang='lat' dir='ltr'><strong><em>pmnitentia</em></strong></span> 
     </span>
    </p>
   </div>
   <div class='ocr_carea' id='block_1_96' title="bbox 292 4932 1986 5005">
    <p class='ocr_par' dir='ltr' id='par_1_96' title="bbox 292 4932 1986 5005">
     <span class='ocr_line' id='line_1_96' title="bbox 292 4932 1986 5005; baseline 0.002 -19"><span class='ocrx_word' id='word_1_675' title='bbox 292 4932 517 5001; x_wconf 74' lang='lat' dir='ltr'><strong><em>offerre,</em></strong></span> <span class='ocrx_word' id='word_1_676' title='bbox 549 4939 605 4988; x_wconf 88' lang='lat' dir='ltr'><strong><em>et</em></strong></span> <span class='ocrx_word' id='word_1_677' title='bbox 629 4933 1022 5005; x_wconf 88' lang='lat' dir='ltr'><strong><em>propheticam</em></strong></span> <span class='ocrx_word' id='word_1_678' title='bbox 1051 4935 1225 4989; x_wconf 83' lang='lat' dir='ltr'><strong><em>vitam</em></strong></span> <span class='ocrx_word' id='word_1_679' title='bbox 1258 4950 1576 5005; x_wconf 84' lang='lat' dir='ltr'><strong><em>exponere;</em></strong></span> <span class='ocrx_word' id='word_1_680' title='bbox 1605 4936 1787 4990; x_wconf 80' lang='lat' dir='ltr'><strong><em>Aliter</em></strong></span> <span class='ocrx_word' id='word_1_681' title='bbox 1821 4953 1835 4990; x_wconf 94' lang='lat'><strong><em>:</em></strong></span> <span class='ocrx_word' id='word_1_682' title='bbox 1873 4937 1986 4990; x_wconf 86' lang='lat' dir='ltr'><strong><em>Do-</em></strong></span> 
     </span>
    </p>
   </div>
   <div class='ocr_carea' id='block_1_97' title="bbox 291 5021 1982 5092">
    <p class='ocr_par' dir='ltr' id='par_1_97' title="bbox 291 5021 1982 5092">
     <span class='ocr_line' id='line_1_97' title="bbox 291 5021 1982 5092; baseline 0.002 -18"><span class='ocrx_word' id='word_1_683' title='bbox 291 5025 483 5075; x_wconf 89' lang='lat' dir='ltr'><strong><em>centes</em></strong></span> <span class='ocrx_word' id='word_1_684' title='bbox 510 5021 803 5092; x_wconf 90' lang='lat' dir='ltr'><strong><em>perierunt</em></strong></span> <span class='ocrx_word' id='word_1_685' title='bbox 833 5025 891 5076; x_wconf 90' lang='lat' dir='ltr'><strong><em>et</em></strong></span> <span class='ocrx_word' id='word_1_686' title='bbox 928 5021 989 5077; x_wconf 92' lang='lat' dir='ltr'><strong><em>in</em></strong></span> <span class='ocrx_word' id='word_1_687' title='bbox 1035 5022 1117 5076; x_wconf 86' lang='lat' dir='ltr'><strong><em>eis</em></strong></span> <span class='ocrx_word' id='word_1_688' title='bbox 1159 5022 1283 5078; x_wconf 74' lang='lat' dir='ltr'><strong><em>haec</em></strong></span> <span class='ocrx_word' id='word_1_689' title='bbox 1328 5022 1589 5077; x_wconf 77' lang='lat' dir='ltr'><strong><em>Ecclesiae</em></strong></span> <span class='ocrx_word' id='word_1_690' title='bbox 1635 5022 1982 5092; x_wconf 83' lang='lat' dir='ltr'><strong><em>acciderunt,</em></strong></span> 
     </span>
    </p>
   </div>
   <div class='ocr_carea' id='block_1_98' title="bbox 295 5109 1985 5183">
    <p class='ocr_par' dir='ltr' id='par_1_98' title="bbox 295 5109 1985 5183">
     <span class='ocr_line' id='line_1_98' title="bbox 295 5109 1985 5183; baseline 0.003 -21"><span class='ocrx_word' id='word_1_691' title='bbox 295 5112 361 5162; x_wconf 88' lang='lat' dir='ltr'><strong><em>ut</em></strong></span> <span class='ocrx_word' id='word_1_692' title='bbox 388 5109 745 5164; x_wconf 87' lang='lat' dir='ltr'><strong><em>sacerdotum</em></strong></span> <span class='ocrx_word' id='word_1_693' title='bbox 776 5115 834 5164; x_wconf 92' lang='lat' dir='ltr'><strong><em>et</em></strong></span> <span class='ocrx_word' id='word_1_694' title='bbox 862 5110 1265 5181; x_wconf 90' lang='lat' dir='ltr'><strong><em>magistrorum</em></strong></span> <span class='ocrx_word' id='word_1_695' title='bbox 1289 5112 1513 5183; x_wconf 90' lang='lat' dir='ltr'><strong><em>lugeret</em></strong></span> <span class='ocrx_word' id='word_1_696' title='bbox 1541 5117 1805 5178; x_wconf 86' lang='lat' dir='ltr'><strong><em>mortem,</em></strong></span> <span class='ocrx_word' id='word_1_697' title='bbox 1833 5113 1985 5168; x_wconf 89' lang='lat' dir='ltr'><strong><em>unde</em></strong></span> 
     </span>
    </p>
   </div>
   <div class='ocr_carea' id='block_1_99' title="bbox 291 5196 1980 5272">
    <p class='ocr_par' dir='ltr' id='par_1_99' title="bbox 291 5196 1980 5272">
     <span class='ocr_line' id='line_1_99' title="bbox 291 5196 1980 5272; baseline 0.002 -22"><span class='ocrx_word' id='word_1_698' title='bbox 291 5196 593 5252; x_wconf 89' lang='lat' dir='ltr'><strong><em>comedere</em></strong></span> <span class='ocrx_word' id='word_1_699' title='bbox 614 5198 788 5252; x_wconf 88' lang='lat' dir='ltr'><strong><em>hodie</em></strong></span> <span class='ocrx_word' id='word_1_700' title='bbox 814 5214 919 5268; x_wconf 91' lang='lat' dir='ltr'><strong><em>pro</em></strong></span> <span class='ocrx_word' id='word_1_701' title='bbox 950 5204 1176 5269; x_wconf 90' lang='lat' dir='ltr'><strong><em>peccato</em></strong></span> <span class='ocrx_word' id='word_1_702' title='bbox 1204 5215 1325 5255; x_wconf 91' lang='lat' dir='ltr'><strong><em>non</em></strong></span> <span class='ocrx_word' id='word_1_703' title='bbox 1359 5199 1565 5272; x_wconf 89' lang='lat' dir='ltr'><strong><em>potuit,</em></strong></span> <span class='ocrx_word' id='word_1_704' title='bbox 1616 5214 1722 5255; x_wconf 92' lang='lat' dir='ltr'><strong><em>nec</em></strong></span> <span class='ocrx_word' id='word_1_705' title='bbox 1769 5216 1933 5257; x_wconf 89' lang='lat' dir='ltr'><strong><em>orare</em></strong></span> <span class='ocrx_word' id='word_1_706' title='bbox 1968 5218 1980 5254; x_wconf 91' lang='lat'><strong><em>:</em></strong></span> 
     </span>
    </p>
   </div>
   <div class='ocr_carea' id='block_1_100' title="bbox 296 5285 1142 5357">
    <p class='ocr_par' dir='ltr' id='par_1_100' title="bbox 296 5285 1142 5357">
     <span class='ocr_line' id='line_1_100' title="bbox 296 5285 1142 5357; baseline 0.005 -17"><span class='ocrx_word' id='word_1_707' title='bbox 296 5285 539 5341; x_wconf 91' lang='lat' dir='ltr'><strong><em>Domino</em></strong></span> <span class='ocrx_word' id='word_1_708' title='bbox 566 5291 758 5341; x_wconf 85' lang='lat' dir='ltr'><strong><em>autem</em></strong></span> <span class='ocrx_word' id='word_1_709' title='bbox 788 5285 1142 5357; x_wconf 86' lang='lat' dir='ltr'><strong><em>displicebat.</em></strong></span> 
     </span>
    </p>
   </div>
   <div class='ocr_carea' id='block_1_101' title="bbox 370 5372 1986 5445">
    <p class='ocr_par' dir='ltr' id='par_1_101' title="bbox 370 5372 1986 5445">
     <span class='ocr_line' id='line_1_101' title="bbox 370 5372 1986 5445; baseline 0.002 -15"><span class='ocrx_word' id='word_1_710' title='bbox 370 5372 552 5445; x_wconf 81' lang='lat' dir='ltr'><strong><em>(Auc.)</em></strong></span> <span class='ocrx_word' id='word_1_711' title='bbox 582 5373 879 5445; x_wconf 71' lang='lat' dir='ltr'><strong><em>Respondit</em></strong></span> <span class='ocrx_word' id='word_1_712' title='bbox 915 5375 1123 5444; x_wconf 84' lang='lat' dir='ltr'><strong><em>Aaron,</em></strong></span> <span class='ocrx_word' id='word_1_713' title='bbox 1169 5380 1274 5431; x_wconf 89' lang='lat' dir='ltr'><strong><em>etc.</em></strong></span> <span class='ocrx_word' id='word_1_714' title='bbox 1327 5377 1385 5432; x_wconf 93' lang='lat' dir='ltr'><strong><em>Si</em></strong></span> <span class='ocrx_word' id='word_1_715' title='bbox 1426 5376 1598 5433; x_wconf 88' lang='lat' dir='ltr'><strong><em>hodie</em></strong></span> <span class='ocrx_word' id='word_1_716' title='bbox 1652 5377 1986 5433; x_wconf 89' lang='lat' dir='ltr'><strong><em>obtulerunt</em></strong></span> 
     </span>
    </p>
   </div>
   <div class='ocr_carea' id='block_1_102' title="bbox 291 5463 1984 5536">
    <p class='ocr_par' dir='ltr' id='par_1_102' title="bbox 291 5463 1984 5536">
     <span class='ocr_line' id='line_1_102' title="bbox 291 5463 1984 5536; baseline 0.001 -18"><span class='ocrx_word' id='word_1_717' title='bbox 291 5480 423 5535; x_wconf 83' lang='lat' dir='ltr'><strong><em>quae</em></strong></span> <span class='ocrx_word' id='word_1_718' title='bbox 450 5479 555 5536; x_wconf 90' lang='lat' dir='ltr'><strong><em>pro</em></strong></span> <span class='ocrx_word' id='word_1_719' title='bbox 585 5468 817 5535; x_wconf 87' lang='lat' dir='ltr'><strong><em>peccato</em></strong></span> <span class='ocrx_word' id='word_1_720' title='bbox 855 5463 1087 5519; x_wconf 90' lang='lat' dir='ltr'><strong><em>illorum</em></strong></span> <span class='ocrx_word' id='word_1_721' title='bbox 1135 5469 1286 5532; x_wconf 88' lang='lat' dir='ltr'><strong><em>sunt,</em></strong></span> <span class='ocrx_word' id='word_1_722' title='bbox 1319 5468 1448 5530; x_wconf 90' lang='lat' dir='ltr'><strong><em>etc.,</em></strong></span> <span class='ocrx_word' id='word_1_723' title='bbox 1487 5478 1654 5536; x_wconf 79' lang='lat' dir='ltr'><strong><em>usque</em></strong></span> <span class='ocrx_word' id='word_1_724' title='bbox 1695 5466 1770 5521; x_wconf 87' lang='lat' dir='ltr'><strong><em>ad</em></strong></span> <span class='ocrx_word' id='word_1_725' title='bbox 1801 5482 1815 5521; x_wconf 90' lang='lat'><strong><em>:</em></strong></span> <span class='ocrx_word' id='word_1_726' title='bbox 1872 5467 1984 5520; x_wconf 88' lang='lat' dir='ltr'><strong><em>Hoc</em></strong></span> 
     </span>
    </p>
   </div>
   <div class='ocr_carea' id='block_1_103' title="bbox 2024 4213 3797 4306">
    <p class='ocr_par' dir='ltr' id='par_1_103' title="bbox 2024 4213 3797 4306">
     <span class='ocr_line' id='line_1_103' title="bbox 2024 4213 3797 4306; baseline 0.002 -18"><span class='ocrx_word' id='word_1_727' title='bbox 2024 4213 2072 4270; x_wconf 83' lang='grc' dir='ltr'><strong><em>Ῑ)</em></strong></span> <span class='ocrx_word' id='word_1_728' title='bbox 2092 4233 2656 4303; x_wconf 87' lang='lat' dir='ltr'><strong><em>contemplationem,</em></strong></span> <span class='ocrx_word' id='word_1_729' title='bbox 2683 4234 2942 4303; x_wconf 86' lang='lat' dir='ltr'><strong><em>quamvis</em></strong></span> <span class='ocrx_word' id='word_1_730' title='bbox 2964 4234 3023 4289; x_wconf 92' lang='lat' dir='ltr'><strong><em>in</em></strong></span> <span class='ocrx_word' id='word_1_731' title='bbox 3054 4250 3114 4287; x_wconf 90' lang='lat' dir='ltr'><strong><em>se</em></strong></span> <span class='ocrx_word' id='word_1_732' title='bbox 3148 4234 3481 4288; x_wconf 86' lang='lat' dir='ltr'><strong><em>relabantur</em></strong></span> <span class='ocrx_word' id='word_1_733' title='bbox 3532 4252 3634 4306; x_wconf 86' lang='lat' dir='ltr'><strong><em>per</em></strong></span> <span class='ocrx_word' id='word_1_734' title='bbox 3671 4252 3797 4291; x_wconf 74' lang='lat' dir='ltr'><strong><em>car-</em></strong></span> 
     </span>
    </p>
   </div>
   <div class='ocr_carea' id='block_1_104' title="bbox 2094 4319 3795 4393">
    <p class='ocr_par' dir='ltr' id='par_1_104' title="bbox 2094 4319 3795 4393">
     <span class='ocr_line' id='line_1_104' title="bbox 2094 4319 3795 4393; baseline 0.003 -20"><span class='ocrx_word' id='word_1_735' title='bbox 2094 4319 2185 4374; x_wconf 92' lang='lat' dir='ltr'><strong><em>nis</em></strong></span> <span class='ocrx_word' id='word_1_736' title='bbox 2211 4319 2599 4390; x_wconf 88' lang='lat' dir='ltr'><strong><em>fragilitatem.</em></strong></span> <span class='ocrx_word' id='word_1_737' title='bbox 2633 4319 2747 4374; x_wconf 89' lang='lat' dir='ltr'><strong><em>Soli</em></strong></span> <span class='ocrx_word' id='word_1_738' title='bbox 2778 4337 2915 4391; x_wconf 89' lang='lat' dir='ltr'><strong><em>ergo</em></strong></span> <span class='ocrx_word' id='word_1_739' title='bbox 2942 4320 3002 4376; x_wconf 93' lang='lat' dir='ltr'><strong><em>in</em></strong></span> <span class='ocrx_word' id='word_1_740' title='bbox 3026 4322 3342 4377; x_wconf 90' lang='lat' dir='ltr'><strong><em>electorum</em></strong></span> <span class='ocrx_word' id='word_1_741' title='bbox 3369 4338 3575 4393; x_wconf 91' lang='lat' dir='ltr'><strong><em>corpus</em></strong></span> <span class='ocrx_word' id='word_1_742' title='bbox 3624 4324 3795 4393; x_wconf 89' lang='lat' dir='ltr'><strong><em>quasi</em></strong></span> 
     </span>
    </p>
   </div>
   <div class='ocr_carea' id='block_1_105' title="bbox 2093 4407 3788 4480">
    <p class='ocr_par' dir='ltr' id='par_1_105' title="bbox 2093 4407 3788 4480">
     <span class='ocr_line' id='line_1_105' title="bbox 2093 4407 3788 4480; baseline 0.003 -19"><span class='ocrx_word' id='word_1_743' title='bbox 2093 4407 2254 4462; x_wconf 91' lang='lat' dir='ltr'><strong><em>cibus</em></strong></span> <span class='ocrx_word' id='word_1_744' title='bbox 2308 4408 2520 4462; x_wconf 90' lang='lat' dir='ltr'><strong><em>electus</em></strong></span> <span class='ocrx_word' id='word_1_745' title='bbox 2574 4414 2896 4475; x_wconf 88' lang='lat' dir='ltr'><strong><em>transeunt,</em></strong></span> <span class='ocrx_word' id='word_1_746' title='bbox 2956 4408 3057 4480; x_wconf 92' lang='lat' dir='ltr'><strong><em>qui</em></strong></span> <span class='ocrx_word' id='word_1_747' title='bbox 3114 4409 3252 4464; x_wconf 91' lang='lat' dir='ltr'><strong><em>dum</em></strong></span> <span class='ocrx_word' id='word_1_748' title='bbox 3314 4409 3449 4464; x_wconf 91' lang='lat' dir='ltr'><strong><em>imis</em></strong></span> <span class='ocrx_word' id='word_1_749' title='bbox 3506 4411 3788 4480; x_wconf 86' lang='lat' dir='ltr'><strong><em>serviunt,</em></strong></span> 
     </span>
    </p>
   </div>
   <div class='ocr_carea' id='block_1_106' title="bbox 2094 4496 3797 4570">
    <p class='ocr_par' dir='ltr' id='par_1_106' title="bbox 2094 4496 3797 4570">
     <span class='ocr_line' id='line_1_106' title="bbox 2094 4496 3797 4570; baseline 0.002 -19"><span class='ocrx_word' id='word_1_750' title='bbox 2094 4496 2304 4551; x_wconf 90' lang='lat' dir='ltr'><strong><em>mentis</em></strong></span> <span class='ocrx_word' id='word_1_751' title='bbox 2336 4496 2572 4551; x_wconf 87' lang='lat' dir='ltr'><strong><em>saltibus</em></strong></span> <span class='ocrx_word' id='word_1_752' title='bbox 2602 4512 2851 4569; x_wconf 88' lang='lat' dir='ltr'><strong><em>superna</em></strong></span> <span class='ocrx_word' id='word_1_753' title='bbox 2874 4497 3283 4563; x_wconf 88' lang='lat' dir='ltr'><strong><em>conscendunt,</em></strong></span> <span class='ocrx_word' id='word_1_754' title='bbox 3338 4513 3409 4552; x_wconf 90' lang='lat' dir='ltr'><strong><em>ne</em></strong></span> <span class='ocrx_word' id='word_1_755' title='bbox 3453 4514 3682 4570; x_wconf 91' lang='lat' dir='ltr'><strong><em>semper</em></strong></span> <span class='ocrx_word' id='word_1_756' title='bbox 3732 4500 3797 4555; x_wconf 91' lang='lat' dir='ltr'><strong><em>in</em></strong></span> 
     </span>
    </p>
   </div>
   <div class='ocr_carea' id='block_1_107' title="bbox 2092 4583 3800 4657">
    <p class='ocr_par' dir='ltr' id='par_1_107' title="bbox 2092 4583 3800 4657">
     <span class='ocr_line' id='line_1_107' title="bbox 2092 4583 3800 4657; baseline 0.001 -18"><span class='ocrx_word' id='word_1_757' title='bbox 2092 4583 2396 4657; x_wconf 87' lang='lat' dir='ltr'><strong><em>profundis</em></strong></span> <span class='ocrx_word' id='word_1_758' title='bbox 2451 4600 2722 4638; x_wconf 88' lang='lat' dir='ltr'><strong><em>curarum</em></strong></span> <span class='ocrx_word' id='word_1_759' title='bbox 2784 4585 3019 4653; x_wconf 89' lang='lat' dir='ltr'><strong><em>lateant,</em></strong></span> <span class='ocrx_word' id='word_1_760' title='bbox 3102 4585 3197 4639; x_wconf 92' lang='lat' dir='ltr'><strong><em>ubi</em></strong></span> <span class='ocrx_word' id='word_1_761' title='bbox 3279 4587 3504 4640; x_wconf 89' lang='lat' dir='ltr'><strong><em>nullam</em></strong></span> <span class='ocrx_word' id='word_1_762' title='bbox 3578 4588 3800 4641; x_wconf 89' lang='lat' dir='ltr'><strong><em>amoris</em></strong></span> 
     </span>
    </p>
   </div>
   <div class='ocr_carea' id='block_1_108' title="bbox 2094 4671 3796 4745">
    <p class='ocr_par' dir='ltr' id='par_1_108' title="bbox 2094 4671 3796 4745">
     <span class='ocr_line' id='line_1_108' title="bbox 2094 4671 3796 4745; baseline 0.001 -17"><span class='ocrx_word' id='word_1_763' title='bbox 2094 4672 2327 4739; x_wconf 90' lang='lat' dir='ltr'><strong><em>summi,</em></strong></span> <span class='ocrx_word' id='word_1_764' title='bbox 2361 4671 2525 4743; x_wconf 88' lang='lat' dir='ltr'><strong><em>quasi</em></strong></span> <span class='ocrx_word' id='word_1_765' title='bbox 2554 4672 2721 4726; x_wconf 88' lang='lat' dir='ltr'><strong><em>liberi</em></strong></span> <span class='ocrx_word' id='word_1_766' title='bbox 2750 4674 2919 4741; x_wconf 89' lang='lat' dir='ltr'><strong><em>aeris,</em></strong></span> <span class='ocrx_word' id='word_1_767' title='bbox 2950 4690 3149 4728; x_wconf 91' lang='lat' dir='ltr'><strong><em>curam</em></strong></span> <span class='ocrx_word' id='word_1_768' title='bbox 3191 4674 3426 4729; x_wconf 88' lang='lat' dir='ltr'><strong><em>habent.</em></strong></span> <span class='ocrx_word' id='word_1_769' title='bbox 3487 4673 3595 4739; x_wconf 89' lang='lat' dir='ltr'><strong><em>Qui</em></strong></span> <span class='ocrx_word' id='word_1_770' title='bbox 3647 4690 3796 4745; x_wconf 91' lang='lat' dir='ltr'><strong><em>ergo</em></strong></span> 
     </span>
    </p>
   </div>
   <div class='ocr_carea' id='block_1_109' title="bbox 2091 4760 3803 4833">
    <p class='ocr_par' dir='ltr' id='par_1_109' title="bbox 2091 4760 3803 4833">
     <span class='ocr_line' id='line_1_109' title="bbox 2091 4760 3803 4833; baseline 0.001 -16"><span class='ocrx_word' id='word_1_771' title='bbox 2091 4761 2263 4818; x_wconf 89' lang='lat' dir='ltr'><strong><em>rebus</em></strong></span> <span class='ocrx_word' id='word_1_772' title='bbox 2288 4760 2699 4832; x_wconf 89' lang='lat' dir='ltr'><strong><em>temporalibus</em></strong></span> <span class='ocrx_word' id='word_1_773' title='bbox 2729 4768 3101 4833; x_wconf 87' lang='lat' dir='ltr'><strong><em>occupantur,</em></strong></span> <span class='ocrx_word' id='word_1_774' title='bbox 3148 4767 3284 4817; x_wconf 91' lang='lat' dir='ltr'><strong><em>tunc</em></strong></span> <span class='ocrx_word' id='word_1_775' title='bbox 3315 4762 3459 4817; x_wconf 91' lang='lat' dir='ltr'><strong><em>bene</em></strong></span> <span class='ocrx_word' id='word_1_776' title='bbox 3508 4762 3803 4819; x_wconf 85' lang='lat' dir='ltr'><strong><em>exteriora</em></strong></span> 
     </span>
    </p>
   </div>
   <div class='ocr_carea' id='block_1_110' title="bbox 2093 4849 3801 4922">
    <p class='ocr_par' dir='ltr' id='par_1_110' title="bbox 2093 4849 3801 4922">
     <span class='ocr_line' id='line_1_110' title="bbox 2093 4849 3801 4922; baseline 0.001 -17"><span class='ocrx_word' id='word_1_777' title='bbox 2093 4849 2427 4921; x_wconf 86' lang='lat' dir='ltr'><strong><em>disponunt,</em></strong></span> <span class='ocrx_word' id='word_1_778' title='bbox 2457 4865 2588 4904; x_wconf 88' lang='lat' dir='ltr'><strong><em>cum</em></strong></span> <span class='ocrx_word' id='word_1_779' title='bbox 2619 4851 2856 4905; x_wconf 87' lang='lat' dir='ltr'><strong><em>sollicite</em></strong></span> <span class='ocrx_word' id='word_1_780' title='bbox 2886 4851 2957 4905; x_wconf 88' lang='lat' dir='ltr'><strong><em>ad</em></strong></span> <span class='ocrx_word' id='word_1_781' title='bbox 3000 4851 3275 4905; x_wconf 88' lang='lat' dir='ltr'><strong><em>interiora</em></strong></span> <span class='ocrx_word' id='word_1_782' title='bbox 3322 4851 3638 4922; x_wconf 85' lang='lat' dir='ltr'><strong><em>refugiunt,</em></strong></span> <span class='ocrx_word' id='word_1_783' title='bbox 3689 4866 3801 4906; x_wconf 88' lang='lat' dir='ltr'><strong><em>nec</em></strong></span> 
     </span>
    </p>
   </div>
   <div class='ocr_carea' id='block_1_111' title="bbox 2092 4938 3797 5011">
    <p class='ocr_par' dir='ltr' id='par_1_111' title="bbox 2092 4938 3797 5011">
     <span class='ocr_line' id='line_1_111' title="bbox 2092 4938 3797 5011; baseline 0.001 -18"><span class='ocrx_word' id='word_1_784' title='bbox 2092 4938 2543 5010; x_wconf 88' lang='lat' dir='ltr'><strong><em>perturbationis</em></strong></span> <span class='ocrx_word' id='word_1_785' title='bbox 2589 4939 2859 5011; x_wconf 90' lang='lat' dir='ltr'><strong><em>strepitus</em></strong></span> <span class='ocrx_word' id='word_1_786' title='bbox 2907 4939 3175 5010; x_wconf 85' lang='lat' dir='ltr'><strong><em>diligunt,</em></strong></span> <span class='ocrx_word' id='word_1_787' title='bbox 3229 4939 3325 4994; x_wconf 90' lang='lat' dir='ltr'><strong><em>sed</em></strong></span> <span class='ocrx_word' id='word_1_788' title='bbox 3378 4940 3530 5010; x_wconf 88' lang='lat' dir='ltr'><strong><em>apud</em></strong></span> <span class='ocrx_word' id='word_1_789' title='bbox 3578 4946 3797 4995; x_wconf 83' lang='lat' dir='ltr'><strong><em>semet-</em></strong></span> 
     </span>
    </p>
   </div>
   <div class='ocr_carea' id='block_1_112' title="bbox 2092 5026 3559 5097">
    <p class='ocr_par' dir='ltr' id='par_1_112' title="bbox 2092 5026 3559 5097">
     <span class='ocr_line' id='line_1_112' title="bbox 2092 5026 3559 5097; baseline 0.001 -16"><span class='ocrx_word' id='word_1_790' title='bbox 2092 5027 2248 5097; x_wconf 89' lang='lat' dir='ltr'><strong><em>ipsos</em></strong></span> <span class='ocrx_word' id='word_1_791' title='bbox 2278 5026 2431 5081; x_wconf 91' lang='lat' dir='ltr'><strong><em>intus</em></strong></span> <span class='ocrx_word' id='word_1_792' title='bbox 2461 5026 2521 5080; x_wconf 92' lang='lat' dir='ltr'><strong><em>in</em></strong></span> <span class='ocrx_word' id='word_1_793' title='bbox 2551 5026 2984 5097; x_wconf 87' lang='lat' dir='ltr'><strong><em>tranquillitatis</em></strong></span> <span class='ocrx_word' id='word_1_794' title='bbox 3014 5028 3141 5080; x_wconf 92' lang='lat' dir='ltr'><strong><em>sinu</em></strong></span> <span class='ocrx_word' id='word_1_795' title='bbox 3172 5026 3559 5097; x_wconf 88' lang='lat' dir='ltr'><strong><em>requiescunt.</em></strong></span> 
     </span>
    </p>
   </div>
   <div class='ocr_carea' id='block_1_113' title="bbox 2167 5114 3796 5184">
    <p class='ocr_par' dir='ltr' id='par_1_113' title="bbox 2167 5114 3796 5184">
     <span class='ocr_line' id='line_1_113' title="bbox 2167 5114 3796 5184; baseline 0.002 -16"><span class='ocrx_word' id='word_1_796' title='bbox 2167 5116 2330 5169; x_wconf 75' lang='lat' dir='ltr'><strong><em>Vens.</em></strong></span> <span class='ocrx_word' id='word_1_797' title='bbox 2367 5118 2452 5170; x_wconf 85' lang='grc'><strong>10.</strong></span> <span class='ocrx_word' id='word_1_798' title='bbox 2484 5143 2553 5156; x_wconf 91' lang='lat'><strong>-</strong></span> <span class='ocrx_word' id='word_1_799' title='bbox 2599 5114 2879 5183; x_wconf 81' lang='lat' dir='ltr'><strong><em>Quidquid</em></strong></span> <span class='ocrx_word' id='word_1_800' title='bbox 2933 5115 3215 5184; x_wconf 86' lang='lat' dir='ltr'><strong><em>pinnulas,</em></strong></span> <span class='ocrx_word' id='word_1_801' title='bbox 3250 5122 3357 5170; x_wconf 90' lang='lat' dir='ltr'><strong><em>etc.</em></strong></span> <span class='ocrx_word' id='word_1_802' title='bbox 3414 5116 3559 5172; x_wconf 90' lang='lat' dir='ltr'><strong><em>Sunt</em></strong></span> <span class='ocrx_word' id='word_1_803' title='bbox 3609 5116 3796 5172; x_wconf 88' lang='lat' dir='ltr'><strong><em>etiam</em></strong></span> 
     </span>
    </p>
   </div>
   <div class='ocr_carea' id='block_1_114' title="bbox 2091 5200 3798 5274">
    <p class='ocr_par' dir='ltr' id='par_1_114' title="bbox 2091 5200 3798 5274">
     <span class='ocr_line' id='line_1_114' title="bbox 2091 5200 3798 5274; baseline 0.004 -20"><span class='ocrx_word' id='word_1_804' title='bbox 2091 5200 2276 5272; x_wconf 90' lang='lat' dir='ltr'><strong><em>pisces</em></strong></span> <span class='ocrx_word' id='word_1_805' title='bbox 2324 5207 2529 5257; x_wconf 88' lang='lat' dir='ltr'><strong><em>testam</em></strong></span> <span class='ocrx_word' id='word_1_806' title='bbox 2568 5218 2674 5272; x_wconf 92' lang='lat' dir='ltr'><strong><em>pro</em></strong></span> <span class='ocrx_word' id='word_1_807' title='bbox 2727 5202 2875 5272; x_wconf 89' lang='lat' dir='ltr'><strong><em>pelle</em></strong></span> <span class='ocrx_word' id='word_1_808' title='bbox 2912 5201 3209 5269; x_wconf 89' lang='lat' dir='ltr'><strong><em>habentes,</em></strong></span> <span class='ocrx_word' id='word_1_809' title='bbox 3260 5220 3507 5274; x_wconf 89' lang='lat' dir='ltr'><strong><em>quorum</em></strong></span> <span class='ocrx_word' id='word_1_810' title='bbox 3552 5220 3798 5274; x_wconf 84' lang='lat' dir='ltr'><strong><em>squama</em></strong></span> 
     </span>
    </p>
   </div>
   <div class='ocr_carea' id='block_1_115' title="bbox 2094 5288 3794 5364">
    <p class='ocr_par' dir='ltr' id='par_1_115' title="bbox 2094 5288 3794 5364">
     <span class='ocr_line' id='line_1_115' title="bbox 2094 5288 3794 5364; baseline 0.002 -21"><span class='ocrx_word' id='word_1_811' title='bbox 2094 5288 2307 5344; x_wconf 83' lang='lat' dir='ltr'><strong><em>auferri</em></strong></span> <span class='ocrx_word' id='word_1_812' title='bbox 2354 5306 2470 5344; x_wconf 91' lang='lat' dir='ltr'><strong><em>non</em></strong></span> <span class='ocrx_word' id='word_1_813' title='bbox 2511 5294 2719 5360; x_wconf 88' lang='lat' dir='ltr'><strong><em>potest,</em></strong></span> <span class='ocrx_word' id='word_1_814' title='bbox 2769 5290 2906 5362; x_wconf 87' lang='lat' dir='ltr'><strong><em>quia</em></strong></span> <span class='ocrx_word' id='word_1_815' title='bbox 2965 5307 3070 5345; x_wconf 88' lang='lat' dir='ltr'><strong><em>nec</em></strong></span> <span class='ocrx_word' id='word_1_816' title='bbox 3123 5291 3299 5345; x_wconf 84' lang='lat' dir='ltr'><strong><em>verbo</em></strong></span> <span class='ocrx_word' id='word_1_817' title='bbox 3361 5292 3462 5346; x_wconf 89' lang='lat' dir='ltr'><strong><em>Dei</em></strong></span> <span class='ocrx_word' id='word_1_818' title='bbox 3518 5309 3794 5364; x_wconf 88' lang='lat' dir='ltr'><strong><em>squamas</em></strong></span> 
     </span>
    </p>
   </div>
   <div class='ocr_carea' id='block_1_116' title="bbox 2090 5378 3796 5452">
    <p class='ocr_par' dir='ltr' id='par_1_116' title="bbox 2090 5378 3796 5452">
     <span class='ocr_line' id='line_1_116' title="bbox 2090 5378 3796 5452; baseline 0.002 -19"><span class='ocrx_word' id='word_1_819' title='bbox 2090 5378 2430 5449; x_wconf 67' lang='lat' dir='ltr'><strong><em>ignorantia:</em></strong></span> <span class='ocrx_word' id='word_1_820' title='bbox 2482 5379 2804 5451; x_wconf 90' lang='lat' dir='ltr'><strong><em>deponunt,</em></strong></span> <span class='ocrx_word' id='word_1_821' title='bbox 2847 5395 2952 5435; x_wconf 90' lang='lat' dir='ltr'><strong><em>nec</em></strong></span> <span class='ocrx_word' id='word_1_822' title='bbox 3007 5381 3255 5435; x_wconf 90' lang='lat' dir='ltr'><strong><em>cultrum</em></strong></span> <span class='ocrx_word' id='word_1_823' title='bbox 3319 5380 3553 5452; x_wconf 88' lang='lat' dir='ltr'><strong><em>spiritus</em></strong></span> <span class='ocrx_word' id='word_1_824' title='bbox 3614 5384 3796 5438; x_wconf 84' lang='lat' dir='ltr'><strong><em>susci-</em></strong></span> 
     </span>
    </p>
   </div>
   <div class='ocr_carea' id='block_1_117' title="bbox 2093 5466 3794 5540">
    <p class='ocr_par' dir='ltr' id='par_1_117' title="bbox 2093 5466 3794 5540">
     <span class='ocr_line' id='line_1_117' title="bbox 2093 5466 3794 5540; baseline 0.003 -19"><span class='ocrx_word' id='word_1_825' title='bbox 2093 5466 2262 5539; x_wconf 88' lang='lat' dir='ltr'><strong><em>piunt</em></strong></span> <span class='ocrx_word' id='word_1_826' title='bbox 2292 5482 2307 5523; x_wconf 90' lang='lat'><strong><em>:</em></strong></span> <span class='ocrx_word' id='word_1_827' title='bbox 2338 5472 2396 5523; x_wconf 91' lang='lat' dir='ltr'><strong><em>et</em></strong></span> <span class='ocrx_word' id='word_1_828' title='bbox 2424 5468 2684 5538; x_wconf 89' lang='lat' dir='ltr'><strong><em>quamvis</em></strong></span> <span class='ocrx_word' id='word_1_829' title='bbox 2710 5468 2770 5524; x_wconf 93' lang='lat' dir='ltr'><strong><em>in</em></strong></span> <span class='ocrx_word' id='word_1_830' title='bbox 2797 5467 2944 5523; x_wconf 86' lang='lat' dir='ltr'><strong><em>mari</em></strong></span> <span class='ocrx_word' id='word_1_831' title='bbox 2971 5468 3243 5540; x_wconf 88' lang='lat' dir='ltr'><strong><em>baptismi</em></strong></span> <span class='ocrx_word' id='word_1_832' title='bbox 3269 5468 3658 5537; x_wconf 84' lang='lat' dir='ltr'><strong><em>inveniantur,</em></strong></span> <span class='ocrx_word' id='word_1_833' title='bbox 3701 5473 3794 5525; x_wconf 84' lang='lat' dir='ltr'><strong><em>vel</em></strong></span> 
     </span>
    </p>
   </div>
  </div>
