4064 6186
226 232 298 283 329
1291 225 1544 281 GLOSSA
1581 226 1981 283 ORDINARIA.
2020 258 2086 264 —
2130 229 2254 282 LIB.
2298 228 2527 283 LEVIT.

3576 230 3679 283 330

224 353 263 405 in
285 347 596 420 pauitantia:
628 346 981 413 ﬂuminibus,
1013 346 1428 401 abominabiles
1469 352 1600 401 sunt
1656 353 1846 401 tamen
1880 350 1925 404 A
1963 350 2146 404 Judzei
2175 349 2231 403 in
2263 351 2385 419 lege
2426 354 2482 403 et
2506 348 2803 419 prophetis
2835 366 2850 416 ;
2902 347 3003 403 sed
3032 364 3197 403 crura
3248 348 3561 405 habeamus
3592 367 3679 405 re-

225 442 264 491 in
289 438 355 490 his
379 454 491 506 quae
530 443 837 489 moventur
866 441 920 489 et
950 435 1144 489 vivunt
1172 435 1229 488 in
1262 435 1445 506 aquis,
1504 435 1639 506 quia
1686 452 1857 507 rege-

226 526 514 580 nerationem
542 529 597 576 et
619 525 815 583 vitam,
866 541 1034 594 quam
1069 524 1129 577 in
1172 524 1456 594 baptismo
1496 530 1857 595 acceperunt,

226 614 410 667 vivendo
434 614 575 666 male
600 618 996 682 corrumpunt.

272 702 406 754 Vens.
440 704 512 753 ll.
546 730 614 738 —-
669 700 887 754 Cur/ws.
944 700 1103 770 (Ras.
1153 702 1211 753 in
1268 700 1474 767 Leuit.)
1536 701 1675 754 Cum
1703 717 1864 753 suem

224 789 447 861 prohibet,
481 794 609 854 etc.,
652 804 822 857 usque
850 789 925 841 ad
971 793 1296 858 quaerentes
1338 789 1603 842 tenebras
1661 789 1862 843 noctis.

270 878 400 929 Vens.
436 879 512 928 l3.
547 905 617 915 —
644 877 765 929 Haec
794 880 917 928 sunt
957 891 1075 943 qua:
1138 875 1202 929 de
1244 877 1458 939 avibus,
1491 880 1596 930 etc.
1658 876 1867 945 (ISICII.)

222 965 320 1028 Qua:
345 964 405 1017 ad
448 964 1020 1034 contemplativorum
1070 964 1243 1017 vitam
1296 965 1609 1034 pertinent,
1661 965 1866 1035 adjun-

220 1055 292 1124 git,
315 1058 427 1117 etc.,
457 1069 625 1121 usque
653 1053 728 1106 ad
754 1054 1097 1106 mulierculas
1124 1056 1333 1121 peccati
1362 1059 1629 1108 oneratas.

270 1144 403 1196 Vens.
470 1146 550 1195 14.
597 1171 669 1181 -
724 1143 1001 1196 Vulturem
1040 1142 1211 1209 juxta
1262 1157 1431 1208 genus
1516 1158 1689 1195 suum.
1744 1142 1866 1210 (ln.)

220 1232 297 1295 Qui
329 1231 471 1284 bellis
505 1231 738 1300 gaudet.
809 1230 965 1283 Unde
1015 1230 1278 1300 sequitur
1316 1230 1649 1294 exercitum,
1708 1247 1872 1301 expe-

220 1327 339 1373 ctans
366 1319 631 1372 cadavera
669 1323 1070 1371 mortuorum:
1104 1334 1219 1371 non
1277 1318 1446 1372 debet
1502 1318 1656 1372 enim
1689 1318 1874 1372 alieno

222 1410 342 1461 luctu
372 1408 536 1477 pasci,
562 1406 663 1477 qui
702 1407 796 1459 dat
825 1422 1059 1476 operam
1112 1406 1603 1476 contemplationi.
1822 1408 1825 1409 ⁷

273 1498 407 1550 Vsus.
444 1500 521 1549 l6.
584 1527 651 1534 —
710 1495 1375 1551 Struthionem.Struthio
1433 1495 1551 1548 avis
1626 1501 1727 1559 est,
1780 1494 1875 1547 sed

220 1588 365 1638 volare
392 1603 498 1638 non
530 1589 739 1655 potest,
773 1591 827 1637 et
865 1601 1093 1654 semper
1135 1584 1283 1637 circa
1340 1588 1551 1637 terram
1594 1589 1696 1649 est,
1732 1582 1876 1635 sicut

219 1674 407 1741 quidam
457 1673 569 1725 Deo
626 1671 937 1724 militantes
987 1678 1044 1723 et
1096 1670 1464 1724 smeularibus
1520 1670 1766 1741 negotiis
1816 1686 1875 1722 se

222 1762 527 1830 implicantes
556 1760 676 1827 (Job
710 1776 905 1829 xxxrx;
941 1762 991 1814 II
1024 1763 1160 1813 Tim.
1198 1760 1277 1829 ιι).

272 1851 516 1903 Noctuam.
595 1850 720 1901 Haec
762 1848 921 1901 aiunt
966 1848 1025 1901 iu
1094 1857 1256 1901 nocte
1332 1854 1493 1901 acute
1549 1847 1767 1915 videre,
1824 1852 1879 1900 et

220 1954 384 2007 parum
408 1939 463 1991 in
491 1938 604 1991 die.
647 1939 810 1991 Tales
834 1942 965 1989 sunt
1022 1937 1121 2006 qui
1176 1936 1338 2006 Legis
1370 1936 1693 2006 gloriantur
1745 1952 1881 1989 con-

219 2026 564 2097 templatione,
591 2031 646 2079 et
681 2026 971 2095 Evangelii
1031 2028 1215 2078 lucem
1263 2041 1462 2093 capere
1512 2041 1630 2077 non
1669 2025 1878 2077 valent.

219 2117 519 2181 Xycticorax.
555 2116 622 2167 In
650 2120 813 2167 nocte
846 2118 1066 2166 tantum
1116 2114 1280 2184 rapit.
1330 2113 1490 2167 Tales
1548 2118 1681 2166 sunt
1736 2129 1881 2183 gen-

219 2208 281 2254 tes
308 2203 472 2256 noctis
521 2202 795 2273 Operibus
842 2200 1144 2267 inhiantes,
1206 2217 1335 2272 quae
1380 2207 1512 2255 sunt
1560 2200 1878 2267 fornicatio,

221 2290 559 2358 irumunditia,
606 2290 964 2360 impudicitia
986 2290 1129 2357 (Gal.
1182 2292 1254 2358 v).

270 2381 467 2434 Larum.
507 2381 686 2433 Larus
744 2386 829 2432 est
876 2379 1089 2431 animal
1138 2384 1254 2431 tam
1306 2378 1367 2431 in
1407 2394 1557 2449 aqua
1615 2394 1790 2448 quam
1818 2378 1880 2431 in

214 2472 337 2520 terra
362 2467 657 2521 habitans:
693 2468 847 2520 volat
873 2468 1027 2520 enim
1050 2472 1105 2520 et
1127 2472 1303 2520 natat.
1362 2468 1501 2520 Huic
1563 2466 1879 2519 assimilan-

219 2562 289 2607 tur
313 2558 401 2627 qui
442 2556 943 2610 circumcisionem
995 2561 1052 2609 et
1116 2556 1464 2626 baptismum
1510 2560 1879 2617 venerantur,

270 2648 600 2714 Accipitrem.
632 2645 915 2715 Accipiter
960 2644 1108 2697 inter
1174 2659 1407 2713 rapaces
1461 2650 1547 2697 est
1604 2660 1754 2709 aves,
1784 2644 1883 2719 sed

218 2735 541 2799 mansuescit,
599 2740 654 2787 et
708 2733 971 2804 rapinam
1011 2750 1140 2787 cum
1210 2732 1536 2785 hominibus
1589 2738 1876 2802 Operatur.

218 2824 344 2876 llunc
371 2824 673 2877 imitantur
711 2826 810 2893 qui
840 2821 1123 2875 mansueti
1143 2821 1427 2886 videntur,
1462 2820 1559 2874 sed
1610 2836 1741 2873 cum
1780 2836 1881 2890 po-

217 2913 428 2965 tentibus
449 2918 505 2966 et
536 2911 723 2966 avaris
772 2917 941 2981 atque
990 2910 1287 2981 rapacibus
1346 2926 1547 2979 rapere
1595 2910 1879 2962 nituntur.
1914 2940 1953 2994 ο

268 3003 547 3067 Mei-gutum
582 3006 632 3054 et
671 3001 805 3054 ibin.
835 3001 963 3053 Haec
992 3000 1145 3070 longi
1191 2998 1324 3053 colli
1366 3003 1516 3065 sunt,
1579 3004 1635 3052 et
1693 2998 1884 3053 cibum

214 3107 263 3142 ex
286 3090 661 3160 profunditate
685 3094 853 3143 terrae
881 3091 966 3143 vel
1012 3105 1177 3160 aqum
1218 3088 1304 3159 (ut
1354 3087 1582 3158 dicitur)
1628 3087 1882 3153 trahunt,

216 3194 293 3231 nec
321 3178 598 3232 imitanda
634 3182 785 3231 sunt.
842 3177 947 3241 Qui
992 3178 1146 3231 enim
1198 3176 1670 3245 contemplationi
1726 3182 1886 3230 vacat

216 3266 265 3317 ad
291 3266 575 3335 superiora
599 3264 772 3319 debet
801 3264 1054 3332 tendere,
1105 3280 1209 3318 nec
1268 3264 1336 3317 de
1366 3262 1734 3317 inferioribus
1774 3265 1882 3318 sol-

215 3353 364 3408 licitas
393 3370 535 3410 esse.

268 3446 413 3499 Vsus.
451 3448 535 3500 19.
587 3473 662 3487 —
720 3446 988 3513 Upupam.
1049 3444 1177 3497 Haec
1234 3442 1492 3513 lugubris
1549 3447 1635 3495 est
1690 3446 1746 3495 et
1788 3443 1883 3496 lu—

212 3537 334 3588 ctum
362 3551 581 3589 amans.
615 3533 821 3589 Saeculi
867 3537 1059 3586 autem
1108 3531 1341 3585 tristitia
1390 3523 1633 3584 mortem
1683 3547 1884 3601 opera-

211 3628 302 3675 tur.
331 3624 430 3687 Qui
459 3629 663 3678 autem
712 3623 893 3676 Deum
933 3619 1141 3690 diligit,
1201 3619 1371 3673 debet
1428 3618 1699 3688 gaudere,
1761 3619 1883 3672 sine

211 3708 603 3767 intermissione
676 3727 861 3777 orare,
946 3711 1008 3763 in
1094 3709 1363 3763 omnibus
1439 3707 1650 3777 gratias
1715 3724 1885 3779 agere

211 3800 257 3857 (ι
275 3802 438 3855 Thess.
470 3804 546 3871 v).

268 3890 760 3959 Vespertitio.Qua3
796 3889 945 3943 circa
998 3893 1213 3942 terram
1261 3887 1434 3952 volat,
1521 3886 1726 3955 pennis
1778 3903 1883 3957 pro

208 3979 417 4044 pedibus
448 3981 640 4035 utitur
669 3979 862 4050 :quod
901 3978 1153 4032 alienum
1184 3981 1269 4030 est
1299 3977 1370 4030 ab
1400 3976 1480 4030 eis
1503 3976 1602 4046 qui
1630 3982 1884 4031 contem-

208 4066 423 4136 plantur,
458 4087 533 4124 ne
578 4068 989 4138 contemplatio
1050 4082 1249 4121 eorum
1304 4066 1365 4120 in
1422 4066 1663 4120 terrenis
1714 4083 1882 4121 occu-

208 4161 360 4223 petur.

1968 443 2075 502 cta,
2107 436 2252 490 sicut
2278 436 2584 500 Cherubin,
2626 436 2694 490 de
2730 437 2938 506 quibus
2984 437 3228 490 dicitur:
3291 438 3471 494 Crura
3505 452 3685 490 eorum

1968 530 2137 592 recta,
2169 527 2219 577 et
2246 527 2473 593 pennati
2492 524 2651 595 pedes
2681 541 2861 578 eorum
2896 526 3112 593 (Ezech.
3174 528 3229 591 1).

2043 616 2203 667 Vnus.
2238 617 2324 667 22.
2354 616 2670 668 -—Brucus.
2713 613 2817 677 Qui
2846 614 3051 679 exsilit,
3094 612 3192 666 sed
3251 613 3439 667 minus
3512 627 3686 682 quam

1974 707 2208 767 attacus,
2240 703 2326 755 vel
2359 703 2592 768 locusta,
2624 718 2752 773 qua:
2782 702 2964 772 magis
3002 702 3293 755 exsiliunt.
3346 701 3507 755 Tales
3536 706 3690 778 sunt,

1976 790 2076 861 qui
2107 806 2234 843 cum
2260 790 2653 861 peccatoribus
2691 795 3118 859 conversantur,
3168 790 3243 845 ad
3299 790 3682 845 conversatio-

1977 895 2132 940 nem,
2168 896 2282 933 non
2314 880 2380 933 ad
2405 896 2745 933 consensum
2767 880 2852 933 vel
2892 879 3297 933 imitationem.

2046 967 2469 1035 Ophiomachus.
2509 967 2614 1030 Qui
2642 973 2863 1037 pugnat
2912 983 3041 1020 cum
3080 965 3463 1037 serpentibus,
3516 965 3682 1019 nobis

1980 1059 2172 1108 autem
2202 1071 2397 1125 pugna
2426 1061 2515 1109 est
2545 1072 2677 1109 cum
2736 1055 2976 1127 antiquo
3039 1059 3300 1125 serpente
3364 1060 3419 1108 et
3475 1054 3696 1124 angelis

1982 1144 2101 1213 ejus
2126 1144 2313 1212 (Apoc.
2356 1142 2479 1212 xu).

2055 1232 2214 1284 Vens.
2247 1234 2333 1284 23.
2367 1260 2438 1270 —
2470 1232 2536 1284 Ut
2560 1235 2755 1300 portet.
2816 1229 2971 1285 Sicut
3009 1231 3107 1301 qui
3166 1230 3302 1285 dicit
3332 1229 3551 1283 malum
3593 1228 3694 1282 bo-

1988 1336 2146 1386 num,
2181 1324 2235 1372 et
2265 1336 2522 1373 amarum
2558 1320 2722 1373 dulce
2755 1320 2884 1388 (Isa.
2916 1323 2999 1386 v):
3058 1319 3342 1373 laudando
3371 1318 3526 1373 enim
3567 1333 3689 1370 ma-

1990 1410 2102 1461 lum
2140 1426 2173 1461 a
2211 1425 2323 1478 quo
2358 1408 2661 1478 prohibere
2686 1408 2982 1473 debuerat,
3017 1425 3182 1461 suum
3216 1407 3348 1460 facit
3397 1413 3453 1460 et
3484 1410 3673 1476 portat

2062 1497 2217 1549 Vens.
2266 1498 2355 1549 26.
2405 1526 2473 1534 -—
2531 1497 2694 1551 Omne
2732 1498 2938 1550 animat
2986 1496 3147 1564 quod.
3212 1494 3417 1565 (ἰδίω.)
3465 1494 3696 1548 Nullum

1988 1589 2280 1653 peccatum
2310 1584 2564 1653 prmterit
2596 1585 2709 1649 lex;
2745 1600 3101 1655 quaecunque
3131 1583 3191 1637 in
3228 1583 3536 1653 Evangelio
3564 1599 3698 1653 pro-

1990 1671 2261 1725 hibentur
2301 1670 2462 1741 Legis
2516 1672 2922 1741 tenigmatibus
2980 1671 3402 1741 exprimuntur,
3434 1676 3494 1723 ut
3530 1672 3589 1723 in
3611 1685 3700 1723 ore

1987 1760 2215 1813 duorum
2244 1762 2460 1813 testium
2491 1763 2593 1814 stet
2636 1775 2787 1814 omne
2843 1759 3062 1813 verbum
3124 1759 3351 1829 (Matth.
3414 1760 3606 1827 xvm),
3645 1763 3701 1810 et

1988 1844 2046 1900 in
2071 1854 2312 1918 utraque
2345 1849 2468 1917 lege
2501 1848 2699 1902 laudes
2733 1851 2934 1916 Deum,
2965 1853 3041 1916 et,
3084 1847 3231 1902 sicut
3270 1847 3570 1919 prohibet,
3603 1847 3695 1900 fu-

1990 1937 2111 2007 gias
2144 1938 2382 1992 malum.

2064 2027 2223 2080 Vens.
2258 2029 2345 2080 27.
2378 2055 2449 2065 —
2476 2027 2632 2091 Quod
2663 2027 2907 2080 ambulat
2957 2042 3120 2095 super
3179 2041 3394 2092 manus,
3451 2029 3556 2079 etc.
3591 2023 3700 2089 Qui

1990 2115 2375 2185 evangelicum
2421 2115 2911 2169 conversationem
2958 2116 3186 2185 migrat,
3260 2115 3359 2168 sed
3434 2114 3701 2169 manibus

1990 2205 2263 2267 ambulat,
2299 2203 2506 2273 turpis,
2542 2204 2774 2270 scilicet,
2831 2204 2975 2257 lucri
3026 2221 3195 2257 causa
3251 2220 3457 2256 manus
3509 2203 3699 2272 impo-

1992 2295 2200 2362 nens(1
2236 2296 2372 2347 Tim.
2400 2298 2496 2362 iv),
2554 2293 2645 2346 hic
2695 2300 2843 2346 recte
2900 2293 3167 2346 omnibus
3217 2291 3411 2345 bestiis
3441 2307 3698 2360 compa-,

1990 2391 2168 2447 ratur,
2203 2387 2265 2435 ut
2299 2382 2385 2435 vel
2414 2380 2738 2434 adulterum
2773 2380 2945 2447 dicas,
3008 2381 3091 2433 vel
3136 2395 3390 2445 avarum,
3447 2377 3700 2433 homici-

1990 2473 2120 2527 dam
2146 2475 2201 2523 et
2233 2470 2442 2523 similia
2474 2470 2776 2524 :omnibus
2843 2470 2998 2523 enim
3054 2486 3159 2540 per
3202 2484 3437 2540 pravam
3494 2483 3701 2520 manus

1991 2558 2415 2627 impositionem
2439 2558 2843 2612 communicat.

2062 2649 2223 2701 Vens.
2256 2649 2348 2701 28.
2418 2677 2486 2686 —
2542 2648 2649 2710 Qui
2698 2649 3001 2715 portaverit
3056 2644 3371 2714 hujusmodi
3426 2643 3695 2698 cadauera

1994 2737 2155 2790 Falsa
2184 2736 2423 2789 dicendo
2437 2736 2782 2797 testimonia,
2826 2736 3065 2805 dignum
3086 2734 3327 2790 dicendo
3368 2732 3694 2802 indignum.

1993 2831 2048 2879 et
2081 2825 2360 2878 mundum
2391 2824 2776 2878 immundum.

2063 2914 2220 2966 Vens.
2264 2915 2353 2965 29.
2395 2944 2462 2950 ——
2516 2913 2767 2966 Mustela.
2821 2911 3157 2982 Ingluvicm.
3234 2911 3352 2965 Mus
3407 2908 3560 2963 enim
3590 2924 3697 2978 pro

1993 3002 2207 3055 ventris
2228 3001 2478 3071 ingluvie
2510 3001 2668 3054 nulla
2714 3002 2853 3055 vitat
2902 3000 3172 3071 pericula.

2063 3091 2390 3147 Crocodilus.
2423 3091 2531 3155 Qui
2560 3090 2717 3144 durze
2774 3090 2917 3144 cutis
2970 3094 3026 3145 et
3085 3087 3402 3144 malitiosus
3452 3087 3575 3140 luto
3602 3102 3698 3157 pa-

1994 3180 2188 3234 scitur.

2065 3270 2224 3323 Vsas.
2285 3270 2371 3322 30.
2429 3298 2496 3307 —
2549 3267 2896 3323 Chamela’on.
2932 3266 3257 3334 Miserescit,
3311 3271 3367 3321 et
3429 3283 3548 3338 prae
3599 3265 3696 3320 in—

1992 3356 2260 3411 ﬁrmitate
2283 3359 2645 3408 mansuetum
2671 3371 2729 3408 se
2752 3355 2937 3423 tingit,
2996 3371 3126 3408 cum
3184 3355 3412 3409 crudele
3444 3354 3538 3409 sit.

2066 3445 2256 3514 Talpa.
2294 3444 2517 3498 Animal
2567 3460 2781 3497 caecum
2812 3444 2881 3497 de
2939 3448 3092 3497 terra
3139 3442 3421 3513 genitum.
3464 3443 3701 3497 Creatur

1991 3532 2169 3601 enim,
2199 3538 2265 3587 ut
2294 3533 2475 3599 aiunt,
2510 3533 2579 3586 de
2618 3537 2770 3586 terra
2803 3532 3093 3603 compluta
3133 3537 3189 3586 et
3246 3533 3544 3597 lutulenta,
3601 3531 3698 3584 sed

1991 3622 2151 3691 prius
2173 3627 2458 3692 corrupta.

2061 3711 2227 3763 Vnus.
2283 3713 2368 3764 31.
2432 3739 2502 3749 —
2582 3709 2687 3775 Qui
2757 3712 3014 3778 tetigerit,
3084 3714 3189 3763 etc.
3243 3709 3299 3763 Si
3362 3710 3701 3764 naturaliter

1993 3804 2180 3853 essent
2244 3798 2564 3864 immunda,
2607 3797 2941 3850 immundus
3007 3801 3153 3850 esset
3222 3797 3468 3851 viventia
3522 3798 3695 3852 etiam

1994 3888 2095 3959 qui
2115 3891 2395 3958 tangeret.
2429 3885 2722 3939 Morticina
2749 3884 2949 3938 talium
2983 3884 3232 3938 actiones
3290 3890 3445 3951 sunt,
3495 3886 3553 3939 id
3592 3892 3693 3948 est.

1994 3976 2175 4041 dolus,
2220 3976 2458 4039 furtum,
2522 3971 2848 4041 duplicitas,
2890 3976 2946 4024 et
2995 3970 3329 4040 hujusmodi
3384 3970 3445 4024 in
3492 3971 3699 4041 quibus

1995 4082 2150 4119 mors
2176 4064 2404 4118 animae.

2067 4155 2228 4207 Vens.
2263 4154 2347 4206 32.
2382 4181 2450 4191 —
2488 4152 2559 4205 Et
2608 4164 2770 4218 super
2824 4148 2988 4218 quod,
3032 4151 3139 4202 etc.
3183 4146 3394 4219 (lsrcu.)
3442 4147 3701 4203 Admira.

261 4246 404 4301 Vsus.
436 4250 532 4302 20.
566 4278 635 4286 -—
669 4247 835 4302 Omne
871 4246 936 4299 de
962 4244 1267 4299 volucribus
1324 4242 1469 4312 quod
1516 4243 1773 4309 graditur
1791 4259 1883 4297 su-
1915 4215 1958 4268 D
1995 4241 2097 4296 bili
2150 4240 2425 4295 divisione
2472 4238 2650 4291 utitur
2671 4215 3002 4307 legisIator,
3042 4215 3200 4303 etc.,'
3230 4215 3398 4307 usque
3453 4238 3527 4291 ad
3582 4242 3700 4291 tam

203 4348 279 4399 per
303 4342 534 4404 quatuor
559 4335 750 4405 pedes,
783 4339 890 4388 etc.
951 4332 1059 4397 Qui
1098 4330 1560 4401 contemplativis
1616 4328 1887 4381 videntur

206 4437 301 4476 esse
320 4425 553 4491 similes,
587 4425 686 4478 sed
718 4428 997 4493 tanquam
1053 4420 1283 4491 reptilia
1320 4417 1567 4473 terrenis
1611 4417 1894 4470 inhaerent

204 4512 671 4584 concupiscentiis,
698 4512 918 4567 etiamsi
978 4511 1038 4564 in
1093 4514 1342 4580 quatuor
1398 4507 1639 4578 pedibus
1687 4505 1891 4558 ambu-

206 4598 318 4667 lent,
347 4603 403 4657 id
428 4609 516 4657 est
556 4602 608 4656 si
637 4601 1021 4672 evangelicam
1060 4597 1524 4669 praedicationem
1598 4594 1889 4659 simulent,

205 4704 309 4758 quas
329 4699 489 4747 vocat
506 4693 585 4747 ad
607 4689 1053 4762 paenitentiam;
1096 4687 1233 4758 quia
1278 4702 1395 4740 non
1436 4700 1568 4738 vere
1627 4682 1891 4737 socialem

206 4782 611 4849 amplectuntur
642 4780 837 4845 vitam,
876 4777 1262 4848 voluptatibus
1308 4774 1637 4839 servientes,
1673 4770 1889 4826 abomi-

206 4868 389 4923 nabiles
418 4876 580 4924 sunt.

256 4957 418 5014 Vsus.
471 4963 568 5013 2t.
602 4989 671 4997 —
717 4955 1010 5026 Quidquid
1065 4959 1244 5008 autem
1292 4952 1555 5018 ambulat,
1616 4956 1719 5004 etc.
1748 4948 1891 5012 Quia

208 5064 307 5105 cum
333 5053 447 5108 sint
476 5056 540 5108 in
562 5069 759 5119 carne,
793 5068 906 5105 non
936 5050 1248 5104 secundum
1307 5062 1538 5100 carnem
1591 5045 1892 5098 ambulant

212 5140 271 5205 {II
291 5144 400 5198 Cor.
436 5144 517 5212 x),
553 5142 656 5197 sed
704 5160 737 5195 a
797 5140 1040 5194 sordidis
1123 5136 1446 5191 actionibus
1501 5133 1790 5199 exsiliunt,
1838 5138 1893 5186 et

210 5232 417 5287 terrenis
472 5231 812 5287 hominibus
875 5227 1311 5300 permiscentur,
1368 5228 1432 5278 ut
1507 5224 1790 5277 instruant
1836 5227 1893 5277 et

214 5321 442 5378 doceant:
488 5323 643 5376 sicut
675 5319 949 5374 Dominus
974 5334 1105 5372 cum
1150 5313 1542 5386 peccatoribus
1590 5317 1647 5366 et
1700 5309 1891 5380 publi-

215 5411 334 5463 canis
362 5413 588 5479 (Matth.
622 5412 718 5481 1x).
782 5408 1000 5462 Habere
1072 5422 1173 5460 nos
1232 5408 1456 5475 oportet
1505 5417 1671 5455 crura
1720 5400 1893 5453 subli-

216 5498 361 5553 miora
387 5500 664 5573 pedibus,
708 5514 783 5552 ne
824 5495 1210 5573 clzgrdicemus
1247 5496 1492 5562 utroque
1553 5490 1714 5560 pede.
1746 5488 1892 5543 sicut

492 5573 784 5637 PATROL.
842 5570 1062 5635 CXIII.

2003 4348 2099 4385 vas
2126 4330 2381 4401 ligneum
2416 4343 2589 4399 quam
2620 4326 3045 4381 vestimentum.

2073 4419 2341 4473 Vr:ns.3~’i.
2401 4448 2470 4457 —~
2522 4417 2706 4471 Omnis
2750 4415 2922 4483 cibus,
2974 4420 3081 4470 etc.
3145 4414 3348 4469 Cibum
3404 4420 3462 4469 et
3504 4419 3699 4487 potum

2002 4525 2177 4580 opera
2205 4509 2356 4562 bona
2388 4505 2678 4575 intelligit,
2697 4505 2825 4559 ideo
2867 4504 3052 4558 dixit:
3105 4505 3265 4560 Cibus
3324 4520 3479 4572 quem
3531 4521 3700 4559 come-

2001 4600 2137 4653 detis
2186 4602 2236 4650 et
2290 4598 2499 4665 liquens
2558 4594 2703 4662 quod
2774 4593 2997 4659 bibitur,
3065 4597 3171 4647 etc.
3226 4592 3370 4656 Quia
3421 4595 3700 4648 malarum

2000 4686 2289 4740 actionum
2320 4689 2377 4737 et
2405 4684 2565 4737 cibus
2595 4686 2651 4736 et
2675 4687 2844 4752 potus
2883 4682 3235 4752 prohibetur,
3280 4698 3349 4734 ne
3383 4683 3512 4752 quis
3570 4700 3702 4753 par-

2000 4774 2211 4845 ticipet.
2245 4772 2301 4827 Si
2328 4788 2463 4843 ergo
2496 4770 2661 4825 bonis
2693 4770 3031 4838 actionibus,
3058 4786 3187 4840 quae
3244 4775 3377 4823 sunt
3432 4770 3491 4824 in
3545 4773 3705 4827 omni

1999 4879 2148 4927 vase,
2186 4862 2243 4916 id
2275 4862 2435 4915 estin
2484 4860 2642 4913 omni
2690 4858 2921 4913 homine
2975 4857 3269 4928 quodlibet
3336 4859 3704 4917 morticinum

1999 4950 2285 5016 inciderit,
2335 4948 2655 5002 necessario
2713 4947 3013 5000 immunda
3060 4945 3207 4999 actio
3264 4946 3390 5001 erit.
3439 4948 3495 5003 Si
3549 4950 3705 5006 enim

2000 5041 2166 5095 bona}
2196 5038 2429 5100 actioni,
2462 5036 2746 5107 superbia,
2769 5035 2951 5093 dolus,
3011 5033 3330 5104 hypocrisis
3384 5039 3469 5091 vel
3524 5040 3704 5109 quod-

2000 5130 2140 5184 libet
2161 5126 2550 5192 morticinum,
2608 5125 2661 5177 id
2695 5128 2799 5188 est,
2852 5123 3219 5193 participanti
3269 5130 3515 5181 mortem
3556 5128 3708 5183 infe-

2003 5235 2131 5271 rens
2163 5215 2448 5281 inciderit,
2503 5218 2558 5267 et
2596 5212 2687 5266 hic
2734 5212 3070 5265 immundus
3117 5213 3227 5267 erit
3253 5231 3267 5268 :
3297 5214 3507 5269 bonam
3550 5218 3706 5270 enim

2002 5307 2284 5362 actionem
2316 5304 2465 5357 mala
2495 5301 2751 5355 incidens
2787 5300 3023 5355 intentio
3066 5302 3289 5371 polluit.

2099 5397 2260 5450 Vens.
2322 5393 2407 5447 34.
2456 5420 2528 5431 -
2594 5391 2654 5445 Si
2703 5391 2832 5457 fusa
2914 5392 3085 5457 fuerit
3140 5406 3301 5460 super
3377 5408 3495 5447 eum
3542 5410 3710 5462 aqua.

2001 5487 2187 5556 (AUG.,
2217 5486 2404 5551 quaest.
2440 5482 2507 5534 37
2568 5481 2628 5533 in
2669 5478 2862 5547 Leuit.)
2944 5479 3021 5532 De
3072 5495 3221 5546 vase,
3270 5480 3480 5615 icilicet
3552 5484 3709 5552 quod
