  <div class='ocr_page' id='page_1' title='image "/cluster/home/n/w/nwhite01/storage/ocr_20150623/113/hvd.32044054759782/171.png"; bbox 0 0 4038 6180; ppageno 0'>
   <div class='ocr_carea' id='block_1_1' title="bbox 353 331 3237 397">
    <p class='ocr_par' dir='ltr' id='par_1_1' title="bbox 353 331 3237 397">
     <span class='ocr_line' id='line_1_1' title="bbox 353 331 3237 397; baseline -0.004 -1"><span class='ocrx_word' id='word_1_1' title='bbox 353 343 448 397; x_wconf 81' lang='lat'>331</span> <span class='ocrx_word' id='word_1_2' title='bbox 982 337 1379 394; x_wconf 78' lang='lat' dir='ltr'>WALAFRIDI</span> <span class='ocrx_word' id='word_1_3' title='bbox 1419 337 1667 394; x_wconf 79' lang='lat' dir='ltr'>STRABI</span> <span class='ocrx_word' id='word_1_4' title='bbox 1707 337 1904 392; x_wconf 82' lang='lat' dir='ltr'>FULD.</span> <span class='ocrx_word' id='word_1_5' title='bbox 1948 335 2112 392; x_wconf 82' lang='lat' dir='ltr'>MON.</span> <span class='ocrx_word' id='word_1_6' title='bbox 2160 335 2311 392; x_wconf 86' lang='lat' dir='ltr'>OPP.</span> <span class='ocrx_word' id='word_1_7' title='bbox 2355 333 2529 390; x_wconf 78' lang='lat' dir='ltr'>PARS</span> <span class='ocrx_word' id='word_1_8' title='bbox 2569 335 2618 389; x_wconf 94' lang='lat' dir='ltr'>I.</span> <span class='ocrx_word' id='word_1_9' title='bbox 2665 363 2732 371; x_wconf 93' lang='lat'><em>—</em></span> <span class='ocrx_word' id='word_1_10' title='bbox 2773 331 3237 388; x_wconf 78' lang='lat' dir='ltr'>THEOLOGICA.</span> 
     </span>
    </p>
   </div>
   <div class='ocr_carea' id='block_1_2' title="bbox 347 452 2116 521">
    <p class='ocr_par' dir='ltr' id='par_1_2' title="bbox 347 452 2116 521">
     <span class='ocr_line' id='line_1_2' title="bbox 347 452 2116 521; baseline -0.002 -7"><span class='ocrx_word' id='word_1_11' title='bbox 347 458 562 514; x_wconf 80' lang='lat' dir='ltr'>factum</span> <span class='ocrx_word' id='word_1_12' title='bbox 627 461 711 512; x_wconf 91' lang='lat' dir='ltr'>est</span> <span class='ocrx_word' id='word_1_13' title='bbox 782 455 1146 510; x_wconf 90' lang='lat' dir='ltr'>immundum</span> <span class='ocrx_word' id='word_1_14' title='bbox 1178 454 1248 508; x_wconf 91' lang='lat' dir='ltr'>de</span> <span class='ocrx_word' id='word_1_15' title='bbox 1307 452 1623 509; x_wconf 70' lang='lat' dir='ltr'>morticinis</span> <span class='ocrx_word' id='word_1_16' title='bbox 1700 452 2036 521; x_wconf 87' lang='lat' dir='ltr'>immundis,</span> <span class='ocrx_word' id='word_1_17' title='bbox 2077 458 2116 511; x_wconf 86' lang='lat' dir='ltr'><strong>A</strong></span> 
     </span>
    </p>
   </div>
   <div class='ocr_carea' id='block_1_3' title="bbox 355 544 1118 617">
    <p class='ocr_par' dir='ltr' id='par_1_3' title="bbox 355 544 1118 617">
     <span class='ocr_line' id='line_1_3' title="bbox 355 544 1118 617; baseline -0.009 -13"><span class='ocrx_word' id='word_1_18' title='bbox 355 549 404 604; x_wconf 89' lang='lat' dir='ltr'>si</span> <span class='ocrx_word' id='word_1_19' title='bbox 438 550 580 604; x_wconf 84' lang='lat' dir='ltr'>forte</span> <span class='ocrx_word' id='word_1_20' title='bbox 643 562 853 617; x_wconf 87' lang='lat' dir='ltr'>aquam</span> <span class='ocrx_word' id='word_1_21' title='bbox 898 544 1118 599; x_wconf 78' lang='lat' dir='ltr'>habuit.</span> 
     </span>
    </p>
   </div>
   <div class='ocr_carea' id='block_1_4' title="bbox 427 629 2059 709">
    <p class='ocr_par' dir='ltr' id='par_1_4' title="bbox 427 629 2059 709">
     <span class='ocr_line' id='line_1_4' title="bbox 427 629 2059 709; baseline -0.007 -14"><span class='ocrx_word' id='word_1_22' title='bbox 427 642 612 709; x_wconf 85' lang='lat' dir='ltr'>Aqua.</span> <span class='ocrx_word' id='word_1_23' title='bbox 647 634 968 707; x_wconf 88' lang='lat' dir='ltr'>Baptismi:</span> <span class='ocrx_word' id='word_1_24' title='bbox 1023 638 1108 688; x_wconf 90' lang='lat' dir='ltr'>est</span> <span class='ocrx_word' id='word_1_25' title='bbox 1154 631 1310 688; x_wconf 90' lang='lat' dir='ltr'>enim</span> <span class='ocrx_word' id='word_1_26' title='bbox 1371 646 1556 684; x_wconf 88' lang='lat' dir='ltr'>sermo</span> <span class='ocrx_word' id='word_1_27' title='bbox 1595 629 1664 684; x_wconf 91' lang='lat' dir='ltr'>de</span> <span class='ocrx_word' id='word_1_28' title='bbox 1722 629 2059 702; x_wconf 88' lang='lat' dir='ltr'>baptizatis;</span> 
     </span>
    </p>
   </div>
   <div class='ocr_carea' id='block_1_5' title="bbox 353 719 2063 784">
    <p class='ocr_par' dir='ltr' id='par_1_5' title="bbox 353 719 2063 784">
     <span class='ocr_line' id='line_1_5' title="bbox 353 719 2063 784; baseline -0.006 0"><span class='ocrx_word' id='word_1_29' title='bbox 353 730 425 784; x_wconf 93' lang='lat' dir='ltr'>de</span> <span class='ocrx_word' id='word_1_30' title='bbox 448 726 775 782; x_wconf 88' lang='lat' dir='ltr'>infidelibus</span> <span class='ocrx_word' id='word_1_31' title='bbox 841 729 1035 778; x_wconf 88' lang='lat' dir='ltr'>autem</span> <span class='ocrx_word' id='word_1_32' title='bbox 1092 721 1446 776; x_wconf 83' lang='lat' dir='ltr'>mentionem</span> <span class='ocrx_word' id='word_1_33' title='bbox 1516 736 1632 774; x_wconf 89' lang='lat' dir='ltr'>non</span> <span class='ocrx_word' id='word_1_34' title='bbox 1684 719 1838 776; x_wconf 84' lang='lat' dir='ltr'>facit.</span> <span class='ocrx_word' id='word_1_35' title='bbox 1907 720 2063 774; x_wconf 88' lang='lat' dir='ltr'>Unde</span> 
     </span>
    </p>
   </div>
   <div class='ocr_carea' id='block_1_6' title="bbox 351 808 2065 883">
    <p class='ocr_par' dir='ltr' id='par_1_6' title="bbox 351 808 2065 883">
     <span class='ocr_line' id='line_1_6' title="bbox 351 808 2065 883; baseline -0.006 -11"><span class='ocrx_word' id='word_1_36' title='bbox 351 817 564 873; x_wconf 84' lang='lat' dir='ltr'>Paulus</span> <span class='ocrx_word' id='word_1_37' title='bbox 594 831 606 868; x_wconf 92' lang='lat'>:</span> <span class='ocrx_word' id='word_1_38' title='bbox 637 815 848 883; x_wconf 87' lang='lat' dir='ltr'>Scripsi</span> <span class='ocrx_word' id='word_1_39' title='bbox 869 813 1018 866; x_wconf 89' lang='lat' dir='ltr'>vobis</span> <span class='ocrx_word' id='word_1_40' title='bbox 1082 826 1189 864; x_wconf 87' lang='lat' dir='ltr'>non</span> <span class='ocrx_word' id='word_1_41' title='bbox 1285 809 1615 864; x_wconf 78' lang='lat' dir='ltr'>commisceri</span> <span class='ocrx_word' id='word_1_42' title='bbox 1670 809 1990 874; x_wconf 80' lang='lat' dir='ltr'>fornicariis</span> <span class='ocrx_word' id='word_1_43' title='bbox 2021 808 2065 876; x_wconf 88' lang='lat'>(1</span> 
     </span>
    </p>
   </div>
   <div class='ocr_carea' id='block_1_7' title="bbox 355 896 2060 974">
    <p class='ocr_par' dir='ltr' id='par_1_7' title="bbox 355 896 2060 974">
     <span class='ocr_line' id='line_1_7' title="bbox 355 896 2060 974; baseline -0.006 -12"><span class='ocrx_word' id='word_1_44' title='bbox 355 908 474 964; x_wconf 89' lang='lat' dir='ltr'>Cor.</span> <span class='ocrx_word' id='word_1_45' title='bbox 507 903 612 974; x_wconf 86' lang='grc' dir='ltr'>ιιι),</span> <span class='ocrx_word' id='word_1_46' title='bbox 662 919 777 956; x_wconf 92' lang='lat' dir='ltr'>non</span> <span class='ocrx_word' id='word_1_47' title='bbox 837 901 1038 970; x_wconf 82' lang='lat' dir='ltr'>utique</span> <span class='ocrx_word' id='word_1_48' title='bbox 1079 898 1400 953; x_wconf 88' lang='lat' dir='ltr'>fornicariis</span> <span class='ocrx_word' id='word_1_49' title='bbox 1447 897 1619 968; x_wconf 85' lang='lat' dir='ltr'>hujus</span> <span class='ocrx_word' id='word_1_50' title='bbox 1675 896 1898 962; x_wconf 89' lang='lat' dir='ltr'>mundi,</span> <span class='ocrx_word' id='word_1_51' title='bbox 1955 901 2060 951; x_wconf 86' lang='lat' dir='ltr'>etc.</span> 
     </span>
    </p>
   </div>
   <div class='ocr_carea' id='block_1_8' title="bbox 428 985 2064 1056">
    <p class='ocr_par' dir='ltr' id='par_1_8' title="bbox 428 985 2064 1056">
     <span class='ocr_line' id='line_1_8' title="bbox 428 985 2064 1056; baseline -0.006 -8"><span class='ocrx_word' id='word_1_52' title='bbox 428 995 590 1048; x_wconf 72' lang='lat' dir='ltr'>Vens.</span> <span class='ocrx_word' id='word_1_53' title='bbox 625 995 711 1046; x_wconf 80' lang='lat'>35.</span> <span class='ocrx_word' id='word_1_54' title='bbox 746 1018 808 1030; x_wconf 86' lang='lat'>-—</span> <span class='ocrx_word' id='word_1_55' title='bbox 855 990 978 1044; x_wconf 84' lang='lat' dir='ltr'>Sive</span> <span class='ocrx_word' id='word_1_56' title='bbox 1029 989 1252 1042; x_wconf 75' lang='lat' dir='ltr'>clibani.</span> <span class='ocrx_word' id='word_1_57' title='bbox 1314 988 1422 1041; x_wconf 86' lang='lat' dir='ltr'>Per</span> <span class='ocrx_word' id='word_1_58' title='bbox 1482 987 1587 1040; x_wconf 87' lang='lat' dir='ltr'>hoc</span> <span class='ocrx_word' id='word_1_59' title='bbox 1632 985 1891 1056; x_wconf 82' lang='lat' dir='ltr'>magistri</span> <span class='ocrx_word' id='word_1_60' title='bbox 1919 985 2064 1041; x_wconf 73' lang='lat' dir='ltr'>desi-</span> 
     </span>
    </p>
   </div>
   <div class='ocr_carea' id='block_1_9' title="bbox 356 1075 2066 1156">
    <p class='ocr_par' dir='ltr' id='par_1_9' title="bbox 356 1075 2066 1156">
     <span class='ocr_line' id='line_1_9' title="bbox 356 1075 2066 1156; baseline -0.006 -17"><span class='ocrx_word' id='word_1_61' title='bbox 356 1081 714 1156; x_wconf 88' lang='lat' dir='ltr'>gnantur,in</span> <span class='ocrx_word' id='word_1_62' title='bbox 746 1079 956 1150; x_wconf 88' lang='lat' dir='ltr'>quibus</span> <span class='ocrx_word' id='word_1_63' title='bbox 1003 1077 1114 1131; x_wconf 90' lang='lat' dir='ltr'>cibi</span> <span class='ocrx_word' id='word_1_64' title='bbox 1171 1092 1346 1130; x_wconf 61' lang='lat' dir='ltr'>sacrae</span> <span class='ocrx_word' id='word_1_65' title='bbox 1405 1075 1683 1130; x_wconf 68' lang='lat' dir='ltr'>doctrinae</span> <span class='ocrx_word' id='word_1_66' title='bbox 1737 1080 2066 1146; x_wconf 91' lang='lat' dir='ltr'>coquuntur</span> 
     </span>
    </p>
   </div>
   <div class='ocr_carea' id='block_1_10' title="bbox 356 1163 2060 1245">
    <p class='ocr_par' dir='ltr' id='par_1_10' title="bbox 356 1163 2060 1245">
     <span class='ocr_line' id='line_1_10' title="bbox 356 1163 2060 1245; baseline -0.006 -18"><span class='ocrx_word' id='word_1_67' title='bbox 356 1171 688 1245; x_wconf 82' lang='lat' dir='ltr'>operatione</span> <span class='ocrx_word' id='word_1_68' title='bbox 767 1173 824 1222; x_wconf 93' lang='lat' dir='ltr'>et</span> <span class='ocrx_word' id='word_1_69' title='bbox 876 1167 1009 1237; x_wconf 87' lang='lat' dir='ltr'>igne</span> <span class='ocrx_word' id='word_1_70' title='bbox 1052 1165 1296 1236; x_wconf 86' lang='lat' dir='ltr'>Spiritus</span> <span class='ocrx_word' id='word_1_71' title='bbox 1372 1164 1570 1218; x_wconf 82' lang='lat' dir='ltr'>sancti.</span> <span class='ocrx_word' id='word_1_72' title='bbox 1631 1165 1744 1218; x_wconf 91' lang='lat' dir='ltr'>Nec</span> <span class='ocrx_word' id='word_1_73' title='bbox 1774 1163 1986 1218; x_wconf 88' lang='lat' dir='ltr'>mirum</span> <span class='ocrx_word' id='word_1_74' title='bbox 2047 1179 2060 1217; x_wconf 93' lang='lat'><strong>:</strong></span> 
     </span>
    </p>
   </div>
   <div class='ocr_carea' id='block_1_11' title="bbox 354 1253 2065 1326">
    <p class='ocr_par' dir='ltr' id='par_1_11' title="bbox 354 1253 2065 1326">
     <span class='ocr_line' id='line_1_11' title="bbox 354 1253 2065 1326; baseline -0.006 -10"><span class='ocrx_word' id='word_1_75' title='bbox 354 1261 514 1318; x_wconf 82' lang='lat' dir='ltr'>Moab</span> <span class='ocrx_word' id='word_1_76' title='bbox 545 1258 700 1313; x_wconf 89' lang='lat' dir='ltr'>anim</span> <span class='ocrx_word' id='word_1_77' title='bbox 729 1257 884 1312; x_wconf 89' lang='lat' dir='ltr'>lebes</span> <span class='ocrx_word' id='word_1_78' title='bbox 967 1256 1307 1326; x_wconf 85' lang='lat' dir='ltr'>appellatur,</span> <span class='ocrx_word' id='word_1_79' title='bbox 1393 1254 1551 1308; x_wconf 84' lang='lat' dir='ltr'>Moab</span> <span class='ocrx_word' id='word_1_80' title='bbox 1603 1254 1712 1307; x_wconf 82' lang='lat' dir='ltr'>olla</span> <span class='ocrx_word' id='word_1_81' title='bbox 1773 1253 1891 1322; x_wconf 88' lang='lat' dir='ltr'>spei</span> <span class='ocrx_word' id='word_1_82' title='bbox 1937 1267 2065 1306; x_wconf 67' lang='lat' dir='ltr'>mea:</span> 
     </span>
    </p>
   </div>
   <div class='ocr_carea' id='block_1_12' title="bbox 358 1349 654 1421">
    <p class='ocr_par' dir='ltr' id='par_1_12' title="bbox 358 1349 654 1421">
     <span class='ocr_line' id='line_1_12' title="bbox 358 1349 654 1421; baseline -0.02 -15"><span class='ocrx_word' id='word_1_83' title='bbox 358 1350 531 1421; x_wconf 86' lang='lat' dir='ltr'>(Rom.</span> <span class='ocrx_word' id='word_1_84' title='bbox 569 1349 654 1417; x_wconf 85' lang='grc' dir='ltr'>ιι).</span> 
     </span>
    </p>
   </div>
   <div class='ocr_carea' id='block_1_13' title="bbox 427 1428 2060 1506">
    <p class='ocr_par' dir='ltr' id='par_1_13' title="bbox 427 1428 2060 1506">
     <span class='ocr_line' id='line_1_13' title="bbox 427 1428 2060 1506; baseline -0.007 -14"><span class='ocrx_word' id='word_1_85' title='bbox 427 1435 812 1506; x_wconf 83' lang='lat' dir='ltr'>Chytropodes,</span> <span class='ocrx_word' id='word_1_86' title='bbox 903 1438 1010 1488; x_wconf 88' lang='lat' dir='ltr'>etc.</span> <span class='ocrx_word' id='word_1_87' title='bbox 1071 1431 1216 1496; x_wconf 87' lang='lat' dir='ltr'>Quia</span> <span class='ocrx_word' id='word_1_88' title='bbox 1259 1429 1358 1502; x_wconf 89' lang='lat' dir='ltr'>qui</span> <span class='ocrx_word' id='word_1_89' title='bbox 1433 1429 1638 1484; x_wconf 86' lang='lat' dir='ltr'>docent</span> <span class='ocrx_word' id='word_1_90' title='bbox 1693 1444 1808 1482; x_wconf 91' lang='lat' dir='ltr'>non</span> <span class='ocrx_word' id='word_1_91' title='bbox 1861 1428 2060 1496; x_wconf 87' lang='lat' dir='ltr'>furari,</span> 
     </span>
    </p>
   </div>
   <div class='ocr_carea' id='block_1_14' title="bbox 357 1518 2064 1594">
    <p class='ocr_par' dir='ltr' id='par_1_14' title="bbox 357 1518 2064 1594">
     <span class='ocr_line' id='line_1_14' title="bbox 357 1518 2064 1594; baseline -0.006 -10"><span class='ocrx_word' id='word_1_92' title='bbox 357 1528 670 1592; x_wconf 87' lang='lat' dir='ltr'>furantur;</span> <span class='ocrx_word' id='word_1_93' title='bbox 729 1529 785 1578; x_wconf 92' lang='lat' dir='ltr'>et</span> <span class='ocrx_word' id='word_1_94' title='bbox 837 1524 936 1594; x_wconf 87' lang='lat' dir='ltr'>qui</span> <span class='ocrx_word' id='word_1_95' title='bbox 972 1521 1288 1594; x_wconf 61' lang='lat' dir='ltr'>pradicant</span> <span class='ocrx_word' id='word_1_96' title='bbox 1351 1537 1466 1574; x_wconf 89' lang='lat' dir='ltr'>non</span> <span class='ocrx_word' id='word_1_97' title='bbox 1548 1518 1839 1586; x_wconf 78' lang='lat' dir='ltr'>mcechari,</span> <span class='ocrx_word' id='word_1_98' title='bbox 1916 1535 2064 1574; x_wconf 85' lang='lat' dir='ltr'>moe-</span> 
     </span>
    </p>
   </div>
   <div class='ocr_carea' id='block_1_15' title="bbox 359 1607 2064 1671">
    <p class='ocr_par' dir='ltr' id='par_1_15' title="bbox 359 1607 2064 1671">
     <span class='ocr_line' id='line_1_15' title="bbox 359 1607 2064 1671; baseline -0.006 0"><span class='ocrx_word' id='word_1_99' title='bbox 359 1616 636 1671; x_wconf 78' lang='lat' dir='ltr'>cliantur:</span> <span class='ocrx_word' id='word_1_100' title='bbox 692 1612 951 1667; x_wconf 83' lang='lat' dir='ltr'>doctrina</span> <span class='ocrx_word' id='word_1_101' title='bbox 1003 1616 1196 1664; x_wconf 89' lang='lat' dir='ltr'>tamen</span> <span class='ocrx_word' id='word_1_102' title='bbox 1245 1608 1457 1663; x_wconf 89' lang='lat' dir='ltr'>munda</span> <span class='ocrx_word' id='word_1_103' title='bbox 1511 1612 1612 1662; x_wconf 89' lang='lat' dir='ltr'>est.</span> <span class='ocrx_word' id='word_1_104' title='bbox 1676 1607 1834 1663; x_wconf 85' lang='lat' dir='ltr'>Unde</span> <span class='ocrx_word' id='word_1_105' title='bbox 1877 1607 2064 1662; x_wconf 86' lang='lat' dir='ltr'>fontes</span> 
     </span>
    </p>
   </div>
   <div class='ocr_carea' id='block_1_16' title="bbox 360 1711 670 1760">
    <p class='ocr_par' dir='ltr' id='par_1_16' title="bbox 360 1711 670 1760">
     <span class='ocr_line' id='line_1_16' title="bbox 360 1711 670 1760; baseline -0.013 0"><span class='ocrx_word' id='word_1_106' title='bbox 360 1711 413 1760; x_wconf 88' lang='lat' dir='ltr'>et</span> <span class='ocrx_word' id='word_1_107' title='bbox 445 1711 670 1759; x_wconf 66' lang='lat' dir='ltr'>cratera.</span> 
     </span>
    </p>
   </div>
   <div class='ocr_carea' id='block_1_17' title="bbox 431 1783 2063 1855">
    <p class='ocr_par' dir='ltr' id='par_1_17' title="bbox 431 1783 2063 1855">
     <span class='ocr_line' id='line_1_17' title="bbox 431 1783 2063 1855; baseline -0.004 -10"><span class='ocrx_word' id='word_1_108' title='bbox 431 1794 598 1847; x_wconf 76' lang='lat' dir='ltr'>Vens.</span> <span class='ocrx_word' id='word_1_109' title='bbox 633 1793 719 1844; x_wconf 86' lang='lat'>37.</span> <span class='ocrx_word' id='word_1_110' title='bbox 777 1819 845 1828; x_wconf 91' lang='lat'>—-</span> <span class='ocrx_word' id='word_1_111' title='bbox 893 1789 960 1842; x_wconf 89' lang='lat' dir='ltr'>Si</span> <span class='ocrx_word' id='word_1_112' title='bbox 1008 1787 1277 1842; x_wconf 79' lang='lat' dir='ltr'>ceciderit.</span> <span class='ocrx_word' id='word_1_113' title='bbox 1334 1785 1544 1855; x_wconf 82' lang='lat' dir='ltr'>(stca.)</span> <span class='ocrx_word' id='word_1_114' title='bbox 1590 1784 1740 1839; x_wconf 84' lang='lat' dir='ltr'>Nihil</span> <span class='ocrx_word' id='word_1_115' title='bbox 1788 1783 2063 1839; x_wconf 84' lang='lat' dir='ltr'>indiscus-</span> 
     </span>
    </p>
   </div>
   <div class='ocr_carea' id='block_1_18' title="bbox 362 1873 2067 1950">
    <p class='ocr_par' dir='ltr' id='par_1_18' title="bbox 362 1873 2067 1950">
     <span class='ocr_line' id='line_1_18' title="bbox 362 1873 2067 1950; baseline -0.005 -14"><span class='ocrx_word' id='word_1_116' title='bbox 362 1898 489 1936; x_wconf 90' lang='lat' dir='ltr'>sum</span> <span class='ocrx_word' id='word_1_117' title='bbox 509 1878 797 1950; x_wconf 86' lang='lat' dir='ltr'>relinquit,</span> <span class='ocrx_word' id='word_1_118' title='bbox 860 1882 992 1941; x_wconf 90' lang='lat' dir='ltr'>etc.,</span> <span class='ocrx_word' id='word_1_119' title='bbox 1038 1892 1208 1945; x_wconf 89' lang='lat' dir='ltr'>usque</span> <span class='ocrx_word' id='word_1_120' title='bbox 1267 1875 1341 1929; x_wconf 88' lang='lat' dir='ltr'>ad</span> <span class='ocrx_word' id='word_1_121' title='bbox 1369 1875 1416 1929; x_wconf 89' lang='lat' dir='ltr'>si</span> <span class='ocrx_word' id='word_1_122' title='bbox 1477 1873 1773 1946; x_wconf 88' lang='lat' dir='ltr'>quodlibet</span> <span class='ocrx_word' id='word_1_123' title='bbox 1819 1873 2067 1929; x_wconf 85' lang='lat' dir='ltr'>mortici-</span> 
     </span>
    </p>
   </div>
   <div class='ocr_carea' id='block_1_19' title="bbox 363 1963 1681 2040">
    <p class='ocr_par' dir='ltr' id='par_1_19' title="bbox 363 1963 1681 2040">
     <span class='ocr_line' id='line_1_19' title="bbox 363 1963 1681 2040; baseline -0.007 -15"><span class='ocrx_word' id='word_1_124' title='bbox 363 1987 503 2026; x_wconf 90' lang='lat' dir='ltr'>num</span> <span class='ocrx_word' id='word_1_125' title='bbox 535 1984 705 2040; x_wconf 88' lang='lat' dir='ltr'>super</span> <span class='ocrx_word' id='word_1_126' title='bbox 731 1983 827 2021; x_wconf 90' lang='lat' dir='ltr'>eos</span> <span class='ocrx_word' id='word_1_127' title='bbox 856 1965 1143 2032; x_wconf 87' lang='lat' dir='ltr'>ceciderit,</span> <span class='ocrx_word' id='word_1_128' title='bbox 1177 1965 1324 2018; x_wconf 89' lang='lat' dir='ltr'>ﬁunt</span> <span class='ocrx_word' id='word_1_129' title='bbox 1376 1963 1681 2017; x_wconf 89' lang='lat' dir='ltr'>immundi.</span> 
     </span>
    </p>
   </div>
   <div class='ocr_carea' id='block_1_20' title="bbox 433 2050 2060 2122">
    <p class='ocr_par' dir='ltr' id='par_1_20' title="bbox 433 2050 2060 2122">
     <span class='ocr_line' id='line_1_20' title="bbox 433 2050 2060 2122; baseline -0.004 -10"><span class='ocrx_word' id='word_1_130' title='bbox 433 2059 594 2112; x_wconf 69' lang='lat' dir='ltr'>Vens.</span> <span class='ocrx_word' id='word_1_131' title='bbox 638 2059 723 2111; x_wconf 86' lang='lat'>36.</span> <span class='ocrx_word' id='word_1_132' title='bbox 753 2087 818 2094; x_wconf 99' lang='lat'>—</span> <span class='ocrx_word' id='word_1_133' title='bbox 853 2055 962 2120; x_wconf 87' lang='lat' dir='ltr'>Qui</span> <span class='ocrx_word' id='word_1_134' title='bbox 989 2054 1222 2108; x_wconf 80' lang='lat' dir='ltr'>cadaver</span> <span class='ocrx_word' id='word_1_135' title='bbox 1251 2055 1362 2122; x_wconf 85' lang='lat' dir='ltr'>ejus</span> <span class='ocrx_word' id='word_1_136' title='bbox 1430 2054 1686 2120; x_wconf 79' lang='lat' dir='ltr'>tetigerit,</span> <span class='ocrx_word' id='word_1_137' title='bbox 1735 2050 2060 2107; x_wconf 85' lang='lat' dir='ltr'>immundus.</span> 
     </span>
    </p>
   </div>
   <div class='ocr_carea' id='block_1_21' title="bbox 363 2140 2067 2219">
    <p class='ocr_par' dir='ltr' id='par_1_21' title="bbox 363 2140 2067 2219">
     <span class='ocr_line' id='line_1_21' title="bbox 363 2140 2067 2219; baseline -0.005 -17"><span class='ocrx_word' id='word_1_138' title='bbox 363 2148 571 2219; x_wconf 81' lang='lat' dir='ltr'>(ISICH.)</span> <span class='ocrx_word' id='word_1_139' title='bbox 605 2145 944 2216; x_wconf 88' lang='lat' dir='ltr'>Iniquorum</span> <span class='ocrx_word' id='word_1_140' title='bbox 975 2143 1147 2196; x_wconf 90' lang='lat' dir='ltr'>vitam</span> <span class='ocrx_word' id='word_1_141' title='bbox 1181 2142 1452 2196; x_wconf 84' lang='lat' dir='ltr'>debemus</span> <span class='ocrx_word' id='word_1_142' title='bbox 1509 2140 1853 2204; x_wconf 86' lang='lat' dir='ltr'>abominari,</span> <span class='ocrx_word' id='word_1_143' title='bbox 1889 2140 2067 2212; x_wconf 87' lang='lat' dir='ltr'>justo-</span> 
     </span>
    </p>
   </div>
   <div class='ocr_carea' id='block_1_22' title="bbox 363 2229 2067 2301">
    <p class='ocr_par' dir='ltr' id='par_1_22' title="bbox 363 2229 2067 2301">
     <span class='ocr_line' id='line_1_22' title="bbox 363 2229 2067 2301; baseline -0.004 -11"><span class='ocrx_word' id='word_1_144' title='bbox 363 2253 492 2290; x_wconf 89' lang='lat' dir='ltr'>rum</span> <span class='ocrx_word' id='word_1_145' title='bbox 524 2233 754 2288; x_wconf 89' lang='lat' dir='ltr'>imitari.</span> <span class='ocrx_word' id='word_1_146' title='bbox 787 2232 895 2298; x_wconf 89' lang='lat' dir='ltr'>Qui</span> <span class='ocrx_word' id='word_1_147' title='bbox 926 2231 1079 2286; x_wconf 85' lang='lat' dir='ltr'>enim</span> <span class='ocrx_word' id='word_1_148' title='bbox 1108 2231 1286 2285; x_wconf 88' lang='lat' dir='ltr'>vitam</span> <span class='ocrx_word' id='word_1_149' title='bbox 1325 2231 1612 2285; x_wconf 87' lang='lat' dir='ltr'>malorum</span> <span class='ocrx_word' id='word_1_150' title='bbox 1644 2229 1917 2301; x_wconf 81' lang='lat' dir='ltr'>tetigerit,</span> <span class='ocrx_word' id='word_1_151' title='bbox 1963 2229 2067 2283; x_wconf 85' lang='lat' dir='ltr'>im-</span> 
     </span>
    </p>
   </div>
   <div class='ocr_carea' id='block_1_23' title="bbox 361 2319 1361 2392">
    <p class='ocr_par' dir='ltr' id='par_1_23' title="bbox 361 2319 1361 2392">
     <span class='ocr_line' id='line_1_23' title="bbox 361 2319 1361 2392; baseline -0.006 -13"><span class='ocrx_word' id='word_1_152' title='bbox 361 2325 610 2380; x_wconf 89' lang='lat' dir='ltr'>mundus</span> <span class='ocrx_word' id='word_1_153' title='bbox 639 2322 766 2388; x_wconf 90' lang='lat' dir='ltr'>erit,</span> <span class='ocrx_word' id='word_1_154' title='bbox 788 2323 966 2376; x_wconf 90' lang='lat' dir='ltr'>donec</span> <span class='ocrx_word' id='word_1_155' title='bbox 1010 2319 1361 2392; x_wconf 66' lang='lat' dir='ltr'>paenituerit.</span> 
     </span>
    </p>
   </div>
   <div class='ocr_carea' id='block_1_24' title="bbox 432 2407 2067 2479">
    <p class='ocr_par' dir='ltr' id='par_1_24' title="bbox 432 2407 2067 2479">
     <span class='ocr_line' id='line_1_24' title="bbox 432 2407 2067 2479; baseline -0.003 -13"><span class='ocrx_word' id='word_1_156' title='bbox 432 2414 591 2467; x_wconf 74' lang='lat' dir='ltr'>Vens.</span> <span class='ocrx_word' id='word_1_157' title='bbox 619 2413 708 2466; x_wconf 82' lang='grc'>40.</span> <span class='ocrx_word' id='word_1_158' title='bbox 747 2440 820 2452; x_wconf 89' lang='grc'><strong>-</strong></span> <span class='ocrx_word' id='word_1_159' title='bbox 849 2412 958 2476; x_wconf 86' lang='lat' dir='ltr'>Qui</span> <span class='ocrx_word' id='word_1_160' title='bbox 1004 2409 1315 2465; x_wconf 80' lang='lat' dir='ltr'>comederit.</span> <span class='ocrx_word' id='word_1_161' title='bbox 1368 2409 1425 2463; x_wconf 89' lang='lat' dir='ltr'>Id</span> <span class='ocrx_word' id='word_1_162' title='bbox 1471 2412 1576 2474; x_wconf 91' lang='lat' dir='ltr'>est,</span> <span class='ocrx_word' id='word_1_163' title='bbox 1623 2407 1788 2479; x_wconf 88' lang='lat' dir='ltr'>quasi</span> <span class='ocrx_word' id='word_1_164' title='bbox 1835 2407 2067 2462; x_wconf 91' lang='lat' dir='ltr'>advoca-</span> 
     </span>
    </p>
   </div>
   <div class='ocr_carea' id='block_1_25' title="bbox 361 2496 2067 2566">
    <p class='ocr_par' dir='ltr' id='par_1_25' title="bbox 361 2496 2067 2566">
     <span class='ocr_line' id='line_1_25' title="bbox 361 2496 2067 2566; baseline -0.004 -9"><span class='ocrx_word' id='word_1_165' title='bbox 361 2507 450 2558; x_wconf 88' lang='lat' dir='ltr'>tus</span> <span class='ocrx_word' id='word_1_166' title='bbox 482 2499 819 2566; x_wconf 89' lang='lat' dir='ltr'>defenderit,</span> <span class='ocrx_word' id='word_1_167' title='bbox 861 2503 918 2554; x_wconf 90' lang='lat' dir='ltr'>et</span> <span class='ocrx_word' id='word_1_168' title='bbox 950 2498 1008 2552; x_wconf 90' lang='lat' dir='ltr'>in</span> <span class='ocrx_word' id='word_1_169' title='bbox 1040 2515 1098 2552; x_wconf 92' lang='lat' dir='ltr'>se</span> <span class='ocrx_word' id='word_1_170' title='bbox 1129 2497 1456 2552; x_wconf 86' lang='lat' dir='ltr'>auxiliando</span> <span class='ocrx_word' id='word_1_171' title='bbox 1506 2496 1879 2563; x_wconf 85' lang='lat' dir='ltr'>transtulerit,</span> <span class='ocrx_word' id='word_1_172' title='bbox 1919 2496 2067 2550; x_wconf 88' lang='lat' dir='ltr'>lavet</span> 
     </span>
    </p>
   </div>
   <div class='ocr_carea' id='block_1_26' title="bbox 359 2585 2064 2657">
    <p class='ocr_par' dir='ltr' id='par_1_26' title="bbox 359 2585 2064 2657">
     <span class='ocr_line' id='line_1_26' title="bbox 359 2585 2064 2657; baseline -0.002 -13"><span class='ocrx_word' id='word_1_173' title='bbox 359 2589 694 2644; x_wconf 90' lang='lat' dir='ltr'>vestimenta</span> <span class='ocrx_word' id='word_1_174' title='bbox 739 2603 860 2656; x_wconf 92' lang='lat' dir='ltr'>sua,</span> <span class='ocrx_word' id='word_1_175' title='bbox 894 2587 951 2642; x_wconf 93' lang='lat' dir='ltr'>id</span> <span class='ocrx_word' id='word_1_176' title='bbox 1001 2592 1087 2642; x_wconf 90' lang='lat' dir='ltr'>est</span> <span class='ocrx_word' id='word_1_177' title='bbox 1154 2585 1407 2640; x_wconf 84' lang='lat' dir='ltr'>actiones</span> <span class='ocrx_word' id='word_1_178' title='bbox 1463 2601 1687 2657; x_wconf 90' lang='lat' dir='ltr'>pravas,</span> <span class='ocrx_word' id='word_1_179' title='bbox 1727 2585 1908 2640; x_wconf 90' lang='lat' dir='ltr'>donec</span> <span class='ocrx_word' id='word_1_180' title='bbox 1946 2600 2064 2656; x_wconf 70' lang='lat' dir='ltr'>pm-</span> 
     </span>
    </p>
   </div>
   <div class='ocr_carea' id='block_1_27' title="bbox 361 2678 613 2734">
    <p class='ocr_par' dir='ltr' id='par_1_27' title="bbox 361 2678 613 2734">
     <span class='ocr_line' id='line_1_27' title="bbox 361 2678 613 2734; baseline -0.008 0"><span class='ocrx_word' id='word_1_181' title='bbox 361 2678 613 2734; x_wconf 82' lang='lat' dir='ltr'>nituerit.</span> 
     </span>
    </p>
   </div>
   <div class='ocr_carea' id='block_1_28' title="bbox 439 2761 2068 2832">
    <p class='ocr_par' dir='ltr' id='par_1_28' title="bbox 439 2761 2068 2832">
     <span class='ocr_line' id='line_1_28' title="bbox 439 2761 2068 2832; baseline -0.003 -12"><span class='ocrx_word' id='word_1_182' title='bbox 439 2767 597 2820; x_wconf 71' lang='lat' dir='ltr'>Vens.</span> <span class='ocrx_word' id='word_1_183' title='bbox 635 2766 724 2820; x_wconf 81' lang='grc'><strong>41.</strong></span> <span class='ocrx_word' id='word_1_184' title='bbox 757 2795 826 2805; x_wconf 91' lang='grc'><strong>-</strong></span> <span class='ocrx_word' id='word_1_185' title='bbox 857 2764 1020 2820; x_wconf 87' lang='lat' dir='ltr'>Omne</span> <span class='ocrx_word' id='word_1_186' title='bbox 1039 2762 1184 2832; x_wconf 88' lang='lat' dir='ltr'>quod</span> <span class='ocrx_word' id='word_1_187' title='bbox 1221 2766 1400 2832; x_wconf 89' lang='lat' dir='ltr'>reptat</span> <span class='ocrx_word' id='word_1_188' title='bbox 1456 2777 1619 2832; x_wconf 87' lang='lat' dir='ltr'>super</span> <span class='ocrx_word' id='word_1_189' title='bbox 1673 2767 1892 2816; x_wconf 89' lang='lat' dir='ltr'>terram.</span> <span class='ocrx_word' id='word_1_190' title='bbox 1955 2761 2068 2816; x_wconf 84' lang='lat' dir='ltr'>Hoc</span> 
     </span>
    </p>
   </div>
   <div class='ocr_carea' id='block_1_29' title="bbox 361 2850 2066 2925">
    <p class='ocr_par' dir='ltr' id='par_1_29' title="bbox 361 2850 2066 2925">
     <span class='ocr_line' id='line_1_29' title="bbox 361 2850 2066 2925; baseline -0.003 -16"><span class='ocrx_word' id='word_1_191' title='bbox 361 2855 626 2925; x_wconf 87' lang='lat' dir='ltr'>superius</span> <span class='ocrx_word' id='word_1_192' title='bbox 663 2853 957 2924; x_wconf 88' lang='lat' dir='ltr'>legislator</span> <span class='ocrx_word' id='word_1_193' title='bbox 985 2852 1264 2923; x_wconf 85' lang='lat' dir='ltr'>exposuit,</span> <span class='ocrx_word' id='word_1_194' title='bbox 1290 2851 1387 2906; x_wconf 92' lang='lat' dir='ltr'>sed</span> <span class='ocrx_word' id='word_1_195' title='bbox 1419 2852 1488 2906; x_wconf 88' lang='lat' dir='ltr'>ad</span> <span class='ocrx_word' id='word_1_196' title='bbox 1544 2850 2066 2922; x_wconf 86' lang='lat' dir='ltr'>frequentationem</span> 
     </span>
    </p>
   </div>
   <div class='ocr_carea' id='block_1_30' title="bbox 361 2939 1858 3013">
    <p class='ocr_par' dir='ltr' id='par_1_30' title="bbox 361 2939 1858 3013">
     <span class='ocr_line' id='line_1_30' title="bbox 361 2939 1858 3013; baseline -0.002 -15"><span class='ocrx_word' id='word_1_197' title='bbox 361 2943 710 2998; x_wconf 69' lang='lat' dir='ltr'>meditandae</span> <span class='ocrx_word' id='word_1_198' title='bbox 741 2943 886 3013; x_wconf 91' lang='lat' dir='ltr'>legis</span> <span class='ocrx_word' id='word_1_199' title='bbox 918 2941 1206 2996; x_wconf 90' lang='lat' dir='ltr'>monendo</span> <span class='ocrx_word' id='word_1_200' title='bbox 1245 2940 1589 3010; x_wconf 84' lang='lat' dir='ltr'>auditorem,</span> <span class='ocrx_word' id='word_1_201' title='bbox 1633 2939 1858 3011; x_wconf 85' lang='lat' dir='ltr'>repetit.</span> 
     </span>
    </p>
   </div>
   <div class='ocr_carea' id='block_1_31' title="bbox 3755 334 3858 387">
    <p class='ocr_par' dir='ltr' id='par_1_31' title="bbox 3755 334 3858 387">
     <span class='ocr_line' id='line_1_31' title="bbox 3755 334 3858 387; baseline -0.029 0"><span class='ocrx_word' id='word_1_202' title='bbox 3755 334 3858 387; x_wconf 79' lang='lat'>33‘2</span> 
     </span>
    </p>
   </div>
   <div class='ocr_carea' id='block_1_32' title="bbox 2235 452 3878 523">
    <p class='ocr_par' dir='ltr' id='par_1_32' title="bbox 2235 452 3878 523">
     <span class='ocr_line' id='line_1_32' title="bbox 2235 452 3878 523; baseline -0.001 -14"><span class='ocrx_word' id='word_1_203' title='bbox 2235 454 2424 523; x_wconf 80' lang='lat' dir='ltr'>(Auc.,</span> <span class='ocrx_word' id='word_1_204' title='bbox 2446 457 2635 523; x_wconf 60' lang='lat' dir='ltr'>quiest.</span> <span class='ocrx_word' id='word_1_205' title='bbox 2669 455 2740 508; x_wconf 70' lang='lat'>40</span> <span class='ocrx_word' id='word_1_206' title='bbox 2771 457 2829 507; x_wconf 89' lang='lat' dir='ltr'>in</span> <span class='ocrx_word' id='word_1_207' title='bbox 2886 454 3083 522; x_wconf 85' lang='lat' dir='ltr'>Levit.)</span> <span class='ocrx_word' id='word_1_208' title='bbox 3119 453 3257 516; x_wconf 67' lang='lat' dir='ltr'>Quae</span> <span class='ocrx_word' id='word_1_209' title='bbox 3306 452 3633 507; x_wconf 89' lang='lat' dir='ltr'>differentia</span> <span class='ocrx_word' id='word_1_210' title='bbox 3663 458 3749 508; x_wconf 89' lang='lat' dir='ltr'>est</span> <span class='ocrx_word' id='word_1_211' title='bbox 3787 454 3878 508; x_wconf 87' lang='lat' dir='ltr'>in-</span> 
     </span>
    </p>
   </div>
   <div class='ocr_carea' id='block_1_33' title="bbox 2174 540 3876 612">
    <p class='ocr_par' dir='ltr' id='par_1_33' title="bbox 2174 540 3876 612">
     <span class='ocr_line' id='line_1_33' title="bbox 2174 540 3876 612; baseline 0 -16"><span class='ocrx_word' id='word_1_212' title='bbox 2174 547 2260 596; x_wconf 89' lang='lat' dir='ltr'>ter</span> <span class='ocrx_word' id='word_1_213' title='bbox 2279 547 2496 612; x_wconf 90' lang='lat' dir='ltr'>septem</span> <span class='ocrx_word' id='word_1_214' title='bbox 2529 542 2666 609; x_wconf 89' lang='lat' dir='ltr'>dies,</span> <span class='ocrx_word' id='word_1_215' title='bbox 2700 546 2829 608; x_wconf 93' lang='lat' dir='ltr'>etc.,</span> <span class='ocrx_word' id='word_1_216' title='bbox 2860 557 3029 611; x_wconf 87' lang='lat' dir='ltr'>usque</span> <span class='ocrx_word' id='word_1_217' title='bbox 3055 541 3129 595; x_wconf 92' lang='lat' dir='ltr'>ad</span> <span class='ocrx_word' id='word_1_218' title='bbox 3159 541 3218 595; x_wconf 90' lang='lat' dir='ltr'>in</span> <span class='ocrx_word' id='word_1_219' title='bbox 3271 540 3502 596; x_wconf 69' lang='lat' dir='ltr'>feminas</span> <span class='ocrx_word' id='word_1_220' title='bbox 3568 543 3876 612; x_wconf 88' lang='lat' dir='ltr'>octoginta.</span> 
     </span>
    </p>
   </div>
   <div class='ocr_carea' id='block_1_34' title="bbox 2244 630 3881 699">
    <p class='ocr_par' dir='ltr' id='par_1_34' title="bbox 2244 630 3881 699">
     <span class='ocr_line' id='line_1_34' title="bbox 2244 630 3881 699; baseline -0.001 -12"><span class='ocrx_word' id='word_1_221' title='bbox 2244 632 2666 687; x_wconf 87' lang='lat' dir='ltr'>Omnesanctum</span> <span class='ocrx_word' id='word_1_222' title='bbox 2703 647 2808 686; x_wconf 89' lang='lat' dir='ltr'>non</span> <span class='ocrx_word' id='word_1_223' title='bbox 2854 635 3061 699; x_wconf 83' lang='lat' dir='ltr'>tanget.</span> <span class='ocrx_word' id='word_1_224' title='bbox 3101 630 3246 695; x_wconf 89' lang='lat' dir='ltr'>Quid</span> <span class='ocrx_word' id='word_1_225' title='bbox 3315 630 3705 686; x_wconf 90' lang='lat' dir='ltr'>sanctuarium</span> <span class='ocrx_word' id='word_1_226' title='bbox 3763 631 3881 685; x_wconf 89' lang='lat' dir='ltr'>vult</span> 
     </span>
    </p>
   </div>
   <div class='ocr_carea' id='block_1_35' title="bbox 2171 719 3878 792">
    <p class='ocr_par' dir='ltr' id='par_1_35' title="bbox 2171 719 3878 792">
     <span class='ocr_line' id='line_1_35' title="bbox 2171 719 3878 792; baseline -0.001 -18"><span class='ocrx_word' id='word_1_227' title='bbox 2171 719 2491 792; x_wconf 91' lang='lat' dir='ltr'>intelligere</span> <span class='ocrx_word' id='word_1_228' title='bbox 2557 736 2685 774; x_wconf 92' lang='lat' dir='ltr'>cum</span> <span class='ocrx_word' id='word_1_229' title='bbox 2770 719 3201 774; x_wconf 88' lang='lat' dir='ltr'>tabernaculum</span> <span class='ocrx_word' id='word_1_230' title='bbox 3278 719 3510 773; x_wconf 90' lang='lat' dir='ltr'>nonnisi</span> <span class='ocrx_word' id='word_1_231' title='bbox 3559 719 3878 774; x_wconf 87' lang='lat' dir='ltr'>sacerdotes</span> 
     </span>
    </p>
   </div>
   <div class='ocr_carea' id='block_1_36' title="bbox 2173 807 3876 880">
    <p class='ocr_par' dir='ltr' id='par_1_36' title="bbox 2173 807 3876 880">
     <span class='ocr_line' id='line_1_36' title="bbox 2173 807 3876 880; baseline -0.001 -18"><span class='ocrx_word' id='word_1_232' title='bbox 2173 808 2418 863; x_wconf 84' lang='lat' dir='ltr'>debeant</span> <span class='ocrx_word' id='word_1_233' title='bbox 2445 808 2692 880; x_wconf 91' lang='lat' dir='ltr'>ingredi,</span> <span class='ocrx_word' id='word_1_234' title='bbox 2733 813 2790 862; x_wconf 89' lang='lat' dir='ltr'>et</span> <span class='ocrx_word' id='word_1_235' title='bbox 2819 824 3000 880; x_wconf 87' lang='lat' dir='ltr'>usque</span> <span class='ocrx_word' id='word_1_236' title='bbox 3029 808 3099 862; x_wconf 89' lang='lat' dir='ltr'>ad</span> <span class='ocrx_word' id='word_1_237' title='bbox 3139 808 3332 862; x_wconf 86' lang='lat' dir='ltr'>velum</span> <span class='ocrx_word' id='word_1_238' title='bbox 3400 807 3674 862; x_wconf 89' lang='lat' dir='ltr'>secundi:</span> <span class='ocrx_word' id='word_1_239' title='bbox 3729 808 3876 861; x_wconf 90' lang='lat' dir='ltr'>ultra</span> 
     </span>
    </p>
   </div>
   <div class='ocr_carea' id='block_1_37' title="bbox 2171 897 3870 966">
    <p class='ocr_par' dir='ltr' id='par_1_37' title="bbox 2171 897 3870 966">
     <span class='ocr_line' id='line_1_37' title="bbox 2171 897 3870 966; baseline -0.001 -15"><span class='ocrx_word' id='word_1_240' title='bbox 2171 899 2359 952; x_wconf 84' lang='lat' dir='ltr'>velum</span> <span class='ocrx_word' id='word_1_241' title='bbox 2391 903 2602 961; x_wconf 85' lang='lat' dir='ltr'>autem,</span> <span class='ocrx_word' id='word_1_242' title='bbox 2637 897 2874 952; x_wconf 88' lang='lat' dir='ltr'>ubierat</span> <span class='ocrx_word' id='word_1_243' title='bbox 2905 913 3054 966; x_wconf 90' lang='lat' dir='ltr'>arca,</span> <span class='ocrx_word' id='word_1_244' title='bbox 3085 912 3343 951; x_wconf 89' lang='lat' dir='ltr'>summus</span> <span class='ocrx_word' id='word_1_245' title='bbox 3365 901 3584 952; x_wconf 88' lang='lat' dir='ltr'>tantum</span> <span class='ocrx_word' id='word_1_246' title='bbox 3612 897 3870 950; x_wconf 88' lang='lat' dir='ltr'>sacerdos</span> 
     </span>
    </p>
   </div>
   <div class='ocr_carea' id='block_1_38' title="bbox 2170 983 3868 1052">
    <p class='ocr_par' dir='ltr' id='par_1_38' title="bbox 2170 983 3868 1052">
     <span class='ocr_line' id='line_1_38' title="bbox 2170 983 3868 1052; baseline 0.001 -15"><span class='ocrx_word' id='word_1_247' title='bbox 2170 984 2496 1040; x_wconf 87' lang='lat' dir='ltr'>introibat?</span> <span class='ocrx_word' id='word_1_248' title='bbox 2529 986 2692 1039; x_wconf 88' lang='lat' dir='ltr'>Forte</span> <span class='ocrx_word' id='word_1_249' title='bbox 2723 990 2854 1040; x_wconf 85' lang='lat' dir='ltr'>ante</span> <span class='ocrx_word' id='word_1_250' title='bbox 2896 985 3350 1052; x_wconf 85' lang='lat' dir='ltr'>tabernaculum,</span> <span class='ocrx_word' id='word_1_251' title='bbox 3395 983 3492 1039; x_wconf 87' lang='lat' dir='ltr'>ubi</span> <span class='ocrx_word' id='word_1_252' title='bbox 3547 985 3721 1040; x_wconf 89' lang='lat' dir='ltr'>altare</span> <span class='ocrx_word' id='word_1_253' title='bbox 3774 1001 3868 1039; x_wconf 92' lang='lat' dir='ltr'>sa-</span> 
     </span>
    </p>
   </div>
   <div class='ocr_carea' id='block_1_39' title="bbox 2166 1073 3864 1145">
    <p class='ocr_par' dir='ltr' id='par_1_39' title="bbox 2166 1073 3864 1145">
     <span class='ocr_line' id='line_1_39' title="bbox 2166 1073 3864 1145; baseline 0 -18"><span class='ocrx_word' id='word_1_254' title='bbox 2166 1073 2519 1129; x_wconf 88' lang='lat' dir='ltr'>crificiorum</span> <span class='ocrx_word' id='word_1_255' title='bbox 2549 1079 2652 1137; x_wconf 89' lang='lat' dir='ltr'>est,</span> <span class='ocrx_word' id='word_1_256' title='bbox 2684 1075 2876 1145; x_wconf 90' lang='lat' dir='ltr'>potuit</span> <span class='ocrx_word' id='word_1_257' title='bbox 2914 1075 3024 1129; x_wconf 88' lang='lat' dir='ltr'>dici</span> <span class='ocrx_word' id='word_1_258' title='bbox 3081 1073 3489 1128; x_wconf 90' lang='lat' dir='ltr'>sanctuarium.</span> <span class='ocrx_word' id='word_1_259' title='bbox 3549 1074 3685 1128; x_wconf 90' lang='lat' dir='ltr'>Nam</span> <span class='ocrx_word' id='word_1_260' title='bbox 3717 1089 3864 1144; x_wconf 70' lang='lat' dir='ltr'>saepe</span> 
     </span>
    </p>
   </div>
   <div class='ocr_carea' id='block_1_40' title="bbox 2170 1159 3857 1235">
    <p class='ocr_par' dir='ltr' id='par_1_40' title="bbox 2170 1159 3857 1235">
     <span class='ocr_line' id='line_1_40' title="bbox 2170 1159 3857 1235; baseline -0.002 -19"><span class='ocrx_word' id='word_1_261' title='bbox 2170 1168 2397 1218; x_wconf 87' lang='lat' dir='ltr'>sanctus</span> <span class='ocrx_word' id='word_1_262' title='bbox 2427 1165 2581 1217; x_wconf 89' lang='lat' dir='ltr'>locus</span> <span class='ocrx_word' id='word_1_263' title='bbox 2610 1164 2927 1235; x_wconf 87' lang='lat' dir='ltr'>appellatur</span> <span class='ocrx_word' id='word_1_264' title='bbox 2955 1163 3126 1218; x_wconf 90' lang='lat' dir='ltr'>etiam</span> <span class='ocrx_word' id='word_1_265' title='bbox 3155 1163 3391 1231; x_wconf 86' lang='lat' dir='ltr'>atrium,</span> <span class='ocrx_word' id='word_1_266' title='bbox 3437 1178 3568 1216; x_wconf 88' lang='lat' dir='ltr'>cum</span> <span class='ocrx_word' id='word_1_267' title='bbox 3621 1159 3857 1215; x_wconf 87' lang='lat' dir='ltr'>dicitur:</span> 
     </span>
    </p>
   </div>
   <div class='ocr_carea' id='block_1_41' title="bbox 2171 1248 3868 1310">
    <p class='ocr_par' dir='ltr' id='par_1_41' title="bbox 2171 1248 3868 1310">
     <span class='ocr_line' id='line_1_41' title="bbox 2171 1248 3868 1310; baseline -0.003 -4"><span class='ocrx_word' id='word_1_268' title='bbox 2171 1254 2232 1307; x_wconf 93' lang='lat' dir='ltr'>In</span> <span class='ocrx_word' id='word_1_269' title='bbox 2254 1254 2363 1307; x_wconf 81' lang='lat' dir='ltr'>loco</span> <span class='ocrx_word' id='word_1_270' title='bbox 2383 1258 2572 1310; x_wconf 87' lang='lat' dir='ltr'>sancto</span> <span class='ocrx_word' id='word_1_271' title='bbox 2587 1253 2741 1306; x_wconf 85' lang='lat' dir='ltr'>edent</span> <span class='ocrx_word' id='word_1_272' title='bbox 2762 1269 2842 1307; x_wconf 91' lang='lat' dir='ltr'>ea.</span> <span class='ocrx_word' id='word_1_273' title='bbox 2870 1252 3008 1307; x_wconf 91' lang='lat' dir='ltr'>Illuc</span> <span class='ocrx_word' id='word_1_274' title='bbox 3047 1251 3584 1306; x_wconf 89' lang='lat' dir='ltr'>forsitanintrabant</span> <span class='ocrx_word' id='word_1_275' title='bbox 3604 1248 3868 1304; x_wconf 89' lang='lat' dir='ltr'>mulieres</span> 
     </span>
    </p>
   </div>
   <div class='ocr_carea' id='block_1_42' title="bbox 2170 1341 3637 1413">
    <p class='ocr_par' dir='ltr' id='par_1_42' title="bbox 2170 1341 3637 1413">
     <span class='ocr_line' id='line_1_42' title="bbox 2170 1341 3637 1413; baseline -0.001 -17"><span class='ocrx_word' id='word_1_276' title='bbox 2170 1341 2322 1396; x_wconf 90' lang='lat' dir='ltr'>dona</span> <span class='ocrx_word' id='word_1_277' title='bbox 2349 1358 2452 1397; x_wconf 92' lang='lat' dir='ltr'>sua</span> <span class='ocrx_word' id='word_1_278' title='bbox 2477 1342 2803 1412; x_wconf 83' lang='lat' dir='ltr'>offerentes,</span> <span class='ocrx_word' id='word_1_279' title='bbox 2847 1358 2978 1413; x_wconf 67' lang='lat' dir='ltr'>qua:</span> <span class='ocrx_word' id='word_1_280' title='bbox 3034 1341 3198 1396; x_wconf 90' lang='lat' dir='ltr'>altari</span> <span class='ocrx_word' id='word_1_281' title='bbox 3256 1341 3637 1412; x_wconf 89' lang='lat' dir='ltr'>imponerent.</span> 
     </span>
    </p>
   </div>
   <div class='ocr_carea' id='block_1_43' title="bbox 2243 1428 3872 1501">
    <p class='ocr_par' dir='ltr' id='par_1_43' title="bbox 2243 1428 3872 1501">
     <span class='ocr_line' id='line_1_43' title="bbox 2243 1428 3872 1501; baseline -0.002 -17"><span class='ocrx_word' id='word_1_282' title='bbox 2243 1431 2406 1486; x_wconf 75' lang='lat' dir='ltr'>Vens.</span> <span class='ocrx_word' id='word_1_283' title='bbox 2438 1434 2489 1485; x_wconf 91' lang='lat'>6.</span> <span class='ocrx_word' id='word_1_284' title='bbox 2522 1461 2593 1471; x_wconf 94' lang='lat'><strong><em>—</em></strong></span> <span class='ocrx_word' id='word_1_285' title='bbox 2641 1432 2887 1501; x_wconf 87' lang='lat' dir='ltr'>Cumque</span> <span class='ocrx_word' id='word_1_286' title='bbox 2935 1432 3137 1500; x_wconf 71' lang='lat' dir='ltr'>expleti</span> <span class='ocrx_word' id='word_1_287' title='bbox 3208 1432 3414 1498; x_wconf 80' lang='lat' dir='ltr'>fuerint</span> <span class='ocrx_word' id='word_1_288' title='bbox 3496 1428 3872 1484; x_wconf 89' lang='lat' dir='ltr'>Intentionem</span> 
     </span>
    </p>
   </div>
   <div class='ocr_carea' id='block_1_44' title="bbox 2171 1519 3874 1591">
    <p class='ocr_par' dir='ltr' id='par_1_44' title="bbox 2171 1519 3874 1591">
     <span class='ocr_line' id='line_1_44' title="bbox 2171 1519 3874 1591; baseline -0.003 -17"><span class='ocrx_word' id='word_1_289' title='bbox 2171 1519 2376 1591; x_wconf 89' lang='lat' dir='ltr'>aperit,</span> <span class='ocrx_word' id='word_1_290' title='bbox 2427 1519 2562 1591; x_wconf 92' lang='lat' dir='ltr'>quia</span> <span class='ocrx_word' id='word_1_291' title='bbox 2619 1519 2849 1586; x_wconf 88' lang='lat' dir='ltr'>scilicet,</span> <span class='ocrx_word' id='word_1_292' title='bbox 2911 1521 3289 1590; x_wconf 87' lang='lat' dir='ltr'>pollutionem</span> <span class='ocrx_word' id='word_1_293' title='bbox 3328 1519 3618 1573; x_wconf 88' lang='lat' dir='ltr'>naturales</span> <span class='ocrx_word' id='word_1_294' title='bbox 3689 1520 3874 1572; x_wconf 88' lang='lat' dir='ltr'>motus</span> 
     </span>
    </p>
   </div>
   <div class='ocr_carea' id='block_1_45' title="bbox 2170 1604 3871 1678">
    <p class='ocr_par' dir='ltr' id='par_1_45' title="bbox 2170 1604 3871 1678">
     <span class='ocr_line' id='line_1_45' title="bbox 2170 1604 3871 1678; baseline -0.002 -16"><span class='ocrx_word' id='word_1_295' title='bbox 2170 1624 2288 1662; x_wconf 91' lang='lat' dir='ltr'>non</span> <span class='ocrx_word' id='word_1_296' title='bbox 2309 1607 2542 1675; x_wconf 87' lang='lat' dir='ltr'>faciunt,</span> <span class='ocrx_word' id='word_1_297' title='bbox 2599 1609 2697 1663; x_wconf 90' lang='lat' dir='ltr'>sed</span> <span class='ocrx_word' id='word_1_298' title='bbox 2755 1613 3072 1678; x_wconf 90' lang='lat' dir='ltr'>peccatum,</span> <span class='ocrx_word' id='word_1_299' title='bbox 3127 1607 3196 1662; x_wconf 92' lang='lat' dir='ltr'>de</span> <span class='ocrx_word' id='word_1_300' title='bbox 3277 1623 3391 1678; x_wconf 92' lang='lat' dir='ltr'>quo</span> <span class='ocrx_word' id='word_1_301' title='bbox 3452 1605 3590 1661; x_wconf 88' lang='lat' dir='ltr'>dicit</span> <span class='ocrx_word' id='word_1_302' title='bbox 3644 1604 3871 1660; x_wconf 84' lang='lat' dir='ltr'>David:</span> 
     </span>
    </p>
   </div>
   <div class='ocr_carea' id='block_1_46' title="bbox 2173 1697 3870 1770">
    <p class='ocr_par' dir='ltr' id='par_1_46' title="bbox 2173 1697 3870 1770">
     <span class='ocr_line' id='line_1_46' title="bbox 2173 1697 3870 1770; baseline -0.003 -15"><span class='ocrx_word' id='word_1_303' title='bbox 2173 1703 2306 1756; x_wconf 88' lang='lat' dir='ltr'>Ecce</span> <span class='ocrx_word' id='word_1_304' title='bbox 2333 1701 2472 1754; x_wconf 89' lang='lat' dir='ltr'>enim</span> <span class='ocrx_word' id='word_1_305' title='bbox 2495 1701 2554 1752; x_wconf 86' lang='lat' dir='ltr'>in</span> <span class='ocrx_word' id='word_1_306' title='bbox 2610 1698 3000 1770; x_wconf 87' lang='lat' dir='ltr'>iniquitatibus</span> <span class='ocrx_word' id='word_1_307' title='bbox 3049 1702 3328 1768; x_wconf 83' lang='lat' dir='ltr'>conceptus</span> <span class='ocrx_word' id='word_1_308' title='bbox 3379 1697 3544 1768; x_wconf 83' lang='lat' dir='ltr'>(Psai.</span> <span class='ocrx_word' id='word_1_309' title='bbox 3617 1697 3691 1766; x_wconf 85' lang='lat' dir='ltr'>L),</span> <span class='ocrx_word' id='word_1_310' title='bbox 3747 1701 3870 1761; x_wconf 89' lang='lat' dir='ltr'>etc.,</span> 
     </span>
    </p>
   </div>
   <div class='ocr_carea' id='block_1_47' title="bbox 2175 1785 3877 1858">
    <p class='ocr_par' dir='ltr' id='par_1_47' title="bbox 2175 1785 3877 1858">
     <span class='ocr_line' id='line_1_47' title="bbox 2175 1785 3877 1858; baseline -0.004 -15"><span class='ocrx_word' id='word_1_311' title='bbox 2175 1791 2411 1844; x_wconf 82' lang='lat' dir='ltr'>Matrem</span> <span class='ocrx_word' id='word_1_312' title='bbox 2441 1792 2706 1842; x_wconf 90' lang='lat' dir='ltr'>naturam</span> <span class='ocrx_word' id='word_1_313' title='bbox 2740 1787 3056 1858; x_wconf 83' lang='lat' dir='ltr'>appellans,</span> <span class='ocrx_word' id='word_1_314' title='bbox 3088 1792 3145 1842; x_wconf 91' lang='lat' dir='ltr'>et</span> <span class='ocrx_word' id='word_1_315' title='bbox 3173 1785 3601 1840; x_wconf 86' lang='lat' dir='ltr'>immunditiam</span> <span class='ocrx_word' id='word_1_316' title='bbox 3659 1785 3877 1856; x_wconf 80' lang='lat' dir='ltr'>peccati</span> 
     </span>
    </p>
   </div>
   <div class='ocr_carea' id='block_1_48' title="bbox 2172 1871 3874 1948">
    <p class='ocr_par' dir='ltr' id='par_1_48' title="bbox 2172 1871 3874 1948">
     <span class='ocr_line' id='line_1_48' title="bbox 2172 1871 3874 1948; baseline -0.004 -16"><span class='ocrx_word' id='word_1_317' title='bbox 2172 1877 2308 1932; x_wconf 75' lang='lat' dir='ltr'>Adze</span> <span class='ocrx_word' id='word_1_318' title='bbox 2338 1882 2394 1932; x_wconf 91' lang='lat' dir='ltr'>et</span> <span class='ocrx_word' id='word_1_319' title='bbox 2426 1878 2550 1932; x_wconf 71' lang='lat' dir='ltr'>Evaa</span> <span class='ocrx_word' id='word_1_320' title='bbox 2573 1877 2632 1931; x_wconf 91' lang='lat' dir='ltr'>in</span> <span class='ocrx_word' id='word_1_321' title='bbox 2668 1882 2850 1931; x_wconf 90' lang='lat' dir='ltr'>totum</span> <span class='ocrx_word' id='word_1_322' title='bbox 2900 1892 3082 1948; x_wconf 90' lang='lat' dir='ltr'>genus</span> <span class='ocrx_word' id='word_1_323' title='bbox 3139 1875 3459 1929; x_wconf 89' lang='lat' dir='ltr'>humanum</span> <span class='ocrx_word' id='word_1_324' title='bbox 3516 1871 3874 1928; x_wconf 86' lang='lat' dir='ltr'>descendisse</span> 
     </span>
    </p>
   </div>
   <div class='ocr_carea' id='block_1_49' title="bbox 2173 1959 3876 2038">
    <p class='ocr_par' dir='ltr' id='par_1_49' title="bbox 2173 1959 3876 2038">
     <span class='ocr_line' id='line_1_49' title="bbox 2173 1959 3876 2038; baseline -0.005 -18"><span class='ocrx_word' id='word_1_325' title='bbox 2173 1966 2523 2036; x_wconf 88' lang='lat' dir='ltr'>significans.</span> <span class='ocrx_word' id='word_1_326' title='bbox 2562 1966 2694 2020; x_wconf 93' lang='lat' dir='ltr'>Ideo</span> <span class='ocrx_word' id='word_1_327' title='bbox 2727 1967 2962 2038; x_wconf 82' lang='lat' dir='ltr'>Moyses,</span> <span class='ocrx_word' id='word_1_328' title='bbox 2994 1963 3291 2034; x_wconf 91' lang='lat' dir='ltr'>completis</span> <span class='ocrx_word' id='word_1_329' title='bbox 3348 1962 3552 2016; x_wconf 87' lang='lat' dir='ltr'>diebus</span> <span class='ocrx_word' id='word_1_330' title='bbox 3604 1959 3876 2032; x_wconf 82' lang='lat' dir='ltr'>purifica-</span> 
     </span>
    </p>
   </div>
   <div class='ocr_carea' id='block_1_50' title="bbox 2172 2049 3878 2126">
    <p class='ocr_par' dir='ltr' id='par_1_50' title="bbox 2172 2049 3878 2126">
     <span class='ocr_line' id='line_1_50' title="bbox 2172 2049 3878 2126; baseline -0.005 -16"><span class='ocrx_word' id='word_1_331' title='bbox 2172 2055 2346 2110; x_wconf 90' lang='lat' dir='ltr'>tionis</span> <span class='ocrx_word' id='word_1_332' title='bbox 2384 2055 2801 2123; x_wconf 89' lang='lat' dir='ltr'>holocaustum,</span> <span class='ocrx_word' id='word_1_333' title='bbox 2836 2059 2893 2109; x_wconf 90' lang='lat' dir='ltr'>et</span> <span class='ocrx_word' id='word_1_334' title='bbox 2920 2070 3023 2126; x_wconf 92' lang='lat' dir='ltr'>pro</span> <span class='ocrx_word' id='word_1_335' title='bbox 3073 2057 3302 2125; x_wconf 91' lang='lat' dir='ltr'>peccato</span> <span class='ocrx_word' id='word_1_336' title='bbox 3347 2049 3618 2123; x_wconf 59' lang='lat' dir='ltr'>praecepit</span> <span class='ocrx_word' id='word_1_337' title='bbox 3665 2049 3878 2102; x_wconf 81' lang='lat' dir='ltr'>immo-</span> 
     </span>
    </p>
   </div>
   <div class='ocr_carea' id='block_1_51' title="bbox 2173 2136 3882 2214">
    <p class='ocr_par' dir='ltr' id='par_1_51' title="bbox 2173 2136 3882 2214">
     <span class='ocr_line' id='line_1_51' title="bbox 2173 2136 3882 2214; baseline -0.006 -15"><span class='ocrx_word' id='word_1_338' title='bbox 2173 2144 2279 2199; x_wconf 87' lang='lat' dir='ltr'>lari</span> <span class='ocrx_word' id='word_1_339' title='bbox 2309 2164 2324 2212; x_wconf 88' lang='lat'>;</span> <span class='ocrx_word' id='word_1_340' title='bbox 2355 2144 2648 2199; x_wconf 88' lang='lat' dir='ltr'>evidenter</span> <span class='ocrx_word' id='word_1_341' title='bbox 2676 2143 2980 2198; x_wconf 89' lang='lat' dir='ltr'>ostendens</span> <span class='ocrx_word' id='word_1_342' title='bbox 3009 2142 3146 2214; x_wconf 89' lang='lat' dir='ltr'>quia</span> <span class='ocrx_word' id='word_1_343' title='bbox 3193 2142 3384 2211; x_wconf 87' lang='lat' dir='ltr'>imago</span> <span class='ocrx_word' id='word_1_344' title='bbox 3418 2138 3517 2194; x_wconf 91' lang='lat' dir='ltr'>Dei</span> <span class='ocrx_word' id='word_1_345' title='bbox 3572 2136 3882 2210; x_wconf 87' lang='lat' dir='ltr'>perfectio-</span> 
     </span>
    </p>
   </div>
   <div class='ocr_carea' id='block_1_52' title="bbox 2174 2225 3883 2305">
    <p class='ocr_par' dir='ltr' id='par_1_52' title="bbox 2174 2225 3883 2305">
     <span class='ocr_line' id='line_1_52' title="bbox 2174 2225 3883 2305; baseline -0.005 -17"><span class='ocrx_word' id='word_1_346' title='bbox 2174 2249 2308 2289; x_wconf 91' lang='lat' dir='ltr'>nem</span> <span class='ocrx_word' id='word_1_347' title='bbox 2343 2233 2545 2288; x_wconf 92' lang='lat' dir='ltr'>tribuit</span> <span class='ocrx_word' id='word_1_348' title='bbox 2569 2233 2768 2305; x_wconf 89' lang='lat' dir='ltr'>generi</span> <span class='ocrx_word' id='word_1_349' title='bbox 2832 2236 3048 2287; x_wconf 91' lang='lat' dir='ltr'>nostro.</span> <span class='ocrx_word' id='word_1_350' title='bbox 3107 2231 3247 2285; x_wconf 90' lang='lat' dir='ltr'>Nam</span> <span class='ocrx_word' id='word_1_351' title='bbox 3309 2228 3710 2284; x_wconf 83' lang='lat' dir='ltr'>formationem</span> <span class='ocrx_word' id='word_1_352' title='bbox 3757 2225 3883 2280; x_wconf 88' lang='lat' dir='ltr'>dies</span> 
     </span>
    </p>
   </div>
   <div class='ocr_carea' id='block_1_53' title="bbox 2175 2317 3879 2391">
    <p class='ocr_par' dir='ltr' id='par_1_53' title="bbox 2175 2317 3879 2391">
     <span class='ocr_line' id='line_1_53' title="bbox 2175 2317 3879 2391; baseline -0.005 -14"><span class='ocrx_word' id='word_1_353' title='bbox 2175 2322 2562 2378; x_wconf 90' lang='lat' dir='ltr'>mundationis</span> <span class='ocrx_word' id='word_1_354' title='bbox 2590 2321 2918 2389; x_wconf 88' lang='lat' dir='ltr'>ostendunt,</span> <span class='ocrx_word' id='word_1_355' title='bbox 2987 2319 3398 2391; x_wconf 84' lang='lat' dir='ltr'>perfectionem</span> <span class='ocrx_word' id='word_1_356' title='bbox 3460 2317 3879 2372; x_wconf 89' lang='lat' dir='ltr'>holocaustum.</span> 
     </span>
    </p>
   </div>
   <div class='ocr_carea' id='block_1_54' title="bbox 2247 2407 3884 2482">
    <p class='ocr_par' dir='ltr' id='par_1_54' title="bbox 2247 2407 3884 2482">
     <span class='ocr_line' id='line_1_54' title="bbox 2247 2407 3884 2482; baseline -0.005 -16"><span class='ocrx_word' id='word_1_357' title='bbox 2247 2413 2430 2482; x_wconf 54' lang='lat' dir='ltr'>(Ana,</span> <span class='ocrx_word' id='word_1_358' title='bbox 2493 2411 2589 2466; x_wconf 89' lang='lat' dir='ltr'>ubi</span> <span class='ocrx_word' id='word_1_359' title='bbox 2628 2409 2854 2482; x_wconf 85' lang='lat' dir='ltr'>supra.)</span> <span class='ocrx_word' id='word_1_360' title='bbox 2905 2409 3178 2480; x_wconf 87' lang='lat' dir='ltr'>Nunquid</span> <span class='ocrx_word' id='word_1_361' title='bbox 3238 2407 3526 2480; x_wconf 86' lang='lat' dir='ltr'>peperisse</span> <span class='ocrx_word' id='word_1_362' title='bbox 3583 2409 3884 2478; x_wconf 86' lang='lat' dir='ltr'>peccatum</span> 
     </span>
    </p>
   </div>
   <div class='ocr_carea' id='block_1_55' title="bbox 2175 2494 3886 2568">
    <p class='ocr_par' dir='ltr' id='par_1_55' title="bbox 2175 2494 3886 2568">
     <span class='ocr_line' id='line_1_55' title="bbox 2175 2494 3886 2568; baseline -0.005 -13"><span class='ocrx_word' id='word_1_363' title='bbox 2175 2500 2297 2555; x_wconf 85' lang='lat' dir='ltr'>est?</span> <span class='ocrx_word' id='word_1_364' title='bbox 2326 2505 2652 2568; x_wconf 87' lang='lat' dir='ltr'>etc.,usque</span> <span class='ocrx_word' id='word_1_365' title='bbox 2679 2499 2754 2554; x_wconf 88' lang='lat' dir='ltr'>ad</span> <span class='ocrx_word' id='word_1_366' title='bbox 2783 2515 2901 2554; x_wconf 90' lang='lat' dir='ltr'>non</span> <span class='ocrx_word' id='word_1_367' title='bbox 2945 2503 3011 2553; x_wconf 92' lang='lat' dir='ltr'>ut</span> <span class='ocrx_word' id='word_1_368' title='bbox 3067 2498 3322 2553; x_wconf 89' lang='lat' dir='ltr'>dicerent</span> <span class='ocrx_word' id='word_1_369' title='bbox 3372 2511 3546 2568; x_wconf 88' lang='lat' dir='ltr'>super</span> <span class='ocrx_word' id='word_1_370' title='bbox 3601 2494 3722 2549; x_wconf 81' lang='lat' dir='ltr'>tilio</span> <span class='ocrx_word' id='word_1_371' title='bbox 3782 2499 3886 2548; x_wconf 89' lang='lat' dir='ltr'>aut</span> 
     </span>
    </p>
   </div>
   <div class='ocr_carea' id='block_1_56' title="bbox 2175 2587 3244 2660">
    <p class='ocr_par' dir='ltr' id='par_1_56' title="bbox 2175 2587 3244 2660">
     <span class='ocr_line' id='line_1_56' title="bbox 2175 2587 3244 2660; baseline -0.002 -18"><span class='ocrx_word' id='word_1_372' title='bbox 2175 2604 2349 2660; x_wconf 92' lang='lat' dir='ltr'>super</span> <span class='ocrx_word' id='word_1_373' title='bbox 2376 2587 2514 2651; x_wconf 85' lang='lat' dir='ltr'>tilia,</span> <span class='ocrx_word' id='word_1_374' title='bbox 2549 2588 2648 2643; x_wconf 88' lang='lat' dir='ltr'>sed</span> <span class='ocrx_word' id='word_1_375' title='bbox 2679 2604 2784 2660; x_wconf 93' lang='lat' dir='ltr'>pro</span> <span class='ocrx_word' id='word_1_376' title='bbox 2815 2587 2932 2642; x_wconf 83' lang='lat' dir='ltr'>filio</span> <span class='ocrx_word' id='word_1_377' title='bbox 2962 2593 3061 2642; x_wconf 90' lang='lat' dir='ltr'>aut</span> <span class='ocrx_word' id='word_1_378' title='bbox 3108 2587 3244 2641; x_wconf 88' lang='lat' dir='ltr'>filia.</span> 
     </span>
    </p>
   </div>
   <div class='ocr_carea' id='block_1_57' title="bbox 2249 2672 3887 2748">
    <p class='ocr_par' dir='ltr' id='par_1_57' title="bbox 2249 2672 3887 2748">
     <span class='ocr_line' id='line_1_57' title="bbox 2249 2672 3887 2748; baseline -0.003 -16"><span class='ocrx_word' id='word_1_379' title='bbox 2249 2676 2575 2732; x_wconf 85' lang='lat' dir='ltr'>Notandum</span> <span class='ocrx_word' id='word_1_380' title='bbox 2629 2681 2822 2732; x_wconf 89' lang='lat' dir='ltr'>autem</span> <span class='ocrx_word' id='word_1_381' title='bbox 2871 2693 3046 2748; x_wconf 89' lang='lat' dir='ltr'>quam</span> <span class='ocrx_word' id='word_1_382' title='bbox 3102 2689 3323 2748; x_wconf 86' lang='lat' dir='ltr'>pauper</span> <span class='ocrx_word' id='word_1_383' title='bbox 3381 2673 3658 2729; x_wconf 91' lang='lat' dir='ltr'>Dominus</span> <span class='ocrx_word' id='word_1_384' title='bbox 3723 2672 3887 2727; x_wconf 90' lang='lat' dir='ltr'>nasci</span> 
     </span>
    </p>
   </div>
   <div class='ocr_carea' id='block_1_58' title="bbox 2177 2763 3889 2838">
    <p class='ocr_par' dir='ltr' id='par_1_58' title="bbox 2177 2763 3889 2838">
     <span class='ocr_line' id='line_1_58' title="bbox 2177 2763 3889 2838; baseline -0.003 -18"><span class='ocrx_word' id='word_1_385' title='bbox 2177 2766 2446 2833; x_wconf 87' lang='lat' dir='ltr'>voluerit,</span> <span class='ocrx_word' id='word_1_386' title='bbox 2479 2771 2682 2821; x_wconf 89' lang='lat' dir='ltr'>utnon</span> <span class='ocrx_word' id='word_1_387' title='bbox 2731 2783 2836 2838; x_wconf 90' lang='lat' dir='ltr'>pro</span> <span class='ocrx_word' id='word_1_388' title='bbox 2875 2767 2974 2821; x_wconf 93' lang='lat' dir='ltr'>illo</span> <span class='ocrx_word' id='word_1_389' title='bbox 3029 2765 3334 2820; x_wconf 74' lang='lat' dir='ltr'>offerretur</span> <span class='ocrx_word' id='word_1_390' title='bbox 3376 2778 3558 2834; x_wconf 90' lang='lat' dir='ltr'>agnus</span> <span class='ocrx_word' id='word_1_391' title='bbox 3615 2766 3673 2816; x_wconf 91' lang='lat' dir='ltr'>et</span> <span class='ocrx_word' id='word_1_392' title='bbox 3691 2763 3889 2834; x_wconf 87' lang='lat' dir='ltr'>pullus</span> 
     </span>
    </p>
   </div>
   <div class='ocr_carea' id='block_1_59' title="bbox 2177 2851 3888 2925">
    <p class='ocr_par' dir='ltr' id='par_1_59' title="bbox 2177 2851 3888 2925">
     <span class='ocr_line' id='line_1_59' title="bbox 2177 2851 3888 2925; baseline -0.003 -15"><span class='ocrx_word' id='word_1_393' title='bbox 2177 2855 2540 2910; x_wconf 91' lang='lat' dir='ltr'>columbinus</span> <span class='ocrx_word' id='word_1_394' title='bbox 2569 2859 2668 2910; x_wconf 87' lang='lat' dir='ltr'>aut</span> <span class='ocrx_word' id='word_1_395' title='bbox 2718 2860 2929 2924; x_wconf 88' lang='lat' dir='ltr'>turtur,</span> <span class='ocrx_word' id='word_1_396' title='bbox 2957 2854 3053 2909; x_wconf 91' lang='lat' dir='ltr'>sed</span> <span class='ocrx_word' id='word_1_397' title='bbox 3131 2870 3239 2925; x_wconf 89' lang='lat' dir='ltr'>par</span> <span class='ocrx_word' id='word_1_398' title='bbox 3292 2858 3579 2907; x_wconf 86' lang='lat' dir='ltr'>turturum</span> <span class='ocrx_word' id='word_1_399' title='bbox 3629 2857 3730 2906; x_wconf 89' lang='lat' dir='ltr'>aut</span> <span class='ocrx_word' id='word_1_400' title='bbox 3766 2851 3888 2906; x_wconf 90' lang='lat' dir='ltr'>duo</span> 
     </span>
    </p>
   </div>
   <div class='ocr_carea' id='block_1_60' title="bbox 2177 2941 3885 3016">
    <p class='ocr_par' dir='ltr' id='par_1_60' title="bbox 2177 2941 3885 3016">
     <span class='ocr_line' id='line_1_60' title="bbox 2177 2941 3885 3016; baseline -0.001 -18"><span class='ocrx_word' id='word_1_401' title='bbox 2177 2944 2325 3016; x_wconf 91' lang='lat' dir='ltr'>pulli</span> <span class='ocrx_word' id='word_1_402' title='bbox 2378 2944 2774 2999; x_wconf 88' lang='lat' dir='ltr'>columbarum</span> <span class='ocrx_word' id='word_1_403' title='bbox 2861 2943 3177 3000; x_wconf 89' lang='lat' dir='ltr'>secundum</span> <span class='ocrx_word' id='word_1_404' title='bbox 3270 2941 3658 3013; x_wconf 85' lang='lat' dir='ltr'>Evangelium,</span> <span class='ocrx_word' id='word_1_405' title='bbox 3727 2941 3885 3012; x_wconf 89' lang='lat' dir='ltr'>quod</span> 
     </span>
    </p>
   </div>
   <div class='ocr_carea' id='block_1_61' title="bbox 436 3025 3890 3105">
    <p class='ocr_par' dir='ltr' id='par_1_61' title="bbox 436 3025 3890 3105">
     <span class='ocr_line' id='line_1_61' title="bbox 436 3025 3890 3105; baseline -0 -20"><span class='ocrx_word' id='word_1_406' title='bbox 436 3033 708 3087; x_wconf 73' lang='lat' dir='ltr'>Vansz47.</span> <span class='ocrx_word' id='word_1_407' title='bbox 736 3062 806 3072; x_wconf 90' lang='lat'><strong><em>—</em></strong></span> <span class='ocrx_word' id='word_1_408' title='bbox 842 3034 913 3087; x_wconf 86' lang='lat' dir='ltr'>Et</span> <span class='ocrx_word' id='word_1_409' title='bbox 931 3033 1118 3086; x_wconf 90' lang='lat' dir='ltr'>sciatis</span> <span class='ocrx_word' id='word_1_410' title='bbox 1167 3030 1303 3100; x_wconf 87' lang='lat' dir='ltr'>quid</span> <span class='ocrx_word' id='word_1_411' title='bbox 1349 3029 1636 3085; x_wconf 83' lang='lat' dir='ltr'>comedere.</span> <span class='ocrx_word' id='word_1_412' title='bbox 1706 3029 1828 3084; x_wconf 94' lang='lat' dir='ltr'>Non</span> <span class='ocrx_word' id='word_1_413' title='bbox 1859 3027 1920 3083; x_wconf 89' lang='lat' dir='ltr'>hi</span> <span class='ocrx_word' id='word_1_414' title='bbox 1959 3027 2070 3083; x_wconf 88' lang='lat' dir='ltr'>cibi</span> <span class='ocrx_word' id='word_1_415' title='bbox 2097 3025 2138 3083; x_wconf 89' lang='lat' dir='ltr'><strong>C</strong></span> <span class='ocrx_word' id='word_1_416' title='bbox 2178 3035 2461 3105; x_wconf 88' lang='lat' dir='ltr'>scriptura</span> <span class='ocrx_word' id='word_1_417' title='bbox 2484 3033 2712 3088; x_wconf 88' lang='lat' dir='ltr'>Levitici</span> <span class='ocrx_word' id='word_1_418' title='bbox 2735 3037 2867 3088; x_wconf 91' lang='lat' dir='ltr'>tunc</span> <span class='ocrx_word' id='word_1_419' title='bbox 2912 3033 3082 3104; x_wconf 89' lang='lat' dir='ltr'>jussit</span> <span class='ocrx_word' id='word_1_420' title='bbox 3145 3031 3358 3099; x_wconf 89' lang='lat' dir='ltr'>offerri,</span> <span class='ocrx_word' id='word_1_421' title='bbox 3411 3031 3458 3084; x_wconf 91' lang='lat' dir='ltr'>si</span> <span class='ocrx_word' id='word_1_422' title='bbox 3500 3046 3618 3084; x_wconf 92' lang='lat' dir='ltr'>non</span> <span class='ocrx_word' id='word_1_423' title='bbox 3675 3029 3890 3085; x_wconf 88' lang='lat' dir='ltr'>habuit</span> 
     </span>
    </p>
   </div>
   <div class='ocr_carea' id='block_1_62' title="bbox 360 3117 2067 3191">
    <p class='ocr_par' dir='ltr' id='par_1_62' title="bbox 360 3117 2067 3191">
     <span class='ocr_line' id='line_1_62' title="bbox 360 3117 2067 3191; baseline -0.003 -15"><span class='ocrx_word' id='word_1_424' title='bbox 360 3138 466 3176; x_wconf 93' lang='lat' dir='ltr'>nos</span> <span class='ocrx_word' id='word_1_425' title='bbox 493 3121 778 3176; x_wconf 90' lang='lat' dir='ltr'>mundant</span> <span class='ocrx_word' id='word_1_426' title='bbox 796 3120 883 3174; x_wconf 90' lang='lat' dir='ltr'>vel</span> <span class='ocrx_word' id='word_1_427' title='bbox 918 3121 1201 3191; x_wconf 91' lang='lat' dir='ltr'>polluunt,</span> <span class='ocrx_word' id='word_1_428' title='bbox 1243 3119 1340 3174; x_wconf 91' lang='lat' dir='ltr'>sed</span> <span class='ocrx_word' id='word_1_429' title='bbox 1371 3135 1473 3173; x_wconf 91' lang='lat' dir='ltr'>nos</span> <span class='ocrx_word' id='word_1_430' title='bbox 1502 3118 1612 3188; x_wconf 91' lang='lat' dir='ltr'>ipsi</span> <span class='ocrx_word' id='word_1_431' title='bbox 1642 3134 1657 3184; x_wconf 91' lang='lat'>;</span> <span class='ocrx_word' id='word_1_432' title='bbox 1715 3117 2067 3172; x_wconf 87' lang='lat' dir='ltr'>vivificamus</span> 
     </span>
    </p>
   </div>
   <div class='ocr_carea' id='block_1_63' title="bbox 363 3207 2066 3282">
    <p class='ocr_par' dir='ltr' id='par_1_63' title="bbox 363 3207 2066 3282">
     <span class='ocr_line' id='line_1_63' title="bbox 363 3207 2066 3282; baseline -0.003 -16"><span class='ocrx_word' id='word_1_433' title='bbox 363 3211 517 3266; x_wconf 92' lang='lat' dir='ltr'>enim</span> <span class='ocrx_word' id='word_1_434' title='bbox 545 3228 675 3282; x_wconf 76' lang='lat' dir='ltr'>quae</span> <span class='ocrx_word' id='word_1_435' title='bbox 705 3210 1106 3274; x_wconf 90' lang='lat' dir='ltr'>comeduntur,</span> <span class='ocrx_word' id='word_1_436' title='bbox 1141 3213 1197 3263; x_wconf 91' lang='lat' dir='ltr'>et</span> <span class='ocrx_word' id='word_1_437' title='bbox 1227 3209 1716 3280; x_wconf 90' lang='lat' dir='ltr'>quemadmodum</span> <span class='ocrx_word' id='word_1_438' title='bbox 1761 3207 1946 3262; x_wconf 81' lang='lat' dir='ltr'>omnis</span> <span class='ocrx_word' id='word_1_439' title='bbox 1985 3207 2066 3261; x_wconf 83' lang='lat' dir='ltr'>ci-</span> 
     </span>
    </p>
   </div>
   <div class='ocr_carea' id='block_1_64' title="bbox 363 3296 2068 3370">
    <p class='ocr_par' dir='ltr' id='par_1_64' title="bbox 363 3296 2068 3370">
     <span class='ocr_line' id='line_1_64' title="bbox 363 3296 2068 3370; baseline -0.002 -16"><span class='ocrx_word' id='word_1_440' title='bbox 363 3301 470 3355; x_wconf 89' lang='lat' dir='ltr'>bus</span> <span class='ocrx_word' id='word_1_441' title='bbox 499 3299 686 3354; x_wconf 89' lang='lat' dir='ltr'>bonus</span> <span class='ocrx_word' id='word_1_442' title='bbox 745 3299 793 3370; x_wconf 87' lang='grc' dir='ltr'>(ι</span> <span class='ocrx_word' id='word_1_443' title='bbox 845 3300 986 3354; x_wconf 89' lang='lat' dir='ltr'>Petr.</span> <span class='ocrx_word' id='word_1_444' title='bbox 1020 3301 1111 3366; x_wconf 89' lang='grc' dir='ltr'>ιι),</span> <span class='ocrx_word' id='word_1_445' title='bbox 1163 3303 1218 3352; x_wconf 91' lang='lat' dir='ltr'>et</span> <span class='ocrx_word' id='word_1_446' title='bbox 1279 3298 1421 3352; x_wconf 83' lang='lat' dir='ltr'>nihil</span> <span class='ocrx_word' id='word_1_447' title='bbox 1478 3296 1876 3368; x_wconf 89' lang='lat' dir='ltr'>rejiciendum,</span> <span class='ocrx_word' id='word_1_448' title='bbox 1913 3296 2068 3368; x_wconf 92' lang='lat' dir='ltr'>quod</span> 
     </span>
    </p>
   </div>
   <div class='ocr_carea' id='block_1_65' title="bbox 361 3385 2067 3459">
    <p class='ocr_par' dir='ltr' id='par_1_65' title="bbox 361 3385 2067 3459">
     <span class='ocr_line' id='line_1_65' title="bbox 361 3385 2067 3459; baseline -0.002 -16"><span class='ocrx_word' id='word_1_449' title='bbox 361 3405 492 3444; x_wconf 90' lang='lat' dir='ltr'>cum</span> <span class='ocrx_word' id='word_1_450' title='bbox 523 3387 840 3459; x_wconf 90' lang='lat' dir='ltr'>gratiarum</span> <span class='ocrx_word' id='word_1_451' title='bbox 863 3387 1086 3441; x_wconf 89' lang='lat' dir='ltr'>actione</span> <span class='ocrx_word' id='word_1_452' title='bbox 1141 3386 1503 3458; x_wconf 88' lang='lat' dir='ltr'>percipitur;</span> <span class='ocrx_word' id='word_1_453' title='bbox 1559 3385 1639 3440; x_wconf 90' lang='lat' dir='ltr'>sic</span> <span class='ocrx_word' id='word_1_454' title='bbox 1693 3402 1758 3440; x_wconf 91' lang='lat' dir='ltr'>ea</span> <span class='ocrx_word' id='word_1_455' title='bbox 1813 3401 1942 3457; x_wconf 69' lang='lat' dir='ltr'>quas</span> <span class='ocrx_word' id='word_1_456' title='bbox 1973 3401 2067 3440; x_wconf 87' lang='lat' dir='ltr'>co-</span> 
     </span>
    </p>
   </div>
   <div class='ocr_carea' id='block_1_66' title="bbox 363 3473 2070 3548">
    <p class='ocr_par' dir='ltr' id='par_1_66' title="bbox 363 3473 2070 3548">
     <span class='ocr_line' id='line_1_66' title="bbox 363 3473 2070 3548; baseline -0.003 -15"><span class='ocrx_word' id='word_1_457' title='bbox 363 3478 694 3543; x_wconf 88' lang='lat' dir='ltr'>meduutur,</span> <span class='ocrx_word' id='word_1_458' title='bbox 724 3475 782 3531; x_wconf 93' lang='lat' dir='ltr'>id</span> <span class='ocrx_word' id='word_1_459' title='bbox 813 3480 897 3530; x_wconf 91' lang='lat' dir='ltr'>est</span> <span class='ocrx_word' id='word_1_460' title='bbox 926 3493 1056 3548; x_wconf 60' lang='lat' dir='ltr'>quas</span> <span class='ocrx_word' id='word_1_461' title='bbox 1086 3475 1347 3530; x_wconf 88' lang='lat' dir='ltr'>nutriunt</span> <span class='ocrx_word' id='word_1_462' title='bbox 1373 3475 1650 3542; x_wconf 90' lang='lat' dir='ltr'>animam,</span> <span class='ocrx_word' id='word_1_463' title='bbox 1700 3474 1877 3529; x_wconf 90' lang='lat' dir='ltr'>bonas</span> <span class='ocrx_word' id='word_1_464' title='bbox 1924 3473 2070 3528; x_wconf 83' lang='lat' dir='ltr'>scili-</span> 
     </span>
    </p>
   </div>
   <div class='ocr_carea' id='block_1_67' title="bbox 360 3562 2069 3634">
    <p class='ocr_par' dir='ltr' id='par_1_67' title="bbox 360 3562 2069 3634">
     <span class='ocr_line' id='line_1_67' title="bbox 360 3562 2069 3634; baseline -0.004 -12"><span class='ocrx_word' id='word_1_465' title='bbox 360 3570 448 3623; x_wconf 90' lang='lat' dir='ltr'>cet</span> <span class='ocrx_word' id='word_1_466' title='bbox 475 3567 751 3634; x_wconf 90' lang='lat' dir='ltr'>actiones,</span> <span class='ocrx_word' id='word_1_467' title='bbox 804 3582 910 3620; x_wconf 92' lang='lat' dir='ltr'>nos</span> <span class='ocrx_word' id='word_1_468' title='bbox 958 3564 1331 3633; x_wconf 84' lang='lat' dir='ltr'>viviﬁcamus,</span> <span class='ocrx_word' id='word_1_469' title='bbox 1377 3565 1423 3618; x_wconf 91' lang='lat' dir='ltr'>si</span> <span class='ocrx_word' id='word_1_470' title='bbox 1454 3565 1631 3618; x_wconf 87' lang='lat' dir='ltr'>bonas</span> <span class='ocrx_word' id='word_1_471' title='bbox 1703 3564 1958 3619; x_wconf 89' lang='lat' dir='ltr'>utimur:</span> <span class='ocrx_word' id='word_1_472' title='bbox 2022 3562 2069 3617; x_wconf 91' lang='lat' dir='ltr'>si</span> 
     </span>
    </p>
   </div>
   <div class='ocr_carea' id='block_1_68' title="bbox 363 3653 2066 3724">
    <p class='ocr_par' dir='ltr' id='par_1_68' title="bbox 363 3653 2066 3724">
     <span class='ocr_line' id='line_1_68' title="bbox 363 3653 2066 3724; baseline -0.002 -14"><span class='ocrx_word' id='word_1_473' title='bbox 363 3657 530 3723; x_wconf 90' lang='lat' dir='ltr'>male,</span> <span class='ocrx_word' id='word_1_474' title='bbox 573 3654 1005 3709; x_wconf 86' lang='lat' dir='ltr'>mortificamus.</span> <span class='ocrx_word' id='word_1_475' title='bbox 1035 3653 1142 3719; x_wconf 93' lang='lat' dir='ltr'>Qui</span> <span class='ocrx_word' id='word_1_476' title='bbox 1194 3654 1349 3708; x_wconf 93' lang='lat' dir='ltr'>enim</span> <span class='ocrx_word' id='word_1_477' title='bbox 1384 3669 1451 3707; x_wconf 88' lang='lat' dir='ltr'>ex</span> <span class='ocrx_word' id='word_1_478' title='bbox 1502 3653 1704 3724; x_wconf 91' lang='lat' dir='ltr'>rapina</span> <span class='ocrx_word' id='word_1_479' title='bbox 1753 3653 1885 3708; x_wconf 85' lang='lat' dir='ltr'>facit</span> <span class='ocrx_word' id='word_1_480' title='bbox 1919 3653 2066 3708; x_wconf 85' lang='lat' dir='ltr'>elee-</span> 
     </span>
    </p>
   </div>
   <div class='ocr_carea' id='block_1_69' title="bbox 363 3741 2065 3816">
    <p class='ocr_par' dir='ltr' id='par_1_69' title="bbox 363 3741 2065 3816">
     <span class='ocr_line' id='line_1_69' title="bbox 363 3741 2065 3816; baseline -0.001 -18"><span class='ocrx_word' id='word_1_481' title='bbox 363 3760 661 3816; x_wconf 85' lang='lat' dir='ltr'>mosynam</span> <span class='ocrx_word' id='word_1_482' title='bbox 692 3744 998 3797; x_wconf 89' lang='lat' dir='ltr'>mortificat</span> <span class='ocrx_word' id='word_1_483' title='bbox 1034 3758 1184 3808; x_wconf 89' lang='lat' dir='ltr'>eam,</span> <span class='ocrx_word' id='word_1_484' title='bbox 1239 3747 1296 3797; x_wconf 89' lang='lat' dir='ltr'>et</span> <span class='ocrx_word' id='word_1_485' title='bbox 1361 3743 1549 3797; x_wconf 79' lang='lat' dir='ltr'>aufert</span> <span class='ocrx_word' id='word_1_486' title='bbox 1593 3742 1647 3797; x_wconf 89' lang='lat' dir='ltr'>ei</span> <span class='ocrx_word' id='word_1_487' title='bbox 1703 3741 2065 3814; x_wconf 87' lang='lat' dir='ltr'>potentiam;</span> 
     </span>
    </p>
   </div>
   <div class='ocr_carea' id='block_1_70' title="bbox 362 3830 2067 3903">
    <p class='ocr_par' dir='ltr' id='par_1_70' title="bbox 362 3830 2067 3903">
     <span class='ocr_line' id='line_1_70' title="bbox 362 3830 2067 3903; baseline 0 -17"><span class='ocrx_word' id='word_1_488' title='bbox 362 3838 420 3887; x_wconf 92' lang='lat' dir='ltr'>et</span> <span class='ocrx_word' id='word_1_489' title='bbox 449 3832 550 3903; x_wconf 91' lang='lat' dir='ltr'>qui</span> <span class='ocrx_word' id='word_1_490' title='bbox 570 3831 855 3886; x_wconf 89' lang='lat' dir='ltr'>abstinent</span> <span class='ocrx_word' id='word_1_491' title='bbox 891 3847 926 3885; x_wconf 89' lang='lat' dir='ltr'>a</span> <span class='ocrx_word' id='word_1_492' title='bbox 974 3830 1134 3898; x_wconf 90' lang='lat' dir='ltr'>cibis,</span> <span class='ocrx_word' id='word_1_493' title='bbox 1196 3830 1467 3886; x_wconf 84' lang='lat' dir='ltr'>fratribus</span> <span class='ocrx_word' id='word_1_494' title='bbox 1518 3847 1652 3886; x_wconf 92' lang='lat' dir='ltr'>vero</span> <span class='ocrx_word' id='word_1_495' title='bbox 1737 3831 2067 3899; x_wconf 88' lang='lat' dir='ltr'>detrahunt,</span> 
     </span>
    </p>
   </div>
   <div class='ocr_carea' id='block_1_71' title="bbox 364 3919 1160 3976">
    <p class='ocr_par' dir='ltr' id='par_1_71' title="bbox 364 3919 1160 3976">
     <span class='ocr_line' id='line_1_71' title="bbox 364 3919 1160 3976; baseline -0.004 -1"><span class='ocrx_word' id='word_1_496' title='bbox 364 3919 709 3976; x_wconf 87' lang='lat' dir='ltr'>mortificant</span> <span class='ocrx_word' id='word_1_497' title='bbox 733 3919 1160 3974; x_wconf 87' lang='lat' dir='ltr'>abstinentiam.</span> 
     </span>
    </p>
   </div>
   <div class='ocr_carea' id='block_1_72' title="bbox 1076 4052 1450 4108">
    <p class='ocr_par' dir='ltr' id='par_1_72' title="bbox 1076 4052 1450 4108">
     <span class='ocr_line' id='line_1_72' title="bbox 1076 4052 1450 4108; baseline -0.003 0"><span class='ocrx_word' id='word_1_498' title='bbox 1076 4052 1302 4108; x_wconf 82' lang='lat' dir='ltr'>CAPUT</span> <span class='ocrx_word' id='word_1_499' title='bbox 1339 4052 1450 4108; x_wconf 84' lang='lat' dir='ltr'>XII.</span> 
     </span>
    </p>
   </div>
   <div class='ocr_carea' id='block_1_73' title="bbox 433 4182 2063 4254">
    <p class='ocr_par' dir='ltr' id='par_1_73' title="bbox 433 4182 2063 4254">
     <span class='ocr_line' id='line_1_73' title="bbox 433 4182 2063 4254; baseline -0.002 -13"><span class='ocrx_word' id='word_1_500' title='bbox 433 4187 596 4241; x_wconf 78' lang='lat' dir='ltr'>Vens.</span> <span class='ocrx_word' id='word_1_501' title='bbox 631 4186 682 4240; x_wconf 82' lang='lat'>2.</span> <span class='ocrx_word' id='word_1_502' title='bbox 726 4215 794 4225; x_wconf 87' lang='lat'>--</span> <span class='ocrx_word' id='word_1_503' title='bbox 855 4185 1060 4239; x_wconf 81' lang='lat' dir='ltr'>Mulier</span> <span class='ocrx_word' id='word_1_504' title='bbox 1088 4186 1138 4240; x_wconf 88' lang='lat' dir='ltr'>si</span> <span class='ocrx_word' id='word_1_505' title='bbox 1166 4188 1409 4254; x_wconf 82' lang='lat' dir='ltr'>suscepto</span> <span class='ocrx_word' id='word_1_506' title='bbox 1430 4182 1655 4240; x_wconf 83' lang='lat' dir='ltr'>semine.</span> <span class='ocrx_word' id='word_1_507' title='bbox 1678 4183 1850 4254; x_wconf 76' lang='lat'>(1510.,</span> <span class='ocrx_word' id='word_1_508' title='bbox 1874 4186 2063 4254; x_wconf 72' lang='lat' dir='ltr'>quaest.</span> 
     </span>
    </p>
   </div>
   <div class='ocr_carea' id='block_1_74' title="bbox 361 4272 2063 4343">
    <p class='ocr_par' dir='ltr' id='par_1_74' title="bbox 361 4272 2063 4343">
     <span class='ocr_line' id='line_1_74' title="bbox 361 4272 2063 4343; baseline -0.003 -12"><span class='ocrx_word' id='word_1_509' title='bbox 361 4277 421 4330; x_wconf 91' lang='lat' dir='ltr'>in</span> <span class='ocrx_word' id='word_1_510' title='bbox 447 4277 646 4341; x_wconf 87' lang='lat' dir='ltr'>Levit.,</span> <span class='ocrx_word' id='word_1_511' title='bbox 677 4279 815 4328; x_wconf 91' lang='lat' dir='ltr'>tom.</span> <span class='ocrx_word' id='word_1_512' title='bbox 851 4274 940 4343; x_wconf 89' lang='lat' dir='ltr'>V.)</span> <span class='ocrx_word' id='word_1_513' title='bbox 964 4273 1296 4342; x_wconf 89' lang='lat' dir='ltr'>Septimana</span> <span class='ocrx_word' id='word_1_514' title='bbox 1325 4279 1407 4327; x_wconf 85' lang='lat' dir='ltr'>est</span> <span class='ocrx_word' id='word_1_515' title='bbox 1457 4289 1708 4343; x_wconf 74' lang='lat' dir='ltr'>praesens</span> <span class='ocrx_word' id='word_1_516' title='bbox 1763 4272 1897 4339; x_wconf 91' lang='lat' dir='ltr'>vita,</span> <span class='ocrx_word' id='word_1_517' title='bbox 1931 4277 2063 4339; x_wconf 90' lang='lat' dir='ltr'>etc.,</span> 
     </span>
    </p>
   </div>
   <div class='ocr_carea' id='block_1_75' title="bbox 362 4361 1472 4434">
    <p class='ocr_par' dir='ltr' id='par_1_75' title="bbox 362 4361 1472 4434">
     <span class='ocr_line' id='line_1_75' title="bbox 362 4361 1472 4434; baseline -0.005 -14"><span class='ocrx_word' id='word_1_518' title='bbox 362 4380 532 4434; x_wconf 89' lang='lat' dir='ltr'>usque</span> <span class='ocrx_word' id='word_1_519' title='bbox 553 4363 627 4418; x_wconf 90' lang='lat' dir='ltr'>ad</span> <span class='ocrx_word' id='word_1_520' title='bbox 663 4378 768 4417; x_wconf 90' lang='lat' dir='ltr'>nec</span> <span class='ocrx_word' id='word_1_521' title='bbox 797 4361 855 4415; x_wconf 92' lang='lat' dir='ltr'>in</span> <span class='ocrx_word' id='word_1_522' title='bbox 887 4361 1079 4416; x_wconf 91' lang='lat' dir='ltr'>futuro</span> <span class='ocrx_word' id='word_1_523' title='bbox 1115 4361 1472 4433; x_wconf 88' lang='lat' dir='ltr'>purgabitur.</span> 
     </span>
    </p>
   </div>
   <div class='ocr_carea' id='block_1_76' title="bbox 439 4448 2065 4521">
    <p class='ocr_par' dir='ltr' id='par_1_76' title="bbox 439 4448 2065 4521">
     <span class='ocr_line' id='line_1_76' title="bbox 439 4448 2065 4521; baseline -0.002 -14"><span class='ocrx_word' id='word_1_524' title='bbox 439 4451 720 4508; x_wconf 89' lang='lat' dir='ltr'>Immunda</span> <span class='ocrx_word' id='word_1_525' title='bbox 749 4453 873 4505; x_wconf 88' lang='lat' dir='ltr'>erit.</span> <span class='ocrx_word' id='word_1_526' title='bbox 914 4449 1114 4521; x_wconf 64' lang='lat' dir='ltr'>(131cm)</span> <span class='ocrx_word' id='word_1_527' title='bbox 1158 4449 1299 4514; x_wconf 91' lang='lat' dir='ltr'>Quia</span> <span class='ocrx_word' id='word_1_528' title='bbox 1353 4449 1567 4504; x_wconf 89' lang='lat' dir='ltr'>scilicet</span> <span class='ocrx_word' id='word_1_529' title='bbox 1612 4454 1766 4504; x_wconf 90' lang='lat' dir='ltr'>sator</span> <span class='ocrx_word' id='word_1_530' title='bbox 1814 4448 2065 4505; x_wconf 88' lang='lat' dir='ltr'>immun-</span> 
     </span>
    </p>
   </div>
   <div class='ocr_carea' id='block_1_77' title="bbox 362 4537 2065 4610">
    <p class='ocr_par' dir='ltr' id='par_1_77' title="bbox 362 4537 2065 4610">
     <span class='ocr_line' id='line_1_77' title="bbox 362 4537 2065 4610; baseline -0.002 -14"><span class='ocrx_word' id='word_1_531' title='bbox 362 4542 490 4610; x_wconf 90' lang='lat' dir='ltr'>dus,</span> <span class='ocrx_word' id='word_1_532' title='bbox 521 4546 588 4595; x_wconf 93' lang='lat' dir='ltr'>ut</span> <span class='ocrx_word' id='word_1_533' title='bbox 615 4540 799 4594; x_wconf 75' lang='lat' dir='ltr'>literas</span> <span class='ocrx_word' id='word_1_534' title='bbox 826 4539 980 4604; x_wconf 66' lang='lat' dir='ltr'>Adae,</span> <span class='ocrx_word' id='word_1_535' title='bbox 1016 4539 1112 4610; x_wconf 91' lang='lat' dir='ltr'>qui</span> <span class='ocrx_word' id='word_1_536' title='bbox 1142 4555 1245 4609; x_wconf 91' lang='lat' dir='ltr'>per</span> <span class='ocrx_word' id='word_1_537' title='bbox 1273 4537 1785 4609; x_wconf 88' lang='lat' dir='ltr'>transgressionem</span> <span class='ocrx_word' id='word_1_538' title='bbox 1814 4539 2065 4594; x_wconf 91' lang='lat' dir='ltr'>immun-</span> 
     </span>
    </p>
   </div>
   <div class='ocr_carea' id='block_1_78' title="bbox 365 4627 2066 4700">
    <p class='ocr_par' dir='ltr' id='par_1_78' title="bbox 365 4627 2066 4700">
     <span class='ocr_line' id='line_1_78' title="bbox 365 4627 2066 4700; baseline -0.001 -15"><span class='ocrx_word' id='word_1_539' title='bbox 365 4631 490 4697; x_wconf 90' lang='lat' dir='ltr'>dus,</span> <span class='ocrx_word' id='word_1_540' title='bbox 533 4629 690 4684; x_wconf 92' lang='lat' dir='ltr'>etita</span> <span class='ocrx_word' id='word_1_541' title='bbox 741 4627 906 4682; x_wconf 87' lang='lat' dir='ltr'>uxori</span> <span class='ocrx_word' id='word_1_542' title='bbox 973 4629 1194 4682; x_wconf 88' lang='lat' dir='ltr'>mistus.</span> <span class='ocrx_word' id='word_1_543' title='bbox 1265 4629 1574 4700; x_wconf 83' lang='lat' dir='ltr'>Postquam</span> <span class='ocrx_word' id='word_1_544' title='bbox 1621 4627 1775 4683; x_wconf 90' lang='lat' dir='ltr'>enim</span> <span class='ocrx_word' id='word_1_545' title='bbox 1833 4629 1970 4684; x_wconf 86' lang='lat' dir='ltr'>exiit</span> <span class='ocrx_word' id='word_1_546' title='bbox 1997 4629 2066 4684; x_wconf 91' lang='lat' dir='ltr'>de</span> 
     </span>
    </p>
   </div>
   <div class='ocr_carea' id='block_1_79' title="bbox 364 4716 2068 4792">
    <p class='ocr_par' dir='ltr' id='par_1_79' title="bbox 364 4716 2068 4792">
     <span class='ocr_line' id='line_1_79' title="bbox 364 4716 2068 4792; baseline -0.001 -19"><span class='ocrx_word' id='word_1_547' title='bbox 364 4718 626 4792; x_wconf 89' lang='lat' dir='ltr'>paradiso</span> <span class='ocrx_word' id='word_1_548' title='bbox 655 4716 924 4788; x_wconf 89' lang='lat' dir='ltr'>cognovit</span> <span class='ocrx_word' id='word_1_549' title='bbox 953 4733 1190 4772; x_wconf 85' lang='lat' dir='ltr'>uxorem</span> <span class='ocrx_word' id='word_1_550' title='bbox 1241 4733 1428 4787; x_wconf 91' lang='lat' dir='ltr'>suam,</span> <span class='ocrx_word' id='word_1_551' title='bbox 1469 4721 1525 4772; x_wconf 90' lang='lat' dir='ltr'>et</span> <span class='ocrx_word' id='word_1_552' title='bbox 1581 4717 1663 4771; x_wconf 91' lang='lat' dir='ltr'>ita</span> <span class='ocrx_word' id='word_1_553' title='bbox 1717 4723 2068 4790; x_wconf 88' lang='lat' dir='ltr'>propagatur</span> 
     </span>
    </p>
   </div>
   <div class='ocr_carea' id='block_1_80' title="bbox 364 4808 914 4878">
    <p class='ocr_par' dir='ltr' id='par_1_80' title="bbox 364 4808 914 4878">
     <span class='ocr_line' id='line_1_80' title="bbox 364 4808 914 4878; baseline -0.004 -16"><span class='ocrx_word' id='word_1_554' title='bbox 364 4808 682 4862; x_wconf 88' lang='lat' dir='ltr'>humanum</span> <span class='ocrx_word' id='word_1_555' title='bbox 712 4823 914 4878; x_wconf 91' lang='lat' dir='ltr'>genus.</span> 
     </span>
    </p>
   </div>
   <div class='ocr_carea' id='block_1_81' title="bbox 435 4894 2070 4967">
    <p class='ocr_par' dir='ltr' id='par_1_81' title="bbox 435 4894 2070 4967">
     <span class='ocr_line' id='line_1_81' title="bbox 435 4894 2070 4967; baseline -0.001 -14"><span class='ocrx_word' id='word_1_556' title='bbox 435 4898 644 4967; x_wconf 86' lang='lat' dir='ltr'>Septem</span> <span class='ocrx_word' id='word_1_557' title='bbox 701 4896 905 4950; x_wconf 86' lang='lat' dir='ltr'>diebus.</span> <span class='ocrx_word' id='word_1_558' title='bbox 961 4894 1079 4965; x_wconf 77' lang='lat'>(11).)</span> <span class='ocrx_word' id='word_1_559' title='bbox 1135 4894 1277 4960; x_wconf 89' lang='lat' dir='ltr'>Quia</span> <span class='ocrx_word' id='word_1_560' title='bbox 1339 4894 1540 4958; x_wconf 81' lang='lat' dir='ltr'>Adam,</span> <span class='ocrx_word' id='word_1_561' title='bbox 1593 4899 1720 4960; x_wconf 89' lang='lat' dir='ltr'>etc.,</span> <span class='ocrx_word' id='word_1_562' title='bbox 1770 4911 1940 4966; x_wconf 88' lang='lat' dir='ltr'>usque</span> <span class='ocrx_word' id='word_1_563' title='bbox 1995 4895 2070 4952; x_wconf 87' lang='lat' dir='ltr'>ad</span> 
     </span>
    </p>
   </div>
   <div class='ocr_carea' id='block_1_82' title="bbox 365 4983 2067 5058">
    <p class='ocr_par' dir='ltr' id='par_1_82' title="bbox 365 4983 2067 5058">
     <span class='ocr_line' id='line_1_82' title="bbox 365 4983 2067 5058; baseline 0 -18"><span class='ocrx_word' id='word_1_564' title='bbox 365 4985 596 5058; x_wconf 91' lang='lat' dir='ltr'>quando</span> <span class='ocrx_word' id='word_1_565' title='bbox 621 4984 806 5040; x_wconf 83' lang='lat' dir='ltr'>Adam</span> <span class='ocrx_word' id='word_1_566' title='bbox 835 4989 1132 5056; x_wconf 89' lang='lat' dir='ltr'>separatus</span> <span class='ocrx_word' id='word_1_567' title='bbox 1165 5001 1195 5039; x_wconf 91' lang='lat' dir='ltr'>a</span> <span class='ocrx_word' id='word_1_568' title='bbox 1224 4983 1490 5056; x_wconf 84' lang='lat' dir='ltr'>paradiso</span> <span class='ocrx_word' id='word_1_569' title='bbox 1525 4983 1585 5038; x_wconf 89' lang='lat' dir='ltr'>in</span> <span class='ocrx_word' id='word_1_570' title='bbox 1613 4984 2067 5040; x_wconf 89' lang='lat' dir='ltr'>hancmiseriam</span> 
     </span>
    </p>
   </div>
   <div class='ocr_carea' id='block_1_83' title="bbox 365 5075 594 5130">
    <p class='ocr_par' dir='ltr' id='par_1_83' title="bbox 365 5075 594 5130">
     <span class='ocr_line' id='line_1_83' title="bbox 365 5075 594 5130; baseline -0.004 0"><span class='ocrx_word' id='word_1_571' title='bbox 365 5075 594 5130; x_wconf 88' lang='lat' dir='ltr'>decidit.</span> 
     </span>
    </p>
   </div>
   <div class='ocr_carea' id='block_1_84' title="bbox 435 5163 2070 5238">
    <p class='ocr_par' dir='ltr' id='par_1_84' title="bbox 435 5163 2070 5238">
     <span class='ocr_line' id='line_1_84' title="bbox 435 5163 2070 5238; baseline 0 -20"><span class='ocrx_word' id='word_1_572' title='bbox 435 5163 551 5235; x_wconf 89' lang='lat' dir='ltr'>(Die</span> <span class='ocrx_word' id='word_1_573' title='bbox 612 5166 816 5229; x_wconf 91' lang='lat' dir='ltr'>octavo,</span> <span class='ocrx_word' id='word_1_574' title='bbox 849 5167 956 5217; x_wconf 92' lang='lat' dir='ltr'>etc.</span> <span class='ocrx_word' id='word_1_575' title='bbox 992 5163 1112 5233; x_wconf 77' lang='lat'>(10.)</span> <span class='ocrx_word' id='word_1_576' title='bbox 1146 5163 1272 5218; x_wconf 90' lang='lat' dir='ltr'>Dies</span> <span class='ocrx_word' id='word_1_577' title='bbox 1327 5166 1578 5229; x_wconf 79' lang='lat' dir='ltr'>octavus,</span> <span class='ocrx_word' id='word_1_578' title='bbox 1602 5166 1733 5230; x_wconf 89' lang='lat' dir='ltr'>etc.,</span> <span class='ocrx_word' id='word_1_579' title='bbox 1786 5177 1965 5238; x_wconf 82' lang='lat' dir='ltr'>usque</span> <span class='ocrx_word' id='word_1_580' title='bbox 1994 5163 2070 5218; x_wconf 89' lang='lat' dir='ltr'>ad</span> 
     </span>
    </p>
   </div>
   <div class='ocr_carea' id='block_1_85' title="bbox 364 5250 2068 5324">
    <p class='ocr_par' dir='ltr' id='par_1_85' title="bbox 364 5250 2068 5324">
     <span class='ocr_line' id='line_1_85' title="bbox 364 5250 2068 5324; baseline -0.001 -15"><span class='ocrx_word' id='word_1_581' title='bbox 364 5251 755 5309; x_wconf 89' lang='lat' dir='ltr'>Inobedientia</span> <span class='ocrx_word' id='word_1_582' title='bbox 809 5256 1000 5306; x_wconf 91' lang='lat' dir='ltr'>autem</span> <span class='ocrx_word' id='word_1_583' title='bbox 1055 5252 1482 5308; x_wconf 89' lang='lat' dir='ltr'>immunditiam</span> <span class='ocrx_word' id='word_1_584' title='bbox 1513 5250 1682 5306; x_wconf 89' lang='lat' dir='ltr'>nobis</span> <span class='ocrx_word' id='word_1_585' title='bbox 1725 5251 2068 5324; x_wconf 88' lang='lat' dir='ltr'>sordemque</span> 
     </span>
    </p>
   </div>
   <div class='ocr_carea' id='block_1_86' title="bbox 365 5341 664 5398">
    <p class='ocr_par' dir='ltr' id='par_1_86' title="bbox 365 5341 664 5398">
     <span class='ocr_line' id='line_1_86' title="bbox 365 5341 664 5398; baseline -0.013 0"><span class='ocrx_word' id='word_1_586' title='bbox 365 5341 664 5398; x_wconf 85' lang='lat' dir='ltr'>contraxit.</span> 
     </span>
    </p>
   </div>
   <div class='ocr_carea' id='block_1_87' title="bbox 437 5428 2067 5500">
    <p class='ocr_par' dir='ltr' id='par_1_87' title="bbox 437 5428 2067 5500">
     <span class='ocr_line' id='line_1_87' title="bbox 437 5428 2067 5500; baseline -0.001 -15"><span class='ocrx_word' id='word_1_587' title='bbox 437 5431 597 5485; x_wconf 77' lang='lat' dir='ltr'>Vens.</span> <span class='ocrx_word' id='word_1_588' title='bbox 629 5430 682 5484; x_wconf 78' lang='grc'><strong>4.</strong></span> <span class='ocrx_word' id='word_1_589' title='bbox 724 5456 797 5471; x_wconf 92' lang='grc'><strong><em>-</em></strong></span> <span class='ocrx_word' id='word_1_590' title='bbox 853 5430 1105 5496; x_wconf 87' lang='lat' dir='ltr'>Triginta</span> <span class='ocrx_word' id='word_1_591' title='bbox 1144 5429 1317 5484; x_wconf 84' lang='lat' dir='ltr'>tribus</span> <span class='ocrx_word' id='word_1_592' title='bbox 1374 5429 1582 5496; x_wconf 87' lang='lat' dir='ltr'>diebus,</span> <span class='ocrx_word' id='word_1_593' title='bbox 1641 5431 1747 5484; x_wconf 91' lang='lat' dir='ltr'>etc.</span> <span class='ocrx_word' id='word_1_594' title='bbox 1801 5428 1928 5500; x_wconf 75' lang='lat'>(10.)</span> <span class='ocrx_word' id='word_1_595' title='bbox 1978 5447 2067 5484; x_wconf 89' lang='lat' dir='ltr'>se-</span> 
     </span>
    </p>
   </div>
   <div class='ocr_carea' id='block_1_88' title="bbox 365 5517 2066 5593">
    <p class='ocr_par' dir='ltr' id='par_1_88' title="bbox 365 5517 2066 5593">
     <span class='ocr_line' id='line_1_88' title="bbox 365 5517 2066 5593; baseline -0.001 -18"><span class='ocrx_word' id='word_1_596' title='bbox 365 5525 522 5593; x_wconf 90' lang='lat' dir='ltr'>ptem</span> <span class='ocrx_word' id='word_1_597' title='bbox 544 5517 773 5579; x_wconf 88' lang='lat' dir='ltr'>additis,</span> <span class='ocrx_word' id='word_1_598' title='bbox 823 5521 955 5587; x_wconf 92' lang='lat' dir='ltr'>etc.,</span> <span class='ocrx_word' id='word_1_599' title='bbox 1013 5533 1182 5588; x_wconf 88' lang='lat' dir='ltr'>usque</span> <span class='ocrx_word' id='word_1_600' title='bbox 1225 5518 1300 5573; x_wconf 88' lang='lat' dir='ltr'>ad</span> <span class='ocrx_word' id='word_1_601' title='bbox 1343 5518 1626 5574; x_wconf 88' lang='lat' dir='ltr'>incertum</span> <span class='ocrx_word' id='word_1_602' title='bbox 1677 5521 1763 5576; x_wconf 89' lang='lat' dir='ltr'>est</span> <span class='ocrx_word' id='word_1_603' title='bbox 1793 5518 1948 5575; x_wconf 90' lang='lat' dir='ltr'>enim</span> <span class='ocrx_word' id='word_1_604' title='bbox 1991 5535 2066 5574; x_wconf 83' lang='lat' dir='ltr'>an</span> 
     </span>
    </p>
   </div>
   <div class='ocr_carea' id='block_1_89' title="bbox 363 5606 1327 5677">
    <p class='ocr_par' dir='ltr' id='par_1_89' title="bbox 363 5606 1327 5677">
     <span class='ocr_line' id='line_1_89' title="bbox 363 5606 1327 5677; baseline -0.003 -11"><span class='ocrx_word' id='word_1_605' title='bbox 363 5609 658 5675; x_wconf 85' lang='lat' dir='ltr'>feminam,</span> <span class='ocrx_word' id='word_1_606' title='bbox 698 5622 772 5662; x_wconf 90' lang='lat' dir='ltr'>an</span> <span class='ocrx_word' id='word_1_607' title='bbox 816 5621 1032 5662; x_wconf 88' lang='lat' dir='ltr'>marem</span> <span class='ocrx_word' id='word_1_608' title='bbox 1085 5606 1327 5677; x_wconf 90' lang='lat' dir='ltr'>pariant.</span> 
     </span>
    </p>
   </div>
   <div class='ocr_carea' id='block_1_90' title="bbox 2175 3121 3781 3195">
    <p class='ocr_par' dir='ltr' id='par_1_90' title="bbox 2175 3121 3781 3195">
     <span class='ocr_line' id='line_1_90' title="bbox 2175 3121 3781 3195; baseline -0.003 -17"><span class='ocrx_word' id='word_1_609' title='bbox 2175 3139 2391 3195; x_wconf 91' lang='lat' dir='ltr'>agnum</span> <span class='ocrx_word' id='word_1_610' title='bbox 2420 3139 2624 3178; x_wconf 86' lang='lat' dir='ltr'>manus</span> <span class='ocrx_word' id='word_1_611' title='bbox 2651 3121 2961 3190; x_wconf 70' lang='lat' dir='ltr'>offerentis,</span> <span class='ocrx_word' id='word_1_612' title='bbox 2994 3121 3150 3194; x_wconf 86' lang='lat' dir='ltr'>quod</span> <span class='ocrx_word' id='word_1_613' title='bbox 3205 3121 3342 3176; x_wconf 87' lang='lat' dir='ltr'>satis</span> <span class='ocrx_word' id='word_1_614' title='bbox 3370 3124 3455 3174; x_wconf 90' lang='lat' dir='ltr'>est</span> <span class='ocrx_word' id='word_1_615' title='bbox 3481 3135 3781 3191; x_wconf 91' lang='lat' dir='ltr'>magnum.</span> 
     </span>
    </p>
   </div>
   <div class='ocr_carea' id='block_1_91' title="bbox 2247 3210 3890 3284">
    <p class='ocr_par' dir='ltr' id='par_1_91' title="bbox 2247 3210 3890 3284">
     <span class='ocr_line' id='line_1_91' title="bbox 2247 3210 3890 3284; baseline -0.002 -17"><span class='ocrx_word' id='word_1_616' title='bbox 2247 3214 2437 3284; x_wconf 67' lang='lat' dir='ltr'>(Deos,</span> <span class='ocrx_word' id='word_1_617' title='bbox 2469 3213 2526 3266; x_wconf 89' lang='lat' dir='ltr'>in</span> <span class='ocrx_word' id='word_1_618' title='bbox 2545 3214 2688 3282; x_wconf 89' lang='lat' dir='ltr'>Lev.,</span> <span class='ocrx_word' id='word_1_619' title='bbox 2721 3218 2860 3268; x_wconf 87' lang='lat' dir='ltr'>tom.</span> <span class='ocrx_word' id='word_1_620' title='bbox 2893 3212 2982 3282; x_wconf 93' lang='lat' dir='ltr'>ll.)</span> <span class='ocrx_word' id='word_1_621' title='bbox 3041 3210 3316 3266; x_wconf 89' lang='lat' dir='ltr'>Dominus</span> <span class='ocrx_word' id='word_1_622' title='bbox 3371 3214 3565 3264; x_wconf 91' lang='lat' dir='ltr'>noster</span> <span class='ocrx_word' id='word_1_623' title='bbox 3630 3225 3748 3264; x_wconf 90' lang='lat' dir='ltr'>non</span> <span class='ocrx_word' id='word_1_624' title='bbox 3785 3225 3890 3264; x_wconf 86' lang='lat' dir='ltr'>so-</span> 
     </span>
    </p>
   </div>
   <div class='ocr_carea' id='block_1_92' title="bbox 2175 3299 3896 3372">
    <p class='ocr_par' dir='ltr' id='par_1_92' title="bbox 2175 3299 3896 3372">
     <span class='ocr_line' id='line_1_92' title="bbox 2175 3299 3896 3372; baseline -0.002 -16"><span class='ocrx_word' id='word_1_625' title='bbox 2175 3301 2296 3356; x_wconf 91' lang='lat' dir='ltr'>lum</span> <span class='ocrx_word' id='word_1_626' title='bbox 2325 3302 2522 3369; x_wconf 89' lang='lat' dir='ltr'>homo,</span> <span class='ocrx_word' id='word_1_627' title='bbox 2546 3305 2676 3369; x_wconf 90' lang='lat' dir='ltr'>etc.,</span> <span class='ocrx_word' id='word_1_628' title='bbox 2707 3317 2875 3370; x_wconf 85' lang='lat' dir='ltr'>usque</span> <span class='ocrx_word' id='word_1_629' title='bbox 2911 3301 2986 3356; x_wconf 89' lang='lat' dir='ltr'>ad</span> <span class='ocrx_word' id='word_1_630' title='bbox 3014 3305 3071 3356; x_wconf 90' lang='lat' dir='ltr'>et</span> <span class='ocrx_word' id='word_1_631' title='bbox 3099 3304 3229 3372; x_wconf 90' lang='lat' dir='ltr'>post</span> <span class='ocrx_word' id='word_1_632' title='bbox 3258 3299 3320 3354; x_wconf 92' lang='lat' dir='ltr'>in</span> <span class='ocrx_word' id='word_1_633' title='bbox 3347 3299 3631 3355; x_wconf 69' lang='lat' dir='ltr'>caelestem</span> <span class='ocrx_word' id='word_1_634' title='bbox 3660 3299 3896 3354; x_wconf 83' lang='lat' dir='ltr'>Jerusa-</span> 
     </span>
    </p>
   </div>
   <div class='ocr_carea' id='block_1_93' title="bbox 2176 3387 3894 3463">
    <p class='ocr_par' dir='ltr' id='par_1_93' title="bbox 2176 3387 3894 3463">
     <span class='ocr_line' id='line_1_93' title="bbox 2176 3387 3894 3463; baseline -0.001 -19"><span class='ocrx_word' id='word_1_635' title='bbox 2176 3390 2286 3445; x_wconf 90' lang='lat' dir='ltr'>lem</span> <span class='ocrx_word' id='word_1_636' title='bbox 2310 3390 2595 3445; x_wconf 91' lang='lat' dir='ltr'>bonorum</span> <span class='ocrx_word' id='word_1_637' title='bbox 2627 3405 2868 3463; x_wconf 89' lang='lat' dir='ltr'>operum</span> <span class='ocrx_word' id='word_1_638' title='bbox 2899 3389 3148 3445; x_wconf 88' lang='lat' dir='ltr'>victimis</span> <span class='ocrx_word' id='word_1_639' title='bbox 3188 3389 3430 3444; x_wconf 90' lang='lat' dir='ltr'>Domino</span> <span class='ocrx_word' id='word_1_640' title='bbox 3484 3387 3894 3444; x_wconf 88' lang='lat' dir='ltr'>commendata</span> 
     </span>
    </p>
   </div>
   <div class='ocr_carea' id='block_1_94' title="bbox 2175 3478 2490 3551">
    <p class='ocr_par' dir='ltr' id='par_1_94' title="bbox 2175 3478 2490 3551">
     <span class='ocr_line' id='line_1_94' title="bbox 2175 3478 2490 3551; baseline 0 -18"><span class='ocrx_word' id='word_1_641' title='bbox 2175 3478 2490 3551; x_wconf 86' lang='lat' dir='ltr'>perveniet.</span> 
     </span>
    </p>
   </div>
   <div class='ocr_carea' id='block_1_95' title="bbox 2249 3565 3890 3638">
    <p class='ocr_par' dir='ltr' id='par_1_95' title="bbox 2249 3565 3890 3638">
     <span class='ocr_line' id='line_1_95' title="bbox 2249 3565 3890 3638; baseline -0.001 -17"><span class='ocrx_word' id='word_1_642' title='bbox 2249 3569 2412 3622; x_wconf 71' lang='lat' dir='ltr'>Vens.</span> <span class='ocrx_word' id='word_1_643' title='bbox 2480 3573 2530 3622; x_wconf 83' lang='grc'>’7.</span> <span class='ocrx_word' id='word_1_644' title='bbox 2565 3596 2635 3609; x_wconf 90' lang='grc'><strong><em>-</em></strong></span> <span class='ocrx_word' id='word_1_645' title='bbox 2684 3568 2733 3623; x_wconf 80' lang='grc' dir='ltr'><strong><em>Α</em></strong></span> <span class='ocrx_word' id='word_1_646' title='bbox 2794 3569 3080 3638; x_wconf 83' lang='lat' dir='ltr'>proﬂuvio,</span> <span class='ocrx_word' id='word_1_647' title='bbox 3134 3571 3242 3622; x_wconf 89' lang='lat' dir='ltr'>etc.</span> <span class='ocrx_word' id='word_1_648' title='bbox 3311 3568 3607 3638; x_wconf 87' lang='lat' dir='ltr'>Tanquam</span> <span class='ocrx_word' id='word_1_649' title='bbox 3671 3565 3890 3638; x_wconf 88' lang='lat' dir='ltr'>aliquis</span> 
     </span>
    </p>
   </div>
   <div class='ocr_carea' id='block_1_96' title="bbox 2176 3654 3896 3728">
    <p class='ocr_par' dir='ltr' id='par_1_96' title="bbox 2176 3654 3896 3728">
     <span class='ocr_line' id='line_1_96' title="bbox 2176 3654 3896 3728; baseline -0.001 -18"><span class='ocrx_word' id='word_1_650' title='bbox 2176 3661 2416 3728; x_wconf 65' lang='lat' dir='ltr'>quaerat,</span> <span class='ocrx_word' id='word_1_651' title='bbox 2448 3656 2602 3711; x_wconf 91' lang='lat' dir='ltr'>unde</span> <span class='ocrx_word' id='word_1_652' title='bbox 2633 3656 3008 3712; x_wconf 88' lang='lat' dir='ltr'>mundabitur</span> <span class='ocrx_word' id='word_1_653' title='bbox 3064 3673 3194 3728; x_wconf 68' lang='lat' dir='ltr'>qua:</span> <span class='ocrx_word' id='word_1_654' title='bbox 3239 3655 3492 3726; x_wconf 88' lang='lat' dir='ltr'>legitime</span> <span class='ocrx_word' id='word_1_655' title='bbox 3535 3656 3841 3727; x_wconf 84' lang='lat' dir='ltr'>generavit</span> <span class='ocrx_word' id='word_1_656' title='bbox 3866 3654 3896 3709; x_wconf 72' lang='grc' dir='ltr'><strong><em>τ</em></strong></span> 
     </span>
    </p>
   </div>
   <div class='ocr_carea' id='block_1_97' title="bbox 2176 3744 3893 3816">
    <p class='ocr_par' dir='ltr' id='par_1_97' title="bbox 2176 3744 3893 3816">
     <span class='ocr_line' id='line_1_97' title="bbox 2176 3744 3893 3816; baseline -0.001 -16"><span class='ocrx_word' id='word_1_657' title='bbox 2176 3745 2275 3814; x_wconf 88' lang='lat' dir='ltr'>ait,</span> <span class='ocrx_word' id='word_1_658' title='bbox 2308 3763 2342 3800; x_wconf 91' lang='lat' dir='ltr'>a</span> <span class='ocrx_word' id='word_1_659' title='bbox 2369 3748 2638 3816; x_wconf 82' lang='lat' dir='ltr'>proﬂuvio</span> <span class='ocrx_word' id='word_1_660' title='bbox 2689 3747 2976 3814; x_wconf 86' lang='lat' dir='ltr'>sanguinis</span> <span class='ocrx_word' id='word_1_661' title='bbox 3020 3748 3130 3816; x_wconf 89' lang='lat' dir='ltr'>sui,</span> <span class='ocrx_word' id='word_1_662' title='bbox 3173 3745 3283 3802; x_wconf 89' lang='lat' dir='ltr'>hoc</span> <span class='ocrx_word' id='word_1_663' title='bbox 3337 3749 3418 3801; x_wconf 89' lang='lat' dir='ltr'>est</span> <span class='ocrx_word' id='word_1_664' title='bbox 3472 3744 3893 3810; x_wconf 90' lang='lat' dir='ltr'>iuobedientia,</span> 
     </span>
    </p>
   </div>
   <div class='ocr_carea' id='block_1_98' title="bbox 2177 3834 3896 3907">
    <p class='ocr_par' dir='ltr' id='par_1_98' title="bbox 2177 3834 3896 3907">
     <span class='ocr_line' id='line_1_98' title="bbox 2177 3834 3896 3907; baseline -0.001 -18"><span class='ocrx_word' id='word_1_665' title='bbox 2177 3835 2328 3890; x_wconf 89' lang='lat' dir='ltr'>unde</span> <span class='ocrx_word' id='word_1_666' title='bbox 2359 3835 2729 3890; x_wconf 89' lang='lat' dir='ltr'>immunditia</span> <span class='ocrx_word' id='word_1_667' title='bbox 2748 3840 2805 3889; x_wconf 92' lang='lat' dir='ltr'>et</span> <span class='ocrx_word' id='word_1_668' title='bbox 2854 3852 3022 3907; x_wconf 71' lang='lat' dir='ltr'>poena</span> <span class='ocrx_word' id='word_1_669' title='bbox 3056 3835 3348 3906; x_wconf 74' lang='lat' dir='ltr'>profluxit,</span> <span class='ocrx_word' id='word_1_670' title='bbox 3399 3851 3504 3906; x_wconf 90' lang='lat' dir='ltr'>per</span> <span class='ocrx_word' id='word_1_671' title='bbox 3555 3834 3896 3889; x_wconf 88' lang='lat' dir='ltr'>meditatio-</span> 
     </span>
    </p>
   </div>
   <div class='ocr_carea' id='block_1_99' title="bbox 2176 3923 3896 3997">
    <p class='ocr_par' dir='ltr' id='par_1_99' title="bbox 2176 3923 3896 3997">
     <span class='ocr_line' id='line_1_99' title="bbox 2176 3923 3896 3997; baseline -0.001 -18"><span class='ocrx_word' id='word_1_672' title='bbox 2176 3940 2310 3979; x_wconf 90' lang='lat' dir='ltr'>nem</span> <span class='ocrx_word' id='word_1_673' title='bbox 2351 3929 2408 3979; x_wconf 91' lang='lat' dir='ltr'>et</span> <span class='ocrx_word' id='word_1_674' title='bbox 2475 3923 3018 3996; x_wconf 87' lang='lat' dir='ltr'>contemplationem</span> <span class='ocrx_word' id='word_1_675' title='bbox 3080 3924 3244 3997; x_wconf 90' lang='lat' dir='ltr'>legis,</span> <span class='ocrx_word' id='word_1_676' title='bbox 3303 3924 3468 3997; x_wconf 89' lang='lat' dir='ltr'>cujus</span> <span class='ocrx_word' id='word_1_677' title='bbox 3530 3923 3896 3994; x_wconf 88' lang='lat' dir='ltr'>negligentia</span> 
     </span>
    </p>
   </div>
   <div class='ocr_carea' id='block_1_100' title="bbox 2175 4013 3241 4070">
    <p class='ocr_par' dir='ltr' id='par_1_100' title="bbox 2175 4013 3241 4070">
     <span class='ocr_line' id='line_1_100' title="bbox 2175 4013 3241 4070; baseline 0.002 -2"><span class='ocrx_word' id='word_1_678' title='bbox 2175 4013 2506 4069; x_wconf 88' lang='lat' dir='ltr'>hominibus</span> <span class='ocrx_word' id='word_1_679' title='bbox 2535 4013 2962 4070; x_wconf 91' lang='lat' dir='ltr'>immunditiam</span> <span class='ocrx_word' id='word_1_680' title='bbox 3009 4013 3241 4070; x_wconf 86' lang='lat' dir='ltr'>invexit.</span> 
     </span>
    </p>
   </div>
   <div class='ocr_carea' id='block_1_101' title="bbox 2840 4147 3231 4203">
    <p class='ocr_par' dir='ltr' id='par_1_101' title="bbox 2840 4147 3231 4203">
     <span class='ocr_line' id='line_1_101' title="bbox 2840 4147 3231 4203; baseline -0.003 0"><span class='ocrx_word' id='word_1_681' title='bbox 2840 4147 3066 4203; x_wconf 82' lang='lat' dir='ltr'>CAPUT</span> <span class='ocrx_word' id='word_1_682' title='bbox 3094 4147 3231 4203; x_wconf 86' lang='lat' dir='ltr'>XIII.</span> 
     </span>
    </p>
   </div>
   <div class='ocr_carea' id='block_1_102' title="bbox 2247 4279 3896 4352">
    <p class='ocr_par' dir='ltr' id='par_1_102' title="bbox 2247 4279 3896 4352">
     <span class='ocr_line' id='line_1_102' title="bbox 2247 4279 3896 4352; baseline -0.001 -16"><span class='ocrx_word' id='word_1_683' title='bbox 2247 4281 2414 4336; x_wconf 73' lang='lat' dir='ltr'>Vens.</span> <span class='ocrx_word' id='word_1_684' title='bbox 2440 4285 2487 4337; x_wconf 81' lang='grc' dir='ltr'><strong>ί.</strong></span> <span class='ocrx_word' id='word_1_685' title='bbox 2521 4312 2580 4322; x_wconf 89' lang='grc'><strong>-</strong></span> <span class='ocrx_word' id='word_1_686' title='bbox 2618 4283 2955 4351; x_wconf 85' lang='lat' dir='ltr'>Locutusque</span> <span class='ocrx_word' id='word_1_687' title='bbox 2995 4285 3073 4336; x_wconf 89' lang='lat' dir='ltr'>est</span> <span class='ocrx_word' id='word_1_688' title='bbox 3115 4281 3394 4336; x_wconf 70' lang='lat' dir='ltr'>Dominus.</span> <span class='ocrx_word' id='word_1_689' title='bbox 3460 4279 3642 4352; x_wconf 71' lang='lat' dir='ltr'>(Isin)</span> <span class='ocrx_word' id='word_1_690' title='bbox 3693 4280 3896 4336; x_wconf 89' lang='lat' dir='ltr'>Semel</span> 
     </span>
    </p>
   </div>
   <div class='ocr_carea' id='block_1_103' title="bbox 2177 4369 3898 4442">
    <p class='ocr_par' dir='ltr' id='par_1_103' title="bbox 2177 4369 3898 4442">
     <span class='ocr_line' id='line_1_103' title="bbox 2177 4369 3898 4442; baseline -0.002 -16"><span class='ocrx_word' id='word_1_691' title='bbox 2177 4370 2438 4442; x_wconf 88' lang='lat' dir='ltr'>loquitur</span> <span class='ocrx_word' id='word_1_692' title='bbox 2476 4372 2643 4438; x_wconf 90' lang='lat' dir='ltr'>Deus,</span> <span class='ocrx_word' id='word_1_693' title='bbox 2699 4374 2756 4425; x_wconf 91' lang='lat' dir='ltr'>et</span> <span class='ocrx_word' id='word_1_694' title='bbox 2806 4371 2920 4426; x_wconf 91' lang='lat' dir='ltr'>duo</span> <span class='ocrx_word' id='word_1_695' title='bbox 2974 4369 3320 4426; x_wconf 89' lang='lat' dir='ltr'>audiuntur:</span> <span class='ocrx_word' id='word_1_696' title='bbox 3378 4369 3655 4442; x_wconf 90' lang='lat' dir='ltr'>Spiritum</span> <span class='ocrx_word' id='word_1_697' title='bbox 3722 4369 3898 4426; x_wconf 91' lang='lat' dir='ltr'>audit</span> 
     </span>
    </p>
   </div>
   <div class='ocr_carea' id='block_1_104' title="bbox 2177 4457 3894 4530">
    <p class='ocr_par' dir='ltr' id='par_1_104' title="bbox 2177 4457 3894 4530">
     <span class='ocr_line' id='line_1_104' title="bbox 2177 4457 3894 4530; baseline -0.001 -16"><span class='ocrx_word' id='word_1_698' title='bbox 2177 4459 2412 4530; x_wconf 80' lang='lat' dir='ltr'>Moyses,</span> <span class='ocrx_word' id='word_1_699' title='bbox 2452 4463 2514 4512; x_wconf 93' lang='lat' dir='ltr'>ut</span> <span class='ocrx_word' id='word_1_700' title='bbox 2542 4458 2881 4526; x_wconf 90' lang='lat' dir='ltr'>sublimior;</span> <span class='ocrx_word' id='word_1_701' title='bbox 2920 4459 3192 4528; x_wconf 87' lang='lat' dir='ltr'>litteram,</span> <span class='ocrx_word' id='word_1_702' title='bbox 3236 4460 3447 4526; x_wconf 80' lang='lat' dir='ltr'>Aaron,</span> <span class='ocrx_word' id='word_1_703' title='bbox 3507 4462 3570 4513; x_wconf 87' lang='lat' dir='ltr'>ut</span> <span class='ocrx_word' id='word_1_704' title='bbox 3622 4457 3894 4525; x_wconf 86' lang='lat' dir='ltr'>inferior,</span> 
     </span>
    </p>
   </div>
   <div class='ocr_carea' id='block_1_105' title="bbox 2177 4547 3900 4620">
    <p class='ocr_par' dir='ltr' id='par_1_105' title="bbox 2177 4547 3900 4620">
     <span class='ocr_line' id='line_1_105' title="bbox 2177 4547 3900 4620; baseline 0.001 -19"><span class='ocrx_word' id='word_1_705' title='bbox 2177 4547 2278 4619; x_wconf 91' lang='lat' dir='ltr'>qui</span> <span class='ocrx_word' id='word_1_706' title='bbox 2298 4547 2550 4602; x_wconf 88' lang='lat' dir='ltr'>litteram</span> <span class='ocrx_word' id='word_1_707' title='bbox 2575 4547 2801 4602; x_wconf 90' lang='lat' dir='ltr'>nuntiat</span> <span class='ocrx_word' id='word_1_708' title='bbox 2835 4548 3068 4620; x_wconf 90' lang='lat' dir='ltr'>populo.</span> <span class='ocrx_word' id='word_1_709' title='bbox 3126 4547 3282 4603; x_wconf 91' lang='lat' dir='ltr'>Unde</span> <span class='ocrx_word' id='word_1_710' title='bbox 3339 4549 3456 4618; x_wconf 86' lang='lat' dir='ltr'>ipse</span> <span class='ocrx_word' id='word_1_711' title='bbox 3509 4547 3756 4618; x_wconf 82' lang='lat' dir='ltr'>loquetur</span> <span class='ocrx_word' id='word_1_712' title='bbox 3816 4547 3900 4602; x_wconf 85' lang='lat' dir='ltr'>ad</span> 
     </span>
    </p>
   </div>
   <div class='ocr_carea' id='block_1_106' title="bbox 2174 4636 3900 4706">
    <p class='ocr_par' dir='ltr' id='par_1_106' title="bbox 2174 4636 3900 4706">
     <span class='ocr_line' id='line_1_106' title="bbox 2174 4636 3900 4706; baseline 0.001 -16"><span class='ocrx_word' id='word_1_713' title='bbox 2174 4637 2456 4706; x_wconf 85' lang='lat' dir='ltr'>papulum,</span> <span class='ocrx_word' id='word_1_714' title='bbox 2499 4641 2550 4691; x_wconf 89' lang='lat' dir='ltr'>et</span> <span class='ocrx_word' id='word_1_715' title='bbox 2575 4639 2678 4692; x_wconf 89' lang='lat' dir='ltr'>erit</span> <span class='ocrx_word' id='word_1_716' title='bbox 2706 4652 2763 4692; x_wconf 88' lang='lat' dir='ltr'>os</span> <span class='ocrx_word' id='word_1_717' title='bbox 2794 4641 2967 4703; x_wconf 89' lang='lat' dir='ltr'>tuum,</span> <span class='ocrx_word' id='word_1_718' title='bbox 2999 4642 3058 4692; x_wconf 92' lang='lat' dir='ltr'>tu</span> <span class='ocrx_word' id='word_1_719' title='bbox 3082 4641 3262 4692; x_wconf 87' lang='lat' dir='ltr'>autem</span> <span class='ocrx_word' id='word_1_720' title='bbox 3289 4639 3395 4692; x_wconf 84' lang='lat' dir='ltr'>eris</span> <span class='ocrx_word' id='word_1_721' title='bbox 3449 4639 3510 4693; x_wconf 90' lang='lat' dir='ltr'>in</span> <span class='ocrx_word' id='word_1_722' title='bbox 3538 4638 3621 4693; x_wconf 78' lang='lat' dir='ltr'>his</span> <span class='ocrx_word' id='word_1_723' title='bbox 3659 4651 3780 4706; x_wconf 63' lang='lat' dir='ltr'>qua</span> <span class='ocrx_word' id='word_1_724' title='bbox 3817 4636 3900 4692; x_wconf 83' lang='lat' dir='ltr'>ad</span> 
     </span>
    </p>
   </div>
   <div class='ocr_carea' id='block_1_107' title="bbox 2177 4725 3002 4797">
    <p class='ocr_par' dir='ltr' id='par_1_107' title="bbox 2177 4725 3002 4797">
     <span class='ocr_line' id='line_1_107' title="bbox 2177 4725 3002 4797; baseline 0 -17"><span class='ocrx_word' id='word_1_725' title='bbox 2177 4727 2342 4780; x_wconf 89' lang='lat' dir='ltr'>Deum</span> <span class='ocrx_word' id='word_1_726' title='bbox 2359 4727 2635 4796; x_wconf 83' lang='lat' dir='ltr'>pertinent</span> <span class='ocrx_word' id='word_1_727' title='bbox 2665 4725 2872 4796; x_wconf 73' lang='lat' dir='ltr'>(Exod.</span> <span class='ocrx_word' id='word_1_728' title='bbox 2907 4726 3002 4797; x_wconf 73' lang='grc' dir='ltr'>ιν).</span> 
     </span>
    </p>
   </div>
   <div class='ocr_carea' id='block_1_108' title="bbox 2247 4814 3899 4887">
    <p class='ocr_par' dir='ltr' id='par_1_108' title="bbox 2247 4814 3899 4887">
     <span class='ocr_line' id='line_1_108' title="bbox 2247 4814 3899 4887; baseline 0.001 -19"><span class='ocrx_word' id='word_1_729' title='bbox 2247 4815 2412 4869; x_wconf 78' lang='lat' dir='ltr'>Vaas.</span> <span class='ocrx_word' id='word_1_730' title='bbox 2440 4817 2500 4872; x_wconf 83' lang='lat'>2.</span> <span class='ocrx_word' id='word_1_731' title='bbox 2529 4844 2588 4855; x_wconf 94' lang='lat'><strong>—</strong></span> <span class='ocrx_word' id='word_1_732' title='bbox 2617 4815 2822 4871; x_wconf 84' lang='lat' dir='ltr'>Homo.</span> <span class='ocrx_word' id='word_1_733' title='bbox 2879 4815 2996 4886; x_wconf 75' lang='lat'>(10.)</span> <span class='ocrx_word' id='word_1_734' title='bbox 3025 4814 3352 4887; x_wconf 77' lang='lat' dir='ltr'>Aliquando</span> <span class='ocrx_word' id='word_1_735' title='bbox 3397 4815 3742 4872; x_wconf 84' lang='lat' dir='ltr'>excellenter</span> <span class='ocrx_word' id='word_1_736' title='bbox 3794 4831 3899 4870; x_wconf 84' lang='lat' dir='ltr'>ac-</span> 
     </span>
    </p>
   </div>
   <div class='ocr_carea' id='block_1_109' title="bbox 2176 4903 3903 4976">
    <p class='ocr_par' dir='ltr' id='par_1_109' title="bbox 2176 4903 3903 4976">
     <span class='ocr_line' id='line_1_109' title="bbox 2176 4903 3903 4976; baseline 0.001 -18"><span class='ocrx_word' id='word_1_737' title='bbox 2176 4903 2407 4974; x_wconf 90' lang='lat' dir='ltr'>cipitur,</span> <span class='ocrx_word' id='word_1_738' title='bbox 2439 4903 2540 4974; x_wconf 90' lang='lat' dir='ltr'>qui</span> <span class='ocrx_word' id='word_1_739' title='bbox 2570 4903 2672 4959; x_wconf 90' lang='lat' dir='ltr'>Dei</span> <span class='ocrx_word' id='word_1_740' title='bbox 2703 4903 3018 4975; x_wconf 90' lang='lat' dir='ltr'>imaginem</span> <span class='ocrx_word' id='word_1_741' title='bbox 3049 4907 3106 4959; x_wconf 89' lang='lat' dir='ltr'>et</span> <span class='ocrx_word' id='word_1_742' title='bbox 3131 4908 3351 4959; x_wconf 69' lang='lat' dir='ltr'>natura:</span> <span class='ocrx_word' id='word_1_743' title='bbox 3409 4907 3595 4960; x_wconf 88' lang='lat' dir='ltr'>servat</span> <span class='ocrx_word' id='word_1_744' title='bbox 3641 4903 3903 4976; x_wconf 81' lang='lat' dir='ltr'>dignita-</span> 
     </span>
    </p>
   </div>
   <div class='ocr_carea' id='block_1_110' title="bbox 2174 4991 3900 5066">
    <p class='ocr_par' dir='ltr' id='par_1_110' title="bbox 2174 4991 3900 5066">
     <span class='ocr_line' id='line_1_110' title="bbox 2174 4991 3900 5066; baseline 0.001 -19"><span class='ocrx_word' id='word_1_745' title='bbox 2174 4997 2313 5048; x_wconf 88' lang='lat' dir='ltr'>tem.</span> <span class='ocrx_word' id='word_1_746' title='bbox 2336 4991 2664 5063; x_wconf 83' lang='lat' dir='ltr'>Aliquando</span> <span class='ocrx_word' id='word_1_747' title='bbox 2693 4997 2979 5064; x_wconf 87' lang='lat' dir='ltr'>peccator,</span> <span class='ocrx_word' id='word_1_748' title='bbox 3010 4993 3071 5048; x_wconf 90' lang='lat' dir='ltr'>in</span> <span class='ocrx_word' id='word_1_749' title='bbox 3115 5009 3231 5066; x_wconf 86' lang='lat' dir='ltr'>quo</span> <span class='ocrx_word' id='word_1_750' title='bbox 3243 4992 3492 5066; x_wconf 87' lang='lat' dir='ltr'>dignitas</span> <span class='ocrx_word' id='word_1_751' title='bbox 3511 4992 3900 5063; x_wconf 85' lang='lat' dir='ltr'>deformatur,</span> 
     </span>
    </p>
   </div>
   <div class='ocr_carea' id='block_1_111' title="bbox 2176 5079 2466 5136">
    <p class='ocr_par' dir='ltr' id='par_1_111' title="bbox 2176 5079 2466 5136">
     <span class='ocr_line' id='line_1_111' title="bbox 2176 5079 2466 5136; baseline 0 -1"><span class='ocrx_word' id='word_1_752' title='bbox 2176 5079 2324 5136; x_wconf 90' lang='lat' dir='ltr'>sicut</span> <span class='ocrx_word' id='word_1_753' title='bbox 2351 5079 2466 5136; x_wconf 91' lang='lat' dir='ltr'>hic.</span> 
     </span>
    </p>
   </div>
   <div class='ocr_carea' id='block_1_112' title="bbox 2246 5171 3901 5244">
    <p class='ocr_par' dir='ltr' id='par_1_112' title="bbox 2246 5171 3901 5244">
     <span class='ocr_line' id='line_1_112' title="bbox 2246 5171 3901 5244; baseline 0 -18"><span class='ocrx_word' id='word_1_754' title='bbox 2246 5171 2308 5226; x_wconf 84' lang='lat' dir='ltr'>In</span> <span class='ocrx_word' id='word_1_755' title='bbox 2339 5171 2496 5240; x_wconf 86' lang='lat' dir='ltr'>cujus</span> <span class='ocrx_word' id='word_1_756' title='bbox 2525 5185 2703 5239; x_wconf 88' lang='lat' dir='ltr'>carne,</span> <span class='ocrx_word' id='word_1_757' title='bbox 2737 5175 2840 5226; x_wconf 93' lang='lat' dir='ltr'>etc.</span> <span class='ocrx_word' id='word_1_758' title='bbox 2872 5172 2936 5226; x_wconf 93' lang='lat' dir='ltr'>1n</span> <span class='ocrx_word' id='word_1_759' title='bbox 2992 5187 3166 5227; x_wconf 91' lang='lat' dir='ltr'>carne</span> <span class='ocrx_word' id='word_1_760' title='bbox 3183 5176 3241 5228; x_wconf 90' lang='lat' dir='ltr'>et</span> <span class='ocrx_word' id='word_1_761' title='bbox 3301 5176 3432 5228; x_wconf 88' lang='lat' dir='ltr'>cute</span> <span class='ocrx_word' id='word_1_762' title='bbox 3487 5172 3710 5244; x_wconf 87' lang='lat' dir='ltr'>lepram</span> <span class='ocrx_word' id='word_1_763' title='bbox 3747 5187 3901 5244; x_wconf 86' lang='lat' dir='ltr'>por-</span> 
     </span>
    </p>
   </div>
   <div class='ocr_carea' id='block_1_113' title="bbox 2176 5259 3906 5330">
    <p class='ocr_par' dir='ltr' id='par_1_113' title="bbox 2176 5259 3906 5330">
     <span class='ocr_line' id='line_1_113' title="bbox 2176 5259 3906 5330; baseline 0.002 -16"><span class='ocrx_word' id='word_1_764' title='bbox 2176 5263 2274 5325; x_wconf 83' lang='lat' dir='ltr'>tat,</span> <span class='ocrx_word' id='word_1_765' title='bbox 2302 5259 2398 5330; x_wconf 89' lang='lat' dir='ltr'>qui</span> <span class='ocrx_word' id='word_1_766' title='bbox 2435 5259 2686 5315; x_wconf 90' lang='lat' dir='ltr'>carnalia</span> <span class='ocrx_word' id='word_1_767' title='bbox 2732 5260 2820 5315; x_wconf 86' lang='lat' dir='ltr'>vel</span> <span class='ocrx_word' id='word_1_768' title='bbox 2879 5260 3163 5316; x_wconf 88' lang='lat' dir='ltr'>exteriora</span> <span class='ocrx_word' id='word_1_769' title='bbox 3229 5261 3470 5316; x_wconf 90' lang='lat' dir='ltr'>suadere</span> <span class='ocrx_word' id='word_1_770' title='bbox 3563 5265 3763 5329; x_wconf 88' lang='lat' dir='ltr'>certat,</span> <span class='ocrx_word' id='word_1_771' title='bbox 3827 5267 3906 5317; x_wconf 85' lang='lat' dir='ltr'>ut</span> 
     </span>
    </p>
   </div>
   <div class='ocr_carea' id='block_1_114' title="bbox 2178 5347 3902 5421">
    <p class='ocr_par' dir='ltr' id='par_1_114' title="bbox 2178 5347 3902 5421">
     <span class='ocr_line' id='line_1_114' title="bbox 2178 5347 3902 5421; baseline 0.002 -19"><span class='ocrx_word' id='word_1_772' title='bbox 2178 5347 2553 5410; x_wconf 87' lang='lat' dir='ltr'>Coriuthiani,</span> <span class='ocrx_word' id='word_1_773' title='bbox 2625 5349 2728 5420; x_wconf 90' lang='lat' dir='ltr'>qui</span> <span class='ocrx_word' id='word_1_774' title='bbox 2787 5349 3067 5421; x_wconf 89' lang='lat' dir='ltr'>putabant</span> <span class='ocrx_word' id='word_1_775' title='bbox 3115 5350 3595 5406; x_wconf 88' lang='lat' dir='ltr'>resurrectionem</span> <span class='ocrx_word' id='word_1_776' title='bbox 3627 5349 3902 5406; x_wconf 82' lang='lat' dir='ltr'>futuram</span> 
     </span>
    </p>
   </div>
   <div class='ocr_carea' id='block_1_115' title="bbox 2177 5437 3906 5516">
    <p class='ocr_par' dir='ltr' id='par_1_115' title="bbox 2177 5437 3906 5516">
     <span class='ocr_line' id='line_1_115' title="bbox 2177 5437 3906 5516; baseline 0 -24"><span class='ocrx_word' id='word_1_777' title='bbox 2177 5437 2239 5492; x_wconf 90' lang='lat' dir='ltr'>in</span> <span class='ocrx_word' id='word_1_778' title='bbox 2253 5438 2545 5516; x_wconf 87' lang='lat' dir='ltr'>voluptate</span> <span class='ocrx_word' id='word_1_779' title='bbox 2569 5438 2757 5493; x_wconf 89' lang='lat' dir='ltr'>carnis</span> <span class='ocrx_word' id='word_1_780' title='bbox 2798 5443 2894 5494; x_wconf 87' lang='lat' dir='ltr'>:et</span> <span class='ocrx_word' id='word_1_781' title='bbox 2921 5438 2982 5493; x_wconf 90' lang='lat' dir='ltr'>in</span> <span class='ocrx_word' id='word_1_782' title='bbox 3008 5438 3122 5494; x_wconf 81' lang='lat' dir='ltr'>fide</span> <span class='ocrx_word' id='word_1_783' title='bbox 3169 5438 3554 5506; x_wconf 87' lang='lat' dir='ltr'>manentibus,</span> <span class='ocrx_word' id='word_1_784' title='bbox 3621 5437 3906 5510; x_wconf 84' lang='lat' dir='ltr'>quamvis</span> 
     </span>
    </p>
   </div>
   <div class='ocr_carea' id='block_1_116' title="bbox 2176 5525 3680 5601">
    <p class='ocr_par' dir='ltr' id='par_1_116' title="bbox 2176 5525 3680 5601">
     <span class='ocr_line' id='line_1_116' title="bbox 2176 5525 3680 5601; baseline 0.005 -23"><span class='ocrx_word' id='word_1_785' title='bbox 2176 5525 2476 5580; x_wconf 81' lang='lat' dir='ltr'>carnaliter</span> <span class='ocrx_word' id='word_1_786' title='bbox 2503 5525 2714 5594; x_wconf 86' lang='lat' dir='ltr'>vivant,</span> <span class='ocrx_word' id='word_1_787' title='bbox 2737 5543 2856 5582; x_wconf 91' lang='lat' dir='ltr'>non</span> <span class='ocrx_word' id='word_1_788' title='bbox 2883 5527 3158 5600; x_wconf 89' lang='lat' dir='ltr'>imputari</span> <span class='ocrx_word' id='word_1_789' title='bbox 3210 5532 3457 5601; x_wconf 85' lang='lat' dir='ltr'>peccata.</span> <span class='ocrx_word' id='word_1_790' title='bbox 3671 5587 3680 5598; x_wconf 61' lang='grc'><em>,</em></span> 
     </span>
    </p>
   </div>
   <div class='ocr_carea' id='block_1_117' title="bbox 2247 5611 3906 5692">
    <p class='ocr_par' dir='ltr' id='par_1_117' title="bbox 2247 5611 3906 5692">
     <span class='ocr_line' id='line_1_117' title="bbox 2247 5611 3906 5692; baseline 0.005 -26"><span class='ocrx_word' id='word_1_791' title='bbox 2247 5611 2360 5667; x_wconf 88' lang='lat' dir='ltr'>Aut</span> <span class='ocrx_word' id='word_1_792' title='bbox 2397 5615 2558 5682; x_wconf 86' lang='lat' dir='ltr'>quasi</span> <span class='ocrx_word' id='word_1_793' title='bbox 2583 5614 2780 5670; x_wconf 80' lang='lat' dir='ltr'>lucens.</span> <span class='ocrx_word' id='word_1_794' title='bbox 2811 5615 2990 5686; x_wconf 89' lang='lat' dir='ltr'>Lepra</span> <span class='ocrx_word' id='word_1_795' title='bbox 3051 5613 3166 5672; x_wconf 87' lang='lat' dir='ltr'>alia</span> <span class='ocrx_word' id='word_1_796' title='bbox 3215 5614 3393 5692; x_wconf 62' lang='lat' dir='ltr'>nimis</span> <span class='ocrx_word' id='word_1_797' title='bbox 3445 5615 3534 5672; x_wconf 88' lang='lat' dir='ltr'>vel</span> <span class='ocrx_word' id='word_1_798' title='bbox 3588 5614 3906 5674; x_wconf 77' lang='lat' dir='ltr'>moderate</span> 
     </span>
    </p>
   </div>
  </div>
