4064 6186
233 328 317 382 333

230 450 455 517 obscura,
481 451 735 507 nondum
764 454 1074 513 eﬁ'ervente
1107 462 1389 532 passione,
1426 484 1555 538 qua:
1577 468 1757 525 nimia
1790 472 1885 527 in—

228 537 356 606 diget
385 538 807 597 deliberatione.
872 546 999 601 Alia
1056 549 1227 603 nimis
1266 552 1422 607 clara
1445 537 1521 609 iet
1564 560 1888 629 perspicua,

230 625 364 693 cujus
390 632 577 695 aperta
608 630 891 698 cognitio.

280 713 432 780 Plaga
468 716 644 784 leprae.
694 717 873 789 ([51n.)
922 722 1103 792 Lepra
1149 723 1292 779 falsa
1333 727 1620 799 doctrina;
1671 733 1883 804 leprosi

223 799 441 855 haeretici
496 803 591 873 qui
632 806 911 862 unitatem
950 825 1099 865 verae
1131 812 1263 867 ﬁdei
1306 832 1423 870 non
1455 817 1750 887 habentes,
1782 839 1885 877 va-

222 888 314 941 rios
364 888 628 947 doctrinas
678 896 1025 965 proﬁtentur
1075 918 1319 971 errores,
1379 922 1513 961 vera
1568 909 1723 964 falsis
1783 914 1879 967 ad-

220 975 487 1031 miscentes
541 986 598 1035 et
648 983 972 1054 Ecclesiam,
1029 988 1175 1045 sicut
1220 991 1381 1063 lepra
1424 1010 1688 1067 corpora,
1738 999 1878 1054 irra-

218 1064 397 1119 diando
428 1074 866 1128 commaculant.

273 1154 325 1206 ln
372 1170 607 1226 corpore
666 1160 885 1230 lepram
934 1163 1102 1233 gerit,
1161 1166 1261 1238 qui
1321 1169 1582 1227 Ecclesia;
1609 1173 1877 1243 detrahit,

216 1240 333 1295 sicut
359 1243 795 1316 Carpocratiani,
849 1251 948 1321 qui
978 1259 1196 1324 negant
1239 1261 1722 1317 resurrectionem
1751 1281 1870 1319 car-

218 1329 302 1395 nis,
332 1336 383 1385 et
402 1333 718 1403 Novatiani,
739 1338 839 1408 qui
860 1341 1090 1412 nuptias
1105 1343 1404 1416 damnant,
1426 1353 1482 1402 et
1506 1352 1875 1419 peccantibus

216 1417 443 1474 auferunt
474 1423 875 1491 pcenitentiam
891 1466 903 1478 .

274 1506 354 1559 Vel
395 1508 467 1561 ad
514 1524 681 1564 unum
727 1515 1013 1582 quemlibet
1051 1517 1289 1585 ﬁliorum
1327 1522 1467 1591 ejus,
1520 1528 1627 1578 etc.
1661 1525 1873 1597 Cogna-

214 1595 369 1647 torum
398 1597 713 1652 secundum
748 1601 1035 1671 spiritum,
1067 1621 1100 1657 a
1128 1623 1242 1676 quo
1274 1608 1445 1663 habet
1468 1612 1871 1680 sacerdotium,

215 1679 388 1748 quibus
428 1682 577 1738 inest
601 1687 852 1756 perfecta
899 1696 955 1743 et
990 1693 1161 1762 plena
1193 1697 1512 1765 prophetia,
1570 1705 1633 1753 ut
1662 1679 1872 1757 discen-

212 1784 319 1822 nere
340 1773 553 1840 possint
580 1776 810 1831 subtilia
841 1782 896 1832 et
925 1780 1131 1834 animus
1164 1789 1350 1838 motus
1383 1786 1729 1845 abconditos.

268 1858 403 1915 Vens.
439 1864 469 1915 3
513 1894 583 1903 —-
611 1867 774 1920 Pilos.
820 1868 1225 1939 Cogitationes,
1273 1876 1481 1945 quibus
1527 1879 1717 1933 anima
1769 1896 1865 1935 or-

211 1952 367 2018 natur,
398 1967 677 2024 mensque
708 1958 1048 2027 contegitur,
1105 1977 1137 2014 a
1170 1979 1283 2033 qua
1322 1973 1687 2033 generantur,
1721 1968 1868 2024 sicut

209 2042 348 2106 caput
389 2040 626 2110 capillos
668 2051 924 2113 generat,
975 2047 1182 2117 quibus
1234 2056 1473 2106 ornatur
1528 2058 1585 2108 et
1629 2056 1861 2125 tegitur.

210 2126 339 2180 Unde
360 2132 543 2197 capilli
572 2136 769 2201 capitis
792 2137 958 2189 vestri
983 2152 1159 2192 omnes
1191 2146 1465 2194 numerati
1494 2150 1619 2199 sunt
1648 2147 1861 2215 (Matth.

206 2218 268 2283 x).
296 2216 418 2271 Inde
449 2219 705 2276 Nazareni
738 2228 908 2293 caput
938 2242 1051 2279 non
1082 2227 1323 2283 tondent
1362 2230 1543 2301 (Num.
1592 2238 1684 2302 vi),
1729 2235 1865 2306 quia

206 2306 484 2373 superﬂuas
532 2311 913 2381 cogitationes
964 2330 1080 2369 non
1124 2316 1357 2384 habent,
1394 2326 1614 2375 sanctas
1669 2330 1863 2378 autem

203 2391 448 2463 deponere
469 2405 753 2467 sanctum,
789 2402 1062 2457 damnum
1096 2410 1200 2459 est.

260 2484 513 2543 Humilior
546 2505 727 2556 carne,
783 2495 887 2545 etc.
926 2492 1205 2547 Humilior
1236 2495 1422 2567 seipso
1455 2514 1468 2551 :
1515 2499 1662 2553 unde
1716 2505 1862 2556 recte

202 2579 390 2632 veniam
422 2594 540 2632 non
591 2584 867 2633 meretur.
909 2581 1069 2635 Vinci
1126 2583 1282 2637 enim
1338 2584 1409 2639 ab
1464 2586 1574 2640 alio
1631 2588 1859 2658 majori,

201 2666 441 2734 portabile
472 2672 595 2733 est;
657 2666 874 2721 bonum
907 2673 1096 2723 autem
1134 2687 1165 2724 a
1199 2672 1311 2727 Deo
1353 2680 1707 2744 praeceptum
1736 2692 1856 2731 non

199 2758 387 2825 operari
415 2756 639 2827 (dividit
666 2756 819 2810 enim
853 2758 1131 2813 Dominus
1182 2766 1356 2830 prout
1380 2764 1544 2833 vult),
1578 2770 1639 2818 ut
1668 2766 1859 2837 seipso

198 2840 444 2916 quispiam
474 2844 731 2900 deterior
760 2845 879 2913 ﬁat,
924 2847 1032 2901 hoc
1072 2847 1438 2920 importabile
1469 2856 1570 2906 est.

252 2935 393 2988 Vens.
429 2936 481 2989 4.
522 2966 593 2974 —
626 2934 879 2990 Recludet
924 2952 1061 2991 eum.
1108 2937 1368 2993 Secundo
1419 2941 1750 3010 recluditur,
1793 2948 1857 2998 ut

198 3023 410 3078 studiose
438 3023 802 3094 inspiciatur,
835 3028 891 3079 et
918 3025 1133 3096 duplici
1183 3028 1520 3099 probatione
1574 3036 1856 3086 transacta
1892 3050 1930 3105 (ς

197 3112 475 3167 districtum
499 3112 790 3184 judicium
815 3112 932 3169 ﬁat.
988 3116 1345 3172 Manifestum
1376 3118 1531 3172 enim
1578 3125 1699 3173 erat
1728 3137 1857 3191 pec-

196 3207 350 3256 catum
406 3202 713 3271 sacerdoti,
766 3203 863 3258 sed
921 3204 1181 3259 animum
1237 3208 1555 3261 consentire
1604 3209 1859 3279 passioni

195 3290 461 3359 nesciebat,
492 3291 596 3345 sed
640 3290 1015 3361 conjiciebat:
1062 3292 1195 3347 ideo
1228 3295 1437 3349 iterum
1492 3295 1850 3366 inspiciebat.

197 3378 307 3433 Hinc
335 3380 611 3435 Dominus
638 3385 769 3451 post
818 3382 1203 3453 negationem,
1238 3385 1495 3439 animum
1526 3387 1677 3441 Petri
1718 3404 1857 3459 quo-

194 3468 333 3521 modo
360 3484 416 3522 se
466 3469 681 3523 habeat
718 3469 886 3523 tertio
926 3470 1239 3543 interrogat
1280 3472 1456 3543 (Joan.
1492 3476 1595 3545 x1),
1630 3480 1690 3529 ut
1737 3493 1855 3530 non

194 3553 278 3608 cito
303 3556 643 3627 judicemus,
685 3557 779 3612 sed
824 3557 1157 3630 frequenter
1204 3560 1581 3631 inquiramus.
1626 3563 1853 3635 Septem

193 3643 359 3700 diebus
396 3648 735 3702 recluditur.
784 3646 1150 3718 Septenarius
1208 3650 1358 3705 enim
1390 3653 1687 3723 praesentis
1723 3654 1853 3709 vitae

190 3730 569 3799 plenitudinem
599 3736 808 3807 signat,
843 3752 972 3807 quas
1003 3741 1215 3808 septem
1252 3738 1452 3793 diebus
1495 3740 1703 3810 agitur,
1737 3758 1852 3812 quo

188 3818 402 3891 impleto,
433 3826 738 3893 peccatum
770 3828 825 3877 et
858 3824 1150 3879 servitium
1196 3827 1455 3881 cessabit.
1515 3829 1671 3883 Unde
1724 3846 1850 3901 sep-

188 3906 299 3962 tima
325 3910 380 3964 in
410 3912 623 3966 divinis
652 3911 962 3983 Scripturis
1010 3914 1239 3985 requies
1268 3915 1617 3970 nominatur.

241 3997 379 4054 Vens.
428 4003 479 4055 6.
535 4029 613 4041 —
641 4001 930 4056 Mundabit
985 4017 1123 4067 eum,
1182 4005 1315 4071 quia
1366 4005 1569 4059 scabies
1607 4010 1704 4060 est.
1761 4006 1851 4061 Sic

191 4082 359 4140 Paulus
380 4103 512 4143 eum
546 4088 650 4160 qui
679 4088 741 4142 in
781 4088 1052 4143 Corintho
1083 4089 1394 4145 fornicatus
1423 4095 1508 4145 est
1538 4092 1694 4163 (quia
1728 4109 1848 4147 ma-

188 4170 356 4229 nifesta
402 4182 527 4231 erat
556 4175 771 4247 passio)
805 4182 1129 4232 sanctorum
1162 4178 1528 4233 tabernaculo
1580 4183 1845 4247 removit,

188 4266 231 4313 et
270 4262 476 4319 Satanae
533 4265 796 4333 tradidit;
846 4282 1018 4336 quem
1050 4282 1179 4321 cum
1212 4267 1551 4338 inspexisset
1600 4271 1846 4324 secundo

188 4351 230 4401 et
251 4352 511 4419 pmnitere
543 4352 775 4420 vidisse,
808 4354 1017 4425 suscipi
1041 4355 1212 4425 jussit
1235 4356 1297 4427 (Ι
1319 4357 1444 4413 Cor.
1484 4358 1560 4425 v).

238 4438 380 4494 Vens.
416 4444 502 4496 10.
539 4472 609 4481 —
639 4442 876 4510 Cumque
900 4444 1042 4497 color
1070 4443 1225 4499 albus
1256 4446 1314 4497 in
1357 4448 1474 4499 cute
1495 4446 1692 4511 fuerit.
1736 4445 1849 4500 Ma-

187 4524 358 4583 nifesta
381 4528 764 4601 transgressio
793 4530 1000 4584 littera:
1030 4530 1193 4601 legis,
1218 4547 1347 4603 qum
1375 4531 1610 4603 propria
1639 4532 1852 4587 Iudaeis

188 4614 302 4671 sicut
342 4618 400 4672 in
430 4617 728 4673 sacriﬁciis
768 4622 824 4672 et
842 4612 1281 4690 purgationibus
1314 4624 1372 4674 et
1409 4620 1469 4674 in
1496 4620 1845 4691 huiusmodi.

188 4698 261 4758 Est
290 4706 436 4761 enim
465 4712 525 4763 et
554 4707 882 4762 communis
911 4707 1178 4779 gentibus
1194 4708 1265 4763 de
1291 4708 1599 4778 adulterio,
1621 4709 1845 4780 rapina,

182 4794 397 4862 avaritia,
423 4801 481 4851 et
504 4796 814 4851 similibus.

230 4881 370 4939 Vens.
408 4888 491 4941 i2.
552 4914 627 4926 —
664 4885 765 4940 Sin
795 4888 974 4939 autem
995 4887 1314 4953 efﬂoruem‘t.
1339 4884 1550 4957 (Istcn.)
1582 4886 1847 4941 Ostendit

181 4965 438 5027 Iudaicum
494 4972 783 5043 populum
833 4972 1046 5042 partim
1098 4973 1409 5043 leprosum,
1468 4978 1531 5027 ut
1579 4973 1638 5027 in
1684 4976 1844 5044 parte

182 5057 627 5129 transgressorem
680 5059 868 5131 legis:
921 5060 1073 5114 unde
1131 5076 1264 5115 eum
1295 5061 1554 5116 sacerdos
1608 5061 1845 5131 expellit

182 5145 408 5217 tanquam
461 5148 848 5204 immundum.
911 5148 1021 5203 Sed
1075 5153 1191 5203 toto
1259 5164 1499 5220 corpore
1551 5148 1841 5219 leprosum

185 5228 443 5306 Gentilem,
468 5237 574 5310 qui
604 5242 787 5293 totam
818 5236 1235 5307 transgreditur
1261 5237 1472 5309 legem,
1501 5253 1617 5291 non
1643 5236 1841 5306 expel-

185 5316 251 5387 lit;
283 5327 371 5380 sed
400 5344 535 5383 eum
568 5327 853 5382 mundum
878 5327 1099 5398 judicat
1128 5327 1266 5398 quia
1300 5326 1443 5398 legis
1458 5327 1600 5398 jugo
1641 5325 1837 5397 subje-

188 5409 275 5462 ctus
308 5428 415 5469 non
444 5421 595 5471 erat.

236 5498 494 5575 (Hirtium)
538 5504 640 5561 Sin
680 5507 860 5559 autem
896 5505 1215 5573 efﬂoruerit,
1257 5505 1361 5558 etc.
1422 5502 1488 5557 In
1534 5501 1641 5557 hac
1676 5500 1839 5572 lepra

191 5589 569 5652 quasiﬁorente
607 5597 663 5648 et
691 5594 842 5659 alba,
872 5592 1096 5648 diversa
1115 5591 1358 5647 crimina
1376 5590 1658 5661 designat.
1688 5589 1837 5653 Quia

1309 341 1563 401 GLOSSA
1603 346 2011 408 ORDINARIA.
2052 382 2125 395 —
2168 357 2291 411 LIB.
2336 358 2565 417 LEVIT.

3588 383 3692 437 334

1922 477 1972 533 Α
2002 494 2131 533 cum
2164 481 2471 537 mundialis
2504 484 2633 539 vita:
2678 487 2937 559 voluptas
2985 492 3149 563 quasi
3178 496 3419 552 candida
3448 501 3691 556 aestima-

2005 571 2098 618 tur
2128 571 2183 621 et
2212 568 2441 634 ﬂorens,
2475 576 2610 626 tunc
2639 590 2809 644 grave
2848 578 3119 635 vitiorum
3149 585 3478 656 contagium
3535 604 3692 658 gras-

1999 658 2159 708 satur
2185 655 2244 708 in
2276 673 2530 729 corpore.
2578 662 2717 715 Nam
2750 669 2850 718 aut
2896 668 3147 722 avaritiae
3186 678 3285 725 aut
3316 655 3567 727 libidinis
3599 693 3694 748 pa-

1996 744 2222 797 tescunt
2253 748 2519 803 maculas.
2584 750 2687 804 Sed
2720 753 2971 808 avaritia:
3022 756 3239 813 crimen
3288 761 3453 816 facile
3501 770 3693 833 potest

1995 834 2261 900 resecari,
2304 836 2497 891 unde:
2531 840 2664 895 Date
2717 843 3099 912 eleemosynam
3142 854 3191 901 et
3249 854 3431 904 omnia
3486 855 3692 908 munda

1986 925 2143 975 erunt
2198 924 2365 978 vobis.
2420 925 2616 980 Libido
2656 945 2883 1002 quoque
2918 933 3155 1003 jejuniis
3214 943 3269 991 et
3334 939 3683 996 abstinentia

1992 1010 2321 1065 mundatur.
2338 1011 2444 1067 Sed
2476 1016 2744 1069 omnibus
2776 1034 2888 1088 per
2908 1024 3265 1079 sacerdotem
3288 1027 3510 1082 medela
3527 1030 3688 1085 adhi-

1988 1094 2172 1150 betur.
2206 1100 2333 1153 Alia
2363 1100 2516 1155 enim
2558 1104 2962 1163 sacriﬁciorum
2994 1110 3383 1168 oblationibus
3439 1118 3686 1173 munda-

1985 1188 2108 1238 tur:
2154 1185 2264 1240 alia
2316 1193 2419 1254 est,
2480 1206 2607 1261 qua:
2668 1192 2927 1261 facilius;
2963 1197 3093 1258 alia,
3127 1216 3257 1270 quae
3298 1208 3456 1258 extra
3504 1211 3688 1261 castra

1984 1272 2171 1340 posita
2230 1277 2573 1345 muudatur;
2630 1279 2763 1348 alia,
2793 1299 2923 1353 quae
2983 1287 3220 1342 omnino
3273 1306 3390 1345 non
3433 1294 3678 1349 munda-

1985 1362 2098 1412 tur.

2055 1449 2219 1504 Vnus.
2258 1451 2338 1505 14.
2394 1483 2463 1493 -
2523 1456 2670 1510 Οανο
2718 1460 2923 1527 nivem,
2958 1464 3064 1515 etc.
3122 1464 3327 1535 (Ιειειι.)
3382 1466 3682 1526 Iudaicum

1983 1537 2341 1606 mandatum,
2373 1541 2524 1611 quod
2558 1543 2746 1597 vivere
2798 1546 3005 1601 dicitur
3035 1557 3313 1619 quantum
3352 1554 3420 1608 ad
3455 1558 3681 1612 manda-

1981 1628 2124 1687 tum,
2148 1625 2230 1677 vel
2258 1626 2395 1696 quia
2424 1628 2566 1682 bene
2599 1630 2953 1688 intellectum
2980 1636 3145 1691 aﬁ'ert
3174 1638 3368 1696 vitam.

2051 1712 2308 1767 VnnsJS.
2343 1743 2412 1755 —
2453 1718 2588 1773 Caro
2626 1722 2785 1784 enim,
2828 1727 2930 1776 ctc.
2988 1725 3160 1796 (ISID.)
3220 1729 3282 1782 In
3341 1747 3509 1785 carne
3550 1733 3674 1788 viva

1977 1796 2196 1867 lepram
2228 1805 2431 1869 gestat,
2478 1804 2578 1874 qui
2619 1806 2688 1859 de
2740 1808 2945 1870 anima,
3004 1827 3134 1881 quae
3188 1815 3301 1868 vita
3344 1817 3531 1871 caruis
3569 1826 3675 1885 est,

1975 1886 2193 1957 aliquid
2225 1888 2429 1943 falsum
2483 1893 2783 1951 existimat.
2844 1898 3001 1952 Sicut
3048 1901 3388 1958 Luciferiani
3437 1906 3537 1977 qui
3590 1908 3677 1962 di-

1975 1978 2113 2027 cunt
2161 1974 2411 2030 animam
2472 1980 2542 2032 de
2573 1982 2758 2034 carnis
2804 1984 3123 2041 substantia
3183 1974 3587 2063 propagat—am;
3624 2002 3680 2050 et

1974 2060 2201 2115 Arabici
2231 2064 2330 2133 qui
2359 2066 2614 2122 animam
2648 2086 2774 2124 cum
2799 2088 3036 2144 corpore
3065 2077 3213 2131 mori
3243 2086 3472 2149 putant.

2046 2150 2203 2204 Vens.
2246 2154 2326 2206 l9.
2378 2185 2447 2194 —
2476 2156 2739 2224 Cicatrix,
2781 2165 2887 2214 etc.
2922 2164 3051 2233 (In.)
3085 2166 3147 2219 In
3178 2166 3437 2223 cicatrice
3490 2175 3670 2227 sanati

1974 2237 2228 2325 vulneris
2254 2241 2477 2325 lepram
2530 2252 2785 2325 portant,
2848 2250 2947 2319 qui
2997 2258 3121 2321 post
3148 2256 3505 2325 agnitionem
3538 2261 3674 2317 ﬁdei

1974 2321 2031 2370 et
2060 2318 2405 2375 medicinam
2441 2324 2541 2377 Dei
2570 2342 2743 2395 quam
2774 2327 2832 2381 in
2862 2318 3080 2384 Christo
3106 2318 3448 2405 suscipiunt,
3474 2356 3673 2395 rursus

1974 2404 2205 2476 aliquod
2239 2408 2516 2465 indicium
2537 2413 2748 2468 erroris
2787 2421 2887 2470 aut
2908 2420 3165 2488 perﬁdim
3196 2404 3402 2478 veteris
3432 2426 3669 2498 dogma-

1970 2492 2042 2546 tis
2063 2495 2391 2551 ostendunt.

2041 2581 2204 2635 Alba.
2254 2583 2397 2648 Quia
2432 2601 2498 2639 ex
2530 2587 2764 2642 vulnere
2794 2590 2995 2660 legalis
3035 2597 3536 2667 transgressionis;
3582 2601 3667 2656 lex

1971 2669 2123 2723 enim
2155 2672 2282 2725 alba
2312 2678 2367 2726 et
2410 2690 2443 2727 a
2489 2677 2608 2729 sole
2632 2678 2873 2747 justitite
2920 2697 3037 2735 non
3082 2685 3348 2740 calefacta
3379 2689 3525 2759 (Act.
3558 2694 3664 2759 xv).

2042 2759 2309 2827 Subrufa.
2342 2762 2487 2826 Quia
2517 2763 2585 2817 de
2639 2768 3104 2834 praevaricatione
3136 2775 3484 2844 evangelica,
3519 2777 3668 2833 sicut

1972 2846 2355 2918 idolothytum
2397 2853 2759 2922 sanguinem,
2812 2857 2897 2910 vel
2948 2858 3291 2915 suifocatum
3338 2866 3665 2925 comedere:

1970 2939 2282 3007 utrumque
2315 2943 2508 2995 autem
2559 2940 2622 2995 ﬁt
2652 2947 2849 2998 contra
2883 2946 3193 3018 Christum,
3237 2950 3399 3022 cujus
3437 2960 3523 3009 est
3554 2957 3663 3010 Lex

1972 3029 2028 3078 et
2050 3025 2446 3096 Evangelium.

2041 3114 2201 3167 Vens.
2236 3116 2324 3169 20.
2365 3145 2436 3156 —
2480 3117 2901 3175 Contaminabit.
2935 3122 3076 3187 Quia
3108 3124 3167 3179 in
3196 3126 3398 3183 habitu
3428 3135 3511 3185 est
3534 3148 3662 3202 pec-

1966 3205 2176 3266 catum,
2212 3208 2268 3257 et
2300 3203 2508 3258 anima:
2540 3208 2689 3261 mala
2722 3208 2979 3279 depastio
3027 3228 3130 3283 per
3168 3215 3328 3270 ulcus
3381 3218 3661 3292 incubuit,

1970 3291 2127 3344 Unde
2161 3292 2376 3361 lepram
2409 3309 2477 3347 ex
2506 3296 2741 3350 vulnere
2777 3299 3135 3357 efﬁorentem
3166 3306 3401 3362 vocavit.

2034 3380 2171 3435 Caro
2226 3386 2277 3434 et
2315 3385 2451 3437 cutis
2508 3400 2673 3454 quam
2719 3387 2863 3454 ignis
2919 3398 3223 3454 exusserat,
3282 3401 3387 3451 etc.
3451 3398 3659 3471 (Istum)

1963 3466 2301 3537 Supradicta
2329 3471 2554 3526 videtur
2582 3481 2863 3545 repetere,
2888 3479 2984 3532 sed
3027 3482 3235 3551 partim
3268 3484 3463 3539 cadem
3493 3466 3652 3553 dicit,

1964 3558 2173 3626 partim
2202 3558 2417 3629 adjicit,
2471 3562 2708 3617 alteram
2743 3566 2955 3637 quippe
2992 3570 3338 3642 passionem,
3368 3576 3463 3629 sed
3506 3593 3657 3631 eam-

1963 3645 2093 3699 dem
2129 3648 2293 3717 ponit
2325 3648 2753 3708 iudicationem.
2817 3656 2941 3725 Egit
2967 3658 3120 3713 enim
3164 3661 3234 3715 de
3282 3663 3471 3718 ulcere
3500 3667 3655 3736 quod

1960 3734 2154 3805 aliqua
2181 3738 2521 3806 aegritudine
2560 3743 2837 3812 neglecta:
2868 3746 3056 3800 carnis
3099 3756 3410 3819 generatur
3445 3734 3658 3825 et_pro-

1960 3822 2094 3876 ﬁcit.
2128 3825 2294 3879 Ulcus
2319 3843 2456 3895 ergo
2488 3831 2674 3883 carnis
2722 3836 2931 3886 nostra
2959 3840 3043 3888 est
3070 3838 3352 3907 voluptas,
3385 3842 3652 3912 ebrietas,

1959 3913 2359 3983 gastrimargia
2389 3920 2446 3969 et
2487 3917 2837 3987 hujusmodi,
2885 3937 3014 3992 qua:
3053 3924 3379 3982 luxuriante
3422 3946 3658 4001 corpore

1959 4006 2017 4054 et
2046 4000 2107 4054 in
2137 4002 2442 4071 semetipso
2463 4005 2758 4073 pruriente
2774 4011 3135 4078 proveniunt.
3172 4015 3334 4069 Nunc
3364 4024 3559 4073 autem
3582 4022 3651 4075 de

1958 4090 2128 4159 plaga
2150 4090 2375 4160 majori,
2406 4092 2463 4146 id
2490 4099 2574 4147 est
2614 4097 2908 4152 exustione
2940 4098 3107 4169 ignis.
3142 4102 3220 4156 De
3251 4119 3366 4175 quo
3395 4106 3604 4162 dicitur
3639 4126 3651 4163 :

1956 4179 2106 4246 Ignis
2134 4178 2476 4235 adversarios
2505 4190 2771 4238 consumet
2797 4187 2935 4255 (Isa.
2970 4192 3178 4261 LXXIV).

2032 4267 2189 4321 Vens.
2224 4269 2312 4320 25.
2364 4299 2432 4309 —
2466 4271 2608 4336 Quia
2636 4273 2823 4342 plaga,
2866 4281 2971 4333 etc.
3009 4278 3071 4331 In
3110 4279 3370 4337 cicatrice
3402 4286 3652 4341 exustio-

1887 4340 1929 4394 D
1962 4354 2049 4407 nis
2077 4354 2295 4425 lepram
2322 4357 2537 4413 habent
2574 4340 2886 4432 manichasi,
2911 4365 3011 4437 qui
3040 4366 3101 4422 in
3131 4369 3495 4427 abstinentiae
3527 4390 3654 4429 cru-

1959 4443 2111 4498 ciatu
2131 4461 2373 4516 corpora
2403 4464 2505 4502 sua
2535 4456 2801 4517 exurunt,
2835 4458 2890 4507 et
2933 4472 3035 4526 per
3083 4458 3506 4532 inﬁdelitatem,
3540 4480 3654 4518 non

1961 4532 2305 4588 munditiam
2342 4535 2494 4603 inde,
2522 4538 2623 4592 sed
2652 4540 2867 4610 lepram
2901 4544 3162 4615 gignunt.

2030 4622 2197 4677 νεεδ.
2242 4626 2332 4679 29.
2376 4655 2437 4665 —
2491 4628 2592 4682 Vir
2620 4630 2733 4683 sive
2776 4633 2990 4687 mulier.
3024 4633 3130 4697 Qui
3161 4635 3373 4692 scilicet
3418 4640 3478 4694 in
3503 4640 3652 4695 divi-

1957 4706 2135 4763 nitate
2196 4716 2370 4778 errat,
2408 4711 2554 4767 sicut
2581 4714 2856 4785 haeretici,
2888 4718 2989 4789 qui
3022 4736 3139 4774 non
3189 4725 3375 4778 solum
3424 4727 3650 4782 Patrem

1954 4797 2230 4853 factorem
2252 4802 2456 4857 mundi
2487 4810 2718 4874 negant,
2754 4806 2850 4860 sed
2881 4807 3055 4864 etiam
3082 4814 3333 4867 actorem
3363 4815 3649 4871 malorum

1952 4884 2260 4955 afﬁrmant,
2292 4894 2357 4943 ut
2390 4890 2749 4946 Manichmus.

2028 4976 2125 5030 Vel
2164 4975 2353 5037 barba,
2388 4982 2494 5033 etc.
2530 4980 2710 5049 (15m)
2744 4981 2806 5033 In
2844 4979 3024 5036 barba
3054 4983 3271 5054 lepram
3302 4994 3513 5057 gerunt
3550 4991 3650 5062 qui

1950 5061 2019 5115 de
2064 5064 2336 5132 apostolis
2381 5069 2437 5118 et
2473 5064 2763 5136 discipulis
2804 5067 3011 5122 Christi
3056 5087 3323 5141 perverse
3370 5061 3644 5147 sentiunt,

1949 5153 2004 5203 et
2032 5150 2173 5204 falsa
2201 5152 2513 5221 praedicare
2564 5154 2919 5225 conﬁngunt.
2966 5158 3144 5214 Barba
3173 5162 3327 5217 enim
3362 5172 3449 5221 est
3479 5184 3649 5223 orna-

1948 5241 2229 5307 mentum,
2262 5240 2390 5303 viri,
2419 5244 2474 5294 et
2502 5243 2749 5311 apostoli
2775 5243 3037 5299 doctores
3063 5250 3320 5319 corporis
3346 5254 3572 5310 Christi.

2020 5326 2228 5397 (ῐειειι.)
2283 5326 2388 5381 Sex
2441 5327 2655 5397 species
2694 5330 2866 5399 lepra!
2904 5332 3229 5390 invenimus
3265 5338 3646 5410 legislatorem

1946 5414 2224 5484 posuisse,
2281 5419 2414 5480 etc.,
2466 5430 2640 5485 usque
2668 5418 2742 5471 ad
2797 5419 2935 5489 quia
2980 5423 3189 5478 erroris
3220 5426 3307 5481 sui
3345 5429 3645 5499 perﬁdiam

1948 5506 2153 5573 aperta
2181 5501 2461 5572 pravitate
2491 5503 2829 5563 defendunt.

2016 5587 2141 5659 (In.)
2194 5588 2454 5645 Diversus
2508 5591 2729 5647 colores
2761 5594 2931 5665 leprae
2980 5598 3270 5669 supponit,
3311 5605 3440 5669 etc.,
3478 5620 3648 5674 usque
