4064 6186
411 310 513 362 335
1028 303 1422 360 WALAFRIDI
1462 305 1706 361 STRABI
1750 305 1948 361 FULD.
1991 304 2153 360 MON.
2192 302 2346 360 OPP.
2391 304 2568 358 PARS
2608 305 2650 357 ι.
2693 332 2761 339 -
2800 300 3267 358 THEOLOGIGA.
3808 307 3906 357 336

406 430 482 483 ad
516 428 772 499 linguam
820 427 1156 481 mendacem
1204 423 1492 494 signiﬁcat
1527 429 1583 478 et
1624 423 2101 479 imbecillitatem.
2144 433 2187 485 Α
2228 423 2521 478 abscindet
2561 421 2919 494 passionem;
2952 424 3219 494 superbia
3257 422 3641 494 abrumpitur,
3687 423 3911 479 admota

486 517 645 570 Vens.
683 520 740 569 3i
760 556 775 570 .
812 546 883 557 -
903 515 1153 571 Recludet
1182 530 1301 571 eum
1325 519 1524 583 septem
1557 514 1742 567 diebus
1762 518 1811 567 et
1839 513 1944 577 die,
1977 518 2106 580 etc.,

410 621 529 659 non
558 611 677 659 tam
700 622 802 675 pro
824 621 996 676 pmna
1021 620 1192 675 quam
1225 603 1496 658 districta;
1527 601 1879 673 probationis
1908 618 2111 668 causa;

413 699 642 763 tempus
673 693 828 746 enim
881 693 941 746 in
981 692 1249 745 omnibus
1304 692 1665 757 servandum,
1714 690 2024 744 districtius
2050 689 2113 743 in

408 780 504 836 his
533 796 785 850 quorum
821 779 1015 849 lingua
1041 779 1189 832 circa
1218 777 1576 832 divinitatem
1607 795 1667 830 se
1699 777 1955 833 elfrenat.

482 866 641 919 Vens.
677 867 763 921 34.
799 897 867 907 -
919 868 981 922 Si
1031 869 1119 921 die
1147 868 1389 936 septimo.
1426 866 1569 930 Quia
1600 865 1837 919 verbum
1899 865 1958 919 in
1996 882 2110 936 quo

413 954 787 1026 delinquitur,
822 955 871 1008 si
914 957 1089 1009 semel
1121 962 1291 1026 negat
1339 955 1439 1026 qui
1486 954 1759 1025 peccavit,
1814 952 2113 1024 dijudicari

413 1059 528 1096 non
557 1048 804 1112 oportet.
861 1043 998 1107 Quis
1029 1043 1185 1097 enim
1215 1060 1378 1097 reum
1401 1043 1747 1112 judicatper
1777 1041 1933 1113 quod
1978 1056 2111 1095 con-

413 1130 593 1184 fessus
620 1136 705 1185 est
734 1132 953 1202 lingua,
985 1134 1279 1186 voluntate
1310 1148 1366 1186 se
1392 1132 1690 1201 protulisse
1722 1132 1935 1201 negat?

488 1222 741 1291 Lotisque
790 1222 1027 1276 vestibus
1062 1222 1294 1275 mundus
1346 1224 1471 1287 erit,
1530 1226 1636 1275 etc.
1669 1219 1947 1290 (HIEBON.)
1988 1219 2114 1274 Alia

413 1315 545 1364 ante
576 1309 927 1381 baptismum
952 1311 1274 1375 commissa,
1308 1314 1439 1378 etc.,
1475 1326 1643 1378 usque
1672 1310 1747 1364 ad
1782 1310 1851 1364 de
1883 1325 1997 1379 quo
2027 1308 2111 1362 di-

321 1406 324 1415 ‘
423 1398 574 1452 citur
604 1415 617 1453 :
654 1400 764 1464 Qui
779 1404 968 1469 peccat
988 1400 1045 1453 in
1073 1400 1349 1469 Spiritum
1391 1405 1639 1453 sanctum
1666 1414 1773 1453 non
1811 1399 2115 1452 remittetur

412 1488 480 1553 ei,
516 1491 625 1540 etc.

487 1575 648 1628 Vnus.
679 1579 743 1629 37
790 1605 852 1613 —
892 1576 1095 1644 Capilli
1118 1578 1289 1643 nigri,
1346 1574 1403 1628 id
1436 1579 1541 1642 est,
1583 1574 1628 1628 si
1677 1574 1884 1628 luxerit
1911 1572 2114 1644 impie-

413 1665 588 1716 tatem
620 1679 802 1729 suam,
853 1667 909 1716 et
943 1679 1132 1716 veram
1161 1663 1341 1733 egerit
1366 1662 1783 1733 paenitentiam.
1831 1662 2111 1732 Lugentes

420 1752 576 1805 enim
607 1757 661 1804 et
693 1751 1034 1821 poenitentes
1063 1751 1228 1822 nigro
1258 1751 1459 1805 habitu
1489 1751 1900 1805 deformantur.

490 1840 649 1892 Vsus.
705 1843 792 1893 38.
825 1868 893 1878 -—
957 1842 1053 1895 Vir
1080 1843 1192 1893 sive
1217 1841 1434 1905 mulier,
1475 1843 1581 1893 etc.
1618 1838 1825 1909 (lSlCH.)
1875 1840 1939 1893 In
1967 1854 2117 1909 pras-

423 1927 770 1982 varicatione
822 1927 997 1982 divini
1047 1928 1353 1999 dogmatis,
1403 1934 1725 1997 etc.,usque
1752 1928 1863 1982 ad:
1921 1927 2117 1997 quibus

416 2032 525 2070 non
551 2019 761 2071 vivant.

490 2106 657 2160 Vnus.
698 2106 787 2159 40.
818 2134 888 2145 --
928 2106 1133 2159 Calvus
1160 2121 1222 2159 ac
1261 2106 1496 2160 mundus
1534 2111 1634 2160 est.
1679 2106 1952 2176 Simplex,
2002 2120 2117 2157 non

415 2192 631 2258 stultis;
683 2208 852 2246 nemo
886 2192 1040 2247 enim
1071 2198 1156 2247 est
1198 2192 1288 2247 cui
1329 2195 1531 2248 saltem
1562 2194 1732 2265 pauci
1766 2209 1884 2247 non
1930 2208 2116 2247 rema-

417 2288 591 2335 neant
618 2281 828 2351 capilli.

490 2370 647 2424 Vsus.
716 2369 807 2425 44.
868 2399 937 2409 -
1012 2369 1326 2439 Quicunque
1400 2385 1525 2437 ergo
1607 2371 1932 2437 maculatus,
1998 2375 2111 2425 etc.

420 2458 599 2528 (Ism.)
643 2457 906 2512 Haeretici
938 2458 1009 2511 ab
1042 2459 1287 2512 Ecclesia
1314 2458 1623 2529 ejiciuntur
1657 2459 1836 2513 donec
1864 2475 2118 2529 purgen-

422 2551 534 2601 tur.
575 2545 813 2601 Dissutis
844 2546 1074 2614 tunicis,
1106 2546 1164 2600 id
1199 2552 1304 2615 est,
1350 2546 1726 2602 manifestatis
1772 2548 2001 2601 secretis
2032 2564 2118 2601 se-

418 2636 553 2690 dere
571 2636 872 2707 jubentur.
907 2636 1101 2707 Capite
1164 2638 1401 2705 nudato,
1457 2642 1524 2691 ut
1572 2636 1801 2691 auditas
1853 2653 2055 2691 eorum
2087 2654 2120 2690 a

417 2724 642 2778 cunctis
674 2725 952 2780 videatur.
1009 2726 1117 2781 Ore
1169 2727 1360 2780 clauso
1407 2742 1480 2779 ne
1538 2725 1779 2780 ulterius
1807 2725 1984 2796 impia
2037 2728 2119 2779 lo-

420 2818 695 2884 quantur.

495 2919 653 2972 Vnus.
700 2919 789 2972 46.
822 2947 891 2957 —
946 2918 1234 2972 Habitabit
1278 2923 1440 2972 extra
1486 2923 1687 2973 castra.
1743 2918 1833 2974 Sic
1874 2920 2120 2974 Joannes

421 3005 845 3076 intelligibilem
875 3007 1166 3076 leprosum
1198 3005 1266 3059 ab
1294 3005 1646 3077 intelligibili
1675 3005 2003 3060 habitacula
2033 3022 2119 3061 ex-
2149 3002 2188 3056 C

414 3095 597 3149 cludit
630 3111 644 3148 :
682 3096 789 3160 Qui
820 3097 958 3148 hanc
980 3095 1286 3150 doctrinam
1322 3110 1429 3148 non
1466 3094 1645 3161 affert,
1695 3108 1800 3147 non
1836 3095 2115 3162 recipiatis

416 3200 537 3238 eum
566 3186 623 3237 in
654 3184 888 3250 domum,
912 3188 962 3236 et
988 3199 1085 3237 ave
1111 3186 1162 3236 ei
1182 3198 1288 3236 non
1314 3182 1571 3236 dixeritis
1612 3184 1681 3251 (ll
1704 3183 1875 3235 Joan.
1902 3184 2008 3251 10).

492 3272 701 3341 (Ιδιεε.)
746 3271 1007 3325 Ridicule
1036 3276 1168 3324 sunt
1196 3272 1320 3324 haec
1372 3271 1685 3324 secundum
1712 3270 1963 3324 litteram
2017 3270 2111 3323 in-

422 3364 756 3430 terpretata,
807 3366 941 3425 etc.,
995 3374 1165 3426 usque
1220 3358 1296 3412 ad
1336 3374 1409 3413 ne
1443 3358 1665 3413 dicatur
1711 3358 1783 3426 ei,
1823 3360 1931 3425 Qui
1964 3375 2117 3429 pra:-

423 3448 575 3502 dicas
604 3462 710 3503 non
761 3446 1086 3514 furandum,
1140 3449 1387 3517 furaris;
1425 3449 1696 3516 peccatori
1739 3454 1918 3503 autem
1965 3449 2116 3502 dixit

423 3538 559 3590 Deus
594 3552 608 3589 :
648 3537 824 3601 Quare
853 3540 912 3589 tu
950 3550 1175 3589 enarras
1199 3536 1454 3604 justitias
1481 3537 1664 3590 meas?
1690 3536 1861 3607 (Rom.
1894 3538 1977 3608 ιι.)

497 3626 656 3679 Vens.
703 3626 792 3679 47.
827 3655 896 3665 -
952 3627 1126 3681 Vestis
1184 3625 1362 3690 lanea,
1405 3629 1513 3679 etc.
1548 3624 1667 3694 (1ο.)
1727 3624 1931 3687 Lanea.
1986 3641 2119 3695 pre-

425 3714 569 3767 tiosa
610 3719 669 3768 et
708 3716 967 3768 animum
1013 3713 1422 3782 calefacientia,
1475 3718 1609 3781 etc.,
1659 3728 1830 3782 usque
1885 3714 1960 3768 ad
2017 3714 2121 3768 sci-

427 3801 559 3856 licet
587 3809 642 3856 et
665 3803 815 3857 bona
845 3818 1039 3872 Opera.

500 3909 661 3963 Vens.
719 3909 808 3962 48.
857 3936 930 3949 --
980 3909 1043 3962 In
1109 3910 1359 3974 stamine,
1419 3912 1527 3962 etc.
1570 3909 1844 3979 (HIERON.)
1887 3908 2121 3965 Stamen

427 3996 622 4051 anima
664 4001 789 4049 est:
831 4011 962 4065 quas
1017 4011 1148 4057 cum
1177 3995 1526 4059 ,tentationis
1579 3996 1704 4050 fuso
1750 3996 1813 4050 in
1868 3997 2119 4051 ﬁliorum

425 4084 763 4140 tenuitatem
818 4089 1140 4154 torquetur,
1208 4084 1480 4138 ﬁrmioris
1555 4084 1777 4139 virtutis
1839 4085 2120 4140 soliditate

426 4172 855 4243 constringitur.
934 4173 1056 4227 Stat
1107 4188 1245 4243 ergo
1300 4173 1512 4241 anima,
1555 4179 1621 4227 ut
1673 4179 1867 4227 tamen
1912 4179 2116 4241 erecta,

426 4261 683 4333 corporis
716 4277 915 4315 sensus
946 4261 1199 4331 subjacet
1252 4265 1315 4314 ut
1341 4266 1558 4329 trama;
1591 4262 1704 4316 alia
1749 4267 1942 4317 autem
1988 4268 2122 4318 sunt
2148 4287 2192 4341 ι)

426 4349 705 4421 corporis,
727 4349 841 4402 alia
862 4349 1072 4403 animas
1100 4355 1349 4418 peccata.

499 4439 705 4511 (151cm)
733 4438 843 4502 Qui
897 4437 1080 4491 solam
1122 4437 1369 4491 litteram
1417 4438 1737 4506 attendunt,
1794 4444 1921 4504 etc.,
1955 4456 2124 4509 usque

427 4528 501 4582 ad
551 4526 649 4581 sed
701 4531 757 4580 et
802 4525 871 4580 de
924 4541 992 4579 ea
1019 4541 1150 4597 quae
1204 4524 1355 4579 circa
1408 4526 1649 4581 virtutes
1704 4528 1931 4582 evenire
1988 4545 2122 4583 con-

428 4615 631 4671 suevit.

498 4722 619 4793 (In).
653 4721 855 4792 Lepra,
904 4719 965 4773 in
1011 4723 1166 4774 veste
1197 4719 1373 4787 linea,
1405 4725 1537 4789 etc.,
1565 4736 1734 4791 usque
1782 4723 1857 4777 ad
1904 4723 1964 4777 in
1994 4740 2124 4778 con-

426 4811 747 4865 versatione
776 4809 949 4880 hujus
978 4808 1128 4863 vitas.

498 4899 659 4954 Pellis
711 4897 794 4951 vel
832 4895 1123 4964 quidquid,
1183 4900 1287 4950 etc.
1320 4896 1453 4967 (Ῑυ.)
1508 4899 1766 4952 Tentatlo
1808 4897 2125 4954 tribulatio-

428 4986 534 5054 nis,
554 4990 694 5051 etc.,
723 5000 893 5054 usque
929 4985 1003 5038 ad
1033 5000 1139 5039 nec
1158 4984 1302 5039 sicut
1331 4985 1549 5040 munda
1577 4991 1793 5040 temere
1829 4987 2120 5057 suscipiat.

498 5092 658 5145 Vens.
689 5091 777 5145 49.
827 5120 896 5132 -
926 5092 989 5146 Si
1021 5090 1168 5159 alba,
1203 5094 1303 5145 etc.
1357 5091 1481 5161 (In.)
1516 5091 1639 5145 LXX
1672 5108 1685 5145 :
1739 5092 2000 5148 Viridans
2043 5100 2126 5149 at-

428 5195 531 5250 que
554 5181 860 5248 ﬂavescens,
896 5178 949 5231 id
975 5185 1079 5241 est,
1113 5177 1396 5248 superbia,
1430 5194 1560 5249 qua:
1586 5178 1655 5232 ad
1691 5179 1980 5234 modicum
2017 5183 2121 5236 llo-

426 5271 559 5321 ret:
592 5266 764 5334 unde,
796 5266 945 5321 Sicut
999 5268 1146 5320 olera
1189 5266 1479 5320 herbarum
1524 5269 1628 5321 cito
1675 5267 1923 5323 decident
1949 5268 2119 5340 (Psal.

426 5358 635 5427 xxxvi),
694 5359 795 5409 aut
870 5352 1204 5409 cenodoxia.
1265 5354 1397 5408 Vult
1458 5354 1613 5408 enim
1689 5354 1945 5410 Christus
2011 5356 2125 5411 vir-

425 5448 573 5499 tutes
599 5459 719 5497 esse
746 5442 867 5496 sine
896 5458 1040 5496 vana
1072 5440 1279 5512 gloria.

498 5551 659 5605 Vens.
713 5550 800 5602 56.
866 5575 939 5589 —
992 5545 1293 5616 Abrumpet
1354 5561 1493 5602 eum.
1559 5548 1670 5603 Per
1728 5548 2127 5620 paenitentiam

2222 512 2584 579 humilitate;
2617 528 2761 566 vana
2812 513 3014 583 gloria,
3065 517 3257 566 amota
3284 511 3633 579 adulatione,
3674 518 3731 566 et
3772 528 3910 566 vana

2224 601 2413 656 laude.

2294 690 2457 744 Vens.
2517 691 2603 742 57.
2665 717 2734 727 —
2771 689 2947 756 Lepru
2997 688 3253 742 volatilis.
3300 687 3535 755 (Gaaa.,)
3584 687 3725 741 hom.
3776 702 3812 739 ι
3852 688 3909 739 in

2219 777 2434 845 Ezech.)
2491 775 2814 846 Aliquando
2866 792 2967 829 nos
3013 776 3163 829 mala
3192 775 3373 844 egisse
3422 774 3817 845 cognoscimus
3856 783 3909 830 et

2221 866 2485 929 vitamus,
2542 871 2672 930 etc.,
2730 880 2899 933 usque
2965 864 3039 918 ad
3087 880 3191 935 per
3238 863 3681 918 immoderatam
3733 864 3906 918 conti-

2221 952 2479 1007 nentiam
2510 952 2582 1007 ad
2611 952 2922 1006 iracundiae
2955 952 3157 1006 vitium
3189 952 3411 1007 transit.

2896 1086 3031 1141 CAP
3042 1087 3125 1140 UT
3154 1087 3287 1141 XIV.

2291 1220 2450 1273 Vens.
2484 1223 2531 1273 t.
2567 1250 2633 1257 —
2663 1220 2999 1288 Locutusquc
3027 1224 3123 1273 est.
3179 1218 3389 1289 (lsicn.)
3441 1218 3587 1283 Quia
3640 1220 3898 1287 maculas,

2224 1314 2354 1375 etc.,
2383 1323 2553 1376 usque
2583 1308 2658 1362 ad
2688 1308 2808 1377 ipse
2839 1309 2989 1361 enim
3023 1323 3195 1361 omne
3215 1314 3516 1378 peccatum
3548 1307 3781 1362 curavit.

2296 1398 2460 1450 Vens.
2494 1396 2546 1450 4.
2599 1426 2667 1436 -
2708 1399 2846 1450 Duos
2892 1411 3160 1465 passeres.
3213 1396 3349 1466 (ῐυ.)
3383 1396 3767 1465 Divinitatem,
3806 1398 3911 1451 sci-

2221 1486 2352 1540 licet
2380 1490 2437 1538 et
2460 1485 2881 1538 humanitatem
2926 1485 3153 1539 Christi.
3193 1486 3326 1552 Quae
3352 1486 3577 1551 munda,
3619 1487 3756 1556 quia
3787 1503 3911 1556 pec-

2221 1580 2409 1629 catum
2440 1590 2554 1627 non
2584 1573 2814 1641 habuit;
2866 1580 2916 1627 et
2945 1576 3094 1644 viva,
3128 1575 3264 1644 quia
3308 1590 3377 1627 ex
3402 1580 3633 1643 peccato
3666 1590 3781 1628 non
3808 1574 3914 1628 fuit

2224 1663 2471 1718 obnoxia
2501 1662 2723 1716 mortis.

2299 1752 2441 1818 Quos
2510 1753 2666 1815 vesci,
2722 1755 2829 1804 etc.
2885 1749 3051 1817 Quia,
3126 1750 3345 1805 verbum
3396 1766 3522 1805 caro
3550 1753 3761 1817 factum
3815 1757 3914 1818 est,

2226 1844 2283 1893 et
2335 1841 2446 1893 nisi
2516 1838 3023 1893 manducavcrimus
3081 1855 3295 1893 carnem
3342 1840 3481 1894 Filii
3545 1841 3773 1894 hominis
3810 1856 3915 1893 non

2228 1927 2537 1982 habebimus
2563 1929 2735 1981 vitam
2753 1930 2811 1980 in
2837 1928 3009 1981 nobis.

2293 2015 2534 2082 Lignum
2564 2016 2731 2069 cedri.
2790 2016 2997 2087 (lsica.)
3054 2016 3314 2079 Crucem,
3365 2032 3495 2086 quae
3543 2021 3741 2071 contra
3786 2034 3913 2071 om-

2229 2103 2325 2157 nia
2354 2104 2535 2170 fortis,
2567 2104 2711 2157 sicut
2731 2104 2930 2158 cedrus
2946 2105 3108 2158 fortis
3125 2110 3182 2159 et
3206 2104 3594 2174 imputribilis.

2307 2193 2891 2255 Vermiculum._LXX:
2953 2192 3262 2248 Coccinum
3312 2199 3531 2249 tortum
3566 2195 3914 2265 passionem,

2230 2280 2446 2335 scilicet
2498 2280 2634 2351 quia
2685 2282 2979 2335 coccinum
3034 2281 3278 2336 rubeum
3326 2288 3430 2350 est,
3463 2289 3677 2339 tortum
3734 2286 3915 2355 passi-

2228 2373 2468 2438 bilitate,
2498 2378 2556 2426 et
2612 2371 3073 2442 impassibilitate
3103 2379 3451 2427 contextum.

2310 2462 2640 2530 HySSOpum.
2698 2460 2951 2515 Gratiam
3000 2460 3245 2530 Spiritus
3291 2460 3489 2528 sancti,
3539 2478 3669 2532 qua:
3716 2468 3925 2517 nostrae

2229 2548 2623 2602 emundationi
2644 2554 3007 2619 cooperatur.
3034 2549 3191 2603 Unde
3226 2566 3239 2603 :
3268 2550 3537 2619 Asperges
3557 2566 3657 2619 me,
3682 2555 3923 2617 Domine,

2230 2637 2458 2705 hyssopo
2484 2641 2534 2690 et
2560 2636 2884 2701 mundabor,
2910 2643 3014 2691 etc.
3049 2638 3213 2707 (Psal.
3248 2640 3326 2709 ι..)

2310 2725 2467 2778 Vaas.
2534 2727 2586 2778 5.
2638 2754 2706 2766 —
2763 2725 2937 2794 Super
2988 2742 3187 2795 aquas,
3238 2732 3342 2781 etc.
3380 2726 3760 2797 Baptismatis.
3794 2728 3931 2794 Qui-

2227 2829 2435 2881 cunque
2465 2816 2523 2868 in
2582 2816 2795 2871 Christo
2852 2815 3121 2885 baptizati
3167 2830 3374 2883 sumus,
3421 2819 3479 2870 in
3528 2822 3697 2870 morte
3744 2820 3926 2887 ipsius

2230 2903 2500 2971 baptizali
2523 2918 2711 2957 sumus
2731 2903 2908 2972 (Rom.
2936 2906 3029 2973 v1).

2300 2991 2461 3045 Vens.
2487 2995 2538 3046 6.
2595 3022 2660 3031 —
2724 2994 2910 3058 Tinget
2966 2995 3023 3047 in
3073 2995 3358 3059 sanguine,
3411 2997 3514 3047 etc.
3567 2992 3710 3056 Quia
3762 3010 3919 3047 com-

2229 3078 2668 3149 prehenduntur
2721 3080 2916 3134 omnia
2971 3080 3032 3134 in
3098 3081 3302 3134 virtute
3362 3080 3651 3151 baptismi.
3712 3080 3927 3135 Vivens

2226 3181 2419 3235 passer
2447 3167 2507 3219 in
2536 3167 2813 3237 sanguine
2844 3167 3011 3221 occisi
3042 3167 3286 3238 passeris
3316 3167 3578 3238 tingitur,
3613 3167 3749 3238 quia
3805 3186 3928 3223 non

2226 3253 2287 3307 in
2318 3254 2568 3307 hominis
2598 3255 2862 3325 passione
2891 3260 3137 3322 tantum,
3188 3256 3286 3310 sed
3337 3255 3433 3309 Dei
3460 3260 3517 3310 et
3545 3254 3797 3309 hominis
3822 3254 3929 3307 ba-

2225 3343 2537 3415 ptizamur.

2300 3432 2443 3485 Vens
2494 3436 2545 3486 7.
2611 3463 2680 3471 —
2736 3434 2943 3502 Septies
2995 3438 3055 3487 ut
3082 3433 3213 3502 jure
3255 3437 3540 3503 purgetur.
3603 3435 3711 3488 Pro
3742 3432 3934 3504 septi—

2226 3518 2397 3573 formi
2435 3519 2669 3590 Spiritu,
2720 3520 2781 3574 in
2817 3537 2931 3591 quo
2982 3521 3171 3575 omnis
3214 3522 3513 3577 mundatio
3554 3528 3611 3577 et
3664 3521 3938 3576 remissio

2232 3608 2320 3662 vel
2355 3614 2417 3663 ut
2448 3614 2727 3679 purgetur
2756 3609 2948 3663 anima
2975 3626 3009 3663 a
3039 3615 3255 3681 septem
3285 3610 3664 3665 daemonibus.

2306 3700 2378 3751 Et
2406 3698 2640 3752 dimittet
2683 3713 2975 3767 passerem.
3030 3699 3172 3764 Quia
3220 3700 3649 3770 quodammodo
3694 3705 3943 3755 tenetur

2235 3786 2343 3839 sub
2370 3785 2856 3856 contemplatione
2887 3787 3125 3841 humani
3150 3787 3488 3842 intellectus.

2311 3873 2469 3926 Vens.
2500 3875 2558 3931 8.
2600 3903 2670 3913 —
2708 3876 3053 3929 Vestimemta
3080 3890 3200 3929 sua.
3248 3876 3433 3946 Opera
3473 3879 3527 3929 et
3557 3874 3603 3928 si
3642 3891 3786 3947 quas
3818 3876 3941 3930 vir-

2230 3965 2378 4015 tutcs
2411 3961 2697 4031 habuerit,
2726 3962 2862 4033 quia
2891 3967 2946 4017 et
2966 3963 3065 4017 has
3095 3970 3388 4035 peccatum
3419 3964 3640 4035 polluit.

2299 4052 2752 4120 Puriﬁcatusque,
2804 4068 2955 4106 vere.
3007 4052 3281 4123 Superius
3332 4060 3530 4108 tamen
3578 4053 3801 4108 dictum
3849 4059 3947 4107 est

2229 4138 2448 4210 lepram
2477 4140 2835 4207 mundatam,
2875 4141 2972 4195 sed
3002 4140 3081 4195 sic
3110 4141 3557 4213 intelligendum
3600 4146 3704 4209 est,
3764 4158 3947 4196 mun-

2231 4226 2356 4282 dari
2387 4233 2604 4298 aptam.

2299 4317 2490 4370 Extra
2558 4317 2982 4373 tabernaculum.
3045 4318 3406 4374 Consortium
3487 4324 3847 4384 sanctorum,
3905 4337 3946 4375 a

2231 4421 2348 4476 quo
2406 4404 2781 4459 excludantur
2835 4411 3175 4470 peccatores.
3233 4407 3391 4462 Unde
3441 4423 3561 4462 cum
3616 4408 3958 4476 hujusmodi

2227 4509 2321 4549 nec
2344 4494 2522 4548 cibum
2541 4510 2746 4548 sumere
2775 4496 2822 4562 (1
2846 4496 2967 4550 Cor.
3003 4497 3078 4563 5).

2301 4584 2467 4637 Vnus.
2509 4584 2560 4636 9.
2623 4611 2692 4623 -—
2728 4583 2982 4652 Capillos.
3037 4581 3418 4654 Cogitationes
3465 4600 3596 4655 quas
3653 4589 3956 4640 ornatum

2230 4669 2455 4724 homini
2484 4675 2547 4724 ut
2599 4670 2885 4739 rationali,
2914 4676 2971 4726 et
3000 4671 3179 4726 multa
3222 4672 3560 4743 disceptanti
3620 4674 3897 4743 praebent
3931 4690 3947 4726 :

2230 4754 2374 4809 sicut
2402 4756 2594 4827 capilli
2624 4758 2849 4829 capitis.

2300 4847 2373 4899 Et
2403 4848 2714 4913 supercilia.
2775 4847 2912 4911 Quae
2968 4847 3265 4903 hominem
3294 4849 3812 4920 contemplativum
3880 4850 3964 4905 de

2232 4932 2575 4987 sublimibus
2621 4940 2677 4989 et
2709 4935 3086 4991 divinioribus
3124 4937 3500 5005 constituunt,
3542 4939 3694 5009 quod
3725 4954 3952 5009 super-

2231 5021 2362 5075 cilia
2390 5021 2451 5075 iu
2480 5022 2778 5077 altioribus
2800 5025 2910 5079 sita
2938 5024 3281 5097 signiﬁcant.

2307 5112 2489 5165 Totius
2540 5116 2798 5181 corporis.
2865 5113 3046 5168 Etiam
3097 5115 3481 5170 verendarum
3538 5114 3822 5187 partium,
3892 5124 3975 5173 ut

2233 5199 2392 5254 nulla
2437 5206 2731 5256 remaneat
2776 5206 3035 5256 veterum
3066 5203 3501 5274 cogitationum,
3552 5211 3620 5259 ut
3649 5210 3817 5260 totus
3853 5223 3974 5261 no-

2235 5304 2338 5342 vus
2367 5293 2425 5341 et
2453 5289 2617 5360 quasi
2646 5290 2817 5344 modo
2852 5290 3080 5361 genitus
3106 5298 3359 5347 veterem
3390 5293 3689 5348 hominem
3748 5301 3973 5363 exuat,

2237 5391 2449 5430 novum
2476 5376 2695 5432 induat.
2745 5379 3044 5442 Quomodo
3071 5380 3225 5435 enim
3254 5381 3397 5435 rasis
3437 5381 3571 5453 pilis
3618 5383 3979 5453 succedunt

2234 5464 2388 5531 novi,
2418 5464 2466 5518 si
2515 5482 2677 5521 nova:
2707 5467 3081 5539 cogitationes
3111 5470 3182 5526 ad
3241 5450 3489 5526 meliora
3515 5450 3821 5541 pullulant
3855 5490 3979 5528 ve-

2231 5553 2452 5608 teribus
2482 5554 2720 5610 abrasis.
