4064 6186
171 312 234 362 337
1217 301 1472 360 GLOSSA
1507 303 1913 361 OBDINARIA.
1957 333 2024 344 —--
2064 305 2196 358 LIB.
2239 304 2466 360 LEVIT.

3497 313 3600 366 338

209 429 330 480 Vens.
363 427 440 478 l0.
497 455 561 465 —
609 425 716 478 Die
760 431 961 504 octavo.
1015 425 1136 488 Quo
1183 423 1456 478 Dominus
1506 426 1771 490 surrexit,
1801 427 1846 480 Α
1883 425 2085 494 exerit,
2115 425 2224 478 nisi
2255 441 2426 478 manu
2477 430 2788 496 assumpta,
2847 427 2900 480 id
2951 433 3057 496 est,
3103 429 3326 483 actione
3379 433 3586 486 conﬁr-

165 531 238 588 quo
267 516 498 584 leprosos
525 513 848 578 ingreditur
876 517 1082 578 castra,
1137 529 1266 583 quas
1313 513 1637 585 patriarcha
1686 517 1778 568 Ja-

165 606 231 658 cob
273 601 396 656 vidit
449 602 873 655 occurrentibus
911 601 1020 654 sibi
1061 601 1321 668 angelis:
1369 603 1519 656 unde
1587 603 1778 656 locum

165 703 290 748 castra
317 690 404 743 Dei
436 689 736 760 appellavit
778 691 928 758 (Gen.
959 691 1150 758 xxxii).

207 784 465 848 Postquam.
534 779 722 832 Prima
775 779 886 842 die,
940 795 1068 848 quae
1130 779 1420 846 egreditur
1480 779 1775 850 :sacerdos,

163 871 484 938 extrafcastra
533 869 823 922 immolari
881 868 950 921 ad
1001 867 1520 922 immundationem
1569 867 1780 938 leprosi

161 959 382 1032 praecepit,
415 961 602 1011 octava
653 958 744 1011 die
801 957 912 1012 alia
961 957 1234 1011 sacriﬁcia
1285 957 1595 1010 substituit.
1649 957 1779 1011 Haec

163 1049 266 1102 enim
290 1049 528 1100 eamdem
563 1046 678 1100 vim
713 1045 925 1100 habent
951 1062 1120 1116 quam
1153 1045 1340 1116 prima
1375 1063 1386 1099 :
1423 1047 1559 1116 quia
1607 1061 1777 1100 omne

161 1143 324 1207 tempus
373 1135 428 1189 in
471 1135 922 1189 hebdomadibus
969 1135 1330 1188 terminatur.
1383 1135 1590 1188 Octava
1638 1151 1776 1206 ergo

159 1225 362 1294 etprima
400 1227 480 1276 est
525 1239 653 1294 quia
696 1223 1078 1294 subsequitur.
1139 1223 1206 1276 Et
1255 1224 1570 1276 notandum
1620 1224 1776 1294 quod

160 1317 334 1382 lepram,
365 1313 418 1367 id
463 1317 544 1366 est
589 1317 882 1382 peccatum
933 1329 1299 1382 summopere
1347 1313 1647 1366 vitandum
1694 1329 1778 1366 os-

159 1401 300 1464 tendit,
331 1401 470 1472 quod
497 1407 614 1455 tam
645 1401 950 1471 diligenter
987 1401 1222 1472 purgari
1257 1401 1549 1470 praecepit.

201 1493 348 1556 Agnos
375 1491 760 1556 immaculatos,
813 1493 918 1544 etc.
972 1490 1176 1544 Omnia
1219 1489 1340 1543 haec
1385 1489 1640 1560 ﬁgurant
1684 1506 1774 1542 sa-

157 1579 364 1632 criticium
387 1578 707 1642 Salvatoris,
756 1578 853 1649 qui
911 1593 1016 1646 pro
1063 1578 1228 1632 nobis
1283 1579 1464 1632 hostia
1521 1577 1646 1632 fuit.
1701 1579 1776 1632 Ex

159 1673 336 1738 utroque
361 1683 490 1721 sexu
519 1667 862 1722 sacriﬁcium
891 1667 974 1733 ﬁt,
1027 1667 1164 1737 quia
1214 1671 1519 1738 utrumque
1572 1681 1770 1720 sexum

158 1755 348 1809 salvavit.

203 1845 364 1912 (illam)
417 1845 478 1896 In
528 1843 756 1898 duobus
813 1843 976 1913 agnis
1035 1843 1148 1898 duo
1207 1843 1481 1897 adventus
1546 1841 1774 1908 Christi,

153 1933 304 2002 quibus
329 1933 667 1986 credendum
695 1937 781 1986 est
808 1949 841 1986 a
889 1933 1050 2003 lepra
1095 1936 1459 2002 peccatorum
1509 1932 1776 1986 mandari

155 2021 288 2088 primo
315 2021 452 2075 enim
489 2021 648 2076 venit
695 2027 752 2076 et
791 2039 988 2094 passus
1038 2027 1140 2089 est,
1189 2021 1435 2076 secundo
1485 2020 1544 2074 in
1595 2021 1776 2090 gloria

155 2113 360 2162 venturus
387 2113 486 2162 est.

200 2199 496 2252 Amiculum.
531 2199 878 2253 Anuiculum
903 2198 1068 2267 jubet
1095 2213 1216 2250 esse
1266 2195 1606 2250 sacriﬁcium
1657 2201 1775 2250 tan-

155 2299 274 2350 quam
303 2285 648 2354 perfectum:
699 2285 952 2356 perfecta
999 2284 1154 2338 enim
1205 2283 1262 2338 in
1310 2282 1598 2354 prmdictis
1652 2283 1774 2336 ani-

157 2373 336 2426 malibus
379 2375 642 2428 annicula
685 2377 859 2428 sunt:
909 2374 1058 2427 unde
1102 2379 1158 2426 et
1203 2377 1341 2426 tunc
1417 2371 1776 2441 generationi

155 2467 242 2530 apta
263 2467 375 2515 sunt

197 2552 248 2602 Et
289 2555 382 2604 tres
423 2551 678 2604 decimas.
743 2549 848 2615 Qui
908 2551 1062 2604 enim
1113 2549 1422 2604 mandatur
1493 2549 1772 2602 sacriﬁcio

157 2635 391 2706 l'nigeniti.
422 2638 590 2692 debet
613 2639 728 2692 ﬁde
776 2645 985 2692 sanctae
1031 2639 1324 2694 Trinitatis
1375 2639 1609 2710 signari,
1659 2643 1774 2692 tres

155 2723 334 2776 decimas
355 2725 550 2792 simile,
585 2725 646 2780 id
678 2731 762 2780 est
791 2727 1162 2790 Trinitatem,‘
1189 2729 1416 2782 Patrem
1463 2731 1518 2780 et
1547 2726 1770 2790 Filium,

157 2814 192 2860 et
209 2811 436 2880 Spiritum
467 2819 730 2867 sanctum
777 2815 1082 2869 habentem
1131 2815 1190 2868 in
1247 2831 1592 2885 unaquaque
1637 2829 1774 2884 per-

157 2915 246 2951 sona
269 2902 656 2968 perfectionem
689 2919 702 2955 :
739 2903 1004 2957 denarius
1033 2905 1190 2957 enim
1221 2905 1504 2974 perfectus
1534 2907 1635 2956 est.

1887 519 2040 568 mata
2087 519 2140 568 et
2185 515 2428 585 signata.
2473 515 2642 569 Mittit
2696 521 2887 569 autem
2937 519 3128 572 oleum
3179 519 3238 572 in
3295 519 3592 576 sinistram

1887 619 2148 670 manum,
2179 609 2235 658 et
2271 603 2504 674 iutingit
2535 603 2778 674 digitum
2805 605 3068 660 dextrum
3101 607 3158 660 in
3191 609 3340 674 oleo,
3379 613 3445 661 ut
3493 625 3598 680 per

1889 691 2309 760 armajustitize
2340 710 2372 746 a
2406 693 2615 746 dextris
2648 699 2703 744 et
2751 693 2994 746 sinistris
3039 703 3428 762 conversetur,
3492 715 3596 768 per

1887 779 2130 849 gloriam
2187 787 2244 834 et
2283 781 2726 850 ignobilitatem,
2775 797 2878 852 per
2929 783 3224 838 infamiam
3274 791 3330 838 et
3375 785 3588 840 bonam

1889 867 2128 920 famam.

1957 956 2116 1008 Vens.
2153 959 2234 1010 19.
2274 987 2341 996 -—
2373 959 2440 1011 Et
2467 959 2636 1022 faciet
2664 961 3013 1026 sacri/icium,
3047 965 3150 1012 etc.
3191 961 3298 1013 Per
3347 977 3414 1014 ea
3461 979 3591 1032 quae

1886 1042 2033 1096 dicta
2059 1049 2192 1096 sunt
2229 1044 2298 1098 de
2337 1045 2575 1112 delictis,
2611 1053 2848 1116 possunt
2878 1063 2966 1114 ea,
3024 1065 3152 1118 qua:
3201 1065 3304 1118 pro
3355 1055 3584 1120 peccato

1884 1136 2038 1197 sunt,
2071 1131 2314 1202 conjici:
2355 1133 2540 1188 vicina
2588 1136 2742 1188 enim
2795 1141 2929 1190 sunt
2979 1140 3034 1200 et
3077 1139 3404 1191 communia
3455 1143 3578 1192 tan-

1885 1234 2060 1288 quam
2089 1219 2149 1272 in
2179 1221 2474 1274 communi
2507 1223 2768 1276 materia.

1955 1307 2357 1373 Hotoeaustum,
2414 1314 2518 1362 etc.
2570 1311 2775 1364 Christi
2843 1309 3182 1365 sacriﬁcium
3251 1313 3412 1382 prius
3487 1330 3590 1368 nos

1885 1409 1917 1444 a
1946 1393 2167 1447 delictis
2193 1399 2248 1448 et
2281 1397 2522 1464 peccatis
2552 1398 2806 1460 mundat,
2859 1405 2916 1452 et
2969 1403 3100 1452 tunc
3147 1405 3404 1454 nostrum
3459 1417 3589 1454 cou-
3651 1443 3654 1446 .

1886 1481 2081 1534 ﬁcitur
2115 1483 2530 1538 holocaustum.
2563 1487 2704 1540 Cum
2737 1486 2890 1540 enim
2923 1487 3268 1558 intelligibili
3305 1489 3586 1542 emunda-

1885 1570 2039 1623 tione
2071 1587 2279 1640 corpus
2309 1579 2570 1628 nostrum
2610 1581 2665 1628 et
2692 1577 2945 1630 animam
2994 1577 3411 1630 sanctiticantes
3453 1577 3582 1629 facti

1885 1675 2083 1712 sumus
2142 1661 2484 1730 spirituales,
2541 1669 2678 1718 tunc
2744 1665 2904 1735 digni
2977 1665 3368 1718 ascensionem
3447 1665 3585 1718 alta-

1887 1747 1966 1800 ris
1991 1746 2273 1800 efﬁcimur
2307 1766 2318 1801 :
2353 1755 2490 1804 tunc
2519 1753 2676 1806 enim
2705 1753 2934 1822 plenam
2977 1751 3446 1806 emundationem
3495 1768 3586 1805 ac-

1887 1835 2149 1906 cipimus,
2185 1851 2286 1889 nec
2319 1837 2428 1890 alia
2466 1840 2812 1910 indigemus.
2847 1840 2991 1894 Sunt
3019 1856 3267 1910 namque
3306 1841 3585 1894 emunda-

1887 1925 2118 1979 tionum
2145 1925 2456 1994 proiectus,
2492 1931 2756 1998 quaedam
2789 1929 2942 1982 enim
2986 1945 3019 1982 a
3059 1928 3379 1998 pollutione
3409 1928 3584 1998 lepra:

1883 2013 2124 2080 liberat;
2163 2011 2270 2064 alia
2301 2014 2519 2069 inducit
2548 2017 2608 2070 in
2635 2023 2854 2082 castra;
2897 2019 3006 2072 alia
3044 2018 3372 2088 plenissime
3413 2033 3587 2070 mun—

1883 2103 2042 2158 datos
2068 2099 2138 2154 ad
2170 2100 2345 2155 altare
2376 2111 2702 2174 prmsentat.

1953 2192 2116 2243 Vens.
2163 2191 2253 2244 2t.
2307 2193 2463 2256 Quod
2503 2197 2552 2248 si
2599 2211 2807 2264 pauper
2856 2199 2934 2248 est
2980 2197 3032 2248 et
3085 2210 3190 2248 non
3239 2199 3412 2264 potest
3467 2211 3584 2248 ma-

1881 2297 1984 2336 nus
2031 2285 2168 2352 ejus,
2225 2289 2310 2338 etc
2381 2285 2660 2355 (Ηιεῐιοκ.)
2721 2287 2835 2338 [loc
2891 2289 2994 2348 est,
3059 2285 3104 2338 si
3155 2285 3378 2338 divitias
3411 2285 3584 2339 cccle-

1884 2371 2055 2426 stium
2088 2375 2496 2428 charismatum
2530 2391 2641 2428 non
2671 2373 2861 2438 habet,
2913 2374 3072 2426 verbi
3126 2374 3328 2444 gratia,
3383 2374 3428 2426 si
3471 2373 3584 2426 vir-

1881 2461 2178 2532 ginitatem
2209 2480 2432 2518 servare
2475 2479 2594 2517 non
2637 2463 2836 2528 valuit,
2885 2463 3116 2516 thorum
3160 2461 3438 2516 custodiat
3481 2463 3584 2514 im-

1883 2552 2232 2607 maculatum
2267 2571 2280 2618 ;
2315 2553 2360 2605 si
2415 2552 2673 2622 martyrii
2719 2569 2837 2605 non
2885 2553 3071 2622 potuit
3115 2555 3404 2622 reportare
3458 2553 3580 2604 tro—

1881 2653 2096 2708 paeum,
2130 2657 2188 2694 se
2221 2643 2422 2694 saltem
2456 2645 2640 2694 servet
2667 2641 2962 2694 invictum.

1955 2745 2113 2810 Quod
2141 2749 2192 2800 si
2215 2763 2426 2816 pauper
2453 2752 2549 2812 est,
2579 2749 2684 2799 etc.
2717 2746 3047 2800 Mirabiliter
3075 2744 3478 2798 condescendit
3523 2747 3580 2798 et

1883 2832 2106 2886 veniam
2137 2835 2390 2888 tribuens
2423 2835 2764 2906 paupertati,
2796 2851 3048 2904 congrua
3081 2833 3320 2904 pauperi
3361 2832 3578 2887 sacriﬁ-

1883 2919 1969 2972 cia
2001 2922 2276 2991 prmcipit,
2305 2939 2374 2976 ne
2399 2925 2762 2992 Obstupescat
2791 2923 2836 2976 si
2875 2924 3092 2992 majora
3141 2921 3359 2974 viribus
3406 2921 3576 2974 sacri-

201 2988 375 3044 Similaa.
409 2991 722 3062 Unigeniti.
755 2992 1020 3056 Quamvis
1045 2993 1202 3046 enim
1245 2991 1532 3062 Unigeniti
1585 2991 1772 3060 passio

1956 3008 2010 3062 ia
2037 3010 2356 3080 exigantur.
2409 3011 2518 3074 Qui
2573 3015 2766 3076 tamen
2817 3027 2934 3064 non
2988 3010 3160 3064 habet
3216 3025 3425 3080 panem
3475 3013 3577 3062 aut

157 3075 289 3140 fuerit,
313 3095 442 3148 opus
490 3085 688 3133 tamen
745 3085 826 3134 est
871 3082 1048 3134 totius
1105 3081 1439 3134 Trinitatis:
1503 3079 1656 3134 unde
1711 3080 1774 3133 in

159 3165 322 3219 nomine
349 3167 543 3234 Patris,
599 3167 730 3222 Filii
779 3173 834 3222 et
871 3169 1114 3240 Spiritus
1164 3169 1344 3223 sancti
1391 3169 1768 3238 baptizamur,

159 3251 248 3306 dum
271 3255 319 3308 in
352 3263 588 3311 mortem
624 3258 833 3312 Christi
863 3258 1223 3328 baptizamur

205 3341 325 3396 flsica
349 3343 364 3404 )
392 3345 478 3398 Est
509 3345 672 3416 lepra
703 3345 938 3415 peccati,
969 3351 1098 3410 etc.,
1139 3361 1310 3415 usque
1355 3345 1430 3398 ad
1472 3349 1528 3398 et
1573 3360 1772 3398 conse-

161 3429 222 3494 qui
241 3431 427 3486 veniam
437 3473 448 3487 .

203 3519 284 3572 Oiei
327 3525 640 3576 sextarium.
697 3521 842 3586 Quia
889 3521 1002 3576 ﬁde
1057 3521 1400 3590 intelligitur
1469 3527 1526 3575 et
1583 3521 1774 3588 agitur

159 3611 528 3681 unumquodque
615 3611 1040 3680 praedictorum.
1139 3611 1427 3664 Sextarius
1525 3627 1772 3681 namque

158 3708 354 3750 mensura
387 3704 482 3762 est,
535 3717 648 3753 nec
698 3700 827 3769 plus
875 3715 978 3753 nec
1017 3699 1210 3753 minus
1253 3699 1570 3769 capientis:
1619 3700 1773 3770 quod

160 3783 260 3838 enim
281 3787 386 3855 plus
409 3793 509 3856 est,
541 3787 877 3852 eﬁ'unditur,
920 3787 966 3841 si
995 3787 1186 3842 minus
1216 3793 1314 3852 est,
1361 3805 1475 3842 non
1519 3794 1603 3842 est
1651 3804 1770 3841 sex-

161 3873 296 3926 tarius.
321 3876 397 3929 Sic
425 3877 564 3930 ﬁdes
596 3877 671 3930 ad
703 3877 908 3930 mentis
939 3881 1148 3930 nostras
1201 3893 1532 3930 mensuram
1581 3877 1769 3938 datur,

161 3973 224 4011 nec
245 3964 364 4034 capit
387 3967 511 4034 plus
539 3971 644 4020 aut
673 3967 864 4020 minus
891 3983 1061 4036 quam
1094 3983 1126 4020 a
1175 3967 1290 4020 Deo
1342 3967 1702 4020 distribuitur
1754 3981 1768 4018 :

162 4051 257 4115 quod
286 4053 418 4108 enim
443 4057 572 4124 plus
605 4060 697 4108 est
726 4059 825 4108 aut
853 4055 1060 4120 minus,
1089 4057 1248 4108 extra
1274 4055 1446 4108 ﬁdem
1479 4059 1580 4108 est.

203 4137 288 4192 Olei
335 4144 654 4209 sextarium,
705 4143 982 4214 pinguem
1030 4143 1130 4196 Dei
1197 4141 1645 4195 misericordiam
1718 4145 1774 4194 et

165 4229 373 4290 gratiam:
425 4239 480 4286 et
529 4233 578 4286 si
658 4231 1068 4286 clarissimam“
1107 4231 1498 4284 sanctimoniae.
1567 4229 1770 4284 faciem

165 4315 354 4378 praferre
381 4336 486 4374 non
520 4321 727 4388 valuit,
759 4321 1052 4374 lucernam
1081 4321 1216 4374 ﬁdei
1260 4335 1374 4374 non
1427 4319 1767 4388 exstinguat.

205 4405 322 4460 l’zas.
353 4411 428 4463 14.
463 4441 522 4451 -—
559 4413 745 4481 Supra
770 4415 1085 4465 extremum.
1119 4411 1190 4465 Ut
1219 4409 1476 4464 auditum
1527 4409 1766 4474 muniat,

168 4493 389 4551 etcautum
427 4501 626 4555 reddat
657 4516 671 4554 :
707 4516 778 4554 ne
809 4501 1053 4571 amplius
1101 4515 1298 4554 vocem
1337 4499 1615 4570 serpentis
1662 4513 1771 4551 au-

169 4579 252 4634 ἀίει.

214 4669 264 4722 Et
283 4676 431 4741 pedis.
463 4677 531 4732 Ut
560 4677 624 4731 in
653 4683 958 4747 conspectu
993 4677 1092 4731 Dei
1123 4677 1301 4732 motio
1341 4681 1534 4730 nostra
1581 4681 1636 4730 et
1683 4675 1771 4728 via

171 4753 382 4828 dirigatur.
417 4767 507 4820 His
533 4767 692 4820 enim
747 4767 1086 4836 supradictis
1135 4765 1430 4820 custoditis
1487 4781 1587 4836 per
1641 4781 1769 4817 san-

172 4845 328 4909 ?“inem
357 4855 478 4921 agni
510 4861 567 4909 et
595 4856 772 4909 ﬁdem
806 4857 946 4926 ejus,
1001 4873 1128 4926 qua!
1171 4854 1338 4908 nobis
1379 4871 1484 4923 per
1540 4853 1768 4907 miseri-

177 4935 346 4994 mrdiam
373 4949 420 4996 et
463 4945 922 5015 compassionem
969 4945 1150 5015 ipsius
1184 4943 1450 5012 donatur,
1499 4943 1771 5014 intelligi-

177 5017 252 5074 bilis
273 5027 403 5098 lepra
439 5031 690 5103 fugatur.

215 5109 324 5168 Vens.
359 5121 432 5174 16.
461 5152 524 5162 -
558 5125 624 5176 Et
652 5127 920 5192 asperget,
953 5127 1065 5176 etc.
1105 5122 1408 5176 Praesumit
1437 5121 1594 5175 enim
1645 5121 1774 5174 talis

181 5203 351 5257 iacerdos
377 5211 516 5278 apud
546 5213 748 5276 Deum,
781 5209 1054 5281 quoniam
1086 5211 1366 5265 mundare
1396 5215 1454 5264 et
1487 5209 1775 5264 dimittere

185 5295 332 5348 Pituita
355 5299 596 5364 potuerit
625 5317 639 5354 :
669 5299 822 5355 unde
877 5301 1082 5370 septies
1108 5301 1370 5372 aspergit,
1405 5299 1538 5371 quia
1569 5315 1772 5352 nume-

187 5384 240 5424 ωδ
257 5386 316 5434 est
341 5389 682 5444 remissionis
705 5395 762 5444 et
789 5391 1010 5460 gratiae.
1345 5427 1348 5430 λ

225 5463 336 5522 Vm.
365 5477 440 5529 Π.
471 5509 536 5518 --
569 5479 729 5544 Quod
760 5483 960 5542 autem,
1011 5483 1116 5534 etc.
1166 5479 1235 5534 Ut
1281 5477 1422 5532 ﬁdes
1470 5477 1778 5530 sacerdotis

197 5559 448 5624 inoperibus
475 5568 831 5622 ostendatur.
867 5568 990 5621 Non
1029 5567 1184 5621 enim
1231 5567 1396 5620 aliter
1461 5567 1574 5618 vim
1603 5569 1776 5618 'suam

1881 3097 2182 3164 pecuniam
2203 3099 2354 3153 unde
2387 3103 2538 3153 emat
2578 3115 2792 3168 agnum
2819 3103 2918 3152 aut
2946 3098 3272 3152 columbam
3301 3102 3404 3150 aut
3465 3101 3580 3150 tur-

1881 3189 2119 3241 turem?
2158 3189 2240 3242 Ad
2285 3187 2604 3258 spiritualia
2643 3205 2780 3258 ergo
2825 3188 3034 3242 horum
3079 3187 3372 3240 occasione
3419 3203 3580 3240 voca-

1881 3289 2031 3341 mur,
2067 3281 2128 3329 ut
2173 3277 2413 3346 lepram,
2463 3276 2780 3343 malitiam;
2835 3276 3254 3347 paenitentiam,
3301 3275 3578 3330 emunda-

1881 3363 2095 3418 tionem
2125 3363 2530 3436 intelligamus.
2567 3365 2922 3420 Pasnitentiaa
2981 3369 3112 3418 sunt
3159 3380 3336 3434 opera
3382 3380 3576 3420 neces-

1879 3452 2046 3518 saria,
2106 3470 2235 3524 quae
2299 3456 2524 3508 valeant
2575 3455 2766 3508 delere
2820 3457 3068 3524 peccata.
3133 3453 3340 3508 Unde:
3395 3457 3578 3508 Facite

1877 3554 2002 3606 ergo
2030 3542 2244 3604 fructus
2275 3541 2464 3606 dignos
2493 3543 2820 3610 paznitentiae
2852 3543 3004 3608 (Luc.
3037 3539 3142 3610 In.)
3193 3543 3336 3596 Sunt
3383 3545 3598 3612 autem,

1879 3626 2074 3696 plures
2105 3628 2204 3699 qui
2233 3645 2348 3683 non
2377 3634 2618 3699 possunt
2648 3630 2862 3682 solvere
2895 3629 3046 3700 quod
3075 3628 3250 3700 exigit
3299 3627 3574 3682 districtio

1879 3716 2253 3786 pomitentim.
2289 3718 2470 3788 Exigit
2495 3719 2650 3772 enim
2675 3719 2993 3772 orationem
3049 3718 3355 3783 assiduam,
3423 3718 3577 3770 elee-

1879 3821 2197 3874 mosynam,
2251 3807 2490 3876 vigilias,
2542 3823 2764 3860 sacrum
2807 3807 3121 3876 jejunium,
3174 3809 3230 3859 et
3277 3811 3340 3858 ut
3405 3805 3582 3875 possit

1878 3893 2065 3946 dicere
2097 3911 2110 3947 :
2137 3897 2312 3948 Facta
2339 3901 2466 3948 sunt
2493 3897 2744 3964 lacrymae
2772 3911 2898 3948 meae
2925 3909 3092 3962 panes
3148 3893 3236 3946 die
3282 3909 3344 3946 ac
3389 3899 3572 3961 nocte;

1879 3987 1954 4046 et,
1989 3983 2206 4036 Lavabo
2247 3999 2344 4050 per
2399 3985 2646 4048 singulas
2703 3987 2877 4036 noctes
2909 3985 3100 4035 lectum
3155 3997 3346 4044 meum,
3397 3981 3575 4048 lacry-

1879 4073 1981 4124 mis
2032 4065 2192 4134 meis;
2243 4075 2348 4124 etc.
2407 4071 2572 4138 (Psat.
2607 4070 2740 4138 xiv.)
2776 4072 2858 4135 Et,
2895 4073 3035 4138 ()uia
3060 4073 3285 4124 cinerem
3319 4075 3578 4138 tanquam

1877 4175 2070 4228 panem
2129 4159 2543 4224 manducabam,
2612 4163 2716 4212 etc.
2779 4160 2942 4230 (Psal.
3005 4161 3094 4226 cr.)
3175 4159 3422 4228 Ignoscit
3491 4159 3578 4212 his

1880 4249 1979 4320 qui
1999 4249 2218 4315 volunt,
2248 4249 2344 4302 sed
2377 4266 2488 4303 non
2521 4253 2762 4320 possunt
2789 4249 2960 4302 aliam
3000 4249 3147 4302 viam
3201 4247 3576 4318 poenitentiae,

1883 4338 1940 4392 id
1971 4342 2075 4404 est,
2105 4337 2216 4392 alia
2249 4338 2654 4393 sacriﬁciorum
2685 4355 2899 4410 genera
2927 4337 3195 4409 exquirit.

1952 4445 2110 4498 Vsus.
2176 4447 2266 4498 20.
2343 4475 2412 4486 —
2485 4448 2648 4500 Ponet
2719 4461 2882 4514 super
2952 4450 3252 4499 extremum
3323 4439 3582 4500 auriculae

1878 4531 2084 4586 dextra
2119 4534 2270 4588 illius
2299 4537 2412 4602 qui,
2446 4539 2553 4589 etc.
2591 4535 2798 4606 (Orum,
2827 4537 2966 4590 hom.
3014 4537 3046 4588 8
3076 4537 3132 4586 in
3175 4533 3380 4600 Leuit.)
3417 4532 3582 4586 Vides

1881 4621 2168 4691 quomodo
2251 4623 2468 4678 ultimae
2523 4629 2580 4678 et
2634 4639 2876 4678 summa:
2952 4621 3396 4694 puriﬁcationis,
3447 4625 3578 4686 etc.,

1879 4723 2049 4777 usque
2075 4709 2150 4762 ad
2180 4713 2237 4764 et
2264 4727 2368 4780 per
2397 4711 2594 4766 omnia
2619 4717 2936 4781 reparetur.

1955 4817 2111 4871 Vens.
2183 4819 2268 4871 34.
2325 4849 2394 4858 -
2445 4819 2722 4875 Chanaan.
2773 4819 2986 4888 (151011.)
3041 4818 3214 4870 Terra
3239 4815 3582 4868 chananmo-

1879 4921 2012 4960 rum
2039 4907 2278 4960 Abrahae
2309 4907 2589 4977 promissa
2617 4912 2720 4972 est,
2749 4915 2890 4970 etc.,
2949 4919 3118 4972 usque
3165 4904 3240 4957 ad
3301 4903 3454 4972 quod
3503 4903 3585 4956 ibi

1881 4999 2040 5064 patet
2064 4996 2310 5050 Salutate
2336 4997 2644 5066 Nympham
2673 4999 2722 5049 et
2751 4995 3096 5050 domesticam
3137 4993 3250 5060 ejus
3307 4992 3584 5045 ecclesiam

1884 5084 2026 5152 (σοι.
2063 5085 2158 5152 1v).

1955 5191 2114 5244 Vens.
2147 5193 2238 5247 40.
2271 5195 2358 5232 ’-
2413 5193 2590 5244 Extra
2639 5192 2930 5243 civilatem.
2978 5187 3102 5240 Non
3147 5189 3374 5239 tantum
3423 5189 3584 5239 extra

1885 5279 2144 5346 domum,
2180 5280 2316 5350 quia
2347 5279 2416 5332 de
2465 5277 2770 5330 universali
2821 5273 3064 5329 Ecclesia
3112 5277 3244 5328 sunt
3292 5274 3580 5344 ejiciendi,

1885 5385 2012 5440 qum
2045 5373 2128 5422 est
2157 5369 2354 5422 civitas
2389 5367 2486 5420 Dei
2519 5365 2650 5418 vivi.

1959 5475 2116 5528 Vsus.
2151 5477 2236 5528 5‘2.
2267 5504 2333 5514 ——
2383 5473 2720 5542 Lapidesque
2771 5473 2928 5525 alios.
2985 5473 3260 5538 Dogmata
3311 5469 3588 5526 veritatis.

1887 5565 1956 5617 de
1989 5564 2194 5634 quibus
2227 5563 2464 5617 dicitur:
2487 5562 2720 5632 Lapides
2749 5563 2865 5615 vivi
2887 5561 3177 5614 volvuntur
3201 5573 3369 5629 super
3391 5563 3588 5612 terram
