4038 6180
308 243 410 295 339

910 242 1303 297 WALAFBIDI
1341 242 1588 297 STRABI
1630 242 1825 297 FULD.
1873 242 2030 295 MON.
2085 241 2243 294 OPP.
2290 240 2462 294 PARS
2510 241 2554 294 Ι.
2596 269 2665 278 --
2705 239 3157 296 THEOLOGICA.

3710 248 3814 301 340

301 362 489 431 (Zach.
548 363 659 433 1x);
710 369 767 420 et
815 364 997 419 alibi:
1058 367 1371 436 Quicunque
1424 363 1777 434 adiﬁcaverit
1830 378 1993 434 super
2029 365 2071 420 A
2173 362 2331 416 Vens.
2365 365 2446 417 17.
2478 390 2549 400 —
2580 363 2793 416 Vestem
2838 364 2888 416 et
2934 362 3142 430 pellem.
3196 362 3477 419 Miseriam
3526 367 3816 437 exprimit

302 453 718 520 fundamentum
745 471 941 509 aurum
970 458 1019 509 et
1048 458 1352 522 argentum,
1387 457 1493 506 etc.
1528 454 1583 521 (Ι
1611 452 1736 508 Cor.
1771 452 1872 523 ιιι).

377 543 535 597 Vens.
569 544 658 597 44.
692 572 762 582 -
792 545 1076 599 Reversam
1119 543 1328 609 lepram
1370 546 1421 594 et
1466 544 1725 609 parietes,
1776 547 1884 595 etc.
1937 540 1998 595 Id

305 636 406 695 est,
440 631 487 685 si
516 630 706 701 ejectis
735 631 925 701 pravis
972 630 1353 700 dogmatibus,
1408 629 1758 700 expositione
1808 629 2002 684 subtili

304 737 501 776 rursus
526 719 833 790 impietatis
863 718 1123 774 doctrina
1149 718 1473 772 inveniatur
1503 734 1751 789 aspersa.

380 811 539 864 Vens.
570 810 658 864 48.
690 838 761 849 -
787 808 941 874 Quod
978 812 1027 863 si
1059 809 1339 873 introiens,
1390 812 1493 861 etc.
1547 809 1828 863 Memento
1872 823 2003 879 qua

306 897 514 968 legeris
558 898 618 951 in
662 897 1035 951 mundatione
1083 896 1314 967 leprosi.
1365 895 1655 949 Manifesta
1701 895 1855 950 enim
1907 911 2004 964 ap-

307 991 471 1058 paret
528 986 663 1057 quia
711 985 1006 1039 ecclesiam
1058 984 1461 1039 hareticorum
1520 984 1828 1053 exprimit;
1904 984 2002 1054 qui

308 1080 506 1130 contra
559 1075 1046 1144 dispensationem
1093 1073 1503 1127 incarnationis
1570 1072 1776 1128 Christi
1838 1073 1999 1142 agit:

311 1171 367 1220 et
404 1165 535 1220 ideo
567 1164 636 1218 ad
676 1164 913 1218 domum
962 1162 1352 1216 mundandam
1395 1162 1532 1215 talia
1580 1162 1858 1216 sacriﬁcia
1904 1162 2001 1215 ad-

303 1254 448 1324 jicit,
514 1253 573 1306 in
620 1252 827 1323 quibus
879 1251 1147 1323 mysteria
1192 1250 1378 1304 carnis
1422 1255 1479 1305 et
1523 1250 1803 1321 passionis
1843 1250 2005 1305 Chri-

310 1344 383 1398 sti
414 1342 634 1414 possint
670 1340 933 1412 exprimi,
982 1345 1038 1394 et
1084 1345 1312 1411 peccata
1356 1339 1412 1393 in
1466 1356 1525 1394 se
1571 1339 1875 1393 commissa
1923 1355 2007 1392 sa-

313 1431 457 1485 nari.

386 1521 543 1574 Vens.
575 1519 661 1574 54.
697 1548 766 1559 ——
814 1519 929 1572 Ista
975 1521 1051 1572 est
1104 1518 1210 1571 lex.
1268 1516 1411 1580 Quia
1468 1517 1578 1570 late
1627 1517 1782 1586 leges
1829 1515 2007 1587 lepra

314 1606 594 1679 exposuit,
678 1605 994 1659 necessario
1077 1603 1493 1675 recapitulavit,
1570 1604 1729 1676 prius
1803 1620 2005 1675 genus,

318 1696 526 1751 deinde
558 1698 746 1766 partes
762 1693 1016 1765 exponit.

387 1787 591 1853 Lepra.
624 1782 821 1852 Impia
855 1782 1149 1844 doctrina,
1182 1796 1312 1852 qua
1344 1781 1629 1852 contingit
1684 1782 1857 1836 etiam
1907 1780 2014 1835 lai-

317 1871 416 1937 cis,
452 1871 580 1924 ideo
612 1870 868 1924 additum
895 1874 1025 1924 est:
1065 1872 1165 1924 Vir
1203 1874 1299 1923 aut
1341 1870 1537 1923 mulier
1583 1871 1642 1923 in
1689 1885 1793 1938 quo
1841 1870 2015 1935 fuerit

314 1961 485 2028 plaga
526 1960 685 2027 lepra
723 1963 773 2013 et
824 1964 930 2016 eat.
964 1958 1021 2013 Si
1081 1958 1236 2013 enim
1288 1959 1603 2013 sacerdotes
1652 1963 1873 2012 tantum
1926 1958 2014 2011 in-

319 2047 649 2115 tellexisset,
682 2047 985 2102 mulierem
1033 2064 1149 2101 non
1200 2047 1529 2102 addidisset.
1580 2049 1713 2102 Post
1765 2048 1885 2101 hac
1932 2048 2011 2102 le-

321 2152 505 2206 pram,
540 2152 668 2207 qua
696 2140 781 2189 est
808 2135 868 2189 in
894 2135 1220 2202 virtutibus,
1252 2136 1481 2206 (posuit,
1528 2135 1649 2190 hac
1686 2136 1841 2189 enim
1887 2139 2021 2190 sunt

321 2223 530 2278 anima
554 2223 907 2278 vestimenta.
941 2224 1075 2278 Inde
1106 2240 1235 2294 qua
1285 2228 1371 2277 est
1410 2223 1471 2277 in
1515 2223 1774 2278 Ecclesia
1822 2224 2019 2278 docto-

324 2312 500 2378 ribus,
531 2328 660 2383 qua
686 2316 819 2366 sunt
847 2312 1093 2383 parietes
1123 2312 1345 2366 domus.
1378 2313 1628 2366 Tandem
1656 2312 1932 2367 cicatricis
1963 2316 2021 2367 et

325 2399 754 2468 erumpentium
802 2401 1143 2471 papularum
1185 2400 1523 2455 memoriam
1570 2400 1746 2455 facit:
1798 2401 2020 2471 lepram

323 2501 514 2540 veram
539 2487 882 2555 describens,
917 2503 1043 2541 eam
1090 2487 1302 2542 scilicet
1341 2504 1470 2560 qua
1527 2493 1611 2543 est
1667 2488 1728 2542 in
1777 2488 2021 2560 peccatis

325 2576 414 2630 vel
444 2576 503 2629 in
535 2575 724 2630 dubiis
744 2578 831 2631 vel
863 2576 1201 2631 manifestis.

993 2711 1219 2767 CAPUT
1254 2712 1362 2767 XV.

401 2844 613 2914 (Istam)
666 2844 789 2899 LXX
836 2843 936 2912 sic,
976 2848 1107 2910 etc.,
1152 2860 1320 2915 usque
1368 2845 1442 2899 ad
1489 2845 1551 2899 in
1596 2844 1782 2900 virum
1834 2846 2021 2917 perfe-

330 2936 504 2997 ctum,
542 2938 649 2988 etc.

401 3022 645 3075 Vens.2.
696 3050 763 3061 —-
819 3021 1036 3082 (Gnec.,
1097 3019 1192 3074 lib.
1252 3036 1423 3074 xxxm
1471 3021 1689 3089 Moral.,
1742 3036 1865 3091 cap.
1935 3025 2020 3087 15,

332 3113 470 3162 tom.
504 3108 601 3179 ll.)
643 3111 742 3165 Vir
769 3112 867 3179 qui
906 3112 1141 3178 patitur,
1193 3112 1301 3163 etc.
1348 3109 1495 3173 Quid
1542 3114 1627 3163 est
1678 3126 1865 3165 sermo
1912 3110 2023 3164 nisi

333 3200 575 3251 semen?
604 3202 732 3265 etc.,
764 3214 933 3267 usque
959 3198 1033 3252 ad
1062 3213 1235 3268 quam
1269 3202 1561 3269 perpetua
1594 3199 1869 3255 mercedis
1912 3200 2027 3254 fru-

335 3289 507 3339 ctum.

406 3373 613 3443 (l51ca.)
641 3374 782 3438 Quia
815 3373 1009 3428 multa
1062 3374 1274 3445 species
1321 3378 1453 3428 sunt
1490 3390 1679 3445 prava
1727 3375 2025 3444 doctrina,

337 3466 467 3529 etc.,
493 3477 661 3531 usque
705 3462 779 3515 ad
822 3462 869 3516 si
915 3462 1201 3533 particeps
1249 3462 1422 3517 fuerit
1461 3462 1733 3517 doctrina
1782 3464 1905 3535 ejus
1948 3481 2029 3520 se-

338 3567 518 3621 quens
547 3550 849 3621 discipulos
878 3550 1079 3621 ipsius.

413 3640 570 3693 Vens.
614 3642 664 3694 9.
715 3670 785 3678 —
825 3640 1027 3707 Sagma
1080 3654 1242 3708 super
1291 3654 1414 3707 quo,
1474 3643 1582 3694 etc.
1636 3640 1847 3709 (Islcn.)
1903 3641 2027 3697 LXX

339 3728 603 3799 ἑπισαγμα
648 3728 778 3792 ὄνον,
839 3727 898 3782 id
955 3732 1057 3795 est,
1116 3729 1432 3797 stragulum
1490 3727 1654 3782 asini.
1714 3731 1822 3783 Per
1877 3731 2029 3801 quod

338 3817 722 3887 negligentior
749 3816 1058 3887 discipulus
1084 3822 1139 3869 et
1172 3816 1329 3869 molli
1379 3817 1547 3870 corde
1590 3820 2030 3874 commutandus

339 3903 702 3974 intelligitur.
736 3905 1001 3975 Sagmata
1031 3904 1183 3958 enim
1217 3904 1412 3958 mollia
1442 3910 1591 3960 sunt.

412 3993 575 4047 Vens.
614 3996 695 4047 13.
732 4023 792 4034 -
832 3994 1161 4048 Numerabit
1190 3997 1387 4063 septem
1420 3993 1554 4048 dies.
1586 3994 1708 4064 (Ιο.)
1741 3994 1884 4059 Quia
1927 4011 2030 4066 per

341 4082 730 4151 septiforniem
778 4082 1052 4153 Spiritum
1099 4082 1265 4135 datur
1304 4080 1587 4152 lremissio
1644 4088 2030 4153 peccatorum,

339 4172 500 4241 cujus
532 4176 748 4241 septem
799 4171 961 4225 donis
1005 4170 1267 4240 indigent
1323 4169 1424 4241 qui
1468 4170 1715 4242 perfecte
1764 4173 2027 4227 mundari

340 4259 569 4313 debent.

412 4349 570 4401 Vens.
636 4348 719 4401 14.
779 4348 928 4401 Duos
988 4352 1242 4400 turtures.
1318 4344 1449 4415 (ln.)
1528 4346 1773 4417 Dignum
1843 4348 2030 4402 docto—

339 4436 496 4490 ribus
544 4435 900 4490 sacriﬁcium.
961 4436 1172 4489 Turtur
1238 4433 1522 4504 siquidem
1572 4434 2029 4504 meditationem,

340 4524 604 4579 columba
644 4525 973 4595 frequenter
1015 4538 1294 4593 generans
1340 4527 1397 4576 et
1439 4523 1701 4593 simplex,
1753 4523 2031 4594 Spiritum

339 4619 598 4669 sanctum
630 4613 911 4683 designat.
944 4613 1182 4683 Oportet
1224 4610 1379 4666 enim
1426 4612 1713 4666 doctorem
1761 4612 2029 4683 spiritua-

339 4704 471 4758 liter
497 4718 770 4773 generare
806 4717 820 4755 :
871 4701 1043 4771 digne
1080 4716 1216 4770 ergo
1256 4701 1361 4757 hoc
1402 4700 1744 4755 sacriﬁcium
1779 4703 2031 4758 sacerdo-

337 4792 492 4847 tibus
515 4795 569 4845 et
600 4790 890 4861 magistris
919 4789 1216 4845 dedicavit.

410 4882 576 4935 Vens.
620 4883 702 4934 15.
736 4910 805 4921 ——
836 4881 1038 4935 Coram
1069 4880 1295 4933 Domino
1328 4882 1389 4930 ut
1434 4878 1770 4933 emundetur.
1817 4878 2028 4934 Secun-

341 4970 479 5024 dum
503 4970 851 5023 voluntatem
878 4972 933 5022 et
959 4968 1145 5038 legem
1187 4967 1308 5025 Dei,
1359 4982 1532 5037 super
1578 4984 1708 5038 qua
1756 4969 2026 5039 peccavit,

338 5057 683 5110 emundatur
715 5056 1063 5126 panitendo,
1093 5054 1365 5109 sacriﬁcia
1400 5055 1727 5111 orationum
1777 5056 2024 5111 offeren-

342 5146 436 5210 do,
466 5150 524 5198 et
552 5144 819 5215 deinceps
862 5148 1011 5198 recte
1057 5144 1296 5199 vivendo
1340 5148 1395 5197 et
1435 5144 1682 5214 perfecte
1732 5144 2025 5214 sapiendo.

412 5238 566 5289 Vens.
596 5239 678 5290 16.
712 5266 782 5275 -
817 5238 915 5291 Vir
938 5237 1004 5290 de
1033 5252 1136 5305 quo
1162 5236 1461 5305 egreditur,
1505 5242 1610 5291 etc.
1654 5237 1863 5308 (lsicn.)
1909 5239 2031 5294 Nisi

339 5326 485 5395 quis,
521 5328 650 5387 etc.,
682 5338 851 5393 usque
878 5323 952 5376 ad
978 5323 1274 5377 mundavit
1301 5340 1482 5394 genus
1514 5324 1853 5379 humanum.

409 5412 540 5480 (1ο.)
572 5409 715 5474 Quia
741 5410 927 5475 multi,
960 5416 1102 5476 etc.,
1136 5424 1304 5479 usque
1334 5410 1409 5465 ad
1438 5410 1736 5466 doctorum
1789 5426 2028 5466 suorum

339 5496 773 5555 traditionibus.

2112 449 2412 521 originalis
2464 448 2699 521 peccati,
2750 465 2864 520 quo
2912 466 3097 521 genus
3148 450 3468 507 humanum
3525 456 3814 525 pollutum

2113 540 2286 593 etiam
2324 539 2613 593 insensata
2654 537 2882 609 polluit.
2931 539 3192 594 Mulieres
3244 540 3514 611 exprimit
3561 560 3691 614 qua
3740 543 3814 598 li-

2109 627 2317 682 bidinis
2355 644 2524 682 causa
2550 627 2860 682 miscentur
2892 627 3028 681 viris
3063 628 3133 682 ad
3179 631 3563 700 temporalem
3615 648 3807 700 usum,

2110 732 2283 788 quem
2314 721 2605 787 prastant,
2638 721 2696 770 et
2724 715 3149 782 vestimentum,
3203 718 3381 787 pelles
3425 736 3659 791 quoque
3713 738 3809 775 ve-

2111 810 2306 860 terata
2348 805 2748 875 projiciuutur,
2800 811 2857 859 et
2903 807 3202 861 muliebris
3249 810 3599 864 consuetudo
3663 816 3807 866 vete-

2114 898 2367 948 rascente
2397 894 2651 949 amicitia
2678 894 2987 963 respuitur.

2184 985 2343 1038 Vens.
2399 986 2484 1038 19.
2534 1014 2606 1024 -
2658 985 2875 1050 Mulier,
2937 988 3044 1038 etc.
3094 985 3203 1040 Per
3254 992 3550 1041 menstrua
3614 1004 3803 1059 prava

2111 1072 2487 1143 cogitationes
2518 1072 2913 1144 designantur.
2949 1074 3087 1139 Qua
3126 1073 3279 1129 enim
3325 1082 3614 1131 menstrua
3660 1078 3801 1148 pati-

2114 1166 2227 1227 tur,
2263 1161 2510 1215 alienam
2545 1177 2775 1215 carnem
2802 1177 2917 1215 non
2948 1161 3149 1233 tangit,
3173 1168 3231 1216 et
3247 1164 3479 1234 propria
3501 1181 3560 1220 se
3581 1166 3803 1236 polluit.

2114 1249 2203 1304 Sic
2235 1250 2448 1321 iniqua
2478 1249 2857 1319 cogitationes
2885 1255 2941 1305 et
2973 1252 3306 1317 voluntates,
3343 1254 3599 1323 quamvis
3633 1270 3806 1324 opere

2117 1355 2233 1392 non
2262 1339 2677 1409 compleantur,
2709 1338 2859 1409 apud
2895 1340 3076 1394 Deum
3106 1356 3209 1411 pro
3241 1340 3401 1395 factis
3430 1340 3716 1397 habentur
3759 1349 3811 1398 et

2118 1427 2462 1497 puniuntur.

2190 1517 2385 1571 Mulier
2410 1531 2528 1585 qua
2564 1515 2835 1571 redeunte.
2888 1517 3104 1584 (151cm)
3154 1517 3407 1573 Intendit
3451 1523 3569 1573 tam
3618 1518 3818 1574 mulie-

2123 1619 2230 1669 res,
2271 1608 2402 1672 etc.,
2450 1619 2618 1674 usque
2659 1604 2734 1658 ad
2776 1621 2907 1676 qua
2958 1606 3250 1677 corruptio
3300 1607 3543 1662 humani
3586 1608 3815 1680 generis

2124 1697 2226 1748 est.

2193 1780 2404 1851 Septem
2456 1779 2667 1852 diebus,
2716 1785 2822 1838 etc.
2874 1782 3307 1838 Universitatem
3356 1788 3687 1857 temporum
3738 1786 3819 1840 si-

2125 1868 2376 1939 gniﬁcat,
2426 1885 2607 1941 usque
2660 1870 2728 1925 ad
2787 1871 3255 1942 completionem,
3310 1889 3424 1945 qua
3469 1874 3821 1930 declaratum

2126 1962 2214 2011 est
2275 1959 2689 2029 Evangelium:
2748 1960 2998 2030 separati
3047 1959 3202 2015 enim
3251 1966 3415 2016 erant
3460 1962 3728 2018 homines
3784 1982 3817 2016 a

2129 2047 2242 2101 Deo
2301 2063 2600 2120 usquequo
2660 2049 3033 2121 conjungeret
3081 2066 3175 2105 eos
3227 2052 3556 2122 evangelica
3609 2052 3821 2125 pradi-

2127 2135 2291 2190 catio.

2197 2226 2302 2291 Qui
2354 2228 2595 2295 tetigerit
2642 2228 3013 2281 vestimentum
3067 2229 3201 2298 ejus,
3254 2229 3482 2297 lavabit,
3544 2235 3652 2285 etc.
3734 2231 3828 2286 Sic

2127 2317 2349 2384 oportet
2386 2314 2457 2368 ab
2487 2314 2813 2370 idololatria
2845 2315 3129 2372 abstinere
3163 2333 3176 2372 :
3231 2320 3291 2372 ut
3343 2334 3447 2372 nec
3495 2318 3831 2374 idololatras

2127 2418 2229 2456 nec
2258 2418 2460 2457 eorum
2490 2402 2799 2475 discipulos
2824 2404 2912 2458 vel
2944 2404 3210 2474 fautores,
3262 2406 3472 2477 quibus
3519 2408 3683 2479 quasi
3740 2410 3823 2463 le-

2128 2491 2230 2545 ctis
2260 2492 2345 2545 vel
2374 2492 2520 2545 vasis
2549 2496 2809 2559 utuntur,
2839 2493 3262 2565 contingamus,
3315 2512 3420 2550 nec
3464 2498 3832 2553 communio-

2132 2596 2264 2633 nem
2290 2580 2420 2633 cum
2447 2580 2527 2634 eis
2556 2581 2890 2637 habeamus.

2203 2668 2367 2721 Vens.
2400 2669 2489 2722 25.
2516 2697 2585 2708 —
2618 2668 2817 2724 Mulier
2854 2685 2991 2738 qua,
3039 2674 3145 2725 etc.
3194 2670 3337 2736 Quia
3383 2671 3600 2727 ﬂuxum
3654 2673 3834 2727 semi-

2133 2753 2220 2807 nis
2250 2754 2588 2825 patientem,
2640 2757 2885 2811 obscena
2939 2763 2995 2813 et
3045 2760 3473 2830 corrumpentia
3526 2761 3833 2816 docentem

2133 2842 2413 2911 diximus;
2449 2848 2507 2897 et
2532 2845 2766 2899 Iudaica
2796 2851 3056 2902 utentem
3086 2848 3344 2903 doctrina
3365 2850 3435 2903 de
3469 2866 3582 2920 quo
3628 2866 3837 2905 semen

2060 2936 2100 2993 C
2139 2931 2320 2985 coitus
2362 2932 2687 3002 egreditur;
2733 2939 2949 2990 restant
3002 2936 3098 3006 qui
3160 2937 3469 2992 Gentilium
3511 2938 3838 2993 doctrinam

2133 3025 2428 3090 spargunt,
2475 3037 2605 3091 qua
2647 3027 2972 3093 opportune
3019 3026 3204 3078 ﬂuxus
3254 3025 3548 3095 sanguinis
3598 3026 3839 3087 dicitur.

2135 3106 2297 3178 quasi
2325 3108 2579 3162 seductio
2606 3108 2983 3165 idololatria:
3038 3112 3290 3182 gaudent
3328 3114 3483 3168 enim
3540 3114 3845 3169 damones

2135 3196 2433 3265 sanguine.

2210 3286 2366 3339 Vens.
2426 3286 2864 3356 29.—O)feret.
2926 3288 3199 3359 Superius
3257 3292 3477 3346 ﬂuxum
3536 3292 3850 3363 sanguinis

2133 3373 2444 3443 patientem
2470 3391 2695 3429 sumere
2724 3376 2868 3431 duos
2896 3381 3167 3445 turtures,
3202 3383 3300 3433 aut
3324 3380 3616 3435 columbas
3646 3382 3707 3435 in
3743 3399 3844 3435 sa-

2134 3461 2409 3517 criﬁcium
2429 3463 2720 3534 pracepit,
2761 3465 2896 3536 quia
2934 3466 3193 3537 magistri
3247 3468 3437 3524 locum
3485 3470 3843 3541 occupavit;

2138 3554 2196 3605 et
2224 3550 2315 3604 hic
2367 3567 2598 3623 quoque
2649 3568 2781 3606 eum
2843 3554 2943 3624 qui
2994 3554 3207 3625 patitur
3262 3558 3483 3611 ﬂuxum
3532 3558 3855 3628 sanguinis

2137 3636 2272 3708 quia
2302 3642 2358 3691 et
2386 3637 2723 3692 idololatria
2755 3639 3026 3710 magister
3049 3640 3175 3695 fuit.

2200 3725 2358 3779 Vens.
2413 3728 2500 3779 31.
2558 3755 2619 3765 -
2674 3727 2954 3781 Docebitis.
3018 3730 3128 3783 Hoc
3182 3746 3369 3801 neque
3423 3730 3492 3785 de
3569 3731 3851 3801 leprosis,

2139 3828 2327 3883 neque
2356 3813 2444 3866 his
2470 3814 2567 3884 qui
2597 3818 2843 3884 tangunt
2870 3816 3211 3884 morticinia,
3244 3819 3503 3873 sancivit.

2211 3903 2626 3959 Immunditias.
2663 3903 2843 3958 Omne
2873 3910 3169 3975 peccatum
3199 3907 3565 3962 immunditia
3593 3912 3681 3963 est
3712 3909 3854 3963 ani-

2140 4006 2268 4053 ma,
2308 3990 2402 4044 sed
2433 3989 2759 4045 idololatria
2790 3992 3056 4047 maxime.

2213 4078 2653 4134 Tabernaculum.
2690 4080 3026 4134 Interiorem
3059 4080 3375 4148 hominem,
3404 4082 3463 4135 in
3493 4100 3607 4154 quo
3645 4083 3858 4155 imago

2146 4166 2263 4220 Dei.
2299 4168 2532 4222 Verbum
2562 4184 2793 4239 quoque
2819 4184 2942 4224 caro
2984 4172 3195 4236 factum
3224 4174 3321 4236 est,
3354 4176 3420 4243 et
3468 4172 3746 4228 habitabit
3792 4176 3862 4227 in

2142 4255 2313 4310 nobis.

2211 4342 2373 4398 Vens.
2409 4346 2495 4398 32.
2531 4374 2592 4384 —
2626 4347 2757 4399 Ista.
2792 4346 2929 4410 Qua
2968 4345 3075 4401 sibi
3123 4347 3430 4413 coharent,
3480 4352 3539 4403 et
3578 4364 3860 4405 commu-

2142 4448 2271 4486 nem
2328 4432 2711 4488 intentionem
2775 4434 3006 4501 habent,
3088 4441 3315 4490 nectere
3383 4439 3699 4507 consuevit,
3791 4446 3865 4494 ut

2137 4522 2398 4575 ostendat
2445 4523 2737 4592 quomodo
2790 4523 3035 4578 debeant
3078 4525 3351 4595 intelligi,
3411 4531 3469 4580 et
3519 4542 3653 4598 qua
3706 4544 3865 4584 cum

2140 4608 2347 4679 quibus
2377 4610 2715 4678 cognatione
2747 4610 3070 4665 intellectus
3099 4613 3545 4684 conjungantur.

2208 4700 2278 4751 Et
2306 4700 2418 4766 qui,
2451 4702 2555 4752 etc.
2588 4699 2695 4763 Qui
2743 4704 3028 4771 pracepta
3071 4700 3305 4755 Judaica
3352 4701 3536 4766 docet,
3591 4707 3649 4756 et
3688 4705 3866 4759 male

2137 4784 2299 4840 docet
2335 4786 2505 4853 bona,
2548 4786 2879 4842 immundus
2926 4793 3027 4856 est,
3077 4789 3217 4843 dum
3273 4806 3404 4862 qua
3458 4791 3530 4845 ad
3585 4791 3870 4849 litteram

2138 4875 2447 4944 pertinent,
2493 4880 2651 4930 extra
2697 4881 2922 4947 tempus
2966 4877 3203 4947 profert,
3241 4880 3387 4932 sicut
3435 4878 3668 4934 mundis
3721 4882 3864 4935 uti-

2137 4968 2234 5017 tur
2262 4962 2597 5030 immundis,
2631 4965 2781 5020 unde
2807 4982 2819 5020 :
2855 4964 3051 5020 Omnia
3080 4966 3284 5021 munda
3312 4968 3551 5035 mundis,
3586 4973 3691 5023 etc.

2211 5052 2370 5106 Vens.
2406 5055 2492 5107 32.
2524 5082 2593 5093 —
2621 5055 2701 5109 Et
2731 5069 2867 5123 qua,
2901 5058 3007 5109 etc.
3053 5054 3118 5108 Hi
3147 5045 3281 5110 sunt
3320 5057 3421 5127 qui
3470 5056 3865 5127 impietatem

2138 5140 2357 5203 docent,
2436 5157 2567 5196 cum
2640 5158 2821 5213 genus
2872 5143 3194 5198 humanum
3246 5160 3441 5200 errore
3496 5145 3867 5203 idololatria

2139 5228 2210 5283 sit
2263 5229 2558 5285 detentum
2608 5230 2669 5285 in
2718 5232 3047 5294 menstruis,
3096 5231 3154 5286 id
3208 5238 3313 5301 est,
3371 5234 3432 5289 in
3477 5234 3873 5305 separatione

2140 5318 2393 5373 malitia.
