4038 6180
204 242 280 294 341
1293 241 1541 300 GLOSSA
1579 242 1979 301 ORDINARIA.
2017 275 2085 285 —
2125 246 2258 301 LIB.
2297 247 2519 303 LEVIT.
3569 251 3674 306 342

815 408 1042 464 CAPUT
1080 409 1213 465 XVL
1904 368 1949 423 A
1978 368 2170 465 daicai
2203 369 2385 465 plebis
2463 368 2800 465 liberatione
2858 370 3134 465 offertur,
3175 370 3665 465 vitulus7dicil7ur:

1974 458 2109 528 quia
2156 459 2301 530 legis
2360 459 2831 529 justiﬁcationem
2880 459 3241 515 observabat.
3299 459 3458 514 Unde
3537 460 3663 514 ait:

259 524 399 578 Vens.
460 527 504 579 ί.
582 526 917 595 Locutusque
978 530 1059 580 est
1124 528 1403 592 Dominus,
1477 531 1583 580 etc.
1656 525 1854 596 ([51an

2067 564 2091 602 α
2129 524 2251 601 veni
2295 524 2460 614 leuem
2520 549 2739 613 solvere,
2791 548 2885 601 sed
2935 548 3233 616 adimplere
3277 546 3509 615 (Matth.
3576 548 3662 616 v);

206 614 363 668 unum
403 628 603 683 corpus
657 613 982 705 {98i57fa‘3it}
1037 619 1171 705 etC-:7
1208 630 1377 705 1757“?
1405 615 1485 705 ad
1548 616 1699 705 unde
1737 619 1867 686 Post
1974 639 2071 705 qui
2104 638 2286 703 factus
2326 613 2402 692 est
2449 653 2516 692 ea:
2556 637 2800 703 muliere,
2863 642 2923 690 ut
2951 652 3035 690 eos
3067 613 3163 705 qui
3208 613 3305 691 sub
3342 639 3452 704 lege
3493 613 3668 703 erant,

206 706 413 797 “193'th
435 702 932 797 forumpominus
957 704 1081 797 ξιφο
1106 703 1179 758 δά
1212 704 1445 797 Moyse?
1475 703 1753 797 170‘1‘71imr-
1972 702 2256 780 redimeret
2287 725 2431 795 (Gal.
2483 728 2574 797 iv).
2613 729 2783 782 Recte
2817 742 2953 797 ergo
2988 702 3195 781 dicilur
3232 702 3464 793 vitulus,
3508 702 3670 797 quasi

257 790 399 885 V8373-
431 792 481 885 ἓξ
508 820 591 885 7—
610 791 873 885 -Ῑιοφιενέ
897 791 973 845 ad
1003 792 1213 857 Αανοην
1245 797 1350 885 ξθῖθ·
1387 792 1511 885 (ῙΡο)
1574 792 1865 885 omnium
1974 814 2259 868 mandatis
2288 790 2427 885 legis
2457 790 2826 885 subjugatus.

204 883 365 950 parcat
391 877 552 932 nobis
610 879 778 946 Deus,
810 883 940 947 etc.,
988 896 1157 950 usque
1186 880 1261 935 ad
1295 881 1449 953 quod
1479 882 1792 952 praesentib

2073 904 2259 973 lsxca.)
2325 904 2680 959 Sacriﬁcium
2731 903 2939 958 Christi
3016 920 3133 957 esse
3192 904 3428 975 quidem
3482 903 3668 971 carnis

204 972 400 1064 “iam
424 967 688 1064 'erbi5'___
737 1061 745 1064 _
822 1059 833 1064 _
959 1057 997 1064 7_
1144 1058 1152 1064 7
1469 1063 1474 1064 7
1728 1058 1745 1064 Δ
1812 1058 1823 1064 _
1968 967 2073 1063 per
2098 967 2365 1046 virtutem
2393 992 2727 1057 divinitatis,
2764 998 2816 1047 et
2846 993 2904 1046 in
2946 967 3299 1064 beneplacito
3346 993 3547 1058 Patris,
3612 967 3669 1047 et

259 1058 433 1113 Coram
474 1058 889 1127 propitiatorio.
952 1057 1158 1129 (Ιειθθ.)
1220 1059 1345 1113 LXX
1388 1075 1401 1113 :
1460 1063 1662 1114 Coram
1720 1058 1854 1115 facie

2078 1080 2434 1151 pitiationem
2464 1098 2567 1151 pro
2612 1081 2854 1152 peccatis
2897 1082 3100 1135 nostris
3136 1100 3148 1137 :
3202 1082 3343 1136 etad
3391 1080 3668 1136 submini-

204 1144 574 1218 propitiatorii,
624 1151 753 1211 etc.,
783 1161 951 1216 usque
980 1146 1054 1201 ad
1087 1146 1177 1201 vel
1209 1162 1384 1219 quam
1415 1163 1479 1201 ex
1529 1164 1696 1203 carne
1754 1149 1795 1202 D

1968 1144 2303 1223 strationem
2333 1144 2566 1239 spiritus
2588 1144 2784 1239 peragi
2816 1169 3108 1238 legislator
3137 1170 3480 1224 manifestat.

205 1234 382 1327 milli“
412 1233 778 1327 Pf’rCiPimPf-
825 1324 838 1327 _
1462 1326 1468 1327 7
2042 1258 2202 1313 Vens.
2240 1261 2321 1312 l2.
2347 1286 2414 1299 —
2436 1260 2509 1311 De
2528 1260 2720 1326 prunis
2736 1258 2950 1323 altaris,
2972 1262 3077 1311 etc.
3100 1258 3505 1327 Spiritualibus
3544 1273 3665 1309 ver-

260 1323 404 1377 Vsns.
445 1325 503 1379 3.
566 1353 631 1362 —
684 1324 930 1380 Vitulum
977 1340 1081 1394 pro
1124 1330 1344 1395 peccato
1391 1326 1595 1395 offeret.
1649 1326 1855 1398 (lsrca)

2072 1387 2078 1409 ,
2113 1363 2241 1417 quae
2272 1346 2536 1412 Joannes,
2570 1362 2794 1415 egresso
2814 1346 2978 1413 Juda,
3006 1346 3064 1399 in
3081 1362 3240 1401 omna
3263 1346 3508 1417 scripsit,
3544 1346 3667 1415 qui-

205 1412 453 1467 lirandus
505 1412 666 1467 ordo.
723 1412 865 1467 Cum
916 1413 1072 1469 enim
1126 1414 1372 1477 dixisset,
1407 1415 1544 1486 quia
1606 1433 1722 1470 non
1777 1433 1800 1470 e

2069 1452 2076 1486 ι
2106 1412 2339 1506 exponit
2370 1412 2660 1505 quomodo
2692 1435 2831 1506 ipse,
2866 1452 2996 1489 cum
3035 1437 3110 1489 sit
3138 1435 3196 1488 in
3231 1412 3394 1489 Patre
3422 1440 3478 1488 et
3504 1412 3664 1489 Pater

203 1516 397 1571 semper
444 1501 889 1593 ίηεπθάίεξῑιάιιαι
917 1502 978 1556 in
1012 1507 1226 1570 δᾶηοῑδν
1258 1520 1327 1558 ηε
1355 1509 1569 1559 temere
1600 1510 1657 1559 θῑ
1680 1505 1861 1559 imi!“
1970 1521 2030 1575 in
2052 1501 2477 1593 ipso-Spiritum
2501 1501 3040 1592 mittam-quomodo
3063 1524 3225 1576 Pater
3252 1522 3521 1592 agricola,
3545 1522 3664 1591 ipse

202 1594 486 1661 cumspecte
542 1590 807 1645 accedere
855 1608 1293 1662 praesumamus,
1346 1594 1577 1665 quando
1611 1598 1667 1648 et
1707 1610 1797 1665 qui

2071 1590 2115 1677 s,
2148 1590 2414 1681 palmites
2441 1611 2702 1681 apostoli,
2737 1590 2795 1665 et
2827 1612 2937 1665 alia
2971 1611 3171 1681 multa,
3206 1590 3334 1683 quas
3366 1611 3434 1664 ad
3493 1590 3664 1681 pieta-

199 1653 353 1733 modo.
367 1679 780 1750 ingrediamur,
808 1653 1074 1735 ostendit.
1282 1653 1289 1657 ν
1362 1653 1382 1665 ⁸
1721 1653 1743 1665 ⁸

2056 1653 2115 1677 ’ν’
2148 1653 2414 1681 Γν¹⁸¹¹⁵¹¹⁵⁹ν⁸¹
2441 1653 2702 1681 “I"“""’”’
2738 1653 2795 1665 ν’
2827 1653 2937 1665 ’³⁵⁸⁸³
2972 1653 3171 1681 ‘““"“‘!
3207 1653 3334 1683 ‘1“w
3366 1653 3434 1664 “'“
3493 1653 3651 1681 ιηννν·

2056 1717 2087 1754 n
2115 1700 2433 1755 accendunt
2469 1705 2745 1771 tanquam
2767 1701 3041 1754 carbones
3089 1699 3240 1770 ignis
3272 1701 3444 1769 (Joan.
3478 1700 3651 1769 XVIII).

256 1769 483 1824 Vitulum
512 1769 699 1838 oﬂ‘eret
730 1785 833 1839 pro
858 1774 1094 1840 peccato.
1148 1768 1382 1825 Initium
1436 1770 1851 1842 praedicationis

2065 1792 2303 1845 lauriens
2359 1804 2543 1843 manu.
2589 1768 2746 1844 iLXX.
2784 1788 3052 1859 Implebit
3085 1768 3290 1842 manus
3344 1804 3476 1841 suas
3536 1788 3660 1857 thy-

198 1856 377 1947 divinai
421 1857 678 1913 Christus
708 1863 793 1912 est
839 1858 1031 1929 passio
1058 1858 1199 1929 ejus,
1258 1859 1306 1914 si
1357 1859 1481 1914 haec
1512 1877 1624 1914 non
1655 1860 1793 1915 fuiss

2065 1884 2254 1947 imate,
2286 1877 2717 1948 compositionis
2746 1878 2988 1944 subtilis,
3021 1876 3249 1932 subtilia
3289 1877 3498 1931 scilicet
3543 1876 3660 1947 spi~

197 1946 317 2000 etab
350 1938 537 2001 errore
564 1951 681 2001 tam
713 1947 921 2003 Gentili
950 1963 1123 2019 quam
1160 1948 1393 2003 ludaico
1422 1948 1688 2003 homines
1737 1964 1855 2002 non
1963 1966 2195 2021 magna
2215 1938 2553 2031 gms,‘non
2588 1970 2836 2020 terrena.

196 2034 464 2099 Πδθτδδεθί»
544 2035 615 2089 de
664 2035 959 2090 ἀίνίηίιδῖθ
1006 2036 1191 2090 Patris
1250 2036 1407 2107 ιοιῑιιί
1465 2054 1581 2092 non
1636 2042 1848 2108 Posset-
2037 2057 2361 2123 Thymiama
2386 2053 2730 2110 orationem.
2775 2053 2970 2109 Unde:
3007 2054 3302 2121 Dirigatur
3330 2053 3504 2106 oratio
3535 2066 3657 2105 mea

196 2124 326 2177 Nemo
351 2125 488 2178 enim
539 2125 693 2178 novit
750 2127 961 2180 Patrem
1024 2126 1136 2180 nisi
1175 2126 1354 2181 Filius
1386 2130 1436 2180 et
1490 2129 1579 2181 cui
1627 2128 1791 2182 value:

2062 2148 2100 2198 tt
2128 2145 2401 2197 incensum
2432 2144 2489 2195 in
2528 2146 2811 2211 conspectu
2866 2146 2974 2197 tuo.
3040 2140 3236 2196 Oravit
3288 2140 3445 2196 enim
3500 2138 3657 2195 Chri-

195 2212 396 2266 recelare
423 2213 646 2283 (Matth.
678 2212 775 2284 ιι).

1962 2237 2083 2287 stus
2108 2248 2213 2301 pro
2244 2230 2560 2301 discipulis.

251 2301 390 2356 Vens.
446 2302 499 2356 4.
563 2331 627 2342 -
690 2303 894 2356 Tunica
951 2300 1098 2358 linea
1142 2304 1418 2372 vestietur,
1476 2308 1579 2358 etc.
1628 2304 1736 2369 Qui
1786 2304 1846 2359 de

2061 2300 2196 2376 (siis.
2242 2323 2325 2375 t3.
2364 2300 2432 2358 +-
2469 2321 2535 2374 Ut
2564 2321 2780 2389 positis,
2816 2324 2922 2374 etc.
2984 2320 3173 2374 Aaron
3224 2334 3327 2390 pro
3379 2316 3656 2388 dignitate

197 2390 287 2443 Deo
313 2389 603 2445 locuturus
629 2394 733 2455 est,
758 2395 814 2445 et
841 2392 1030 2461 ipsum
1064 2391 1382 2446 secundum
1412 2393 1792 2464 possibilitate

2059 2409 2283 2478 erdotii,
2341 2409 2629 2464 Christum
2689 2412 2745 2463 et
2809 2407 2947 2461 alios
2976 2389 3292 2463 sacerdotes
3350 2406 3654 2478 signiﬁcat.

196 2476 403 2544 visurus,
449 2477 720 2533 omnibus
748 2483 1002 2534 armetur
1048 2479 1369 2547 virtutibus,
1408 2497 1654 2552 quarum
1711 2498 1787 2553 qu

2061 2498 2221 2553 ristus
2245 2513 2408 2567 super
2430 2500 2623 2565 ignem,
2642 2496 2700 2551 id
2722 2496 3159 2563 estdoctrinam,
3184 2496 3347 2568 ponit
3377 2498 3656 2564 aromata,

195 2568 302 2618 tuor
327 2567 617 2636 generales
663 2570 817 2632 sunt,
868 2566 1106 2638 justitia,
1157 2568 1405 2636 castitas,
1429 2569 1726 2637 fortitudo,
1769 2587 1790 2624 ε

2065 2590 2169 2651 est,
2219 2586 2567 2654 orationem;
2629 2589 2684 2640 et
2719 2602 2891 2656 vapor
2944 2586 3166 2653 nebulae,
3209 2585 3268 2640 id
3312 2589 3416 2653 est,
3478 2582 3656 2637 virtus

194 2652 395 2746 Pietltia.
466 2744 520 2746 77
1230 2744 1244 2746 Α
1361 2745 1366 2746 7
1963 2675 2255 2743 orationis,
2289 2675 2475 2746 operit
2501 2673 2817 2739 oraculum,
2879 2673 2935 2728 id
2984 2677 3067 2728 est
3112 2687 3362 2740 carnem,
3419 2688 3486 2725 ex
3518 2686 3658 2742 qua-

248 2743 622 2835 ll'eminalibus.
667 2742 921 2814 (HIBRON.
969 2746 1129 2814 epist.
1170 2744 1246 2799 ad
1274 2745 1573 2817 Fabiolam,
1608 2750 1843 2831 tom.7I.,'

2065 2764 2130 2819 iis
2160 2742 2493 2835 propitiatio
2541 2767 2906 2833 peccatorum
2936 2763 2998 2816 in
3049 2762 3288 2830 Christo,
3331 2760 3434 2833 qui
3487 2764 3574 2815 est
3602 2764 3660 2815 et

321 2833 559 2887 Γθίθτῖυτ
602 2834 891 2905 (Ιηοωοάο
939 2834 1154 2905 Μογεεδ
1190 2836 1383 2889 Aaron
1419 2835 1653 2891 fratrem
1686 2828 1855 2893 suum
1962 2828 2378 2909 testimcnium.
2438 2828 2608 2907 Ponit
2652 2856 2846 2907 autem
2888 2855 2943 2906 et
2971 2850 3213 2922 quisque
3266 2828 3531 2905 sacerdos
3589 2850 3659 2903 de

195 2919 429 2987 induerit,
462 2927 599 2988 etc.,
622 2938 793 2992 usque
822 2922 896 2977 ad
920 2928 1104 2977 morte
1134 2922 1471 2978 moriamur.

2065 2941 2187 2997 risto
2216 2942 2478 3012 loquens,
2536 2941 2597 2995 in
2641 2941 2775 3012 igne
2830 2941 3102 2995 doctrinas
3151 2939 3487 3012 spiritualis,
3536 2954 3660 2992 aro-

249 3007 357 3080 (ln.)
402 3011 733 3066 Secundum
782 3011 1068 3079 Hebraeos,
1110 3017 1241 3080 etc.,
1317 3028 1487 3082 usque
1512 3013 1587 3068 ad
1626 3014 1754 3070 ideo
1790 3015 1844 3071 li-

2062 3036 2119 3085 ta
2149 3029 2445 3097 orationis,
2476 3030 2639 3101 cujus
2678 3030 2857 3084 virtus
2894 3029 3083 3099 operit
3117 3029 3436 3092 oraculum,
3500 3025 3656 3097 quod

192 3097 289 3151 neis
312 3098 677 3154 feminalibus
707 3100 921 3155 femina
949 3101 1036 3154 vel
1071 3100 1291 3155 femora
1317 3101 1595 3157 velantur.

2058 3106 2238 3190 super
2267 3117 2677 3185 testimonium,
2710 3133 2815 3171 nec
2852 3117 3109 3189 permitit
3139 3132 3271 3171 eum
3301 3130 3557 3188 quaerere
3583 3114 3653 3169 de

246 3186 527 3280 Cum_10_‘_“5
556 3190 750 3280 Ῑ
784 3188 994 3280 (ISICﬂ-l
1007 3191 1178 3280 N71“?
1204 3188 1494 3280 baptismi»
1527 3195 1653 3257 θίοον
1688 3207 1856 3263 usque
1964 3186 2227 3280 passione
2273 3207 2499 3275 Christi,
2539 3223 2669 3278 quas
2721 3186 2871 3260 sunt“
2888 3222 3061 3277 supra
3089 3186 3356 3259 virtutem
3400 3220 3660 3275 quieren-

188 3274 250 3364 αα
286 3276 375 3330 sed
418 3278 907 3349 dispensationem
960 3277 1169 3333 Christi
1218 3278 1539 3349 intelligere
1596 3280 1850 3350 ουρίθηεο
1964 3274 2057 3362 tis,
2079 3300 2138 3350 et
2167 3311 2286 3349 non
2327 3274 2603 3349 morietur
2632 3274 3044 3361 immoderatis,
3078 3294 3291 3348 scilicet
3326 3274 3659 3364 quaestioni-

242 3363 386 3420 Vens.
444 3371 497 3421 5.
558 3398 629 3407 —
676 3368 1047 3437 Suscipietque
1096 3367 1164 3421 ab
1198 3369 1453 3423 universa
1485 3368 1852 3437 multitudine,
1964 3384 2093 3439 bus,

192 3455 274 3505 etc.
304 3453 421 3523 (11).)
452 3454 715 3511 Christus
761 3472 866 3525 pro
898 3456 1060 3510 nobis
1107 3455 1439 3510 immolatus
1469 3462 1570 3523 est,
1603 3462 1733 3523 etc.,
1764 3474 1787 3511 υ

2063 3475 2105 3527 ει
2149 3488 2255 3526 non
2308 3472 2585 3526 morietur.
2629 3471 2768 3527 Caro
2800 3471 2921 3542 ejus
2980 3487 3101 3526 non
3154 3471 3296 3526 vidit
3340 3470 3658 3542 corruptio-

192 3556 272 3633 q7ue
317 3543 385 3597 ad
427 3545 584 3599 unde
646 3545 901 3599 Paulus:
953 3544 1284 3615 Mortiﬁcati
1335 3547 1463 3600 estis
1509 3562 1612 3615 per
1662 3561 1787 3616 corp

2055 3577 2119 3629 Ii,
2177 3561 2311 3633 quia
2361 3577 2569 3632 vapore
2624 3567 2946 3616 aromatum
3007 3561 3377 3633 operiebatur
3424 3562 3650 3626 virtute,

192 3628 363 3720 (Πιῄεεὶ
390 3634 561 3702 (Rom.
598 3633 740 3701 VIII).
1382 3644 1385 3645 ⁷
1964 3628 2178 3704 scilicet
2194 3628 2499 3717 brationis,
2531 3649 2599 3703 de
2638 3666 2751 3720 qua
2804 3628 3190 3708 dicitur.—Non
3220 3652 3378 3707 dabis
3405 3654 3654 3707 sanctum

247 3719 388 3773 Vsus.
418 3726 467 3775 7.
500 3751 576 3763 —
620 3724 761 3776 Duos
792 3722 988 3789 hircos,
1042 3725 1147 3776 ctc.
1180 3722 1381 3791 (ῐειθθ.)
1427 3721 1571 3786 Quia
1601 3725 1719 3777 tam
1750 3738 1842 3793 pro

1490 3721 1571 3809 1i?
1601 3725 1719 3777 tam
1750 3738 1854 3793 ΡΓο
1965 3742 2116 3791 tuum
2143 3736 2324 3791 videre
2349 3719 2743 3806 corruptionem
2768 3736 2941 3808 (Psal.
2975 3738 3085 3809 xv).

192 3808 547 3873 peccatoribus
578 3824 754 3879 quam
784 3824 887 3879 pro
910 3809 1101 3877 justis,
1134 3813 1268 3878 etc.,
1300 3824 1470 3880 usque
1499 3808 1573 3863 ad
1611 3809 1787 3863 dicen:

2055 3825 2193 3879 lens.
2283 3826 2362 3879 14.
2421 3855 2491 3865 -
2563 3826 2763 3881 Contra
2829 3829 3293 3895 propitiationem.
3364 3826 3511 3891 Quia
3579 3827 3650 3881 ad

191 3895 282 3949 Non
306 3902 453 3953 erunt
481 3899 590 3952 tibi
627 3899 795 3952 alieni
828 3897 1031 3967 (Exod.
1065 3899 1177 3967 xx).

2058 3911 2435 3982 ipitiationem
2473 3917 2721 3966 nostram
2753 3917 2808 3965 et
2859 3913 3339 3969 illuminationem
3396 3914 3653 3969 Christus

244 3985 408 4055 (Aea,
448 3992 642 4058 quaest.
677 3990 743 4044 55
792 3988 851 4041 in
893 3989 1256 4054 Levit.,tom.
1306 3986 1431 4056 III.)
1460 3989 1602 4042 Duos
1657 3987 1839 4043 hircos

2057 4015 2162 4055 iSllS
2178 4005 2283 4069 est,
2306 4000 2404 4071 qui
2418 3999 2878 4070 propitiatorium
2900 4000 3126 4062 dicitur,
3146 4006 3200 4055 et
3221 4001 3430 4056 oriens.
3457 4003 3617 4057 Unde
3642 4020 3652 4057 :

190 4070 356 4127 Hircus
399 4074 814 4142 immolandus,
848 4078 978 4143 etc.,
1032 4090 1200 4144 usque
1230 4075 1305 4129 ad
1332 4075 1640 4146 allegorica
1667 4075 1785 4146 sign

2059 4102 2101 4140 :e
2132 4086 2232 4149 vir,
2264 4070 2471 4148 oriens.
2514 4090 2618 4141 etc.
2656 4086 2826 4154 (Psal.
2857 4086 2975 4156 xv.)
3011 4088 3075 4140 Et
3113 4086 3287 4141 alibi:
3356 4091 3412 4142 et
3453 4090 3654 4143 visita-

190 4160 361 4216 ﬁcatio.
1887 4220 1929 4246 η
1966 4176 2045 4229 vit
2082 4188 2177 4229 nos
2206 4176 2404 4241 oriens,
2436 4178 2541 4229 etc.
2580 4175 2833 4245 (Zachar.
2876 4175 2971 4243 vi).
3017 4175 3117 4228 Vel
3147 4180 3346 4229 contra
3367 4175 3658 4246 propitia-

1972 4220 2042 4229 ---
2084 4220 2174 4229 η--
2208 4220 2404 4241 -.-ν-ν,
2440 4220 2541 4229 ---.
2582 4220 2833 4245 \....-.-_..
2888 4220 2971 4243 .-,-
3037 4220 3117 4228 .--
3150 4220 3470 4245 --.ω-,ην
3518 4220 3621 4229 ----

246 4250 429 4321 0⁵ιείιῦ
488 4254 637 4307 Duos
709 4253 885 4307 Ῐιίνσοε
944 4255 1091 4306 Stare
1152 4252 1340 4318 Γαοίθε·
1402 4251 1545 4317 00ίᾶ
1598 4220 1930 4308 Christus!)
1967 4262 2201 4328 torium,
2260 4262 2316 4316 id
2366 4267 2472 4329 est,
2523 4262 2583 4316 in
2637 4267 2938 4334 conspectu
2995 4263 3198 4331 Patris,
3248 4220 3656 4335 septiesfquia

192 4337 310 4392 Deus
335 4344 387 4394 οἱ
413 4339 615 4409 homo.
647 4344 775 4409 θῐεο,
818 4354 986 4410 usque
1009 4340 1084 4394 ad
1113 4342 1169 4395 εἴ
1193 4340 1431 4395 alteram
1484 4356 1655 4411 capro
1687 4339 1851 4395 emis-
1960 4350 2359 4406 remissionem
2408 4355 2769 4421 peccatorum
2808 4357 2864 4406 et
2892 4351 3167 4422 Spiritum
3199 4358 3460 4408 sanctum
3490 4352 3658 4407 nobis

190 4426 311 4480 sario
332 4428 570 4483 Christo.
1962 4439 2221 4494 donavit.

246 4516 389 4572 Vens.
443 4521 528 4573 10.
562 4546 635 4558 -
672 4516 743 4573 In
784 4517 1148 4572 solitudinem.
1190 4517 1252 4571 Id
1304 4516 1479 4571 estin
1511 4515 1697 4571 sinum
1748 4518 1850 4571 Pa-
2033 4527 2192 4582 V533,
2229 4530 2312 4582 15,
2372 4555 2442 4568 -
2504 4527 2751 4597 Cumque
2803 4530 3183 4594 mactaverint,
3233 4532 3339 4582 etc.
3399 4528 3542 4593 Quia
3588 4527 3658 4581 de

191 4604 410 4677 “isquo
441 4608 640 4661 nullus
669 4605 884 4661 accedit
915 4605 1024 4659 nisi
1048 4605 1171 4677 ipse
1211 4611 1268 4660 et
1313 4605 1557 4677 Spiritus
1605 4610 1850 4659 sanctus.
1961 4614 2255 4668 communi
2284 4629 2470 4668 massa
2492 4614 2796 4669 hominum
2823 4615 3001 4669 factus
3052 4620 3138 4668 est
3187 4613 3464 4679 Christus,
3513 4618 3661 4667 recte

191 4693 317 4747 Abiit
342 4711 497 4766 ergo,
533 4695 597 4750 id
654 4700 758 4762 est,
817 4694 1095 4765 operandi
1140 4693 1413 4748 virtutem
1466 4692 1739 4759 cohibuit,
1799 4696 1856 4747 et
1960 4699 2152 4753 hircus
2193 4706 2443 4768 vocatur,
2500 4702 2636 4773 quia
2688 4702 2798 4756 hoc
2835 4702 3047 4756 animal
3101 4701 3232 4771 pilis
3288 4716 3558 4771 asperum
3606 4704 3663 4753 et

191 4785 405 4851 portavit
449 4784 787 4856 iniquitates
834 4787 1074 4847 nostras,
1151 4799 1269 4837 non
1324 4787 1390 4837 ut
1435 4782 1692 4849 haberet,
1755 4799 1786 4835 ε

2068 4795 2268 4859 sutum,
2321 4794 2377 4844 et
2430 4806 2533 4860 pro
2576 4795 2810 4861 peccato
2863 4806 3044 4859 genus
3102 4789 3442 4842 humanum.
3504 4786 3663 4841 Unde

193 4874 240 4923 ut
258 4879 627 4929 consumeret.
656 4875 804 4928 Deus
833 4875 973 4927 enim
1001 4874 1148 4941 ignis
1177 4885 1487 4927 consumens
1517 4875 1614 4925 est.
1961 4870 2364 4928 convenienter
2413 4870 2491 4924 ait
2520 4886 2533 4925 :
2603 4871 2849 4941 Cumque
2906 4872 3225 4923 mactaverit
3268 4868 3476 4921 hircum
3562 4883 3664 4936 pro

246 4959 299 5013 In
328 4960 722 5026 solitudinem,
763 4959 832 5014 de
862 4975 976 5031 qua
1024 4958 1271 5014 dicitur:
1334 4961 1398 5013 In
1447 4962 1599 5014 terra
1644 4957 1856 5013 deserta
1957 4964 2175 5031 peccato
2237 4958 2431 5028 populi
2498 4958 2637 5028 (Ose.
2705 4959 2761 5025 ι),
2842 4957 2900 5011 id
2977 4960 3065 5010 est
3137 4955 3376 5010 humani
3434 4954 3663 5024 generis

194 5046 315 5102 invia
340 5055 385 5104 et
413 5054 707 5121 inaquosa,
739 5053 840 5103 etc.
892 5049 1052 5117 (Psal.
1086 5049 1243 5117 Lxu.)
1307 5046 1393 5102 Ibi
1434 5046 1612 5101 hostis
1663 5046 1853 5101 locum
1963 5047 2113 5121 quod
2135 5047 2427 5119 quondam
2452 5062 2571 5100 non
2600 5046 2864 5116 populus,
2899 5059 3054 5098 nunc
3080 5048 3270 5097 autem
3297 5042 3561 5113 populus,
3598 5058 3666 5096 ex

196 5148 287 5189 non
312 5137 489 5201 habet,
525 5137 629 5192 ubi
654 5138 802 5192 Deus
836 5141 1045 5192 manet.
1082 5138 1142 5192 In
1162 5137 1368 5191 coelum
1398 5136 1553 5190 enim
1590 5134 1855 5190 divinitas
1964 5152 2079 5209 quo
2134 5135 2258 5207 ejus
2312 5133 2596 5206 primitias
2656 5133 2965 5203 assumpsit
3028 5131 3305 5185 Christus.
3390 5131 3461 5184 Ut
3533 5145 3667 5200 ergo

200 5231 414 5296 tempore
461 5225 745 5293 passionis
811 5224 1016 5279 abiisse
1070 5224 1306 5293 dicitur;
1344 5240 1457 5278 non
1510 5224 1703 5278 locum
1733 5239 1855 5277 mu-
1966 5227 2314 5280 monstraret
2359 5222 2429 5277 de
2479 5220 2687 5276 Iudaeis
2742 5219 3160 5289 principaliter,
3220 5218 3317 5273 sed
3370 5222 3428 5273 et
3480 5218 3670 5271 omnis

201 5312 314 5379 tans,
343 5315 432 5369 sed
474 5314 903 5387 quodammado
956 5312 1227 5367 virtutem
1280 5312 1569 5380 cohibens,
1607 5315 1669 5366 ut
1716 5328 1854 5384 pos-
1966 5317 2207 5381 naturas,
2277 5326 2407 5382 quas
2456 5309 2515 5362 in
2572 5314 2802 5378 peccato
2878 5316 2982 5373 est,
3040 5307 3324 5378 primitias
3380 5307 3670 5362 Christum

203 5407 298 5454 sent
319 5404 476 5475 impii
505 5402 1266 5474 consummarepassiouem.
1968 5406 2223 5470 portare,
2258 5398 2498 5452 vitulum
2521 5395 2691 5450 simul
2728 5401 2783 5449 et
2821 5395 3047 5449 hircum
3089 5395 3421 5466 assumpsit,
3451 5400 3509 5449 et
3537 5396 3672 5466 quia

256 5488 508 5547 "£113.11.
566 5522 634 5534 —
697 5493 958 5547 Vitulum.
1016 5490 1252 5557 Quando
1314 5488 1570 5546 Christus
1616 5505 1720 5560 pro
1766 5490 1858 5544 Ju—
1970 5505 2155 5544 unum
2242 5486 2611 5553 sacrificium,
2706 5490 2765 5539 et
2845 5501 2994 5539 unus
3051 5484 3303 5553 effectus,
3352 5482 3670 5540 necessario
