4038 6180
265 268 371 322 343

880 265 1275 320 WALAFRIDI
1316 230 1566 319 STRABI
1608 263 1803 320 eum.
1847 263 2008 318 non.
2049 261 2204 318 opp.
2250 263 2424 318 PARS
2460 263 2502 316 1.
2543 292 2611 299 ——
2651 261 3114 319 THEOLOGICA.

3676 269 3783 322 344

262 389 591 445 communia
621 389 684 444 in
720 389 879 444 hirco
924 393 1173 460 aguntur
1211 392 1266 441 et
1304 387 1502 442 vitulo.
1563 385 1757 442 Cernis
1799 387 1956 442 enim
1983 385 2028 439 A
2069 392 2172 442 etc.
2210 388 2364 459 (Isai.
2407 391 2475 442 ι).
2514 386 2771 441 Christus
2810 403 2946 458 ergo
2979 389 3230 460 seipsum
3271 407 3374 462 per
3420 394 3647 449 haedum
3692 398 3776 450 vi-

264 480 401 552 quia
427 479 620 534 hircus
657 479 932 533 occiditur
971 482 1102 531 ante
1134 479 1336 544 Deum,
1367 477 1426 531 id
1471 481 1553 529 est
1584 478 1810 530 Patrem
1842 493 1855 530 ε
1906 481 1961 530 et

264 568 498 639 sanguis
541 567 788 622 infertur
831 567 894 620 in
944 565 1219 620 interiora
1259 563 1577 625 velaminis.
1621 565 1679 618 id
1725 569 1828 632 est,
1890 565 1960 620 ad

264 657 529 711 eumdem
589 657 836 710 Patrem.
873 656 936 708 Et
985 655 1246 724 expiatur
1291 653 1708 720 sanctuarium;
1752 671 1958 716 massa,

266 744 478 798 scilicet
515 744 756 798 humani
808 742 1055 813 generis,
1106 758 1233 812 quae
1275 742 1344 795 ab
1381 741 1544 796 initio
1591 747 1785 797 sancta
1830 743 1958 809 fuit,

267 841 324 889 et
352 833 783 888 tabernaculum
815 832 1058 903 Spiritus
1090 831 1286 884 sancti.

335 923 497 976 Vens.
561 924 645 976 {6.
722 951 784 961 —
845 921 1207 974 Tabernaculo
1262 921 1572 982 testimonii,
1632 921 1736 971 etc.
1799 917 1961 981 Quod

267 1011 530 1082 superius
577 1009 979 1071 sanctuarium,
1029 1008 1123 1062 hic
1173 1008 1604 1062 tabernaculum
1653 1006 1965 1060 testimonii

266 1105 444 1153 vocat.
481 1099 690 1152 Eadem
716 1097 872 1151 enim
899 1097 1117 1151 ratione
1145 1101 1201 1150 et
1228 1101 1420 1150 sancta
1450 1101 1508 1149 et
1531 1093 1963 1149 tabernaculum

268 1187 604 1252 testimonii,
635 1186 842 1240 dicitur
882 1201 1063 1238 massa
1097 1184 1336 1237 humani
1383 1183 1628 1253 generis.
1662 1183 1750 1237 Sic
1808 1183 1963 1235 enim

269 1275 701 1329 tabernaculum
758 1273 1070 1327 testimonii
1135 1274 1342 1326 caelum
1403 1277 1506 1336 est,
1553 1276 1702 1326 recte
1773 1276 1967 1325 sancta

270 1363 636 1418 nominatur:
673 1361 914 1416 caelestis
955 1366 1037 1415 est
1063 1362 1236 1414 homo
1275 1366 1469 1413 noster
1501 1360 1570 1414 de
1611 1376 1724 1430 quo
1759 1361 1966 1414 Paulus

270 1453 396 1507 ait:
440 1453 591 1508 Sicut
639 1454 984 1521 portavimus
1035 1452 1326 1518 imaginem
1374 1454 1551 1516 terrae,
1598 1454 1701 1503 etc.
1753 1451 1799 1519 (Ι
1843 1450 1963 1504 Cor.

273 1541 380 1611 xv).
436 1540 536 1594 Hic
581 1545 728 1593 recte
771 1544 964 1592 sancta
1011 1539 1340 1592 nominatur
1389 1538 1489 1608 qui
1545 1541 1628 1591 est
1671 1538 1729 1590 in
1777 1537 1967 1590 medio

274 1628 796 1693 immunditiarum,
828 1626 963 1698 quia
991 1626 1354 1697 passionibus
1387 1626 1572 1680 carnis
1601 1631 1969 1697 oppugnatur

278 1716 558 1770 Christus.

349 1805 758 1860 Sanctuarium.
840 1805 1017 1860 Genus
1079 1803 1422 1870 humanum,
1509 1819 1739 1857 carnem
1814 1819 1977 1858 assu-

279 1893 512 1958 mendo,
545 1893 697 1946 utin
744 1893 977 1964 proprio
1016 1893 1337 1947 sanctuario
1375 1892 1560 1946 carnis
1591 1896 1825 1962 rogaret
1874 1909 1980 1963 per

282 1997 529 2036 crucem.

352 2071 516 2124 Vens.
566 2073 649 2124 17.
692 2100 761 2111 -—
820 2071 998 2124 Donec
1053 2069 1386 2138 egrediatur.
1454 2071 1717 2125 Humano
1769 2069 1982 2125 scilicet

281 2173 440 2213 more
473 2157 738 2228 spiritum
782 2158 1066 2225 emittens,
1119 2163 1177 2213 et
1204 2175 1434 2214 carnem
1491 2158 1552 2213 in
1599 2161 1859 2231 sepulcro
1891 2177 1980 2214 re-

282 2246 566 2318 linquens.
1253 2251 1256 2256 ’

355 2336 519 2389 Vens.
559 2338 641 2390 t8.
673 2365 745 2376 —
766 2337 837 2391 Et
863 2339 1139 2405 sumptum
1167 2338 1502 2404 sanguinem.
1535 2336 1682 2400 Quia
1717 2337 1984 2408 passione

286 2439 390 2478 sua
427 2439 638 2478 cornua
689 2424 906 2491 altaris,
939 2423 998 2479 id
1023 2427 1108 2478 est
1133 2429 1380 2496 quatuor
1430 2425 1776 2496 principales
1807 2425 1986 2480 virtu-

287 2515 375 2567 tes
393 2512 777 2567 sanctiﬁcavit.

369 2603 532 2656 Vens.
577 2604 641 2656 i9
678 2632 747 2642 ——
790 2604 1012 2672 Expiet.
1061 2601 1269 2658 Christi
1325 2601 1599 2657 sacriﬁcio
1657 2603 1980 2669 expiantur.

299 2690 480 2760 Unde,
512 2693 636 2761 ipsa
658 2695 836 2746 autem
874 2692 1108 2747 calestia
1136 2693 1433 2762 majoribus
1461 2693 1652 2747 hostiis
1691 2695 1986 2762 expiantur

292 2780 445 2848 (Heb.
473 2780 555 2850 11),
589 2795 763 2850 quam
793 2779 935 2835 istis.

362 2868 449 2922 Ab
505 2870 886 2924 immunditiis.
942 2869 1230 2933 Quantum
1283 2869 1355 2923 ad
1416 2870 1689 2924 caelorum
1750 2871 1985 2924 virtutes

2067 493 2202 531 vum
2233 477 2557 543 immolans,
2591 476 2712 547 ipse
2739 494 2798 531 se
2824 494 2927 549 per
2955 478 3250 533 hominem
3283 486 3569 551 paratum,
3601 483 3659 538 id
3683 490 3774 539 est

2067 565 2362 635 propriam
2392 565 2685 631 virtutem,
2717 565 2890 619 mittit
2912 565 3137 621 hircum
3163 567 3446 623 viventem
3477 569 3539 623 in
3569 572 3771 626 solitu-

2066 653 2281 722 dinem,
2313 653 2697 707 immortalem
2741 653 2976 720 scilicet,
3005 655 3536 729 impassihilemque
3559 659 3774 714 divini-

2069 747 2246 796 tatem
2276 742 2347 796 ad
2384 742 2534 795 invia
2587 742 2746 796 nobis
2778 743 2923 808 loca,
2957 748 3014 797 et
3065 745 3223 798 omni
3263 747 3478 800 malitia
3515 749 3763 804 deserta.

2073 832 2229 886 Unde
2255 849 2266 885 :
2301 833 2480 888 Sciens
2492 833 2654 884 Jews
2676 835 2806 897 quia
2825 835 3005 886 omnia
3032 833 3182 887 dedit
3205 836 3255 887 ei
3278 836 3449 889 Pater
3470 838 3528 890 in
3550 854 3768 905 manus,

2071 925 2121 974 et
2142 922 2274 989 quia
2294 935 2328 972 a
2353 921 2458 973 Deo
2488 922 2663 974 exivit
2691 927 2738 974 et
2774 921 2849 973 ad
2880 920 3050 974 Deum
3078 923 3236 976 vadit
3262 924 3457 992 (Joan.
3491 926 3625 995 x111).

2143 1009 2301 1062 Ome.
2335 1010 2394 1061 in
2423 1008 2607 1062 homil.
2639 1022 2801 1077 super
2821 1010 3119 1063 Leviticum
3148 1011 3372 1064 hircum
3400 1013 3499 1083 qui
3521 1014 3763 1069 Domino

2071 1096 2423 1156 immolatur,
2484 1096 2620 1150 dicit
2705 1096 3026 1168 signiﬁcare
3098 1103 3184 1152 est
3266 1099 3366 1170 qui
3433 1101 3503 1156 ad
3567 1102 3768 1158 fortem

2076 1185 2306 1239 Domini
2363 1185 2739 1250 destinantur,
2799 1185 2943 1239 sicut
2999 1187 3243 1241 Lazarus
3283 1189 3395 1254 ille,
3435 1190 3536 1260 qui
3584 1191 3644 1244 in
3691 1192 3769 1245 si-

2073 1290 2212 1327 num
2241 1273 2480 1327 Abrahae
2523 1274 2858 1343 deportatur
2885 1274 3107 1344 angelis
3135 1275 3269 1344 (Luc
3302 1320 3313 1330 .
3362 1279 3494 1345 xvx).
3541 1279 3773 1333 Hircum

2074 1379 2205 1416 vero
2235 1361 2332 1432 qui
2365 1362 2676 1416 dimittitur
2715 1363 2775 1415 in
2808 1377 3085 1428 eremum,
3110 1363 3383 1434 reprobos
3419 1364 3769 1432 signiﬁcare,

2077 1451 2161 1504 vel
2221 1451 2521 1504 Judaicum
2579 1452 2882 1521 populum,
2938 1452 3039 1522 qui
3087 1469 3118 1505 a
3163 1452 3306 1506 facie
3377 1453 3605 1506 Domini
3667 1470 3774 1523 pro

2078 1540 2352 1610 pecccatis
2397 1539 2516 1594 suis
2547 1539 2916 1610 abjiciuntur,
2959 1541 3104 1594 sicut
3133 1541 3287 1594 dives
3329 1546 3682 1612 purpuratus
3712 1542 3774 1595 in

2079 1627 2303 1682 inferno
2335 1629 2610 1699 sepultus.
2637 1628 2944 1683 Hominem
2984 1645 3116 1683 vero
3165 1635 3452 1700 paratum,
3487 1631 3778 1685 Christum

2087 1717 2175 1770 vel
2226 1718 2460 1788 angelos
2514 1717 2657 1788 ejus,
2727 1717 2881 1772 unde
2922 1717 3129 1789 recipit
3180 1719 3573 1790 unusquisque
3618 1720 3778 1790 quod

2087 1809 2362 1858 meretur.

2163 1893 2326 1947 Vens.
2401 1895 2490 1946 26.
2551 1921 2619 1932 -—
2671 1891 2772 1946 Illi
2833 1908 2955 1947 vero
3018 1895 3115 1962 qui
3168 1894 3495 1949 dimiserint.
3563 1893 3776 1963 (01110.,

2091 1983 2228 2036 hom.
2261 1984 2292 2036 9
2323 1983 2382 2034 in
2413 1980 2562 2050 Leu.)
2594 1981 2858 2036 Ascendit
2913 1981 2975 2035 in
3023 1999 3122 2035 cor
3153 1987 3318 2036 tuum
3366 1984 3781 2054 concupiscen-

2089 2068 2210 2122 tia?
2240 2073 2371 2133 ctc.,
2403 2084 2571 2138 usque
2599 2069 2674 2122 ad
2702 2075 2760 2123 et
2788 2069 2880 2123 hic
2909 2069 2971 2123 in
3004 2070 3259 2125 lavandis
3288 2072 3537 2126 vestibus
3587 2077 3785 2143 potest

2091 2156 2291 2210 eadem
2323 2157 2508 2227 ﬁgura
2533 2157 2766 2213 servari.

2162 2245 2332 2300 Vens.
2360 2247 2450 2300 29.
2488 2275 2557 2285 —
2603 2247 2781 2300 Mense
2810 2251 2988 2300 autem
3019 2249 3264 2316 septimo.
3308 2247 3514 2315 (01116.,
3561 2249 3656 2302 ubi
3695 2264 3788 2302 su-

2087 2333 2234 2401 pra.)
2265 2333 2331 2386 In
2361 2349 2474 2403 qua
2521 2334 2853 2388 solemnitas
2882 2335 3391 2405 repropitiationis,
3438 2341 3570 2398 etc.,
3616 2353 3791 2408 usque

2094 2419 2245 2475 adid
2283 2426 2368 2476 est
2397 2421 2650 2493 abjectus
2672 2426 2727 2476 et
2765 2423 3068 2478 refutatus.

2734 2556 2959 2610 CAPUT
2996 2557 3153 2611 XVII.

2168 2687 2326 2742 Vens.
2354 2691 2402 2741 1.
2426 2718 2494 2726 -
2519 2688 2600 2741 Et
2621 2688 2825 2742 locutus
2854 2693 2948 2752 est,
2981 2694 3084 2743 etc.
3105 2689 3375 2743 Praesenti
3403 2689 3527 2760 lege
3549 2689 3793 2744 demon-

2095 2779 2306 2829 stratur
2343 2775 2478 2846 quia
2520 2792 2637 2829 non
2685 2780 2907 2830 tantum
2941 2777 3138 2847 Moysi,
3185 2777 3282 2831 sed
3332 2778 3598 2833 omnibus
3631 2795 3794 2833 com-

2095 2865 2344 2918 muniter
2371 2864 2626 2936 loquitur
2668 2865 2956 2919 Dominus.
3012 2866 3221 2920 Omnes
3254 2866 3395 2920 scire
3441 2867 3599 2936 cupit
3633 2868 3796 2938 quod

289 2973 405 3010 non
461 2957 724 3027 indigent
775 2957 1010 3029 expiari,
1055 2974 1184 3030 quae
1238 2963 1371 3012 sunt
1432 2959 1492 3012 in
1541 2959 1984 3014 sanctiﬁcatione
2017 2957 2058 3013 C
2095 2953 2359 3008 omnibus
2410 2953 2658 3024 expedit,
2691 2955 2874 3024 legem
2907 2954 3120 3008 scilicet
3149 2955 3523 3024 temporalem
3565 2972 3702 3020 esse,
3734 2960 3797 3010 et

289 3046 549 3116 perenni.
581 3047 690 3102 Sed
727 3047 861 3117 quia
892 3047 1221 3117 frequenter
1249 3053 1608 3118 peccatorum
1657 3054 1982 3103 uestrorum

291 3135 483 3188 fumus
514 3135 786 3200 ascendit,
828 3136 896 3190 de
937 3152 1052 3206 quo
1104 3135 1308 3190 dicitur
1349 3151 1362 3190 :
1415 3137 1677 3191 Ascendit
1711 3139 1895 3202 fumus
1924 3140 1984 3190 in

290 3225 381 3276 ira
434 3224 550 3291 ejus
599 3225 760 3292 (Psat.
812 3223 985 3292 xvu);
1048 3228 1105 3277 et
1158 3224 1228 3278 de
1293 3223 1513 3288 Ninive,
1580 3226 1798 3280 Malitia
1866 3227 1983 3294 ejus

293 3312 537 3366 ascendit
583 3328 763 3365 coram
815 3327 899 3365 me
946 3313 1121 3376 (Jonz
1166 3313 1223 3379 1),
1284 3316 1434 3366 recte
1488 3312 1558 3366 ab
1605 3312 1986 3367 immunditiis

294 3399 502 3452 nostris
548 3398 738 3468 expiat
788 3414 1066 3468 supernos
1121 3399 1346 3463 choros,
1413 3403 1478 3452 ut
1540 3399 1984 3454 abominabilem

295 3485 518 3539 auferat
546 3485 798 3539 odorem.
834 3485 967 3539 Ideo
990 3497 1116 3539 non
1165 3485 1502 3555 simpliciter
1553 3488 1828 3558 aspergit,
1887 3489 1986 3542 sed

293 3573 519 3642 septies,
586 3573 722 3643 quia
750 3574 916 3628 venia
944 3580 1308 3645 peccatorum
1354 3580 1686 3630 nostrorum
1738 3576 1988 3631 coelestia

299 3661 672 3716 mundantur.

369 3749 534 3804 Vens.
566 3753 653 3805 20.
687 3782 757 3792 ——
783 3753 1104 3821 Postquam.
1146 3753 1342 3822 (Anan.
1369 3754 1507 3820 epist
1537 3751 1631 3806 .ad
1671 3752 1988 3822 Simplicia-

296 3838 466 3907 num.)

369 3927 525 3982 Sicut
543 3927 656 3981 duo
679 3931 812 3980 sunt
833 3927 891 3981 in
911 3943 1067 3998 agro,
1089 3934 1220 3995 etc.,
1239 3943 1410 3998 usque
1422 3929 1497 3983 ad
1517 3945 1644 4001 qum
1663 3929 1797 3984 facit
1813 3929 1990 3984 animi

295 4015 787 4086 tranquillitatem.

370 4105 528 4158 Vens.
587 4107 645 4158 2t
687 4134 756 4144 —
785 4105 866 4158 Et
907 4108 1088 4175 posita
1141 4110 1372 4174 utraque
1416 4121 1597 4170 manu,
1655 4110 1761 4160 etc.
1796 4107 1990 4160 Manus

299 4191 591 4261 impositio
629 4192 1085 4246 benedictionem
1126 4192 1414 4247 ministrat
1450 4193 1509 4246 in
1556 4192 1846 4260 sacriﬁcio,
1890 4198 1990 4247 aut

300 4280 692 4335 remissionem
762 4286 1150 4355 peccatorum‘,
1197 4286 1297 4335 aut
1363 4281 1637 4352 Spiritum
1690 4285 1983 4349 sanctum;

297 4383 427 4439 quae
453 4385 572 4422 esse
601 4384 712 4421 non
763 4373 1001 4438 possunt
1044 4368 1103 4422 in
1151 4386 1218 4422 eo
1257 4385 1428 4440 super
1457 4385 1628 4439 quem
1673 4369 1822 4423 cadit
1878 4369 1992 4424 fors

297 4455 530 4511 diaboli.
571 4456 760 4510 Multa:
799 4472 1027 4527 quoque
1073 4456 1515 4511 circumstantiae
1554 4461 1686 4511 sunt
1724 4473 1853 4528 quae
1905 4457 1990 4511 illi

299 4543 590 4599 sententiae
624 4545 1038 4598 contradicunt.

368 4635 440 4688 Et
462 4635 663 4702 posita.
719 4634 788 4688 Ut
811 4633 1144 4688 ostendatur
1191 4633 1327 4704 quia
1378 4633 1614 4687 verbum
1648 4631 1746 4687 Dei
1776 4632 1987 4704 impas-

297 4721 481 4788 sibile,
549 4720 892 4790 immortale,
967 4721 1027 4775 in
1081 4737 1248 4775 carne
1311 4738 1416 4792 pro
1474 4722 1642 4776 nobis
1701 4721 1988 4776 sufﬁciens

297 4809 634 4865 sacriﬁcium
698 4811 991 4881 suscepit:
1066 4811 1200 4864 huic
1271 4815 1422 4864 recte
1500 4810 1697 4865 omnia
1757 4815 1990 4881 peccata

295 4899 694 4970 imponuntur,
740 4898 876 4970 quia
906 4903 1136 4968 peccata
1167 4902 1362 4952 nostra
1389 4898 1624 4968 pertulit
1659 4898 1718 4951 in
1752 4914 1987 4969 corpore

299 5004 424 5041 suo.
460 4988 584 5041 LXX
619 5005 630 5041 :
664 4989 905 5057 Imponet
951 5003 1015 5041 ea
1040 5003 1202 5056 super
1230 4993 1394 5057 caput
1442 4988 1585 5042 haedi
1611 4986 1743 5040 vivi.
1780 4988 1844 5040 In
1873 5002 1986 5058 quo

299 5075 656 5146 signiﬁcatur
713 5076 909 5146 spinea
948 5092 1154 5130 corona
1195 5076 1368 5146 capiti
1425 5077 1547 5146 ejus
1584 5075 1883 5143 impressa,
1926 5075 1986 5129 in

296 5163 475 5234 spinis
505 5165 658 5218 enim
681 5156 1076 5236 signiﬁcantur
1102 5170 1347 5237 peccata.

370 5256 472 5308 Per
517 5254 798 5318 hominem,
852 5258 957 5307 etc.
1018 5254 1306 5310 Christum
1354 5253 1454 5326 qui
1504 5257 1590 5306 est
1643 5251 1856 5320 omnia,
1899 5252 1988 5307 sui

298 5339 559 5396 sacriﬁcii
631 5342 910 5402 sacerdos.
985 5342 1346 5410 sacriﬁcium,
1401 5341 1604 5408 cultus,
1674 5346 1732 5394 et
1787 5342 1982 5396 altare.

302 5432 539 5484 Paratus
574 5429 890 5484 secundum
929 5431 1072 5485 illud
1103 5448 1116 5485 :
1160 5434 1271 5498 Ego
1303 5435 1483 5485 autem
1518 5445 1625 5484 non
1654 5430 1982 5496 contradico,

299 5523 593 5574 retrorsum
629 5534 736 5573 non
764 5519 879 5573 abii
905 5536 918 5573 :
958 5534 1157 5589 corpus
1187 5535 1360 5574 meum
1411 5518 1540 5573 dedi
1561 5518 1987 5588 percutientibus

2094 3045 2318 3113 expleto
2353 3058 2453 3096 suo
2477 3047 2755 3112 tempore,
2789 3042 3074 3096 observari
3120 3059 3484 3112 supervacue.
3529 3045 3793 3114 Expletio

2093 3147 2227 3185 vero
2258 3130 2535 3200 temporis
2558 3131 2830 3200 perfecta,
2863 3131 3172 3184 destructio
3207 3130 3316 3184 loci
3347 3132 3405 3184 in
3433 3148 3546 3202 quo
3569 3134 3796 3188 sacriﬁ-

2095 3220 2181 3274 cia
2236 3219 2507 3291 praecepit
2539 3219 2751 3288 oﬁ‘erri,
2807 3219 3128 3273 intimando
3169 3235 3303 3273 eum
3343 3221 3443 3290 qui
3484 3227 3642 3275 extra
3698 3239 3798 3276 ca-

2095 3314 2232 3376 stra,
2275 3306 2389 3361 sive
2423 3307 2579 3372 foris,
2624 3313 2850 3362 tantum
2885 3315 3042 3362 extra
3069 3309 3499 3362 tabernaculum
3531 3310 3800 3364 testimo—

2096 3395 2178 3448 nii
2207 3395 2623 3461 sacriﬁcaverit,
2655 3395 2888 3448 interire
2930 3397 2998 3450 de
3039 3396 3265 3466 populis
3295 3397 3429 3465 suis,
3462 3400 3526 3450 ut
3556 3397 3801 3468 scilicet,

2096 3486 2383 3540 destructo
2430 3486 2795 3540 tabernaculo
2845 3492 2900 3539 et
2932 3486 3075 3551 loco,
3137 3485 3412 3539 sacriﬁcia
3469 3486 3640 3540 ﬁnem
3685 3488 3801 3541 ha-

2095 3575 2286 3629 beant.
2326 3574 2557 3629 Sanctas
2587 3590 2718 3628 vero
2745 3574 2994 3628 actiones
3022 3578 3076 3628 et
3103 3591 3231 3645 quae
3261 3574 3546 3628 mdiﬁcant
3583 3576 3802 3629 huma-

2095 3680 2229 3718 nam
2271 3669 2543 3728 mentem,
2594 3667 2657 3716 ut
2702 3667 2924 3733 patrem
2977 3667 3035 3717 et
3093 3669 3335 3716 matrem
3386 3663 3688 3722 honorare.
3742 3670 3804 3719 et

2097 3752 2386 3822 proximos
2424 3752 2685 3822 diligere,
2747 3757 2804 3804 et
2849 3751 3080 3816 similia,
3117 3752 3242 3804 loco
3297 3769 3414 3805 non
3460 3752 3803 3806 circonscri-

2097 3841 2230 3912 psit,
2264 3840 2396 3911 quia
2430 3857 2656 3911 semper
2682 3845 2943 3910 prosunt,
2993 3844 3050 3893 et
3090 3856 3218 3892 cum
3253 3840 3563 3910 Evangelio
3595 3857 3802 3894 conve-

2098 3929 2285 3983 niunt.
2323 3929 2658 4000 Quicunque
2688 3945 2822 3998 ergo
2866 3945 3020 3982 nunc
3048 3928 3260 3998 ﬁguras
3304 3933 3482 3998 agunt
3519 3929 3800 3982 destructi

2098 4015 2232 4083 loci,
2265 4017 2605 4086 sanguinem
2645 4017 2964 4075 effundunt.
2998 4021 3054 4070 et
3109 4033 3471 4070 communem
3504 4033 3799 4072 conversa-

2097 4101 2313 4156 tionem
2365 4105 2672 4170 maculant,
2730 4103 2788 4157 in
2833 4104 3124 4158 communi
3175 4109 3440 4174 peccant:
3493 4104 3637 4157 sicut
3693 4106 3804 4173 qui

2101 4192 2439 4263 sanguinem
2470 4192 2740 4257 fundunt,
2773 4209 2972 4247 eorum
3004 4209 3240 4263 quoque
3291 4191 3629 4262 sanguinem
3660 4193 3801 4246 fun-

2102 4281 2263 4350 dunt,
2293 4297 2436 4351 quos
2457 4282 2715 4351 exemplo
2751 4297 2852 4334 suo
2886 4281 2946 4334 in
2975 4297 3227 4335 errorem
3258 4281 3509 4334 mittunt.

2174 4371 2337 4423 Vens.
2372 4373 2424 4423 3.
2455 4399 2524 4410 —
2573 4372 2735 4424 Homo
2763 4370 3012 4438 quilibet,
3046 4375 3154 4423 etc.
3202 4369 3371 4433 Quasi
3413 4370 3613 4440 ﬁgurae
3655 4371 3801 4441 legis

2099 4458 2445 4527 temporales
2491 4463 2642 4524 sunt,
2692 4458 2838 4512 etin
2883 4457 3007 4511 loco
3038 4463 3192 4512 certo
3224 4462 3376 4525 sunt,
3429 4475 3542 4529 quo
3571 4459 3798 4512 destru-

2099 4550 2186 4600 cto
2215 4562 2331 4599 non
2354 4550 2589 4617 possunt
2611 4562 2863 4601 manere.

2169 4635 2229 4690 Si
2267 4635 2520 4689 occiderit
2549 4651 2713 4689 ovem.
2765 4635 2950 4702 (Ana,
2985 4639 3173 4704 quxst.
3217 4638 3284 4690 56
3331 4638 3389 4688 in
3426 4635 3615 4702 Leuit.)
3665 4635 3798 4690 Non

2099 4723 2168 4778 de
2198 4723 2286 4778 his
2318 4723 2475 4790 dicit,
2502 4729 2646 4792 etc.,
2686 4740 2854 4792 usque
2882 4724 2957 4778 ad
2988 4723 3267 4795 quidquid
3296 4723 3357 4777 in
3402 4724 3508 4778 hac
3531 4740 3590 4777 re
3634 4723 3796 4792 fecit,

2098 4816 2294 4866 contra
2322 4812 2505 4880 legem
2551 4829 2672 4866 esse
2711 4828 2827 4865 non
2867 4812 3070 4882 potuit,
3115 4812 3252 4882 quia
3291 4812 3456 4866 dator
3501 4816 3583 4866 est
3623 4812 3793 4882 legis.

2168 4902 2326 4955 Vens.
2397 4905 2448 4954 7.
2489 4930 2560 4940 —
2596 4903 2667 4955 Et
2715 4917 3059 4971 nequaquam
3096 4902 3246 4955 ultra
3289 4901 3644 4955 immolabant
3693 4902 3795 4956 ho-

2094 4992 2229 5044 stias
2267 5003 2394 5043 suas
2437 4989 2782 5047 daemonibus.
2835 4995 2939 5043 etc.
2987 4991 3126 5043 Cum
3171 5006 3202 5042 a
3269 4989 3511 5043 Domino
3573 4989 3796 5044 dictum

2097 5079 2170 5132 sit
2199 5078 2396 5144 (Exod.
2429 5080 2523 5147 xx)
2559 5095 2571 5132 :
2626 5081 2743 5135 Non
2766 5081 2935 5146 facies
2968 5079 3071 5132 tibi
3101 5078 3305 5133 idolam
3333 5094 3426 5132 nec
3467 5094 3676 5133 omnem
3708 5082 3797 5132 si-

2093 5167 2454 5221 militudinem
2491 5183 2672 5222 eorum
2703 5183 2821 5236 quae
2848 5169 2904 5221 in
2941 5168 3064 5221 caelo
3095 5172 3223 5221 sunt
3250 5182 3486 5234 sursum,
3520 5173 3570 5221 et
3604 5169 3663 5220 in
3691 5173 3802 5220 ter-

2095 5271 2162 5308 ra
2210 5255 2458 5308 deorsum
2513 5260 2564 5309 et
2618 5270 2943 5323 quaecunque
2989 5255 3178 5309 subtus
3251 5260 3482 5320 terram;
3544 5255 3805 5311 conﬂati-

2096 5345 2210 5398 lem
2248 5344 2491 5396 vitulum
2540 5342 2813 5405 fecerunt,
2857 5347 2915 5396 et
2962 5343 3013 5398 ei
3055 5343 3400 5397 sacriﬁcium
3455 5343 3799 5398 obtulerunt

2095 5429 2406 5500 abligurire
2435 5430 2730 5500 cupientes
2759 5431 3116 5485 sacriﬁcium.
3153 5432 3263 5486 Lex
3295 5448 3454 5502 ergo,
3487 5431 3648 5503 quasi
3680 5421 3801 5502 pae-

2095 5519 2353 5589 dagogus
2373 5534 2599 5585 eorum,
2621 5519 2881 5590 precipit
2903 5521 3018 5574 Deo
3036 5519 3354 5574 sacriﬁcare
3369 5521 3581 5587 (Exod.
3597 5508 3796 5589 ixxu),
