4038 6180
327 208 426 261 347

940 209 1332 266 WALAFRIDI
1370 211 1617 266 STRABI
1656 213 1858 268 FULD.
1901 213 2005 269 ΜΟ]

2175 214 2255 267 ’P.
2298 210 2473 267 PARS
2510 211 2552 265 Ι.
2592 240 2662 249 -
2700 210 3153 268 THEOLOGICA.

3713 217 3819 271 348

370 329 485 398 Ego
510 330 790 385 Dominus.
830 329 954 384 Non
987 329 1355 385 manifestans
1386 336 1616 401 peccata
1673 331 2000 400 hominum,
2027 334 2067 388 Δ
2109 336 2214 396 set,
2247 335 2377 399 etc.,
2409 347 2578 402 usque
2603 331 2679 387 ad
2706 332 2803 387 sed
2834 331 3224 405 concipiendas
3244 333 3396 405 proli
3421 334 3657 391 noxium
3687 353 3821 408 pro-

302 417 399 472 sed
434 418 629 472 delens
655 421 711 472 et
754 422 955 489 tegens
1008 419 1164 490 quod
1217 418 1389 474 fuerit
1438 418 1796 475 confessione
1850 420 2005 476 dele-

302 510 427 562 tum
453 508 541 561 vel
567 507 849 562 detectum

379 596 818 665 Turpitudinem,
860 601 965 652 etc.
1009 597 1187 667 (Ave,
1248 600 1527 667 quast.58
1587 601 1647 652 in
1703 600 1849 668 Lev.)
1878 600 2007 654 Pro-

302 684 462 740 hibet
490 702 621 740 cum
651 691 829 740 matre
860 687 1260 755 concumbere,
1279 693 1413 757 etc.,
1450 704 1619 758 usque
1656 690 1731 743 ad
1757 689 1819 743 in
1874 689 2002 743 cha-

308 774 475 828 ritate
505 773 661 830 enim
725 779 936 846 peccat,
966 792 1095 846 quae
1168 776 1467 848 plenitudo
1521 776 1664 849 legis
1721 781 1805 831 est
1830 778 2003 849 (Rom.

306 864 457 931 xm).

382 954 538 1007 Vens.
582 956 631 1008 6.
665 984 735 995 —
783 957 939 1010 Foris
977 957 1163 1023 genita
1218 960 1314 1011 est.
1371 956 1509 1025 (in,
1552 961 1739 1024 quasi.
1787 956 1899 1028 59.)
1929 957 2009 1011 Ex

308 1045 509 1108 matre,
537 1042 583 1096 si
611 1043 679 1097 de
733 1043 913 1113 priori
967 1044 1111 1111 viro,
1177 1048 1308 1111 etc.,
1367 1059 1534 1113 usque
1584 1044 1659 1098 ad
1711 1046 1865 1116 quod
1917 1061 2011 1100 su-

308 1131 501 1201 perius
523 1131 668 1185 dixit
697 1133 953 1187 obscure.

380 1220 540 1274 Vens.
578 1223 669 1276 ll.
709 1250 777 1262 -—
803 1223 955 1276 Filiae
995 1225 1206 1290 umoris,
1253 1227 1359 1277 etc.
1390 1222 1574 1292 (AUG.,
1636 1223 1731 1277 ubi
1794 1206 2008 1293 supra.)

310 1308 437 1362 Non
466 1324 595 1362 cum
624 1309 742 1363 ﬁlia
770 1326 1028 1363 novercae
1069 1328 1134 1365 ex
1168 1312 1358 1381 priore
1419 1311 1536 1366 viro
1567 1312 1830 1367 videatur
1874 1329 2008 1384 pro-

309 1395 507 1451 bibere
536 1398 922 1465 concubitum,
976 1416 1105 1454 cum
1157 1400 1208 1454 ei
1276 1401 1367 1455 cui
1438 1401 1798 1471 prohibetur,
1850 1418 2011 1456 soror

310 1501 427 1539 non
448 1486 539 1553 sit,
578 1487 661 1540 vel
691 1503 758 1541 ex
788 1492 947 1559 patre
1004 1490 1092 1543 vel
1138 1506 1203 1543 ex
1248 1494 1448 1555 matre,
1488 1489 1706 1544 addidit
1752 1490 1905 1561 quod
1943 1507 2011 1545 ex

308 1573 510 1628 eodem
535 1579 715 1644 patre.

382 1661 543 1716 Vens.
629 1663 714 1720 14.
762 1693 832 1703 --
892 1665 1306 1734 Turpitudinem
1387 1668 1587 1733 fratris
1640 1669 1842 1737 patris,
1900 1670 2004 1722 etc.

310 1750 498 1818 (AUG.,
530 1756 719 1819 quaest.
749 1752 861 1820 61.)
927 1754 1214 1819 Quaeritur
1260 1760 1456 1810 utrum
1500 1756 1625 1819 hoc,
1660 1762 1790 1823 etc.,
1841 1771 2011 1827 usque

307 1838 383 1892 ad
410 1844 601 1907 posset
628 1840 780 1896 enim
810 1842 1015 1913 aliquis
1044 1848 1245 1914 putare
1277 1845 1429 1915 quod
1459 1845 1631 1901 talem
1684 1844 1880 1900 liceret
1900 1844 2009 1901 sibi

308 1926 514 1982 ducere
545 1932 602 1982 et
621 1929 968 1986 adulterium
1017 1948 1130 1986 non
1168 1933 1389 1988 timere.

377 2035 485 2091 Nec
507 2035 742 2100 accedes,
801 2042 908 2093 etc.
977 2039 1131 2094 LXX:
1181 2043 1253 2095 Et
1289 2040 1364 2095 ad
1417 2057 1641 2096 umorem
1718 2040 1836 2111 ejus
1902 2055 2010 2095 non

306 2122 580 2177 introibis.
631 2124 878 2180 Proinde
934 2126 1081 2181 hanc
1137 2128 1293 2182 enim
1339 2129 1755 2200 turpitudinem
1813 2128 2010 2182 dicunt

304 2209 486 2279 patris
512 2209 703 2265 fratris
743 2212 886 2281 ejus,
934 2213 992 2268 id
1038 2219 1128 2269 est
1180 2216 1369 2287 patrui
1432 2217 1720 2289 pudenda,
1771 2216 2006 2283 scilicet,

307 2313 518 2352 DXOHS.

375 2387 532 2442 Vnus.
588 2391 671 2443 16.
727 2416 798 2433 —-
867 2392 1286 2462 Turpitudinem
1349 2396 1539 2449 umoris
1624 2396 1842 2461 fratris,
1898 2396 2006 2448 etc.

304 2476 370 2531 In
400 2481 581 2531 matre
633 2479 1110 2551 concupiscentia,
1155 2483 1301 2537 actio
1352 2483 1696 2555 intelligitur
1749 2483 1812 2537 in
1866 2482 2007 2550 ﬁlia,

302 2564 365 2619 in
387 2570 560 2635 nepte
610 2583 786 2623 mors.
832 2571 1271 2640 Concupiscentia
1325 2574 1466 2628 enim
1498 2576 1655 2643 parit
1703 2580 2003 2646 peccatum,

302 2660 578 2723 peccatum
605 2661 827 2712 mortem
857 2658 990 2727 (Jac.
1033 2660 1091 2730 1),
1128 2661 1216 2715 vel
1265 2660 1421 2717 aliud
1469 2669 1763 2734 peccatum
1797 2683 1810 2733 ;
1860 2667 2007 2723 sicut

305 2742 477 2886 Davi:
500 2759 566 2797 ex
590 2745 1047 2817 concupiscentia
1074 2748 1432 2817 adulteravit,
1488 2756 1545 2806 et
1567 2768 1671 2823 pro
1724 2754 2004 2812 adulterio

305 2830 423 2885 occi
467 2831 530 2886 it.

304 2830 530 2886 occidit.

373 2938 535 2993 Vens.
593 2942 677 2995 l7.
717 2971 786 2980 ——
864 2943 931 2997 Ut
976 2944 1173 2998 reveles
1248 2947 1602 3011 ignominiam
1644 2949 1781 3018 ejus.
1836 2950 2006 3015 Quasi

302 3026 583 3081 familiare
640 3032 697 3083 et
758 3036 1065 3101 cognatum
1129 3038 1213 3087 est
1251 3034 1413 3089 nobis
1461 3043 1777 3107 peccatum.
1848 3041 2004 3096 Unde

299 3114 544 3170 invicem
574 3117 845 3173 debemus
866 3121 1185 3188 condolere,
1218 3126 1274 3176 et
1302 3140 1477 3179 onera
1506 3132 1696 3182 nostra
1751 3134 2001 3199 portare,

302 3208 367 3257 ut
391 3204 808 3275 adimpletmus
849 3207 1037 3279 legem
1090 3210 1312 3278 Christi,
1376 3213 1477 3284 qui
1544 3221 1775 3286 peccata
1814 3224 2006 3275 nostra

302 3293 574 3361 portavit.

376 3399 536 3454 Vens.
591 3402 675 3455 l8.
757 3430 819 3442 -
898 3403 1151 3458 Sororem
1218 3407 1408 3460 umoris
1470 3411 1593 3474 tuae,
1643 3414 1750 3466 etc.
1814 3412 2001 3485 (Auc.,

304 3495 493 3559 quaest.
523 3492 582 3543 in
618 3490 769 3561 Lev.)
822 3492 944 3545 Non
992 3493 1280 3562 prohibet,
1344 3499 1473 3563 etc.,
1572 3512 1741 3569 usque
1797 3502 1873 3556 ad
1932 3519 2003 3558 ne

302 3578 516 3632 faceret
544 3594 670 3633 eam
696 3580 988 3635 moschari.

374 3684 441 3738 In
457 3686 770 3754 pellicatum
826 3687 974 3741 illius
996 3701 1102 3741 non
1135 3689 1367 3757 accipies
1413 3704 1506 3744 nec
1569 3692 1852 3760 revelabis,
1893 3700 2001 3752 etc.

304 3775 431 3830 LXX
462 3789 476 3828 :
506 3776 571 3829 In
617 3775 790 3830 zelum
844 3776 1014 3842 illius,
1056 3777 1220 3847 quasi
1302 3778 1411 3832 hoc
1474 3784 1619 3834 esset
1651 3782 1806 3837 zelus
1853 3784 2005 3841 inter

302 3879 544 3930 sorores,
576 3864 738 3934 quasi
772 3880 887 3919 non
940 3864 1013 3918 sit
1041 3869 1096 3918 et
1116 3864 1269 3920 inter
1297 3883 1413 3920 non
1445 3884 1687 3923 sorores.
1732 3874 1820 3925 An
1891 3888 2002 3942 po-

302 3948 416 4003 tius
444 3964 514 4002 ne
543 3947 648 4001 hoc
676 3949 872 4004 animo
919 3952 1037 4018 ﬁat,
1072 3958 1137 4006 ut
1172 3954 1231 4010 in
1301 3956 1490 4010 zelum
1570 3956 1778 4011 sororis
1838 3974 2003 4012 soror

302 4038 736 4108 superducatur.
769 4038 797 4092 ’l
823 4041 888 4095 In
927 4056 1063 4110 pace
1087 4057 1181 4097 nos
1227 4048 1438 4099 vocavit
1484 4047 1645 4115 Deus,
1671 4062 1861 4115 pacem
1885 4063 2004 4101 cum

302 4127 547 4182 omnibus
591 4128 880 4184 habeamus
926 4128 1108 4199 (Rom.
1170 4130 1291 4202 xii),
1351 4133 1598 4187 maxime
1681 4150 1813 4189 cum
1870 4152 2002 4206 pro-

303 4215 487 4271 ximis.
522 4216 582 4271 In
615 4216 847 4271 Iudaica
894 4233 1121 4289 quoque
1179 4222 1609 4276 conversatione
1670 4238 1787 4277 non
1848 4218 2013 4279 decet
2038 4194 2083 4249 Β

306 4303 742 4358 ecclesiasticam
789 4305 1096 4376 suscipere,
1155 4323 1258 4362 nec
1311 4308 1565 4380 typicum
1638 4311 1847 4381 pascha
1874 4327 2005 4365 cum

303 4409 437 4447 vero
471 4393 779 4459 celebrare,
811 4410 915 4448 nec
945 4394 1434 4451 circumcisionem
1480 4413 1607 4451 cum
1642 4398 2002 4469 baptismate.

307 4482 466 4537 Unde
506 4481 714 4536 Paulus
744 4498 757 4537 :
789 4483 853 4540 Si
875 4484 1349 4552 circumcidimini,
1409 4487 1655 4543 Christus
1684 4487 1834 4542 vobis
1864 4489 2007 4543 nihil

300 4571 549 4641 proderit
594 4570 737 4641 (Gal.
790 4572 861 4641 v).
915 4573 1245 4629 Mortiﬁcata
1301 4591 1437 4646 ergo
1475 4575 1709 4630 Judaica
1766 4593 2006 4632 conver-

306 4659 521 4713 satione
586 4661 850 4715 Eeclesie
911 4662 1080 4716 debet
1152 4663 1445 4734 conjungi,
1504 4680 1634 4735 quae
1711 4669 1795 4719 est
1843 4682 2008 4720 soror

302 4748 464 4819 legis,
499 4750 728 4805 eosdem
779 4751 951 4805 habet
1015 4751 1293 4819 doctores,
1377 4753 1607 4807 eosdem
1675 4755 2004 4825 prophetas.

304 4837 413 4892 Sed
442 4838 676 4894 Iudaica
726 4839 1076 4894 conversatio
1121 4841 1446 4904 aemulatur,
1499 4842 1636 4913 quia
1687 4843 1757 4897 ad
1820 4844 2006 4898 Eccle-

301 4924 445 4979 siam
474 4926 826 4982 transierunt
878 4928 1091 4983 divitiae
1140 4929 1281 5000 ejus.
1354 4930 1511 4985 Unde
1593 4932 1803 4985 Paulus
1857 4933 1938 4986 ait
1989 4947 2004 4986 :

303 5015 755 5071 Emulanturvos
785 5033 891 5072 non
972 5018 1117 5085 bene,
1192 5019 1288 5073 sed
1360 5020 1644 5074 excludere
1702 5035 1812 5085 vos,
1898 5024 2002 5075 etc.

304 5101 449 5174 (Gal,
484 5102 580 5172 ιν).
612 5105 762 5159 Uxor
792 5122 1041 5177 namque
1093 5106 1253 5178 prior
1308 5109 1471 5173 zelat,
1542 5109 1677 5180 quia
1724 5108 2008 5162 subintrat

303 5191 570 5246 secunda.
605 5193 762 5247 Unde
817 5195 914 5248 Lia
960 5195 1072 5250 ait:
1127 5198 1394 5251 Parumne
1441 5195 1545 5251 tibi
1592 5196 1807 5251 videtur
1862 5196 2007 5267 quod

298 5281 651 5350 praeripuerit
694 5284 954 5335 maritum
984 5284 1168 5337 mihi?
1200 5282 1352 5353 (Gen.
1376 5283 1530 5354 xxx.)

374 5390 535 5443 Vens.
570 5392 650 5444 l9.
712 5421 778 5429 —
827 5390 923 5444 Ad
968 5392 1262 5460 mulierem,
1317 5396 1421 5446 etc.
1476 5392 1666 5462 (Auc.,
1719 5396 1905 5462 quaest.
1937 5394 2006 5447 64

308 5481 367 5532 in
394 5478 546 5549 Lev.)
603 5479 744 5533 Cum
790 5479 898 5534 hoc
964 5480 1231 5551 superius
1281 5479 1629 5536 sufﬁcienter
1678 5480 2003 5553 prohibuis-

2115 419 2362 475 hibetur.

2191 510 2464 565 Veas.20.
2501 538 2571 549 —
2621 509 2753 566 Cum
2774 525 2961 577 umore,
3020 513 3125 564 etc.
3190 510 3397 580 (Isicn.)
3454 511 3552 568 Hic
3619 515 3824 585 prohi-

2114 597 2281 653 betur
2304 613 2499 653 rursus
2544 598 2907 667 adulterium,
2980 599 3136 670 quod
3192 599 3367 654 etiam
3424 600 3485 654 in
3549 601 3822 673 decalogo

2114 687 2451 759 prohibetur
2478 703 2490 741 :
2517 687 2670 741 unde
2700 691 2938 759 apparet
2978 687 3079 742 illa
3133 688 3211 741 ita
3239 704 3358 743 esse
3414 689 3727 760 prohibita,
3763 696 3824 745 ut

2116 777 2286 831 etiam
2317 776 2557 831 mortuis
2576 776 2713 831 viris
2744 793 2860 831 non
2885 777 3095 831 ducant
3123 793 3348 845 uxores,
3399 794 3645 850 quarum
3690 796 3819 852 pro-

2115 864 2276 921 hibet
2302 865 2718 934 turpitudinem
2749 865 3009 920 revelari.

2187 956 2349 1009 Vens.
2382 958 2471 1008 2t.
2507 983 2569 995 —
2602 957 2676 1009 De
2702 957 2917 1019 semine,
2953 959 3059 1009 etc.
3096 954 3219 1025 (ln.)
3252 955 3665 1012 Convenienter
3692 958 3814 1012 haec

2117 1043 2566 1114 subjunguntur,
2599 1048 2732 1111 etc.,
2759 1058 2928 1113 usque
2955 1043 3029 1097 ad
3046 1058 3149 1097 nec
3168 1042 3229 1097 in
3263 1059 3455 1099 errore
3514 1045 3810 1116 gentilium

2118 1133 2444 1188 miscemur.

2189 1225 2297 1280 Nec
2321 1222 2549 1292 pollues,
2573 1223 2685 1277 etc.
2722 1221 2846 1275 Non
2867 1222 3054 1276 solum
3092 1220 3459 1289 luxuriando,
3511 1222 3597 1275 vel
3650 1221 3816 1275 idolis

2119 1310 2497 1372 immolando,
2526 1309 2622 1363 sed
2652 1313 2710 1363 et
2733 1309 3035 1380 gentilium
3064 1309 3490 1381 philosophiam
3538 1309 3596 1362 in
3630 1309 3815 1362 Eccle-

2119 1399 2264 1454 siam
2291 1397 2724 1452 introducendo.
2754 1396 2891 1463 Quis
2918 1398 3073 1452 enim
3102 1414 3409 1452 consensus
3465 1398 3681 1468 templo
3713 1396 3817 1451 Dei

2119 1504 2249 1543 cum
2275 1487 2443 1542 idolis
2480 1487 2508 1540 Ἰ

2191 1577 2351 1631 Vens.
2379 1577 2471 1631 23.
2504 1604 2574 1616 —
2629 1576 2825 1630 Mulier
2887 1590 3012 1641 non,
3064 1579 3169 1630 etc.
3227 1576 3350 1630 Non
3410 1575 3596 1629 solum
3658 1573 3816 1641 viris,

2118 1665 2216 1720 sed
2237 1665 2409 1719 etiam
2468 1662 2806 1719 mulieribus
2884 1664 2973 1718 lex
3063 1664 3251 1735 posita
3292 1663 3466 1736 est(II
3521 1664 3641 1719 Cor.
3719 1664 3818 1733 ix).

2120 1754 2279 1809 Unde
2311 1770 2324 1809 :
2358 1754 2637 1808 Mulierem
2662 1754 2859 1819 fortem
2911 1754 3034 1822 quis
3089 1752 3370 1808 inveniet?
3438 1755 3625 1822 (Prov.
3659 1750 3822 1819 xm.)

2119 1843 2276 1899 Sicut
2312 1843 2468 1897 enim
2500 1842 2785 1896 masculus
2816 1842 3068 1896 animam
3097 1842 3305 1896 fortem
3371 1847 3429 1896 et
3455 1845 3819 1895 constantem

2117 1931 2181 1986 in
2205 1932 2509 1986 virtutibus
2530 1931 2832 2002 significat,
2865 1930 2944 1985 sic
2996 1930 3206 1985 mulier
3257 1930 3596 2002 dignitatem
3654 1945 3823 1983 suam

2118 2020 2537 2075 custodientem
2565 2019 2827 2090 designat
2858 2036 2872 2074 :
2902 2019 3052 2073 facta
3080 2024 3167 2074 est
3202 2019 3357 2074 enim
3385 2019 3446 2073 in
3471 2017 3823 2088 adjutorium

2121 2110 2224 2164 viri
2256 2110 2416 2181 (Gen.
2449 2110 2514 2179 Ii)
2547 2125 2561 2163 :
2594 2125 2724 2180 qua:
2754 2124 2886 2162 vero
2917 2108 3046 2163 talis
3084 2113 3191 2175 est,
3243 2125 3360 2163 non
3405 2107 3824 2177 debetjumen-

2118 2203 2310 2253 torum
2338 2197 2491 2253 coitu
2520 2197 2819 2252 maculari.

2189 2289 2346 2342 Vnus.
2378 2288 2468 2342 24.
2513 2317 2582 2327 —
2626 2288 2732 2343 Nec
2773 2287 3104 2356 polluamini
3147 2288 3207 2340 in
3258 2285 3505 2340 omnibus
3564 2285 3671 2350 his,
3706 2288 3819 2339 etc.

2120 2377 2321 2447 (151cm)
2351 2375 2575 2440 Quanta
2602 2374 2845 2446 pollutio
2878 2374 2950 2429 sit
2974 2374 3033 2428 in
3061 2373 3370 2445 praedictis,
3401 2389 3573 2450 poena
3625 2373 3823 2444 pollu-

2116 2468 2309 2520 torum
2336 2464 2609 2519 ostendit.
2645 2465 2756 2518 Nec
2781 2463 3005 2518 incaute
3054 2463 3544 2534 praetereundum,
3575 2462 3713 2533 quia
3750 2477 3824 2515 ea

2117 2570 2248 2625 quae
2277 2552 2521 2608 invicem
2552 2552 2660 2608 sibi
2698 2553 3002 2623 conjuncta
3049 2557 3203 2619 sunt,
3261 2551 3322 2606 in
3360 2550 3821 2621 unum'colligit,

2117 2647 2181 2697 ut
2208 2642 2468 2697 ostendat
2495 2641 2629 2713 quia
2654 2642 2756 2713 qui
2783 2642 2845 2696 in
2895 2657 3009 2696 uno
3054 2642 3310 2712 pollutus
3342 2640 3535 2709 fuerit,
3602 2639 3663 2694 in
3692 2654 3823 2693 om-

2114 2731 2284 2785 nibus
2314 2731 2553 2786 offendit
2578 2732 2721 2802 (Jac.
2757 2732 2842 2802 ιι).

2185 2821 2578 2878 σοηιαγηίηαιω
2606 2824 2733 2875 sunt
2756 2822 3023 2876 universa
3074 2824 3273 2887 gentes,
3340 2822 3447 2873 etc.
3492 2819 3823 2882 Daemones,

2041 2912 2081 2968 C
2119 2909 2219 2981 qui
2250 2914 2487 2981 prOpter
2511 2908 2941 2964 multitudinem
2972 2908 3240 2963 dicuntur
3277 2911 3476 2980 gentes
3516 2906 3823 2962 universae.

2110 2999 2219 3064 Qui
2250 3015 2382 3054 cum
2410 3000 2570 3054 omni
2626 3003 2858 3069 peccato
2904 2998 3209 3069 gaudeant,
3269 2997 3557 3069 praecipue
3622 3001 3826 3050 tamen

2111 3087 2488 3143 fornicatione
2512 3091 2569 3141 et
2596 3086 2938 3152 idololatria,
2998 3086 3133 3157 quia
3170 3086 3232 3139 in
3300 3085 3390 3140 his
3436 3089 3491 3139 et
3534 3100 3739 3154 corpus
3763 3089 3829 3140 et

2112 3177 2305 3230 anima
2334 3177 2673 3243 maculatur,
2708 3180 2762 3230 et
2792 3180 2947 3229 totus
2978 3177 3170 3241 homo,
3204 3173 3303 3245 qui
3361 3178 3514 3228 terra
3577 3172 3814 3229 dicitur.

2111 3265 2219 3321 Sed
2252 3264 2498 3319 visitavit
2527 3266 2676 3319 Deus
2704 3269 2877 3326 terra,
2910 3264 2967 3319 id
2995 3268 3079 3318 est
3099 3264 3399 3318 hominum
3464 3278 3667 3333 genus.

2184 3355 2345 3409 Vens.
2402 3356 2491 3408 29.
2550 3383 2621 3395 —
2668 3354 2853 3409 Omnis
2909 3355 3116 3418 anima,
3167 3357 3272 3407 etc.
3334 3351 3443 3416 Qui
3478 3350 3632 3405 enim
3686 3355 3826 3420 post

2111 3441 2497 3512 evangelicum
2521 3440 2983 3512 praedicationem
3013 3441 3151 3495 talia
3182 3439 3566 3505 committunt,
3640 3439 3824 3493 aliam

2110 3530 2247 3585 mali
2269 3530 2609 3585 medicinam
2642 3546 2757 3584 non
2794 3529 3134 3596 inveniunt;
3195 3545 3300 3583 nec
3354 3529 3417 3582 in
3454 3532 3603 3582 sorte
3632 3527 3825 3582 homi-

2111 3634 2271 3685 num,
2297 3619 2393 3672 sed
2426 3619 2752 3672 daemonum
2784 3622 2970 3672 erunt.

2180 3708 2343 3761 Vnus.
2379 3709 2465 3762 30.
2498 3736 2567 3748 --
2616 3707 2889 3763 Custodite
2934 3704 3199 3760 mandata
3245 3720 3382 3759 mea.
3442 3702 3614 3769 Quasi
3646 3718 3659 3757 :
3695 3702 3825 3757 Mea

2110 3799 2248 3851 sunt
2309 3797 2592 3861 mandata,
2671 3811 2785 3850 non
2830 3793 3082 3849 hominis
3115 3810 3129 3861 ;
3159 3794 3232 3848 ad
3296 3793 3458 3865 cujus
3504 3791 3821 3863 imaginem

2110 3884 2241 3939 facti
2282 3884 2458 3950 estis;
2517 3899 2689 3955 quam
2748 3882 3008 3953 polluere
3057 3897 3175 3935 non
3234 3881 3495 3936 debetis:
3529 3883 3661 3950 quia
3682 3885 3823 3934 tem-

2106 3974 2260 4043 plum
2291 3975 2385 4027 Dei
2434 3976 2581 4038 estis,
2661 3976 2712 4026 et
2757 3972 2997 4041 Spiritus
3079 3971 3180 4025 Dei
3249 3970 3464 4025 habitat
3516 3972 3576 4024 in
3653 3969 3813 4024 vobis

2109 4060 2154 4131 (ι
2174 4062 2291 4118 Cor.
2336 4060 2433 4130 Ill).

2790 4192 3016 4247 CAPUT
3089 4192 3220 4247 XIX.

2186 4330 2347 4383 Vens.
2384 4331 2431 4393 l,
2459 4328 2513 4380 2.
2545 4356 2614 4367 —-
2654 4325 2888 4381 Locutus
2918 4330 2996 4381 est
3058 4328 3384 4381 Dominus...
3442 4326 3630 4382 Sancti
3656 4329 3828 4379 estote

2117 4416 2323 4485 (Omc.,
2356 4417 2493 4470 hom.
2556 4416 2619 4468 l2
2647 4416 2706 4468 in
2757 4413 2906 4485 Lev.)
2943 4413 3085 4478 Quid
3138 4414 3419 4485 signiticet
3468 4413 3579 4467 hoc
3606 4427 3821 4468 nomen

2116 4505 2267 4576 quod
2298 4508 2383 4556 est
2412 4507 2669 4556 sanctum
2715 4506 3019 4571 etc.,usque
3057 4501 3134 4556 ad
3179 4507 3243 4555 ut
3271 4500 3483 4555 scilicet
3519 4499 3580 4555 in
3606 4500 3824 4555 saeculo

2116 4589 2609 4646 conversationem
2640 4590 2920 4645 habeatis.

2185 4681 2347 4734 Vens.
2409 4682 2461 4734 3.
2540 4709 2607 4717 —
2678 4680 3070 4747 Unusquisque.
3125 4678 3311 4748 Super
3380 4676 3827 4733 fundamentum

2115 4767 2357 4822 aediﬁcat
2388 4784 2400 4821 :
2435 4766 2621 4838 quasi,
2673 4770 2853 4820 estote
2902 4764 3100 4832 sancti,
3147 4770 3209 4820 ut
3253 4771 3478 4820 sanctus
3509 4765 3728 4819 habitet
3758 4765 3828 4819 in

2113 4855 2274 4910 vobis
2299 4875 2315 4921 ;
2345 4860 2401 4909 et
2431 4858 2651 4909 naturae
2677 4854 3089 4925 benignitatem
3123 4853 3441 4924 impendite
3473 4853 3825 4909 honorando

2118 4949 2341 5016 patrem
2373 4947 2427 4998 et
2460 4948 2724 4998 matrem.

2183 5031 2426 5088 Sabbata
2456 5047 2573 5085 mea
2600 5030 2881 5085 custodite.
2906 5029 3113 5100 (lsxcn.)
3164 5028 3423 5084 Mandata
3446 5029 3589 5101 legis
3621 5030 3826 5086 volens

2113 5125 2512 5197 recapitulare,
2544 5123 2601 5178 id
2630 5127 2734 5187 est,
2763 5124 2878 5178 Non
2926 5122 3153 5187 occides,
3185 5124 3305 5177 Non
3354 5122 3651 5189 fui-aberis,
3684 5128 3825 5188 etc.,

2113 5219 2247 5282 etc.,
2307 5213 2544 5284 inquit:
2603 5211 2844 5268 Sabbata
2886 5226 3005 5265 mea
3071 5211 3351 5266 custodite.
3402 5211 3609 5264 Verum
3663 5211 3828 5265 enim

2113 5303 2413 5357 sabbatum
2439 5305 2519 5355 est
2547 5300 2618 5355 ab
2651 5300 2808 5354 omni
2853 5300 3003 5354 malo
3034 5315 3270 5354 cessare.
3324 5299 3484 5354 Unde
3545 5300 3762 5369 Moyses
3803 5318 3824 5353 :

2113 5393 2276 5449 Omne
2294 5405 2428 5462 opus
2474 5390 2664 5444 servile
2694 5404 2799 5443 non
2816 5390 3032 5455 facietis
3070 5390 3129 5442 in
3153 5404 3209 5443 eo
3261 5387 3459 5458 (Exod.
3498 5388 3671 5460 xxxi).

2189 5481 2433 5536 Sabbata
2453 5493 2570 5533 mea
2606 5477 2884 5532 custodite.
2947 5477 3149 5532 Volens
3204 5492 3309 5531 nos
3356 5477 3505 5532 Deus
3555 5475 3627 5531 de
3648 5474 3827 5534 intel-
