3976 6178
169 273 245 327 349
1247 251 1499 322 (ςίοεεΑ
1537 266 1797 323 οιιυιΝΑ

1985 297 2051 306 —-
2092 267 2222 322 LIB.
2269 265 2486 322 LEVIT.

3498 267 3605 321 350

163 391 323 461 ligibili
371 388 562 461 requie
614 388 836 455 docere,
864 387 1005 443 etde
1044 388 1245 443 mundi
1280 391 1799 458 consummatione,
1828 394 1874 447 A
1983 390 2140 444 Vens.
2206 389 2290 444 t0.
2339 416 2409 429 —
2450 388 2629 457 Neque
2683 389 2743 440 in
2797 387 2970 440 vinea.
3022 386 3233 455 (13mm)
3288 384 3464 439 Vinea
3495 387 3609 441 Do-

164 480 346 553 quando
414 477 763 548 impossibile
811 481 896 530 est
939 476 1130 531 cibum
1183 493 1386 548 parare
1427 481 1513 534 vel
1554 481 1803 551 operari,

162 586 237 625 nec
260 568 388 622 circa
417 565 635 636 aliquid
666 567 961 636 corporale
993 565 1281 636 occupari,
1308 567 1389 622 ait
1416 585 1520 639 per
1550 570 1799 640 Moysen:

162 658 354 715 Sabbata
392 656 543 709 hodie
590 656 843 721 Domino,
888 670 994 709 non
1044 658 1350 725 invenietis,
1384 658 1526 712 illud
1567 661 1626 712 in
1670 675 1804 728 agro

161 746 471 817 (Exod.xv1),
502 747 609 798 etc.
650 744 794 798 Nota
824 744 961 815 quia
1013 759 1129 798 non
1174 745 1273 806 ait.
1326 746 1652 809 sabbatum,
1704 748 1804 803 sed

158 836 357 898 sabbata,
387 832 518 903 quia
546 832 943 902 intelligibilis,
979 832 1206 904 requies
1236 850 1353 888 non
1382 835 1453 889 ab
1510 852 1648 904 uno,
1701 838 1800 892 sed

157 924 207 978 ab
228 921 469 977 omnibus
497 921 823 975 carnalibus
854 921 1050 992 quieta
1080 927 1164 975 est
1214 927 1270 977 et
1316 923 1579 978 absoluta
1610 941 1624 979 :
1676 925 1804 981 ideo

158 1014 201 1066 in
224 1012 314 1066 hoc
340 1011 456 1064 loco
487 1010 646 1081 prius
672 1010 1037 1064 sabbatorum
1067 1026 1282 1065 nomen
1311 1011 1372 1065 in
1411 1012 1603 1067 divina
1654 1013 1803 1068 Scri-

158 1105 287 1171 ptura
312 1098 551 1169 positum
582 1103 689 1167 est,
717 1103 777 1153 ut
805 1099 946 1153 scias
993 1099 1131 1170 quia
1180 1100 1481 1155 sabbatum
1525 1103 1698 1172 plena
1748 1109 1803 1157 et

156 1188 363 1259 perfecta
390 1186 571 1258 quies.

210 1277 343 1329 Vaas.
376 1279 424 1329 5,
456 1304 529 1315 -
557 1275 619 1330 Si
650 1276 1079 1343 immolaveritis,
1115 1283 1219 1332 etc.
1255 1276 1459 1331 Omnia
1506 1277 1624 1332 fere
1662 1278 1803 1349 legis

156 1364 357 1434 capitula
405 1363 656 1427 reiterat,
709 1369 773 1418 ut
818 1380 1018 1419 eorum
1064 1365 1402 1420 memoriam
1449 1366 1805 1421 auditoribus

157 1453 352 1522 inﬁgat;
381 1451 478 1505 sed
524 1450 771 1506 maxime
824 1454 1161 1520 necessaria,
1216 1454 1362 1507 sicut
1405 1455 1512 1509 hoc
1561 1456 1802 1510 manda-

156 1547 251 1594 tum
298 1540 443 1611 quod
498 1540 762 1611 superius
822 1542 1142 1613 proposuit,
1207 1559 1336 1596 cum
1390 1543 1459 1597 de
1517 1544 1804 1598 sacriﬁciis

157 1634 328 1699 ageret.
358 1628 711 1683 Sacriﬁcium
744 1629 993 1684 salutare
1027 1632 1263 1702 accepit,
1294 1631 1355 1686 in
1386 1648 1499 1703 quo
1553 1649 1681 1703 quae
1731 1635 1801 1689 ad

156 1718 351 1771 salutem
380 1717 673 1788 pertinent
702 1733 928 1773 necesse
960 1722 1045 1773 est
1091 1719 1335 1789 operari,
1387 1725 1451 1774 ut
1495 1726 1688 1775 autem
1736 1720 1807 1774 sit

157 1805 471 1877 acceptabile,
529 1811 758 1877 oportet
802 1806 1093 1861 immolari
1142 1808 1414 1879 pietatem
1472 1813 1529 1863 et
1587 1809 1806 1880 pudici-

155 1894 279 1948 tiam.
308 1893 418 1948 Hoc
446 1893 608 1947 enim
639 1894 951 1949 secundum
980 1897 1317 1965 Apostolum
1348 1898 1562 1951 bonum
1610 1902 1696 1950 est
1752 1902 1809 1951 et

155 1987 402 2050 acceptum
437 1998 633 2036 coram
666 1982 955 2038 Salvatore
986 1990 1183 2039 nostro
1216 1987 1347 2054 Deo,
1399 1988 1496 2057 qui
1537 1988 1654 2041 vult
1695 2002 1805 2040 om-

155 2085 224 2125 nes
251 2070 475 2125 homines
506 2072 684 2125 salvos
712 2074 833 2140 ﬁeri
860 2073 911 2141 (Ι
939 2075 1073 2128 Tim.
1109 2075 1193 2144 ιι).
1251 2075 1564 2130 Comedere
1614 2080 1805 2129 autem

153 2159 299 2213 indie
324 2159 735 2214 immolationis
764 2166 821 2214 et
860 2163 1060 2229 altero,
1117 2168 1203 2217 est
1258 2164 1318 2218 in
1369 2164 1485 2219 vita
1534 2165 1805 2235 praesenti

156 2263 467 2318 quacunque
519 2248 590 2301 ad
636 2248 878 2304 salutem
938 2250 1229 2320 pertinent
1276 2253 1547 2324 operari:
1636 2254 1806 2309 hodie

154 2336 275 2389 enim
309 2342 361 2389 et
386 2353 511 2390 cras
551 2353 654 2407 pro
685 2339 954 2407 praesenti
985 2340 1191 2394 saeculo
1224 2342 1618 2413 accipiuntur;
1652 2344 1806 2398 unde

153 2424 363 2478 Jacobus:
399 2428 511 2491 Qui
540 2425 728 2481 dicitis
762 2442 776 2481 :
808 2427 983 2482 Hodie
1010 2432 1061 2481 et
1085 2432 1323 2484 crastino
1352 2430 1553 2486 ibimus
1594 2434 1651 2485 in
1680 2435 1809 2487 civi-

154 2519 300 2581 tatem,
332 2520 431 2569 etc.
495 2517 639 2580 (Jac.
686 2518 786 2585 ιν).
840 2516 970 2571 Dies
1016 2518 1205 2585 tertia,
1255 2536 1369 2590 qua
1418 2520 1478 2574 in
1527 2520 1651 2591 ipsa
1703 2523 1808 2576 Do-

156 2603 364 2656 minusa
409 2604 654 2658 mortuis
694 2604 1020 2669 resurrexit,
1092 2606 1341 2679 ﬁguram
1404 2609 1553 2679 gerit
1629 2610 1809 2665 futuri

154 2691 310 2747 seculi
337 2697 392 2746 et
420 2692 877 2762 resurrectionis,
910 2693 971 2747 in
1002 2711 1117 2765 quo
1158 2712 1273 2751 non
1324 2696 1514 2751 licebit
1558 2697 1805 2766 operari,

155 2780 227 2834 sed
264 2797 493 2852 operum
536 2782 825 2852 suscipere
872 2783 1333 2839 retributionem.
1380 2785 1488 2849 Qui
1533 2802 1669 2857 ergo
1717 2786 1808 2841 hic

154 2867 260 2922 vivit
280 2873 547 2940 tanquam
579 2870 695 2925 illic
721 2875 1058 2943 operaturus
1088 2872 1179 2938 sit,
1214 2877 1487 2945 tanquam
1521 2875 1612 2929 die
1640 2875 1809 2929 tertia

1919 477 2058 531 mini
2087 477 2345 540 sabaotb,
2378 481 2509 540 etc.,
2549 490 2719 544 usque
2747 473 2821 528 ad
2844 477 2905 528 ut
2933 473 3325 544 experimento
3346 472 3605 528 divinum

1914 566 2209 639 eloquium
2239 565 2659 636 comprobetur.

1985 656 2146 710 Vaas.
2213 657 2295 709 11.
2344 683 2413 694 -
2470 655 2589 710 Νοη
2645 653 2859 721 facietis
2914 653 3149 718 furtum,
3225 655 3329 705 etc.
3413 652 3608 721 (Auc.,

1915 749 2104 813 quaest.
2159 745 2226 797 86
2276 744 2335 796 in
2405 743 2596 810 Levii.)
2670 742 2785 795 Hoc
2862 739 2921 794 in
2999 740 3271 811 decalogo
3352 739 3609 810 positum

1915 836 2021 899 est,
2054 836 2383 901 etc.,usque
2412 830 2490 887 ad
2546 834 2602 886 et
2667 828 3001 885 detestanda
3056 829 3228 883 talem
3289 833 3611 899 sequuntur

1915 936 2192 975 errorem.
2960 934 2969 945 ¹

1984 1011 2104 1065 Νοη
2142 1008 2490 1063 mentiemini.
2547 1006 2961 1078 Cognationem
3007 1008 3367 1076 peccatorum
3418 1008 3609 1060 osten-

1915 1099 2015 1153 dit.
2076 1098 2246 1152 Multa
2302 1102 2572 1168 putamus
2616 1112 2809 1165 parva,
2860 1111 2987 1165 quae
3037 1098 3170 1147 sunt
3219 1095 3487 1159 maxima,
3549 1100 3613 1149 ut

1916 1185 2298 1252 mendacium,
2328 1185 2845 1256 perjurium;quaa
2896 1183 3046 1237 furto
3096 1186 3232 1236 sunt
3275 1183 3606 1253 conjuncta,

1914 1278 1969 1327 et
2000 1278 2169 1339 recte,
2200 1273 2333 1344 quia
2370 1274 2491 1327 hzec
2521 1272 2672 1326 furto
2702 1276 3099 1342 cooperantur.

1984 1363 2147 1417 Vnas.
2186 1365 2268 1416 t2.
2301 1392 2370 1402 —
2405 1363 2519 1418 Non
2546 1362 2882 1431 perjurabis,
2913 1366 3017 1414 etc.
3071 1360 3195 1414 LXX
3230 1375 3245 1413 :
3290 1362 3408 1416 Non
3462 1360 3605 1414 leva-

1916 1450 2065 1517 bitis,
2118 1456 2246 1517 etc.,
2306 1466 2475 1520 usque
2530 1451 2604 1505 ad
2656 1450 2792 1504 talia
2842 1450 3172 1520 juramenta
3227 1465 3344 1503 non
3401 1448 3613 1503 debent

1914 1538 2058 1605 ﬁeri,
2092 1541 2177 1593 vel
2209 1539 2257 1593 si
2289 1540 2446 1603 ﬁant,
2479 1539 2771 1593 custodiri.

1986 1630 2091 1685 Nec
2126 1629 2352 1697 pollues,
2421 1632 2528 1682 etc.
2574 1626 2977 1694 Maledicendo,
3030 1626 3166 1697 quia
3201 1623 3609 1696 jusjurandum

1915 1716 2235 1787 transgredi
2280 1732 2397 1771 non
2452 1720 2634 1787 potes.
2698 1718 2843 1771 Deus
2898 1716 3075 1783 enim,
3133 1730 3236 1786 per
3292 1730 3465 1786 quem
3514 1714 3609 1784 ju-

1916 1822 2028 1872 ras,
2056 1805 2116 1860 in
2148 1810 2369 1860 tantum
2401 1806 2521 1860 vult
2544 1805 2718 1871 bona,
2772 1810 2837 1859 ut
2883 1804 2930 1858 si
2976 1805 3125 1857 mala
3176 1802 3445 1868 minetur,
3492 1816 3611 1855 non

1916 1900 2107 1949 tamen
2169 1894 2394 1963 inferat,
2454 1895 2502 1950 si
2559 1894 2901 1967 pcenitentes
2958 1893 3164 1959 videat,
3218 1895 3284 1946 ut
3340 1890 3611 1963 pietatem

1918 1983 2233 2053 impendat.

1986 2073 2151 2126 VEas.
2239 2075 2323 2128 t3.
2400 2074 2522 2129 Non
2595 2074 2767 2140 facies
2840 2071 3187 2126 calumniam.
3250 2067 3432 2140 (Auo.,
3514 2067 3611 2122 ubi

1915 2167 2126 2232 supra.)
2161 2160 2366 2216 Omnia
2395 2178 2526 2233 quae
2563 2160 2943 2232 prohibentur.
2968 2175 3084 2213 non
3105 2157 3386 2213 committi
3403 2157 3464 2210 in
3484 2172 3613 2227 pro-

1915 2251 2158 2320 ximum,
2190 2251 2259 2305 ad
2290 2251 2397 2305 hoc
2436 2266 2616 2305 unum
2666 2249 2965 2304 referenda
3011 2253 3147 2302 sunt
3191 2247 3347 2318 quod
3393 2246 3609 2301 dictum

1918 2346 2000 2395 est
2035 2356 2048 2394 :
2080 2341 2200 2397 Non
2226 2340 2437 2395 nocebis
2464 2340 2734 2411 proximo.
2770 2339 2911 2391 Nam
2943 2337 3097 2408 quod
3146 2336 3404 2405 sequitur
3436 2351 3448 2389 :
3491 2336 3612 2391 Non

1916 2432 2120 2499 rapies,
2151 2428 2263 2483 nisi
2287 2428 2357 2482 ad
2384 2428 2490 2483 hoc
2517 2427 2818 2493 referatur,
2878 2442 2949 2480 ne
2998 2425 3271 2495 rapiendo
3313 2428 3608 2491 noceatur,

1918 2516 2109 2572 evenit
2162 2522 2226 2571 ut
2271 2533 2388 2571 non
2432 2516 2703 2587 rapiendo
2746 2514 2875 2586 quis
2918 2517 3138 2579 noceat,
3190 2528 3324 2566 nam
3385 2512 3611 2583 gladius

1918 2605 2229 2660 insanienti
2260 2605 2565 2676 rapiendus
2593 2610 2698 2659 est.

1990 2695 2149 2749 Vens.
2188 2697 2273 2749 l3.
2302 2723 2371 2735 —-
2418 2695 2522 2750 Nec
2563 2695 2621 2747 vi
2662 2694 2949 2761 opprimes,
3011 2693 3115 2744 etc.
3178 2686 3459 2743 Paulatim
3507 2701 3609 2739 au-

1919 2781 2163 2836 ditorem
2191 2782 2399 2848 erudit,
2431 2788 2488 2836 et
2515 2798 2645 2852 quae
2679 2781 2945 2834 videntur
2971 2794 3165 2850 parva,
3201 2775 3428 2848 magnis
3468 2790 3608 2829 con-

1912 2871 2147 2942 jungit:
2201 2874 2265 2925 ut
2294 2870 2394 2942 qui
2448 2869 2683 2924 deﬁnita
2739 2870 3023 2923 malorum
3072 2882 3242 2938 paena
3298 2868 3609 2929 terrentur,

154 2958 448 3013 sacriﬁcium
494 2960 963 3026 manducaturus,
1012 2977 1047 3014 a
1094 2961 1424 3032 legislatore
1473 2964 1579 3018 hoc
1625 2964 1808 3018 facere
1837 2958 1876 3015 C
1917 2960 2245 3015 abstineant
2271 2976 2304 3013 a
2337 2958 2672 3013 minoribus.
2705 2958 2814 3022 Qui
2842 2958 2997 3011 enim
3029 2956 3315 3011 sociantur
3344 2954 3406 3008 in
3448 2968 3610 3007 man-

151 3046 463 3114 prohibetur,
515 3048 653 3119 quia
722 3049 993 3103 virtutem
1040 3050 1433 3121 imperfectam
1510 3052 1806 3125 relinquit,

153 3138 385 3205 tanquam
415 3137 501 3190 ibi
531 3136 805 3206 perﬁcere
835 3138 1032 3208 possit.

204 3223 444 3294 Vaas.|9.
504 3254 577 3267 —
624 3227 755 3282 Cum
808 3229 1112 3294 messueris,
1172 3233 1279 3283 etc.
1332 3230 1400 3284 Ut
1444 3230 1808 3286 dilectionem

151 3311 426 3368 adinvicem
457 3314 798 3381 habeamus,
844 3320 908 3371 ut
964 3321 1247 3371 amatores
1300 3324 1359 3372 et
1415 3318 1809 3373 misericordes

150 3397 194 3453 in
238 3417 513 3473 pauperes
571 3403 768 3468 simus,
828 3405 1099 3474 praesenti
1146 3406 1394 3476 capitulo
1445 3407 1800 3478 praecipitur.

151 3488 390 3545 Debemus
418 3492 580 3547 enim
611 3492 908 3562 egentibus
940 3493 1094 3559 dare,
1147 3510 1249 3548 nec
1292 3495 1483 3549 debita
1533 3496 1811 3549 violenter

151 3577 356 3649 exigere,
389 3587 446 3636 ct
468 3581 746 3652 reliquias
777 3582 1064 3636 bonorum
1097 3588 1427 3637 nostrorum
1476 3584 1807 3651 concedere,

150 3665 386 3723 imitando
447 3672 631 3724 Deum
679 3670 939 3724 datorem
991 3671 1271 3725 omnium.
1332 3674 1641 3742 Propterea
1691 3689 1810 3727 me-

152 3759 297 3809 tentes
319 3759 402 3811 vel
437 3757 855 3812 vindemiantes
887 3758 1231 3829 vultaliquid
1254 3760 1649 3831 derelinquere
1675 3779 1813 3833 pau-

150 3846 246 3913 peri
275 3851 325 3901 et
354 3848 673 3918 proselyto,
708 3863 779 3901 ne
811 3846 993 3901 datori
1023 3848 1282 3902 omnium
1313 3849 1575 3904 videatur
1617 3850 1810 3922 ingra-

152 3936 236 4000 tus,
265 3936 357 4006 qui
389 3937 520 3990 aliis
550 3936 774 3991 divitias
803 3936 982 4005 dedit,
1011 3937 1150 3991 alios
1183 3937 1251 3991 de
1278 3938 1525 3993 aliorum
1554 3939 1812 4011 reliquiis

151 4021 302 4078 vivere
332 4025 552 4094 voluit;
587 4028 650 4077 ut
690 4023 768 4077 sic
814 4024 1088 4094 probaret
1134 4024 1619 4096 dispensationem
1667 4027 1810 4083 divi-

154 4112 265 4177 tum,
298 4118 349 4167 et
377 4113 718 4184 patientiam
750 4129 1091 4185 pauperum.
1114 4116 1399 4187 Pauperes
1424 4118 1579 4171 enim
1602 4124 1659 4172 et
1686 4135 1813 4190 pro-

148 4200 319 4271 selytos
355 4220 470 4257 non
498 4203 715 4273 abjicit,
748 4203 958 4274 quibus
999 4203 1173 4257 etiam
1218 4205 1297 4259 sic
1351 4205 1563 4260 victum
1610 4206 1805 4277 provi-

149 4286 225 4342 dit.
256 4292 405 4346 Unde
435 4292 634 4346 subdit
664 4308 677 4346 :
706 4295 821 4360 Ego
850 4294 1110 4347 Dominus
1152 4293 1299 4349 Deus
1346 4300 1537 4361 vester,
1595 4295 1810 4351 scilicet

145 4377 219 4446 qui
243 4379 435 4434 divites
466 4381 635 4447 facio,
670 4380 771 4451 qui
802 4397 905 4450 pro
938 4381 1097 4435 vobis
1126 4398 1352 4453 pauper
1396 4384 1490 4450 ﬁo,
1526 4384 1625 4456 qui
1673 4401 1807 4455 pro-

144 4470 241 4533 pter
281 4469 570 4525 miseriam
608 4471 848 4540 inopum
898 4474 956 4524 et
1011 4471 1290 4538 gemitum
1336 4489 1657 4543 pauperum
1705 4474 1806 4529 ali-

146 4557 337 4623 quando
361 4575 692 4629 exsurgam.

196 4645 307 4700 Cum
332 4651 637 4713 messueris,
673 4652 779 4703 etc.
812 4650 1020 4719 Aperte
1067 4649 1317 4704 ostendit
1366 4650 1502 4721 quia
1547 4650 1805 4707 doctores

144 4728 436 4790 Iudaeorum
469 4736 643 4790 totius
675 4735 818 4806 legis
852 4736 1382 4807 interpretationem
1406 4755 1520 4793 non
1549 4740 1803 4810 capiunt,

146 4819 220 4873 sed
247 4824 503 4893 quaedam
543 4826 784 4897 pauperi
813 4831 871 4882 et
899 4828 1185 4898 proselyto
1213 4827 1639 4899 derelinquunt,
1670 4846 1806 4901 gen-

146 4906 265 4962 tibus
297 4912 530 4979 scilicet,
580 4913 788 4985 quibus
829 4915 1081 4970 dicitur:
1136 4914 1302 4970 Beati
1353 4932 1643 4986 pauperes,
1696 4922 1798 4973 etc.

148 4992 339 5057 (Matth.
392 5002 471 5071 v).
528 5002 636 5067 Qui
683 5008 739 5056 et
783 5003 1053 5075 proselyti
1103 5008 1255 5070 sunt,
1306 5005 1443 5075 quia
1492 5012 1803 5077 cognatum

149 5082 348 5142 Abrahae
374 5105 435 5143 se
465 5089 757 5160 ingerunt.
801 5091 962 5155 Quod
1010 5107 1147 5163 ergo
1193 5090 1443 5147 dicitur:
1494 5096 1611 5150 Non
1658 5097 1801 5150 occi-

150 5169 228 5238 des,
272 5178 387 5233 Non
431 5180 799 5246 mwchaberis,
856 5184 1074 5235 metant
1118 5180 1452 5235 Judteorum
1504 5184 1799 5253 doctores;

151 5274 247 5327 qua:
266 5271 454 5322 autem
486 5268 839 5339 spiritualem
870 5267 1081 5322 habent
1106 5268 1659 5340 interpretationem,
1693 5270 1799 5325 sic-

150 5353 194 5400 ut
234 5356 681 5425 emundationes,
734 5356 1011 5410 sacriﬁcia
1059 5361 1116 5412 et
1152 5356 1381 5424 similia,
1425 5359 1632 5413 cedant
1701 5360 1802 5414 Ec-

152 5435 294 5495 clesiae
322 5444 672 5511 doctoribus,
698 5449 755 5500 et
799 5462 929 5517 quae
958 5444 1072 5500 illis
1117 5446 1462 5503 metentibus
1508 5447 1796 5511 decidunt,

152 5520 187 5576 id
209 5537 281 5584 est
306 5549 435 5603 quae
461 5533 570 5605 ipsi
600 5550 715 5590 non
742 5533 1098 5606 intelligunt.

1918 3050 2071 3117 dato,
2104 3048 2240 3103 etin
2267 3064 2452 3120 poena.
2484 3046 2593 3112 Qui
2639 3047 2792 3100 enim
2840 3046 2902 3101 in
2948 3061 3065 3099 uno
3113 3042 3436 3110 offenderit,
3472 3057 3607 3108 ,om-

1917 3138 2078 3192 nium
2108 3154 2240 3192 reus
2270 3143 2354 3191 est
2380 3137 2516 3206 (Jac.
2551 3139 2630 3205 ιι).
2684 3136 2816 3191 Ideo
2865 3135 2979 3189 vim
3024 3133 3330 3189 calumnias
3377 3132 3612 3202 conjun-

1917 3228 2021 3301 git.
2056 3227 2166 3281 Nec
2195 3225 2386 3281 differt
2433 3225 2722 3296 quomodo
2771 3224 2899 3296 quis
2946 3241 3035 3278 res
3079 3240 3207 3278 suas
3253 3221 3474 3294 perdat,
3523 3220 3612 3274 vel

1917 3316 2137 3381 fraude,
2170 3316 2257 3369 vel
2288 3315 2559 3385 potentia,
2595 3314 2683 3369 vel
2714 3313 2970 3385 quolibet
3001 3314 3113 3367 alio
3141 3313 3335 3367 modo.

1986 3408 2108 3463 Non
2136 3406 2459 3472 morabitur,
2491 3411 2596 3459 etc.
2650 3406 2880 3467 Merces,
2940 3403 3155 3457 scilicet
3211 3418 3324 3473 qua
3377 3398 3613 3455 forsitan

1917 3495 2052 3548 vivit
2081 3510 2213 3548 cum
2243 3510 2418 3548 uxore
2449 3500 2506 3549 et
2537 3494 2670 3549 ﬁliis
2718 3499 2774 3548 et
2814 3492 3167 3564 parentibus.
3220 3491 3276 3546 Si
3324 3490 3609 3553 differtur,

1919 3580 2110 3636 deﬁcit
2137 3581 2356 3649 victus;
2398 3580 2619 3635 etiamsi
2665 3580 2728 3634 in
2776 3580 3024 3633 crastino
3075 3576 3333 3648 recipiat,
3387 3575 3501 3629 vim
3557 3578 3613 3626 et

1917 3671 2263 3726 calumniam
2292 3672 2548 3742 pertulit,
2583 3670 2719 3742 quia
2762 3670 2995 3724 interim
3042 3668 3193 3723 unde
3237 3667 3448 3721 viveret
3494 3681 3611 3719 non

1919 3760 2138 3815 habuit.

1990 3850 2135 3918 Opus
2166 3848 2502 3913 mercenarii,
2535 3850 2640 3901 etc.
2686 3847 2892 3901 Merces
2937 3842 3326 3917 praedicatoris
3378 3859 3443 3896 ex
3484 3858 3609 3897 ver-

1917 3938 1990 3992 bo
2019 3942 2103 3990 est
2125 3935 2546 4006 praedicationis
2580 3952 2594 4002 ;
2626 3934 2779 4007 quod
2806 3951 2921 3988 non
2952 3933 3119 3987 debet
3148 3931 3300 4002 apud
3342 3947 3445 3984 nos
3487 3947 3608 3985 mo-

1918 4025 2055 4092 rari,
2111 4025 2169 4079 id
2218 4028 2302 4077 est
2358 4024 2608 4077 otiosum
2657 4039 2800 4089 esse,
2850 4037 3032 4092 usque
3088 4035 3279 4087 mane,
3338 4020 3398 4073 in
3457 4020 3609 4073 futu-

1919 4131 2050 4169 rum
2096 4113 2306 4168 scilicet
2350 4112 2645 4178 saeculum,
2723 4111 2823 4183 qui
2900 4110 3035 4164 huic
3118 4108 3269 4163 nocti
3346 4108 3607 4170 succedit,

1917 4203 1980 4257 in
2011 4218 2123 4274 quo
2168 4205 2252 4255 est
2302 4202 2396 4255 lux
2444 4198 2939 4270 inexstinguibilis.
2995 4200 3069 4253 Ex
3129 4203 3406 4269 proventu
3458 4196 3612 4251 enim

1915 4290 2178 4363 discipuli
2208 4290 2405 4344 crescit
2434 4305 2650 4344 merces
2675 4288 2953 4359 magistri.

1987 4383 2147 4436 Vaas.
2204 4382 2387 4435 14-.—
2440 4381 2558 4435 Non
2608 4379 2889 4433 maledices
2936 4376 3118 4432 surdo.
3176 4375 3357 4431 Surdo
3425 4375 3609 4428 male—

1916 4469 2104 4524 dicere
2134 4473 2219 4523 est
2256 4468 2475 4522 absenti
2507 4471 2564 4522 et
2598 4483 2712 4521 non
2744 4466 2999 4521 audienti
3057 4466 3356 4537 derogare.
3406 4462 3609 4518 Coram

1914 4574 2063 4612 casco
2121 4556 2530 4611 oil‘endiculum
2584 4572 2819 4625 ponere,
2874 4567 2960 4609 est
3015 4554 3317 4609 discretam
3373 4551 3609 4624 quidem

1915 4663 2036 4702 rem
2067 4662 2253 4717 agere,
2288 4645 2387 4701 sed
2420 4645 2472 4700 ei
2502 4645 2602 4717 qui
2634 4646 2829 4700 lumen
2870 4643 3228 4698 discretionis
3260 4658 3376 4697 non
3416 4641 3606 4707 habet,

1914 4735 2163 4791 scandali
2191 4735 2548 4790 occasionem
2586 4735 2864 4805 praebere.

1983 4826 2144 4880 Vens.
2180 4828 2263 4880 15.
2300 4855 2367 4864 -
2414 4826 2531 4880 Νοη
2571 4825 2763 4889 facies,
2804 4827 2910 4876 etc.
2956 4819 3163 4891 (151cm)
3213 4819 3507 4873 Summam
3553 4820 3611 4870 et

1911 4914 2219 4984 perfectam
2243 4912 2548 4984 justitiam,
2579 4916 2706 4979 etc.,
2740 4926 2909 4978 usque
2937 4911 3011 4963 ad
3040 4913 3096 4963 et
3126 4906 3365 4961 surdum
3396 4921 3459 4958 ac
3506 4920 3612 4959 ca:-

1911 5019 2041 5057 cum
2076 5002 2313 5057 irridere
2344 5001 2587 5055 divitum
2616 5005 2672 5054 et
2699 5005 3002 5071 potentum
3034 5002 3187 5051 sunt.

1982 5092 2145 5147 Vens.
2193 5095 2276 5146 16.
2307 5120 2378 5133 —-
2426 5091 2545 5147 Non
2597 5092 2703 5143 eris
2778 5092 3112 5142 criminator.
3171 5084 3382 5156 (151cm)
3432 5084 3608 5140 LXX:

1908 5183 2025 5239 Non
2052 5181 2355 5235 ambulabis
2381 5182 2439 5233 in
2468 5180 2641 5244 domo,
2675 5183 2805 5243 etc.,
2840 5192 3008 5246 usque
3032 5176 3107 5231 ad
3136 5176 3236 5246 qui
3280 5181 3439 5231 tanto
3490 5173 3608 5228 cri-

1908 5270 2052 5325 mini
2086 5276 2170 5324 est
2201 5270 2560 5339 conjunctus.

1980 5362 2098 5416 Non
2143 5358 2313 5413 stabis
2377 5362 2583 5411 contra.
2641 5354 2812 5419 Quasi
2868 5371 2986 5409 non
3044 5360 3100 5411 te
3153 5355 3466 5425 conjunges
3520 5351 3609 5406 his

1908 5447 2010 5519 qui
2048 5446 2318 5518 proximis
2364 5444 2732 5508 insidiantur,
2786 5446 2933 5500 sicut
2976 5445 3166 5511 multi,
3215 5442 3341 5499 aliis
3389 5440 3610 5509 sociati,

1905 5537 2128 5592 faciunt
2160 5535 2312 5608 quod
2342 5550 2446 5607 per
2472 5551 2533 5590 se
2564 5550 2681 5591 non
2710 5540 2967 5607 possunt.
