4038 6180
282 280 379 332 351

896 278 1288 333 WALAFBIDI
1326 277 1575 333 STRABI
1614 279 1815 334 FULD.
1857 279 2019 334 MON.
2060 278 2220 336 OPP.
2271 279 2447 334 PARS
2485 276 2527 331 Ι.
2568 307 2638 316 -—
2676 276 3131 333 'I'HEOLOGICA.

3688 283 3797 335 352

351 401 514 455 Vaas.
550 402 633 456 18.
667 430 735 440 —
762 401 879 456 Non
909 414 1121 470 quaeras
1150 401 1427 454 ultionem.
1460 400 1520 455 Id
1560 405 1664 467 est,
1711 416 1783 455 ne
1831 400 1976 455 ulci-
2003 401 2051 456 Α
2089 401 2409 467 Μειῑιὴωιιδ,
2442 398 2702 455 distinxit
2729 398 2957 471 (Matth.
2984 399 3040 468 1).
3087 399 3301 464 Quarto
3348 415 3498 453 anno
3539 399 3791 455 fructum

284 489 480 545 scendi
510 487 747 543 libidine
806 488 1042 559 rapiaris
1090 488 1227 542 dum
1277 488 1489 558 arguis,
1542 494 1604 542 ut
1653 489 1835 543 tartari
1884 490 1975 544 vel

278 579 559 634 consolari
603 578 743 632 velis
776 578 845 633 de
880 578 1071 632 alieno
1102 578 1275 644 malo,
1306 579 1401 633 sed
1445 578 1631 649 potius
1677 579 1973 633 consulere

278 668 364 723 illi
404 683 576 739 quem
627 666 836 739 arguis.
904 666 1061 722 Unde
1118 666 1433 720 secundum
1490 668 1614 722 LXX
1665 668 1968 739 seql'tur:

277 757 395 810 Non
444 756 698 808 irasceris
739 756 871 823 ﬁliis
913 755 1107 825 populi
1163 756 1265 820 tui,
1315 760 1419 809 etc.
1484 754 1572 809 Sic
1622 757 1778 810 enim
1820 762 1971 812 recte

277 841 362 894 ira
391 840 623 894 deﬁnita
656 844 759 905 est,
787 830 923 911 quasi
943 840 1016 893 sit
1047 840 1352 895 ulciscendi
1386 842 1579 897 libido.

350 930 510 983 Vens.
566 931 647 982 l9.
696 957 769 967 -—
815 932 1065 983 Jumenta
1099 934 1213 997 tua,
1268 936 1373 985 etc.
1425 933 1555 986 Haec
1603 932 1675 987 ad
1720 932 1973 990 litteram

276 1015 541 1069 videntur
572 1032 689 1069 esse
720 1015 980 1084 ridicula,
1030 1033 1134 1071 nec
1181 1034 1215 1072 a
1257 1020 1550 1089 prophetis
1599 1026 1655 1074 et
1697 1021 1971 1092 spiritua-

274 1103 421 1157 libus
453 1102 586 1157 viris
617 1108 749 1156 sunt
776 1104 1088 1159 observata.
1125 1106 1284 1161 Unde
1326 1107 1499 1162 David
1552 1108 1687 1163 dicit
1720 1125 1733 1162 :
1794 1112 1967 1177 Ponit,

270 1192 444 1261 ﬁlium
476 1208 649 1246 meum
689 1194 1023 1249 Salomonem
1060 1197 1118 1249 in
1152 1198 1353 1249 mulam
1400 1213 1571 1251 meam
1614 1199 1799 1268 (Eccli.
1848 1216 1964 1267 nx,

281 1279 574 1349 Oportebit
609 1285 817 1347 autem,
848 1284 1159 1336 secundum
1192 1284 1438 1338 litteram
1494 1301 1560 1340 ea
1600 1303 1728 1356 qua:
1758 1303 1828 1341 ex
1870 1289 1971 1343 tali

280 1368 676 1423 commistione
724 1371 1122 1438 nascebantur,
1172 1372 1508 1427 abominari.
1567 1376 1765 1430 Unde:
1842 1379 1969 1431 Mu-

274 1458 375 1511 lier
422 1474 631 1527 quoque
671 1460 834 1524 fortis
854 1461 1090 1513 inveniet
1120 1462 1302 1515 lanam
1332 1467 1382 1516 et
1412 1463 1600 1530 linum,
1646 1468 1696 1517 et
1747 1470 1971 1535 operata

270 1552 351 1600 est
388 1549 518 1601 utile
544 1548 792 1602 manibus
818 1552 933 1602 suis
962 1548 1153 1619 (Prov.
1182 1549 1350 1621 χχχι).
1736 1556 1752 1609 η’

352 1635 517 1689 Vsus.
554 1638 644 1689 20.
676 1637 936 1691 —Homo
966 1639 1017 1691 si
1058 1638 1357 1707 dormierit,
1413 1644 1517 1693 etc.
1580 1641 1787 1710 (ἴδιαι.)
1832 1642 1970 1698 Cum

274 1722 608 1795 prohiberet
646 1723 911 1794 jumenta
958 1724 1181 1780 misceri
1227 1742 1357 1781 cum
1407 1728 1685 1799 jumcnlis
1736 1730 1970 1785 alterius

277 1810 524 1881 generis,
558 1826 654 1863 eos
679 1810 892 1866 scilicet
920 1812 1018 1883 qui
1046 1817 1179 1867 sunt
1204 1814 1307 1867 sub
1352 1815 1486 1884 jugo
1535 1816 1742 1871 Christi
1791 1818 1969 1872 susci-

278 1914 415 1970 pere
436 1899 645 1969 jugum
674 1898 819 1968 legis
855 1915 868 1953 :
901 1906 1220 1971 opportune
1252 1902 1358 1955 hoc
1389 1903 1645 1957 subdidit
1664 1905 1969 1959 ostendens

278 1985 413 2057 quia
444 1990 502 2039 et
546 1990 678 2040 ante
721 1986 1028 2042 adventum
1079 1990 1285 2044 Christi
1340 1992 1668 2064 quicunque
1720 1995 1970 2049 exterius

274 2074 625 2128 miscebatur
650 2075 879 2141 Iudaeis,
911 2075 1203 2148 indigebat
1246 2080 1521 2134 sacriﬁcio
1571 2082 1690 2136 veri
1748 2083 1961 2138 arietis.

345 2163 490 2217 Nota
509 2169 725 2234 quanta
752 2164 1072 2220 differentia
1101 2167 1380 2221 libertatis
1429 2175 1487 2224 et
1540 2171 1847 2227 servitutis.
1898 2175 1966 2227 In

273 2249 453 2304 libera
484 2251 638 2304 enim
670 2252 1012 2323 desponsata
1041 2270 1196 2309 mors
1227 2256 1492 2311 adulterii
1537 2275 1707 2329 pugna
1752 2264 1856 2329 est,
1906 2261 1968 2315 in

273 2337 477 2391 ancilla
502 2343 694 2393 autem
740 2340 945 2403 nubili,
993 2347 1067 2410 et,
1127 2345 1440 2399 secundum
1499 2347 1643 2411 LXX,
1696 2349 1968 2404 custodita

272 2427 495 2487 homini.
526 2427 586 2481 id
615 2433 698 2481 est
727 2429 1087 2500 desponsata,
1118 2433 1458 2487 sacriﬁcium
1488 2436 1725 2505 jubetur
1751 2437 1963 2505 oﬁ‘erri,

274 2528 389 2566 non
422 2518 667 2567 mortem
698 2514 920 2570 inferri.
954 2517 1338 2588 Spiritualiter
1363 2525 1557 2575 tamen
1585 2522 1707 2576 haec
1746 2523 1966 2578 intelli-

275 2600 464 2668 genda
492 2606 645 2655 sunt.

345 2689 581 2745 Nubilis.
614 2691 740 2747 LXX
772 2708 785 2746 :
823 2692 1106 2749 Custodita
1145 2694 1369 2763 homini,
1421 2696 1478 2751 id
1528 2701 1613 2752 est
1663 2699 1966 2771 Synagoga

276 2778 556 2832 custodita
587 2779 720 2849 legi,
754 2797 883 2852 qua!
915 2781 1141 2836 Christo
1174 2799 1289 2837 non
1328 2790 1557 2854 poterat
1602 2787 1961 2859 desponderi,

277 2865 614 2937 priusquam
671 2876 993 2924 moreretur
1041 2872 1228 2925 littera
1262 2874 1422 2944 legis.
1498 2875 1700 2932 Unde:
1760 2880 1965 2933 Mortui

270 2957 398 3008 estis
424 2956 531 3023 legi
552 2951 656 3026 per
682 2973 875 3028 corpus
907 2961 1126 3028 Christi,
1160 2967 1219 3013 ut
1247 2965 1370 3016 sitis
1391 2963 1612 3018 alterius
1640 2964 1809 3034 (Rom.
1842 2965 1955 3033 vn).
1990 2978 2029 3034 ο

264 3043 481 3097 Ancilla
509 3052 594 3100 est
620 3046 938 3119 Synagoga,
973 3050 1286 3105 secundum
1306 3050 1447 3107 illud
1481 3069 1493 3106 :
1522 3053 1806 3109 Abraham
1828 3055 1961 3110 duos

254 3131 408 3289 ἲῐὲοῖ
444 3134 655 3293 hal)mit,
713 3151 880 3191 unum
946 3138 1012 3191 de
1070 3141 1294 3208 ancilla,
1344 3146 1394 3195 et
1450 3157 1622 3196 unum
1673 3144 1739 3197 de
1791 3144 1963 3198 libera

344 3236 376 3273 a
404 3261 417 3274 .
449 3238 519 3276 ιγ.

344 3236 417 3275 αι.
449 3238 519 3276 ιγ.

343 3308 697 3376 Vapulabunt
727 3311 901 3365 ambo.
938 3314 1109 3367 LXX:
1169 3315 1427 3370 Visitatio
1472 3319 1577 3373 erit
1626 3321 1722 3383 eis,
1772 3319 1830 3373 id
1880 3324 1964 3373 est

266 3393 668 3451 liberabuntur
700 3399 1024 3454 aseruitute
1064 3402 1225 3473 legis.
1271 3408 1589 3460 secundum
1620 3407 1773 3476 quod
1829 3408 1962 3462 ﬁliis

268 3482 444 3541 Israel
476 3486 546 3539 de
589 3488 829 3558 Egypto
860 3489 1172 3545 liberandis
1220 3492 1472 3547 dicitur:
1536 3496 1779 3550 Visitans
1824 3499 1959 3551 visi-

265 3576 382 3627 tavi
404 3589 518 3628 vos.

337 3662 420 3715 Et
454 3677 562 3717 non
598 3665 909 3719 morientur.
944 3667 1212 3731 Quamvis
1242 3670 1394 3724 enim
1446 3671 1760 3726 secundum
1807 3674 1961 3727 litte-

267 3765 391 3803 ram
423 3757 678 3820 agerent,
721 3768 836 3807 non
867 3756 1180 3811 secundum
1212 3758 1497 3828 spiritum,
1551 3759 1687 3830 quia
1736 3762 1958 3832 legisla-

266 3838 405 3892 toris
430 3839 809 3895 intentionem
834 3841 1194 3913 ignorabant,
1226 3846 1444 3901 facilius
1467 3853 1659 3903 tamen
1701 3866 1959 3922 asseque-

266 3926 479 3981 bantur
505 3929 751 3983 veniam.

340 4018 499 4072 Vaas.
548 4021 637 4074 23.
685 4049 754 4059 —
807 4020 1033 4086 Quando
1088 4025 1340 4092 ingressi,
1393 4030 1500 4080 etc.
1556 4027 1859 4082 Permanet
1898 4029 1961 4082 in

268 4104 579 4175 proposito,
612 4108 916 4161 ostendens
946 4109 1196 4163 fructum
1230 4111 1447 4165 bonum
1479 4120 1609 4167 ante
1636 4114 1841 4169 Christi
1872 4115 1962 4170 ad-

266 4199 502 4248 ventum
549 4211 667 4249 nou
713 4195 980 4251 habuisse
1037 4199 1280 4265 Judseos,
1318 4217 1466 4255 .cum
1524 4203 1661 4257 dicit
1710 4204 1956 4259 fructum

267 4300 383 4338 non
423 4301 543 4339 esse
587 4286 870 4341 edendum
919 4287 977 4341 in
1025 4289 1293 4355 triennio,
1352 4307 1455 4346 nec
1502 4293 1803 4358 mundum,
1858 4295 1957 4350 sed
1986 4266 2030 4321 θ

266 4379 468 4444 quarto
498 4390 649 4429 anno
681 4376 1101 4443 mundandum,
1134 4394 1238 4432 nec
1268 4378 1479 4433 dicitur
1512 4397 1639 4451 quae
1670 4382 1743 4435 sit
1789 4398 1956 4436 mun-

266 4462 438 4517 datio.
470 4462 1028 4535 Spiritualiterergo
1061 4465 1499 4537 intelligendum
1546 4474 1630 4524 est
1660 4471 1812 4542 quod
1864 4471 1958 4526 di-

266 4550 431 4604 citur.

337 4639 563 4706 Quando
592 4642 829 4709 ingressi
863 4645 1084 4707 fueritis
1113 4649 1332 4700 terram.
1373 4647 1604 4702 Terram
1650 4654 1813 4704 vocat
1869 4650 1954 4706 di-

264 4726 456 4782 vinam
489 4728 862 4801 Scripturam,
894 4748 1067 4803 quam
1100 4733 1287 4803 primo
1341 4735 1526 4790 Judaei
1559 4744 1951 4808 susceperunt.

268 4815 428 4871 Unde
454 4817 716 4888 plantare
746 4818 902 4891 ligna
931 4822 1212 4892 pomifera
1241 4824 1511 4895 praecepti
1540 4832 1690 4880 sunt.
1732 4828 1955 4899 ,Ligno-

263 4920 396 4958 rum
425 4912 619 4961 autem
642 4908 941 4978 plantatio.
966 4910 1277 4979 :meditatio
1323 4913 1465 4983 legis
1503 4916 1601 4979 Lest
1651 4921 1708 4970 et
1759 4917 1957 4986 praedi-

264 4993 433 5060 catio,
476 4996 789 5051 secundum
817 4998 973 5068 quod
995 4999 1202 5054 dicitur
1235 5018 1247 5055 :
1300 5004 1413 5070 Ego
1458 5004 1730 5074 plantavi,
1758 5008 1956 5075 Apollo

261 5082 489 5149 rigavit,
524 5088 628 5137 etc.
665 5085 705 5154 (1
735 5086 855 5142 Cor.
887 5089 991 5159 III.)
1024 5090 1180 5143 Bona
1206 5089 1437 5161 quidem
1469 5094 1735 5148 mandata
1795 5102 1959 5152 erant

262 5174 539 5240 tanquam
570 5172 725 5242 ligna
756 5177 1058 5245 pomifera,
1089 5179 1183 5233 sed
1212 5179 1296 5233 illi
1334 5182 1485 5251 quod
1517 5182 1801 5238 debebant
1837 5202 1955 5240 non

262 5258 566 5326 faciebant,
598 5265 822 5316 tantum
855 5272 1155 5335 sequentes
1187 5268 1456 5323 litteram.
1512 5271 1747 5326 Fructus
1794 5290 1952 5345 ergo,

261 5345 321 5400 id
354 5352 438 5400 est
456 5348 711 5419 operatio
740 5350 903 5420 legis,
930 5354 1177 5408 triennio
1199 5363 1319 5410 erat
1341 5358 1657 5426 immunda,
1695 5361 1764 5415 ab
1790 5362 1958 5417 Abra-

264 5434 398 5488 ham
438 5452 615 5509 usquc
655 5437 727 5492 ad
785 5440 981 5509 David,
1035 5459 1068 5495 a
1113 5443 1286 5499 David
1333 5461 1513 5517 usque
1571 5448 1639 5503 ad
1686 5452 1953 5505 transmi-

265 5525 581 5594 grationem
616 5528 954 5597 Babylonis;
988 5529 1121 5585 inde
1149 5549 1327 5604 usque
1357 5535 1427 5589 ad
1459 5535 1768 5598 Christum.
1813 5538 1958 5595 sicut

2084 489 2228 560 legis
2259 493 2516 543 sanctum
2557 487 2923 543 commendat
2948 492 3007 543 et
3043 487 3415 555 laudabilem,
3448 504 3565 543 non
3593 493 3789 544 tamen

2082 578 2267 632 adhuc
2290 593 2411 631 esse
2459 576 2673 631 Iudaeis
2717 575 2995 630 esibilem.
3050 577 3286 630 Fructus
3329 577 3484 631 enim
3532 578 3675 647 legis
3728 579 3791 634 in

2083 669 2289 736 quarto
2315 680 2488 730 anno,
2520 664 2581 718 id
2625 668 2710 717 est
2758 664 2815 717 in
2869 664 3114 718 adventu
3171 663 3398 730 Christi,
3456 670 3684 719 sanctus
3732 672 3790 721 et

2080 754 2401 821 laudabilis,
2436 768 2608 824 quem
2647 753 2916 807 Sanctum
2966 756 3298 806 sanctorum
3354 753 3618 819 faciebat,
3675 772 3779 810 cu-

2078 844 2171 915 jus
2201 858 2375 912 opera
2402 841 2710 896 laudabilia
2737 845 2793 894 et
2822 840 3088 911 gloriosa.
3127 841 3286 896 Unde
3336 846 3394 895 et
3439 841 3499 895 in
3554 845 3776 913 paraly-

2079 932 2192 986 tico
2224 932 2528 1002 grabatum
2576 934 2839 1001 portante
2880 927 3274 1000 gloriﬁcabant
3301 931 3485 984 Deum
3537 932 3764 994 (Matth.

2080 1019 2199 1091 vn),
2256 1019 2357 1091 qui
2406 1019 2564 1074 dedit
2614 1019 2789 1073 talem
2842 1022 3180 1089 potestatem
3234 1018 3607 1073 hominibus:
3668 1020 3767 1073 sed

2079 1108 2337 1162 nondum
2351 1107 2555 1162 edebat
2572 1106 2821 1169 Judmus,
2839 1106 2971 1177 quia
2991 1122 3101 1161 non
3126 1122 3453 1161 conversus.
3476 1108 3541 1160 In
3565 1107 3765 1177 quinto

2079 1213 2212 1251 vero
2242 1212 2416 1262 anno,
2444 1196 2503 1251 id
2543 1200 2628 1250 est
2680 1195 3124 1268 prmdicantibus
3175 1194 3472 1267 apostolis,
3526 1195 3777 1250 fructum

2080 1286 2203 1357 ejus
2232 1285 2474 1340 ederunt
2500 1285 2829 1357 quicunque
2860 1283 3242 1339 crediderunt.

2153 1377 2220 1429 Et
2269 1376 2675 1444 plantaveritis,
2733 1379 2840 1427 etc.
2901 1374 3133 1444 (GM-26.,
3191 1390 3288 1427 vui
3344 1375 3574 1441 Μοῖσαι,
3648 1390 3775 1444 cap.

2081 1464 2195 1534 35.)
2243 1463 2422 1533 Ligna
2479 1462 2783 1533 pomifera,
2845 1466 2974 1527 etc.,
3024 1478 3194 1532 usque
3247 1462 3322 1516 ad
3368 1462 3427 1516 in
3479 1463 3781 1533 praesentis

2078 1552 2209 1606 vita:
2244 1556 2409 1606 nocte
2432 1552 2703 1623 gaudere.

2150 1641 2313 1695 Vens.
2347 1643 2436 1695 26.
2470 1670 2538 1680 —
2568 1641 2687 1696 Non
2717 1640 3018 1702 comedetis,
3046 1644 3151 1694 etc.
3200 1641 3404 1694 Totum
3446 1640 3777 1695 Judmdrum

2080 1734 2138 1784 et
2166 1729 2469 1801 gentilium
2497 1729 2647 1783 radit
2682 1729 3049 1783 fermentum.
3105 1729 3261 1785 Unde
3313 1745 3465 1783 nunc
3511 1729 3780 1800 prohibet

2079 1835 2113 1873 a
2140 1818 2286 1890 legis
2325 1817 2617 1885 servitute,
2648 1833 2801 1871 nunc
2827 1834 2860 1871 a
2890 1817 3193 1887 gentilium
3219 1834 3431 1872 errore.

2152 1907 2343 1979 (Aue.)
2370 1908 2493 1962 Non
2524 1907 2823 1961 comedere
2870 1923 3043 1977 super
3096 1912 3343 1973 montes,
3385 1911 3471 1961 est
3513 1907 3778 1978 superbis

2078 1996 2523 2067 cogitationibus
2553 2011 2666 2049 non
2720 1995 2896 2066 pasci,
2945 1997 3014 2050 de
3061 1997 3270 2067 quibus
3319 1997 3535 2050 Isaias:
3586 1996 3775 2052 Omnis

2078 2101 2227 2141 mons
2257 2091 2309 2140 et
2339 2085 2494 2141 collis
2521 2084 2925 2156 {humiliabitur
2975 2085 3106 2155 (Isa.
3151 2086 3266 2155 XL).
3322 2086 3445 2139 Non
3500 2085 3773 2155 augurari

2075 2173 2418 2236 volucribus,
2448 2190 2565 2227 non
2596 2173 2889 2227 attendere
2922 2189 3051 2244 quae
3083 2174 3318 2243 rapiunt
3347 2189 3543 2227 semen
3590 2174 3775 2243 pieta-

2075 2262 2168 2317 tis.
2202 2263 2435 2317 Comam
2482 2261 2543 2315 in
2587 2260 2901 2315 rotundum
2942 2262 3202 2327 tondere,
3259 2266 3345 2316 est
3400 2262 3776 2332 cogitationes

2074 2352 2433 2406 daemonibus
2454 2365 2802 2405 consecrare.
2853 2350 3094 2405 Barbam
3143 2351 3361 2415 radere,
3411 2356 3497 2404 est
3544 2350 3773 2405 virtutis

2072 2440 2483 2510 perfectionem
2532 2454 2923 2509 corrumpere,
2970 2439 3097 2492 ﬁcte
3144 2438 3455 2509 operando.
3527 2438 3775 2493 Carnem

2074 2545 2188 2583 non
2219 2528 2489 2595 incidere,
2516 2532 2603 2583 est
2631 2527 3035 2582 delectationes
3066 2543 3184 2581 non
3214 2527 3522 2597 suscipere,
3552 2542 3683 2597 qlia:
3716 2530 3776 2578 et

2073 2617 2282 2672 animae
2305 2623 2511 2672 nocent
2540 2623 2598 2672 et
2626 2634 2831 2688 corpus
2859 2622 3255 2685 corrumpunt.
3281 2616 3579 2687 Stigmata,
3599 2631 3777 2686 prava

2073 2707 2352 2773 doctrina,
2386 2723 2515 2777 quas
2547 2706 2754 2760 anima:
2784 2706 3042 2776 inﬁgitur
3069 2710 3125 2759 et
3151 2704 3456 2759 difﬁculter
3479 2704 3769 2759 aboletur.

2144 2798 2261 2852 Non
2290 2796 2719 2863 augurabimini,
2752 2800 2855 2850 etc.
2891 2797 2999 2850 Per
3044 2800 3267 2865 partem
3310 2797 3495 2848 totum
3556 2792 3774 2861 signiti-

2073 2889 2181 2951 cat,
2224 2901 2423 2939 omnes
2474 2884 2808 2955 hujusmodi
2854 2883 3314 2954 susperstitiones
3357 2882 3765 2936 condemnans.

2070 2972 2178 3036 Qui
2211 2972 2364 3026 enim
2390 2972 2524 3025 talia
2554 2976 2715 3025 curat
2744 2970 3067 3039 observare,
3118 2971 3296 3024 Deum
3352 2968 3575 3023 videtur
3623 2967 3769 3021 infa-

2068 3076 2248 3128 mare,
2276 3066 2551 3132 tanquam
2576 3061 2706 3132 plus
2735 3060 2983 3114 scientiae
3016 3059 3213 3113 avibus
3237 3074 3410 3130 quam
3432 3046 3764 3111 hominibus

2069 3149 2392 3204 contulerit.

2139 3237 2304 3294 Vens.
2337 3241 2427 3292 2'7.
2460 3267 2532 3278 —
2572 3238 2751 3306 Neque
2800 3242 2868 3294 in
2921 3237 3212 3291 rotundum
3269 3236 3619 3291 attondebitis
3680 3250 3765 3289 co-

2067 3342 2230 3393 mam,
2263 3331 2368 3383 etc.
2400 3326 2558 3382 Sicut
2584 3326 2813 3382 barbari
2841 3325 3096 3381 faciunt:
3132 3326 3300 3380 debet
3347 3324 3588 3396 quisque
3639 3340 3762 3378 esse

2067 3421 2369 3470 contentus
2408 3416 2766 3471 naturalibus
2797 3415 3173 3481 ornamentis,
3202 3430 3275 3468 ne
3305 3414 3636 3469 Creatorem
3680 3414 3760 3466 vi-

2068 3507 2274 3561 deatur
2298 3522 2584 3571 accusare,
2633 3510 2909 3575 tanquam
2957 3496 3336 3575 impbtentem
3394 3519 3538 3573 opus
3594 3518 3765 3555 suum

2065 3596 2362 3667 perﬁcere,
2393 3611 2499 3649 nec
2523 3594 2582 3648 in
2610 3594 2829 3648 honore
2875 3594 3206 3648 daemonum
3250 3591 3499 3646 cicinnos
3544 3590 3766 3645 nutrire

2069 3689 2127 3737 et
2155 3684 2369 3751 fovere,
2401 3683 2545 3736 sicut
2565 3683 2797 3736 student
2826 3681 3035 3753 pagani
3064 3696 3373 3752 puerorum
3421 3679 3604 3750 capita
3652 3679 3765 3733 da:-

2068 3772 2337 3828 monibus
2366 3771 2586 3837 otl‘erre,
2631 3771 2780 3841 quod
2806 3769 3050 3825 maxime
3076 3769 3169 3824 hic
3188 3769 3412 3824 videtur
3434 3768 3763 3839 prohibere.

2136 3863 2299 3915 Vsus.
2334 3862 2422 3915 28.
2456 3892 2524 3900 —
2554 3862 2846 3928 Stigmata.
2884 3859 3197 3930 Legislator
3225 3858 3398 3912 etiam
3426 3874 3622 3912 curam
3654 3873 3760 3912 no-

2068 3949 2169 4005 stri
2202 3948 2419 4004 decoris
2457 3949 2623 4019 gerit,
2667 3965 2741 4003 ne
2784 3964 2953 4003 carne
3000 3948 3305 4002 abutamur
3350 3947 3409 4001 in
3456 3947 3547 4001 his
3584 3947 3763 4002 etiam

2067 4056 2197 4111 qua:
2226 4055 2430 4109 corpus
2460 4039 2788 4108 deturpant.

2136 4129 2300 4182 Vens.
2333 4130 2424 4182 29.
2456 4157 2525 4167 —
2554 4128 2633 4182 Ne
2660 4128 2961 4195 prostituas
2997 4126 3171 4194 ﬁliam
3219 4128 3387 4179 tuam.
3438 4123 3762 4193 Carnalem,

2066 4216 2155 4271 vel
2186 4216 2457 4270 animam.
2492 4215 2651 4270 Unde
2683 4214 2829 4269 Psal.
2862 4230 2952 4267 xxx
2982 4228 2996 4266 :
3043 4216 3186 4269 Erue
3230 4229 3265 4268 a
3308 4215 3543 4282 framea,
3597 4217 3764 4281 Deus,

2068 4308 2307 4359 animam
2342 4319 2534 4371 meam,
2567 4308 2617 4357 et
2646 4302 2712 4357 de
2742 4317 2907 4356 manu
2936 4304 3086 4355 canis
3129 4303 3357 4356 Unicam
3393 4316 3584 4356 meam.
3634 4303 3767 4357 Haec

2064 4392 2382 4448 recedendo
2410 4409 2442 4445 a
2473 4392 2586 4445 Deo
2616 4390 2971 4444 fornicantur
3004 4406 3133 4444 cum
3161 4390 3541 4444 daemonibus.

2135 4482 2297 4536 Vens.
2334 4483 2419 4534 30.
2455 4510 2525 4520 —
2551 4479 2794 4536 Sabbata
2838 4494 2955 4533 mea
2998 4478 3279 4533 custodite.
3341 4479 3422 4533 Ab
3470 4495 3588 4534 uno
3638 4481 3764 4535 sab-

2064 4571 2197 4625 bato
2228 4586 2400 4623 omne
2446 4568 2768 4639 legitimum
2820 4567 3001 4621 otium
3053 4566 3350 4621 sabbatum
3412 4568 3758 4639 appellatur.

2063 4658 2152 4713 Sic
2180 4658 2251 4712 ab
2279 4673 2395 4711 una
2426 4656 2680 4728 generali
2710 4656 3049 4710 abstinentia
3082 4655 3268 4710 studet
3319 4655 3612 4727 legislator
3651 4673 3762 4728 per

2061 4746 2289 4818 singula
2316 4761 2565 4808 currere,
2592 4744 2932 4814 praecipiens
2961 4759 3066 4797 nos
3095 4744 3167 4797 ab
3194 4743 3351 4797 omni
3383 4746 3535 4798 malo
3586 4746 3761 4800 absti-

2062 4851 2217 4890 nere.
2274 4834 2431 4889 Unde
2488 4834 2689 4888 addit:
2741 4836 2813 4889 Et
2860 4835 3234 4887 sanctuarium
3286 4848 3458 4887 meum
3506 4836 3752 4890 metuite.

2061 4924 2217 4979 Sicut
2241 4923 2395 4977 enim
2436 4922 2533 4994 qui
2563 4922 2734 4992 digne
2778 4922 3071 4987 accedunt,
3114 4920 3486 4986 sanctiﬁcant,
3532 4921 3610 4975 sic
3654 4922 3767 4993 qui

2060 5014 2259 5085 inique
2289 5016 2669 5084 prmsumunt,
2717 5015 2774 5065 et
2817 5010 3107 5064 immundi
3144 5011 3437 5067 accedunt.
3479 5016 3766 5081 quantum

2066 5107 2153 5157 est
2175 5102 2237 5157 in
2267 5119 2346 5168 se,
2382 5101 2670 5171 polluunt,
2705 5100 2852 5154 sicut
2880 5099 3073 5154 Nadab
3095 5105 3153 5153 et
3177 5099 3349 5155 Abiu.
3401 5099 3558 5155 Unde
3600 5103 3763 5170 Apo-

2064 5193 2289 5246 stolus:
2350 5194 2495 5246 Inter
2552 5204 2645 5244 vos
2710 5191 2872 5243 multi
2921 5191 3129 5257 inﬁrmi
3181 5192 3230 5241 et
3286 5189 3592 5252 imbecilles,
3651 5194 3763 5245 etc.

2064 5281 2110 5350 (Ι
2135 5281 2254 5338 Cor.
2308 5279 2409 5351 XI.)
2455 5278 2591 5332 lnde
2649 5277 2921 5331 additur:
3009 5279 3120 5343 Ego
3169 5277 3451 5342 Dominus,
3506 5281 3768 5343 sanctus,

2064 5366 2296 5432 scilicet,
2329 5371 2387 5421 et
2416 5366 2589 5421 etiam
2634 5366 2695 5419 in
2753 5365 2960 5420 sanctis
3017 5364 3280 5419 habitans
3333 5370 3390 5419 et
3436 5369 3766 5420 sanctorum

2063 5455 2356 5509 vindicans
2388 5455 2679 5526 iujuriam.

2135 5543 2294 5596 Vaas.
2330 5546 2417 5597 3t.
2452 5573 2520 5582 -—
2551 5542 2647 5598 Ad
2674 5555 2877 5610 magos.
2923 5542 3087 5597 LXX:
3138 5542 3539 5612 Ventriloquas,
3582 5542 3645 5596 id
3682 5551 3766 5598 est
