3976 6178
283 263 386 316 355

932 255 1321 312 WALAFRIDI
1359 255 1605 312 STRABI
1645 253 1844 310 FULD.
1887 253 2049 309 ΜΟΝ.
2091 253 2244 309 OPP.
2289 253 2462 309 PARS
2511 256 2552 309 l.
2595 283 2661 292 —
2701 253 3160 311 THEOLOGICA.

3697 261 3794 313 356

283 381 750 454 concupiscentia
778 384 964 435 mater
994 383 1098 445 est,
1130 378 1179 432 si
1209 394 1323 449 qua
1342 378 1505 432 nobis
1525 377 1980 448 concupiscentia
2007 385 2052 438 Α
2091 377 2375 431 mensuris
2431 376 2557 432 coeli
2598 375 3004 448 disputantem.
3055 379 3196 434 Cum
3258 379 3364 434 hac
3409 379 3684 449 dormire,
3743 382 3798 438 id

285 473 378 538 sit,
415 472 699 528 actionem
747 487 865 525 non
922 469 1340 539 conjuugamus
1399 465 1470 520 ei.
1533 467 1644 531 Qui
1678 467 1833 521 enim
1888 468 1998 521 hoc
2103 471 2186 520 est
2214 465 2502 532 delectari,
2544 467 2795 520 revelare
2827 471 2885 520 et
2943 468 3134 537 palam
3195 470 3617 540 turpitudinem
3677 472 3796 542 ejus

283 555 444 627 facit,
508 557 641 628 igne
701 554 1044 621 incenditur,
1095 559 1153 608 et
1206 551 1664 623 concupiscentia
1733 558 1790 606 et
1849 552 1996 606 actio

283 646 425 716 ejus.
487 647 549 702 Si
597 648 740 701 enim
784 647 938 712 facta
994 645 1179 698 carnis
1221 644 1423 712 spiritu
1451 639 1990 712 mortiﬁcaverimus,

280 738 523 790 vivemus
550 735 722 806 (Rom.
755 733 900 803 vui),

356 824 518 879 Vnus.
559 827 640 878 15.
676 853 743 862 --
792 823 897 888 Qui
937 837 1057 875 cum
1077 819 1345 890 jumento,
1385 823 1496 874 etc.
1554 818 1744 875 Nimia
1794 821 1994 872 contra

280 925 376 964 eos
403 915 699 966 exercetur
724 908 1043 977 sdistrictio,
1073 907 1174 979 qui
1221 907 1281 962 in
1321 911 1543 961 tantum
1592 905 1780 978 iniqui
1807 910 1864 960 et
1917 905 1993 960 li-

281 998 464 1054 bidini
514 999 710 1067 dediti,
766 1004 833 1053 ut
896 997 1152 1052 inaudita
1206 997 1420 1051 scelera
1480 995 1986 1059 concupiscerent:

283 1089 433 1142 unde
462 1088 598 1143 viris
643 1089 730 1142 vel
763 1087 1100 1142 mulieribus
1136 1085 1455 1141 commistis
1517 1083 1990 1156 quadrupedibus

283 1177 488 1231 mortis
517 1193 752 1248 pmnam
802 1175 1029 1231 indixit.
1092 1175 1380 1229 Fidelibus
1423 1191 1655 1245 quoque
1713 1189 1825 1226 non
1883 1172 1993 1226 erit

282 1265 407 1320 haec
430 1267 521 1320 lex
565 1267 878 1337 superflua,
909 1265 955 1319 si
989 1263 1384 1336 quadrupedia
1425 1263 1748 1317 voluntates
1786 1277 1992 1331 pravas

286 1355 357 1410 ad
387 1359 600 1410 terram
657 1371 868 1426 pronas
921 1352 1352 1424 intelligamus:
1408 1369 1538 1423 quas
1587 1367 1792 1405 manus
1843 1349 1992 1404 sicut

292 1442 557 1496 homines
586 1459 701 1497 non
733 1443 966 1504 habent,
1003 1442 1139 1513 quia
1174 1441 1333 1495 omni
1355 1440 1607 1494 humana
1638 1439 1859 1492 actione
1890 1453 1986 1490 ca-

291 1535 438 1596 rent,
472 1529 625 1584 unde
679 1530 1047 1601 cognationes
1098 1529 1397 1583 nobiscum
1452 1544 1568 1580 non
1603 1527 1834 1580 habent.
1895 1525 1989 1578 Vir

286 1636 424 1692 ergo
449 1619 536 1674 vel
566 1621 792 1688 mulier,
825 1637 953 1690 qua:
980 1635 1097 1673 non
1142 1620 1419 1690 languore
1449 1624 1690 1682 natura),
1723 1617 1817 1671 sed
1850 1616 1986 1670 deli-

2102 556 2378 626 prol‘erre,
2397 556 2732 627 fontemque
2745 555 2920 610 totius
2938 557 3556 629 errorisjexponentem
3583 561 3795 624 audire,

2100 641 2344 714 impium
2376 649 2479 698 est.
2532 644 2665 698 Ideo
2702 644 2831 698 talis
2870 644 3246 700 interficiatur
3277 648 3346 700 de
3378 646 3569 701 medio
3600 647 3798 720 populi

2102 732 2210 798 sui,
2235 749 2306 786 ne
2329 733 2661 788 nominetur
2686 733 2862 787 homo
2889 734 2989 805 qui
3012 733 3326 805 imaginem
3346 735 3446 789 Dei
3469 741 3527 790 et
3547 737 3795 808 seipsum

2099 819 2420 891 ignorando
2452 821 2778 876 Creatorem
2810 838 2841 874 a
2881 838 2939 876 se
2979 821 3266 877 alienavit.
3300 823 3429 894 Ipsa
3459 841 3690 896 quoque
3720 825 3796 881 in-

2103 910 2435 976 terficietur,
2483 926 2556 965 ne
2623 909 2902 982 sapientia
2943 912 3298 980 nominetur,
3347 912 3486 982 quia
3517 914 3793 984 sapientia

2097 997 2272 1070 hujus
2297 999 2497 1054 mundi
2527 999 2763 1054 stultitia
2793 1004 2878 1054 est
2906 999 3059 1071 apud
3099 1001 3275 1055 Deum
3306 1001 3360 1072 (ι
3388 1003 3517 1057 Cor.
3550 1003 3649 1074 ιιι).

2173 1087 2606 1157 Turpitudinem,
2645 1092 2753 1143 etc.
2799 1087 3100 1143 Sororibus
3129 1099 3433 1160 parentum
3492 1091 3636 1146 filios
3691 1093 3786 1147 mi-

2099 1175 2242 1230 sceri
2291 1176 2578 1248 prohibet,
2627 1182 2691 1230 ut
2743 1177 3143 1248 generationes
3193 1193 3309 1232 non
3343 1179 3789 1248 confundantur,

2097 1268 2153 1318 et
2181 1264 2515 1336 parentibus
2553 1265 2871 1319 reverentia
2902 1265 3254 1321 exhibeatur.
3287 1266 3612 1323 Secundum
3673 1269 3794 1341 spi-

2096 1354 2271 1408 ritum
2311 1369 2443 1408 vero
2485 1358 2540 1408 et
2575 1357 2878 1426 parentum
2908 1360 3140 1424 peccata
3178 1355 3448 1411 decemus
3472 1358 3680 1423 velare,
3741 1363 3798 1412 et

2097 1459 2296 1496 eorum
2333 1442 2432 1513 qui
2461 1443 2542 1496 eis
2591 1443 2786 1497 sociati
2819 1450 2970 1510 sunt,
3005 1443 3166 1515 quasi
3215 1445 3416 1499 fratres
3463 1450 3518 1500 et
3549 1431 3796 1514 sorores,

2095 1529 2305 1600 quibus
2341 1529 2568 1584 nudatis
2625 1534 2892 1600 parentes
2931 1530 3107 1584 latere
3156 1547 3272 1584 non
3330 1537 3587 1601 possunt.
3639 1534 3798 1587 Unde

2098 1617 2288 1672 addit:
2340 1618 2710 1685 Ignominiam
2775 1621 2954 1673 carnis
2998 1635 3108 1674 suae
3158 1620 3409 1674 nudabit.
3464 1623 3635 1678 LXX:
3671 1623 3798 1678 Sine

293 1708 591 1764 beratione
619 1710 700 1763 eis
731 1708 1030 1763 cohaeserit
1073 1708 1160 1762 vel
1212 1707 1436 1775 coierit,
1467 1722 1598 1760 reus
1646 1711 1732 1760 est
1761 1706 1980 1760 mortis.
2026 1681 2066 1735 Β
2096 1708 2229 1775 filiis
2258 1709 2536 1774 morietur,
2563 1706 2618 1761 id
2650 1711 2756 1774 est,
2789 1707 2912 1761 sine
2954 1707 3261 1762 virtutibus
3289 1724 3441 1780 ,quaa
3473 1716 3559 1764 est
3605 1711 3794 1782 pessi-

282 1797 403 1867 lpsi
439 1813 670 1868 quoque
699 1795 844 1850 mori
891 1795 1160 1850 dicuntur
1183 1794 1296 1848 illis
1327 1793 1588 1860 mortuis,
1612 1809 1801 1864 neque
1832 1793 1990 1848 enim

291 1902 396 1956 per
426 1903 485 1940 se
515 1886 848 1953 subsistunt,
879 1900 984 1938 nec
1015 1885 1132 1938 ulla
1161 1884 1377 1956 peccati
1404 1881 1722 1937 substantia
1744 1887 1847 1949 est,
1889 1883 1987 1937 sed

284 1973 343 2028 in
367 1974 758 2044 peccatoribus
788 1978 1076 2045 operatur.

357 2063 544 2134 (Αυο.)
591 2065 696 2131 Qui
739 2079 859 2118 cum
905 2063 1171 2132 jumento,
1218 2064 1322 2116 etc.
1366 2059 1654 2126 Quaeritur
1699 2059 1986 2131 quomodo

287 2167 462 2224 pecus
493 2168 652 2206 reum
682 2151 775 2216 sit,
809 2168 940 2206 cum
991 2167 1094 2206 nec
1142 2149 1428 2204 rationem
1469 2166 1572 2204 nec
1617 2149 1758 2219 legis
1812 2164 1984 2219 capax

291 2241 403 2296 sit?
453 2257 525 2295 an
577 2240 1071 2313 quemadmodum
1118 2239 1544 2294 transferuntur
1582 2239 1754 2293 verba
1806 2244 1985 2293 meta-

289 2329 528 2402 phorica
555 2329 624 2384 ab
665 2329 901 2384 animali
940 2329 1008 2384 ad
1041 2328 1320 2394 animale;
1355 2328 1498 2382 sicut
1529 2327 1736 2382 dicitur
1786 2333 1987 2381 ventus

284 2419 611 2490 improbus,
665 2419 754 2474 vel
792 2418 1003 2473 iratum
1047 2434 1224 2485 mare,
1254 2417 1336 2472 ita
1367 2422 1424 2471 et
1455 2417 1544 2471 bic
1584 2416 1922 2470 translatum
1955 2431 1989 2469 a

283 2507 556 2562 rationali
587 2507 657 2562 ad
707 2507 1075 2562 irrationale?
1108 2507 1246 2561 Nam
1279 2505 1408 2560 inde
1438 2521 1645 2576 pecora
1669 2505 1830 2576 jussa
1857 2508 1988 2557 sunt

293 2596 559 2663 interﬁci,
588 2595 724 2668 quia
753 2595 853 2651 tali
875 2594 1094 2667 ﬂagitio
1124 2593 1514 2649 contaminata
1544 2593 1843 2665 indignam
1892 2609 1984 2646 re-

288 2685 497 2740 fricant
527 2685 868 2740 memoriam
897 2685 1052 2739 facti.

365 2775 536 2829 Vens.
601 2779 684 2828 l7.
735 2805 803 2814 —
869 2775 975 2840 Qui
1027 2771 1291 2843 acceperit
1345 2787 1578 2827 sororem
1630 2785 1805 2838 suam,
1874 2775 1980 2825 etc.

281 2864 490 2935 (Isicu.)
523 2862 645 2918 Hoc
691 2861 988 2916 tolerabile
1034 2861 1354 2927 videbatur,
1391 2861 1526 2932 quia
1579 2859 1865 2914 Abraham
1914 2857 1984 2912 de

2100 1811 2195 1848 ma
2224 1794 2507 1849 sterilitas.

2173 1884 2281 1947 Qui
2315 1884 2522 1951 coierit,
2553 1886 2660 1936 etc.
2695 1881 2907 1954 (lsxcu.)
2947 1883 3202 1939 Ostendit
3259 1885 3395 1956 quia
3424 1903 3594 1941 causa
3651 1887 3798 1942 filio-

2099 1987 2250 2038 rum,
2283 1976 2414 2038 etc.,
2449 1987 2617 2041 usque
2646 1971 2720 2026 ad
2747 1972 3139 2043 superioribus
3169 1974 3369 2028 similis
3391 1982 3494 2031 est.

2171 2059 2354 2131 (Auc.,
2390 2065 2581 2130 quaest,
2611 2063 2677 2115 76
2709 2063 2764 2115 in
2794 2063 2942 2129 Lev.)
2976 2063 3080 2128 Qui
3112 2065 3296 2118 coierit
3343 2080 3462 2119 cum
3493 2080 3662 2120 uxore
3688 2082 3793 2136 pa-

2095 2151 2219 2214 tris,
2258 2153 2361 2204 etc.
2409 2148 2747 2220 Quicunque
2764 2149 3064 2204 dormierit
3089 2167 3218 2205 cum
3237 2158 3482 2222 cognata
3511 2169 3635 2220 sua,
3653 2160 3789 2221 etc.,

2095 2253 2264 2306 usque
2287 2237 2363 2291 ad
2382 2237 2440 2292 id
2470 2242 2555 2291 est
2584 2238 2740 2292 nullo
2759 2238 2890 2308 jure
2922 2240 3230 2295 succedant
3257 2241 3609 2312 parentibus.

2169 2327 2328 2381 Vsas.
2357 2329 2446 2381 22.
2475 2357 2542 2366 —
2575 2327 2857 2381 Custodite
2886 2329 3044 2396 leges,
3076 2334 3182 2384 etc.
3236 2329 3359 2384 Non
3407 2329 3619 2384 sufﬁcit
3666 2347 3794 2402 par-

2097 2419 2212 2469 tem
2277 2415 2416 2486 legis
2489 2415 2796 2484 custodire,
2851 2431 3078 2470 necesse
3144 2416 3421 2472 habemus
3487 2418 3792 2472 observare

2096 2502 2289 2558 omnia
2309 2509 2596 2575 praecepta
2625 2509 2681 2557 et
2704 2503 2938 2574 judicia.

2170 2593 2327 2646 Vens.
2360 2595 2447 2647 23.
2498 2621 2568 2632 —
2599 2594 2773 2650 Nolite
2816 2594 3108 2660 ambulare,
3164 2599 3270 2650 etc.
3332 2597 3454 2650 Non
3485 2596 3668 2652 solum
3697 2599 3793 2652 Ju-

2097 2679 2254 2746 dtnis,
2311 2680 2407 2735 sed
2454 2680 2721 2735 omnibus
2755 2681 3022 2752 gentibus
3068 2683 3190 2738 haec
3235 2683 3586 2740 observanda
3635 2693 3791 2754 sunt,

2099 2768 2147 2822 si
2179 2769 2294 2822 Deo
2328 2769 2539 2823 servire
2565 2770 2784 2824 volunt.

2167 2857 2324 2913 Vens.
2375 2859 2461 2912 2's.
2514 2886 2585 2898 -—
2628 2859 2808 2913 Lacte.
2861 2859 3086 2914 Deliciis
3132 2861 3521 2927 beatitudinis,
3582 2865 3794 2936 quibus

284 2952 422 3008 Sara
455 2951 595 3006 dicit
635 2968 649 3007 :
679 2951 848 3007 Soror
894 2967 1025 3005 mea
1048 2955 1133 3005 est
1161 2967 1227 3004 ex
1273 2955 1454 3022 patre,
1490 2954 1547 3004 et
1593 2964 1710 3003 non
1741 2964 1808 3002 ex
1863 2963 1984 3002 ma-
2024 2971 2064 3026 ρ
2095 2946 2239 3001 nihil
2274 2947 2520 3016 suavius,
2570 2947 2714 3002 nihil
2763 2947 3006 3012 dulcius,
3043 2954 3101 3004 et
3143 2949 3266 3005 sine
3296 2951 3457 3005 omni
3503 2951 3699 3006 labore
3734 2957 3794 3006 et

281 3045 404 3096 tre:
439 3040 538 3096 sed
594 3056 689 3094 eos
740 3039 841 3112 qui
899 3039 970 3094 de
1016 3040 1197 3094 Thare
1253 3043 1417 3110 patre
1463 3037 1750 3093 Abraham
1805 3039 1986 3109 geniti

282 3134 418 3184 sunt
447 3130 664 3200 Moyses
709 3144 1074 3196 enumerans,
1107 3143 1390 3198 nusquam
1429 3127 1582 3182 Sarus
1638 3125 1770 3180 fecit
1820 3142 1983 3181 men-

281 3216 524 3271 tionem.
560 3216 724 3280 Quod
775 3216 823 3270 si
857 3215 1041 3270 sorori
1083 3231 1201 3269 suaa
1247 3215 1532 3269 Abraham
1582 3214 1794 3285 nupsit,
1849 3220 1984 3269 ante

283 3308 481 3360 tamen
509 3304 618 3359 hoc
643 3320 821 3376 quam
858 3306 1040 3358 Deum
1069 3308 1456 3375 cognosceret,
1489 3303 1638 3358 fecit.
1675 3304 1824 3358 Bene
1846 3319 1983 3373 ergo

285 3392 376 3448 lex
407 3393 581 3447 talem
614 3391 1073 3463 conjunctionem
1097 3389 1413 3462 prohibuit.

357 3481 462 3548 Qui
500 3483 783 3552 acceperit,
813 3485 919 3536 etc.
957 3479 1330 3551 Tropologice
1362 3478 1776 3550 turpitudinem
1824 3495 1984 3534 soro-

285 3569 364 3624 ris
395 3587 464 3625 ex
493 3575 654 3642 patre
685 3575 742 3625 et
772 3585 890 3624 non
919 3585 987 3624 ex
1009 3574 1191 3624 matre
1221 3568 1376 3623 videt
1402 3573 1459 3622 et
1488 3567 1709 3638 accipit,
1745 3569 1842 3640 qui
1872 3573 1987 3622 tur-

284 3676 419 3732 pem
447 3659 734 3723 actipnem
773 3675 806 3712 a
851 3663 1012 3730 patre
1045 3658 1131 3712 vel
1167 3674 1200 3711 a
1257 3661 1438 3711 matre
1467 3656 1561 3728 (in
1620 3673 1732 3728 qua
1769 3657 1986 3712 scilicet

285 3748 674 3820 deliquerunt)
709 3747 1047 3814 admiratur,
1079 3750 1136 3801 et
1164 3745 1422 3800 imitatur
1456 3761 1470 3799 :
1496 3761 1613 3798 non
1635 3745 1820 3799 solum
1853 3761 1985 3816 per-

289 3844 550 3893 scrutans
580 3853 710 3909 quin
739 3852 854 3892 non
875 3835 1150 3906 oportuit,
1175 3835 1276 3890 sed
1304 3834 1662 3905 conjungens
1682 3850 1740 3888 se
1771 3849 1984 3904 paren-

283 3931 407 3982 tum
458 3926 725 3998 pravitati
753 3941 883 3996 quae
924 3940 1086 3978 soror
1114 3924 1236 3995 ejus
1293 3923 1523 3991 dicitur,
1563 3922 1728 3993 quasi
1785 3922 1856 3977 ab
1903 3922 1985 3977 eis

288 4017 484 4087 genita
515 4015 868 4087 parentibus.
920 4013 1064 4078 Quia
1094 4029 1228 4067 vero
1288 4012 1391 4067 filii
1438 4011 1731 4083 publicant
1785 4027 1985 4083 paren-

289 4109 411 4160 tum
445 4109 674 4176 peccata
701 4102 962 4158 faciendo
997 4101 1230 4171 similia,
1268 4105 1420 4156 recte
1452 4101 1512 4155 in
1550 4104 1856 4171 conspectu
1886 4116 1986 4170 po-

283 4193 409 4264 puli
463 4193 748 4263 iuﬂigitur
795 4207 994 4262 paena;
1025 4190 1112 4243 vel
1137 4191 1304 4260 juxta
1355 4190 1528 4245 LXX:
1585 4191 1648 4244 In
1701 4194 1984 4258 conspectu

282 4283 522 4351 ﬁliorum
543 4282 753 4348 generis
779 4283 887 4346 sui,
923 4294 1124 4332 eorum
1154 4278 1366 4332 scilicet
1395 4277 1496 4348 qui
1552 4278 1688 4332 talia
1728 4277 1984 4349 cogitant
2009 4252 2052 4306 Β

283 4370 501 4425 imitari
532 4386 545 4424 :
575 4372 640 4424 ut
667 4367 839 4423 unius
867 4366 1118 4433 afﬂictio,
1144 4367 1459 4420 multorum
1490 4366 1563 4420 sit
1599 4367 1893 4421 correctio.

361 4459 577 4516 Viderit
631 4455 1044 4527 turpitudinem,
1108 4459 1210 4509 etc.
1281 4457 1462 4526 (Auc.,
1494 4459 1682 4524 quaest.
1733 4456 1845 4526 75.)
1918 4454 1977 4509 Id

285 4552 391 4616 est,
438 4545 866 4602 concumbendo
927 4543 1280 4615 cognoverit,
1337 4543 1483 4597 sicut
1541 4543 1663 4597 ibi:
1724 4544 1983 4612 Cognovit

282 4637 468 4694 Adam
496 4651 718 4691 umorem
756 4649 912 4690 suam
936 4633 1088 4701 (Gen.
1140 4630 1236 4700 ιν),
1287 4631 1346 4686 id
1377 4635 1480 4698 est,
1538 4632 1591 4687 ei
1631 4631 1833 4687 mistus
1876 4637 1978 4687 est.

287 4725 450 4792 Quod
482 4728 673 4780 autem
716 4723 796 4777 ait
828 4739 841 4777 :
873 4721 1175 4778 Portabunt
1204 4721 1550 4791 iniquitatem
1577 4735 1753 4787 suam,
1784 4720 1842 4776 id
1875 4725 1978 4788 est,

285 4815 476 4887 ipsum
507 4818 803 4884 peccatum
834 4828 1003 4884 poena
1040 4814 1181 4865 erat.

355 4902 518 4956 Vens.
566 4903 655 4956 20.
696 4929 768 4943 —
817 4900 922 4967 Qui
963 4899 1168 4965 coierit,
1230 4900 1337 4951 etc.
1389 4896 1641 4951 lntendit
1689 4895 1984 4968 legislator

284 4988 692 5043 continentiam
708 4989 966 5056 suadere,
993 5004 1065 5042 ne
1091 5001 1251 5041 more
1269 5001 1542 5057 pecorum
1567 5001 1697 5039 cum
1729 4984 1979 5038 mulieri.

284 5078 394 5134 bus
441 5077 712 5132 continue
745 5078 1106 5143 misceamur,
1159 5075 1259 5130 sed
1290 5075 1444 5129 velut
1471 5073 1673 5142 coacti,
1695 5073 1766 5128 ad
1812 5089 1982 5127 usum

283 5163 617 5221 continendi
643 5165 919 5235 paulatim
949 5164 1264 5219 veniamus.
1315 5162 1521 5216 Mirum
1574 5165 1766 5215 autem
1823 5159 1981 5232 quod

283 5270 435 5310 nunc
463 5254 606 5307 tales
636 5253 705 5307 de
744 5254 958 5324 populo
999 5269 1104 5307 suo
1134 5251 1388 5322 disperdi
1419 5249 1701 5321 pracipit,
1733 5264 1862 5303 cum
1894 5266 1984 5302 su-

284 5343 481 5416 perius
510 5341 725 5397 eisdem
755 5343 940 5412 legem
970 5340 1328 5412 purgationis
1371 5338 1664 5394 indixerit.
1712 5338 1982 5393 Contem-

285 5432 513 5506 plemur
559 5445 695 5502 ergo
745 5434 1160 5484 menstruatam
1207 5427 1508 5499 gentilium
1556 5425 1900 5500 sapientiam
1950 5441 1985 5481 a

286 5522 401 5576 Deo
431 5523 735 5589 remotam,
781 5517 852 5573 de
897 5517 1092 5572 volatu
1139 5517 1352 5586 ovium,
1403 5521 1462 5572 et
1487 5532 1659 5572 cursu
1701 5516 1978 5584 siderum,

2091 3035 2283 3089 dolore
2313 3038 2497 3101 erunt,
2529 3035 2674 3090 sicut
2703 3036 2816 3090 mel
2846 3041 2901 3090 et
2955 3037 3060 3104 lac,
3094 3054 3224 3109 qua:
3277 3039 3400 3093 sine
3460 3044 3653 3095 nostro
3711 3041 3794 3096 la-

2092 3123 2230 3178 bore
2251 3129 2664 3195 prmparantur.

2162 3213 2326 3268 Vens.
2358 3215 2446 3266 26.
2482 3242 2544 3252 —
2590 3213 2714 3281 Ego
2767 3212 3046 3269 Dominus.
3100 3216 3178 3270 Ne
3231 3218 3472 3284 cogitetis
3521 3216 3789 3273 dicentes-

2093 3300 2243 3372 Quid
2261 3301 2608 3369 comedemus,
2657 3306 2753 3356 aut
2807 3303 2944 3372 quid
2989 3303 3248 3370 bibemus,
3292 3310 3388 3358 aut
3421 3321 3525 3375 quo
3572 3310 3792 3376 operie-

2091 3389 2260 3446 mur?
2317 3390 2421 3444 hmo
2463 3393 2605 3445 enim
2649 3392 2829 3445 omnia
2856 3396 3036 3459 gentes
3085 3395 3375 3463 inquirunt
3412 3393 3632 3466 (Matth.
3689 3397 3791 3466 γι.)

2089 3477 2198 3543 Qui
2255 3484 2448 3534 autem
2492 3479 2886 3534 sublimiorem
2918 3481 3405 3537 conversationem
3437 3487 3492 3537 et
3539 3484 3792 3540 retribu-

2093 3567 2308 3622 tionem
2339 3573 2679 3638 sequuntur,
2731 3569 2985 3640 separari
3033 3570 3242 3625 debent
3269 3589 3302 3625 a
3353 3573 3570 3627 caeteris
3599 3574 3793 3644 genti-

2093 3655 2217 3710 bus.
2278 3657 2554 3726 Separate,
2588 3662 2694 3712 etc.
2747 3659 3016 3714 Iumenta
3044 3660 3128 3714 vel
3167 3677 3394 3731 pecora,
3429 3664 3742 3732 populares
3774 3681 3788 3718 :

2092 3745 2364 3814 volatilia,
2405 3745 2882 3816 contemplatores
2915 3748 3004 3802 lex
3053 3749 3322 3819 appellat.
3351 3750 3548 3804 Omnis
3595 3767 3795 3822 popu-

2092 3833 2229 3888 laris
2255 3833 2506 3888 mundus
2543 3840 2779 3906 propter
2809 3836 3232 3907 simplicitatem
3256 3855 3290 3892 a
3320 3839 3582 3909 pluribus
3628 3841 3794 3911 judi-

2092 3925 2272 3976 catur.
2329 3922 2603 3977 Similiter
2653 3925 3148 3996 contemplativus,
3214 3926 3311 3981 sed
3371 3944 3483 3982 non
3533 3928 3614 3983 ita
3667 3935 3792 3984 est:

2091 4011 2388 4082 popularis
2413 4011 2570 4065 enim
2599 4012 2768 4066 debet
2795 4027 2916 4067 esse
2948 4013 3200 4084 prudens
3233 4014 3293 4068 in
3341 4015 3516 4083 bono,
3550 4017 3794 4089 simplex

2093 4098 2152 4152 in
2178 4100 2349 4166 malo,
2381 4099 2474 4154 hic
2506 4100 2662 4155 enim
2694 4101 2847 4156 solus
2883 4102 3132 4158 mundus
3162 4108 3264 4158 est.
3301 4105 3798 4176 Contemplativus

2093 4202 2325 4258 quoque
2395 4187 2800 4243 conscientiam
2859 4188 3030 4244 debet
3080 4189 3292 4245 habere
3373 4192 3670 4260 mundam,
3737 4200 3798 4248 et

2091 4275 2265 4331 ﬁdem
2317 4291 2434 4331 non
2468 4276 2678 4332 fictam.
2706 4277 2815 4342 Qui
2862 4278 2984 4332 haec
3013 4295 3130 4333 non
3173 4279 3407 4349 habent,
3441 4280 3511 4336 ad
3565 4282 3794 4338 vanilo-

2089 4366 2226 4438 quia
2281 4371 2713 4436 convertuntur,
2767 4383 2875 4422 non
2927 4369 3288 4437 intelligentes
3336 4385 3506 4439 neque
3536 4387 3658 4440 qua
3707 4374 3792 4426 ιο-

2089 4458 2349 4525 quuntur,
2391 4470 2561 4523 neque
2617 4454 2683 4508 de
2741 4455 2936 4524 quibus
2965 4457 3253 4526 afﬁrmant
3283 4457 3328 4529 (ι
3361 4458 3501 4514 Tim.
3524 4461 3586 4528 ι).
3640 4459 3792 4515 Dili-

2089 4547 2291 4614 genter
2315 4558 2450 4613 ergo
2493 4543 2696 4598 mundi
2724 4545 3024 4615 separandi
3054 4551 3188 4600 sunt
3226 4546 3296 4600 ab
3325 4547 3666 4616 immundis,
3724 4555 3796 4604 ut

2092 4631 2340 4686 mundos
2369 4648 2699 4703 sequamur,
2741 4633 3071 4688 immundos
3115 4634 3422 4706 fugiamus.
3459 4637 3791 4693 Notandum

2089 4735 2224 4774 vero
2272 4735 2446 4792 quam
2490 4720 2732 4776 discrete
2761 4722 2822 4775 in
2860 4722 3326 4794 quadrupedibus
3376 4728 3433 4780 et
3459 4727 3797 4782 volatilibus

2089 4807 2182 4862 hic
2210 4808 2505 4879 legislator
2532 4809 2853 4880 distinguit,
2898 4815 2954 4865 et
2985 4827 3102 4867 non
3139 4812 3199 4868 in
3257 4815 3556 4886 reptilibus
3591 4819 3793 4871 terrae.

2091 4897 2306 4953 Cuncta
2336 4899 2493 4953 enim
2523 4915 2651 4971 qum.
2675 4904 2977 4955 moventur
3034 4901 3095 4956 in
3120 4906 3272 4957 terra
3300 4903 3602 4960 immunda
3631 4911 3794 4972 sunt,

2089 4990 2318 5040 terrena
2365 4991 2559 5042 autem
2593 4987 2844 5058 sapiunt,
2891 4989 3102 5061 quibus
3131 4993 3270 5048 Deus
3314 4998 3498 5048 venter
3519 4999 3599 5050 est
3631 4994 3797 5067 ipso-

2088 5091 2218 5129 rum
2245 5075 2476 5146 (Philip.
2499 5076 2601 5148 ιιι).

2162 5167 2232 5219 Ει
2288 5180 2425 5234 quae,
2475 5171 2582 5221 etc.
2647 5167 2828 5236 (Auo.,
2885 5171 3076 5236 quaest.
3127 5172 3193 5224 76
3248 5173 3308 5225 in
3353 5171 3504 5244 Leu.)
3558 5172 3800 5228 Videtur

2091 5251 2277 5306 dicere
2307 5251 2460 5324 quod
2489 5269 2606 5308 non
2634 5259 2767 5309 sunt
2795 5255 2916 5310 base
2947 5262 3146 5312 natura
3176 5257 3493 5328 immunda,
3525 5261 3625 5315 sed
3682 5278 3800 5334 pro

2091 5340 2286 5411 aliquo
2352 5343 2692 5398 sacramenti
2771 5343 2958 5415 signo,
3018 5345 3156 5401 dicit
3209 5347 3348 5420 quia
3403 5350 3654 5406 ostendit
3705 5350 3802 5406 eis

2089 5427 2409 5498 immunda,
2468 5435 2748 5504 tanquam
2790 5432 3095 5491 immunda
3138 5435 3221 5492 eis
3271 5453 3386 5494 non
3443 5443 3635 5496 essent
3673 5439 3801 5496 nisi

2093 5524 2322 5572 ostensa
2353 5517 2612 5575 fuissent.
