3976 6178
187 340 268 392 357
1277 333 1538 390 GLOSSA
1577 335 1982 393 ORDINARIA.
2024 368 2092 377 -—
2135 341 2264 394 LIB.
2310 341 2532 396 LEVIT.

3530 356 3632 407 358

235 463 525 533 Lapidibus.
560 428 704 526 Quia
750 460 910 515 vanis
955 461 1244 516 erroribus
1301 462 1618 533 simplicem
1650 479 1834 533 popu-
1873 467 1912 520 A
1950 465 2125 520 LXX:
2179 469 2429 522 Animam
2461 474 2748 526 mortuam.
2783 473 2986 527 Anima
3025 487 3143 544 qua:
3193 480 3492 545 peccaverit
3530 481 3652 548 ipsa

182 556 272 608 lum
300 552 596 617 seducunt;
629 551 778 604 unde
817 554 1071 604 ventrem
1125 550 1403 618 nutriunt,
1456 557 1510 604 et
1559 552 1834 606 auditori-

182 645 260 697 bus
286 642 488 710 placere
513 639 778 709 cupiunt:
813 641 1010 710 quales
1066 639 1236 694 hodie
1263 640 1320 693 in
1377 641 1616 694 Ecclesia
1669 640 1834 694 multi

181 736 301 794 sunt,
338 729 401 784 de
459 729 664 798 quibus
715 730 921 783 Paulus
968 729 1074 782 ait:
1137 731 1206 783 Ili
1269 731 1411 782 enim
1449 745 1554 783 non
1593 732 1836 784 serviunt

181 821 370 880 Christo,
430 817 526 871 sed
581 833 677 872 suo
732 820 929 884 ventri,
969 822 1019 871 et
1079 834 1179 888 per
1225 819 1404 872 dulces
1469 833 1754 883 sermones,
1786 824 1834 872 et

181 908 518 963 benedictiones
548 907 812 962 seducunt
868 906 1034 960 corda
1071 909 1432 962 innocentium
1498 907 1670 976 (Rom.
1720 910 1835 976 xvr)

840 1038 1063 1094 CAPUT
1093 1038 1222 1093 XXI.

231 1173 368 1224 Vens.
398 1174 450 1225 l.
477 1200 550 1211 —
599 1174 753 1226 Discit
805 1187 1015 1241 quoque
1066 1174 1321 1226 Dominus
1348 1170 1423 1224 ad
1478 1171 1707 1241 Moysen

177 1266 235 1318 Ne
269 1262 662 1328 contaminatur,
725 1267 830 1314 etc.
886 1261 1090 1330 (Istam)
1153 1261 1215 1314 Id
1284 1264 1368 1313 est
1423 1259 1565 1313 nihil
1611 1261 1837 1314 omittat

177 1370 223 1406 ex
247 1355 463 1424 hisquee
514 1350 778 1420 expediat
825 1350 1178 1403 sacerdotem
1235 1348 1458 1415 docere,
1515 1353 1648 1416 etc.,
1669 1364 1836 1417 usque

177 1440 684 1496 adcohabitantium
730 1437 886 1491 enim
928 1453 1046 1491 non
1093 1437 1304 1508 poterit
1365 1437 1630 1507 ignorare
1702 1453 1832 1508 pec-

174 1535 348 1586 catum.

227 1621 362 1673 Vens.
387 1621 436 1671 2.
464 1646 523 1656 —
554 1616 680 1670 Nisi
699 1619 910 1668 tantum
939 1616 997 1667 in
1050 1615 1482 1680 consanguineis.
1519 1612 1829 1682 ((l-lmnom,

174 1710 298 1776 epist.
321 1705 388 1758 ad
415 1704 720 1766 Fabiolam,
773 1707 912 1755 tom.
962 1701 1031 1769 Ι)
1087 1701 1270 1770 Super
1328 1716 1558 1753 omnem
1581 1701 1831 1754 animam

175 1810 273 1864 quae
300 1797 514 1846 mortua
545 1795 651 1856 est,
677 1794 805 1855 etc.,
843 1804 1010 1856 usque
1070 1788 1144 1841 ad
1209 1787 1527 1841 minoribus
1561 1804 1692 1842 vero
1725 1788 1835 1842 ali-

173 1881 282 1952 quid
304 1881 649 1950 indulgetur.

228 1972 365 2025 Vsas.
398 1973 445 2024 ὅ.
474 1997 546 2009 -
575 1970 692 2023 Non
720 1965 912 2020 radent
955 1969 1134 2034 caput.
1215 1966 1338 2036 (ln.,
1378 1965 1541 2035 ibid.)
1569 1966 1836 2020 Summus

173 2065 328 2113 autem
357 2058 628 2129 pentifex,
659 2061 787 2121 etc.,
831 2069 998 2124 usque
1053 2054 1127 2107 ad
1184 2054 1391 2124 quibus
1454 2055 1706 2108 Christus
1735 2055 1834 2110 do-

172 2147 295 2200 navit
325 2152 381 2200 ut
411 2147 610 2200 lumen
641 2144 774 2198 sint.

224 2233 524 2288 Nonradent
548 2236 732 2300 caput,
770 2234 871 2283 ctc.
924 2231 1136 2298 (151cm)
1199 2229 1376 2283 Nimis
1433 2246 1583 2300 aegre
1643 2230 1833 2284 dolere

172 2324 447 2377 sacerdotes
477 2321 550 2375 de
602 2319 842 2373 mortuis
893 2319 1160 2389 prohibet
1228 2319 1336 2384 lex,
1395 2324 1525 2386 etc.,
1563 2335 1731 2388 usque
1761 2319 1836 2373 ad

171 2417 216 2464 nt
239 2411 398 2481 possit
454 2408 773 2477 exhortari,
827 2424 1087 2477 arguere,
1141 2408 1459 2478 increpare.

219 2502 319 2555 Non
339 2501 575 2568 polluerit
604 2514 812 2562 nomen,
863 2504 967 2550 etc.
1030 2497 1157 2566 (10.)
1209 2497 1370 2560 Quod
1427 2503 1512 2552 est
1558 2513 1834 2568 magnum

169 2588 212 2641 in
241 2590 500 2658 gentibus.
554 2589 662 2640 Vos
711 2591 925 2651 autem,
993 2586 1128 2640 dicit
1177 2587 1495 2653 Malachias,
1558 2589 1834 2656 polluistis

171 2678 347 2732 ittudin
377 2694 432 2732 eo
478 2676 628 2745 quod
683 2675 905 2729 dicitis:
971 2676 1156 2729 Mensa
1215 2677 1430 2729 Domini
1497 2675 1709 2730 deserta
1758 2681 1835 2730 est

169 2765 448 2834 (Malachx).
506 2767 574 2819 In
634 2769 864 2836 peccato
925 2763 1079 2818 enim
1161 2764 1424 2818 sacriﬁcii
1474 2781 1684 2818 nomen
1735 2765 1834 2818 Dei

169 2857 394 2924 polluant
420 2855 762 2909 sacerdotes.

225 2945 363 3000 Vsas.
447 2950 496 2999 7.
531 2973 594 2984 —
673 2944 938 3008 Scortum,
1011 2945 1115 2995 etc.
1205 2941 1478 2996 Sacerdos
1547 2942 1804 3013 quilibet,

1941 559 2200 610 morietur
2234 559 2441 625 (Ezech.
2483 575 2662 624 xviii;
2727 561 2822 614 Isa
2875 566 3046 628 xuii).
3111 566 3220 618 Hac
3251 569 3432 620 morte
3473 568 3653 621 maxi-

1945 660 2034 698 me
2067 652 2265 714 gentes
2291 648 2605 715 perierunt,
2641 666 2766 718 quae
2818 667 2918 704 nec
2944 653 3126 722 legem
3181 670 3282 706 nec
3330 655 3648 710 doctrinam

1943 734 2317 804 habuerunt;
2361 736 2456 790 sed
2507 739 2763 792 Christus
2807 747 3037 809 peccata
3089 742 3347 796 omnium
3409 743 3560 809 tulit,
3596 751 3650 798 et

1942 826 2137 876 tamen
2169 823 2504 892 impollutus
2546 826 2776 880 mansit.

2014 911 2172 978 (Auo.
2208 917 2392 980 quast.
2420 916 2477 966 8t
2513 915 2571 966 in
2610 915 2759 986 Lev.)
2817 916 2914 969 Ad
2937 932 3139 972 omnem
3189 922 3480 986 mortuum,
3533 924 3640 972 etc.

1945 996 2068 1049 LXX
2100 1015 2114 1049 :
2145 997 2316 1065 Super
2353 1014 2556 1052 omnem
2603 1002 2844 1054 animam
2910 1007 3177 1056 mortuam
3238 1019 3342 1057 non
3374 1005 3642 1058 introibit.

1942 1085 2242 1149 Quomodo
2293 1086 2442 1140 dicat
2497 1087 2747 1142 animam
2804 1095 3110 1157 mortuam,
3180 1096 3311 1161 etc.,
3373 1108 3542 1161 usque
3573 1094 3648 1146 ad

1943 1174 2096 1245 quod
2127 1176 2440 1229 secundum
2481 1193 2598 1230 non
2626 1178 2936 1247 prohibuit.

2015 1264 2180 1317 Vens.
2229 1268 2311 1317 12.
2347 1295 2412 1302 -
2454 1265 2572 1335 (10.,
2605 1274 2790 1334 quaest.
2827 1269 2936 1335 82.)
2971 1271 3042 1322 De
3071 1273 3273 1322 sanctis
3303 1285 3409 1323 non
3453 1270 3644 1324 emibit.

1945 1353 2090 1405 Dum
2121 1352 2334 1406 scilicet
2363 1371 2564 1407 eorum
2623 1355 2824 1408 funera
2873 1357 3249 1425 celebrantur,
3310 1358 3378 1412 de
3441 1359 3646 1412 sanctis

1941 1440 2261 1511 prohibitus
2287 1445 2370 1494 est
2407 1441 2578 1509 exire,
2640 1447 2768 1507 etc.,
2819 1445 3090 1511 usquead
3146 1447 3299 1516 quod
3353 1447 3644 1501 nonnullis

1943 1529 2145 1582 diebus
2178 1545 2293 1582 non
2329 1529 2730 1600 imponebatur
2773 1531 3086 1587 incensum.

2013 1620 2190 1687 Super
2219 1623 2391 1687 patre.
2430 1620 2638 1688 (0816.,
2673 1622 2810 1674 hom.
2849 1623 2911 1675 14
2940 1626 2994 1676 in
3039 1623 3183 1694 Leu.)
3239 1624 3435 1678 Omnis
3475 1625 3646 1680 homo

1944 1706 2004 1759 in
2035 1712 2194 1776 patre
2243 1712 2299 1761 et
2351 1713 2530 1762 matre
2585 1710 2838 1778 pollutus
2887 1715 2988 1776 est,
3040 1716 3169 1778 etc.,
3224 1728 3393 1781 usque
3451 1713 3523 1765 ad
3557 1713 3645 1766 vel

1945 1795 2188 1848 caelestis
2222 1796 2417 1850 matris
2438 1797 2761 1852 libertatem
2811 1797 3046 1870 indigna
3098 1803 3315 1870 peccati
3373 1802 3644 1856 servitute

1946 1884 2256 1937 maculant.

2019 1974 2207 2041 (AUG.,
2241 1978 2427 2041 quaest.
2454 1975 2521 2028 85
2553 1975 2611 2028 in
2639 1974 2833 2041 Leuit.)
2887 1974 3074 2038 Quaeri
3128 1980 3334 2046 potest,
3395 1981 3523 2044 etc.,
3556 1992 3648 2031 us-

1946 2077 2047 2129 que
2072 2061 2144 2114 ad
2178 2061 2323 2114 sicut
2345 2061 2413 2114 de
2436 2061 2559 2132 ipso
2585 2064 2774 2115 Aaron
2834 2062 3124 2132 Scriptura
3181 2068 3438 2118 testatur.

2071 2152 2184 2216 Ego
2232 2153 2507 2204 Dominus.
2598 2151 2755 2220 (Ara.
2848 2156 3038 2220 quaest.
3113 2154 3220 2220 8i.)
3311 2154 3387 2206 De
3463 2153 3648 2223 Moyse

1945 2238 2118 2292 etiam
2172 2239 2389 2292 dictum
2441 2244 2546 2304 est,
2624 2244 2752 2305 etc.,
2834 2255 3002 2308 usque
3072 2241 3145 2293 ad
3203 2258 3305 2294 nec
3364 2242 3650 2312 superﬂua

1943 2327 2129 2381 dicata
2157 2330 2240 2381 est
2273 2327 2512 2382 visibilis
2545 2327 2933 2395 sanctiﬁcatio,
2968 2328 3101 2400 quia
3134 2329 3438 2384 invisibilis
3495 2346 3643 2400 prae-

1946 2416 2129 2470 cessit.

2017 2506 2177 2560 Vsas.
2240 2509 2324 2560 l3.
2388 2536 2453 2544 -
2514 2507 2790 2571 Virginem
2855 2505 3011 2560 ducet
3062 2521 3303 2561 umorem.
3366 2507 3645 2574 (HlERON.,

1943 2597 2101 2663 epist.
2135 2595 2209 2648 ad
2236 2595 2560 2661 Fabiolam.)
2617 2595 2796 2648 Vidua
2847 2600 2928 2648 est
2987 2594 3148 2664 cujus
3195 2594 3452 2660 maritus,
3515 2600 3645 2661 etc.,

1943 2696 2113 2750 usque
2144 2681 2218 2735 ad
2249 2680 2398 2735 unde
2432 2696 2444 2734 :
2484 2682 2755 2751 Despondi
2783 2685 2922 2736 enim
2941 2698 3033 2736 vos
3063 2685 3162 2735 uni
3209 2682 3326 2736 viro
3380 2685 3647 2751 virginem

1945 2773 2170 2834 castam,
2203 2775 2306 2824 etc.

2017 2859 2161 2912 Nolo
2183 2858 2521 2927 discipulam
2545 2857 2962 2929 conjugemque
2993 2858 3280 2929 pontiﬁcis
3331 2860 3647 2931 quidquam

1942 2945 2155 3000 habere
2182 2945 2390 3000 veteris
2449 2945 2717 2999 hominis.
2750 2947 2811 3000 Si
2856 2949 3288 3000 consurreximus
3337 2964 3454 3001 cum
3484 2948 3649 3003 Chri-

170 3048 274 3087 nam
302 3035 362 3088 de
392 3048 624 3088 summo
658 3037 855 3104 postea
883 3030 1051 3098 dicet,
1077 3031 1230 3101 quod
1261 3046 1377 3084 non
1417 3029 1525 3084 nisi
1551 3031 1832 3101 virginem
1871 3039 1910 3094 C
1941 3039 2043 3102 sto,
2077 3050 2195 3104 qua:
2215 3049 2430 3089 sursum
2494 3039 2620 3088 sunt
2665 3037 2946 3103 sapiamus
3007 3035 3430 3105 praeteritorum
3463 3035 3641 3100 obliti,

167 3121 303 3176 ducat
331 3139 585 3178 uxorem.

219 3211 324 3277 Qua
350 3212 647 3281 repudiata
676 3214 773 3270 est,
821 3213 926 3263 etc.
977 3207 1124 3273 Quia
1179 3207 1480 3278 culpabilis
1546 3207 1836 3262 invenitur

165 3297 402 3355 hancnon
427 3301 599 3354 debet
651 3299 857 3352 ducere
935 3298 1196 3351 sacerdos
1249 3313 1510 3363 uxorem,
1560 3312 1665 3351 nec
1692 3312 1836 3368 pras-

167 3387 315 3443 dicere
351 3391 471 3460 ejus
522 3387 942 3442 observantiam
983 3387 1309 3440 litteralem.

219 3477 358 3532 Vens.
420 3481 471 3533 8.
539 3506 608 3518 —
660 3478 782 3533 Sint
847 3491 971 3544 ergo
1010 3478 1205 3544 sancti,
1256 3479 1362 3528 etc.
1415 3474 1472 3529 Si
1520 3474 1838 3530 sacerdotes

168 3563 322 3618 datam
344 3566 463 3636 jam
502 3565 613 3619 sibi
645 3581 675 3618 a
733 3565 846 3618 Deo
921 3562 1429 3617 sanctiﬁcationem
1485 3564 1834 3630 custodiunt,

165 3655 478 3709 sanctiﬁcant
537 3655 729 3725 ipsum
779 3655 966 3708 Deus:
1009 3653 1110 3724 qui
1155 3669 1286 3706 cum
1333 3653 1392 3706 in
1444 3658 1646 3707 natura
1703 3669 1835 3706 san-

166 3746 260 3796 ctus
285 3744 367 3812 sit,
419 3761 453 3798 a
510 3742 888 3816 participibus
921 3742 1120 3814 glorias
1177 3759 1295 3796 sum
1348 3743 1532 3796 voluit
1588 3742 1838 3796 sanctiﬁ-

169 3844 280 3885 can.

219 3920 361 3976 Vsus.
398 3925 450 3976 6.
479 3951 554 3961 —-
592 3921 902 3976 Sacerdotis
939 3922 1078 3990 ﬁlia,
1137 3925 1242 3975 etc.
1304 3921 1481 3976 Grave
1529 3925 1614 3974 est
1649 3921 1837 3992 cujus-

167 4007 276 4063 libet
317 4011 492 4066 ﬁliam
548 4010 840 4078 fornicari,
890 4010 986 4064 sed
1051 4009 1296 4063 maxime
1337 4009 1665 4077 sacerdotis,
1739 4009 1840 4081 qui

170 4094 305 4152 debet
331 4100 542 4154 habere
572 4099 722 4152 ﬁlios
753 4098 1012 4152 subditos
1062 4098 1122 4151 in
1153 4097 1310 4152 omni
1365 4098 1640 4152 castitate.

221 4187 471 4243 Scerdotis
493 4187 636 4258 ﬁlia.
686 4188 983 4258 Synagoga
1035 4203 1153 4241 non
1237 4187 1423 4240 solum
1481 4203 1638 4253 uxor,
1673 4186 1768 4240 sed
1787 4189 1843 4240 et

170 4273 245 4328 Dei
300 4277 412 4332 ﬁlia
465 4277 834 4349 appellatur;
916 4276 1014 4330 sed
1103 4283 1414 4346 utrumque
1500 4275 1837 4345 depravans,

168 4363 320 4418 aliena
345 4366 492 4420 facta
550 4371 651 4420 est.
717 4365 875 4421 Unde
912 4381 924 4419 :
995 4364 1356 4433 Relinquetur
1399 4365 1517 4434 ﬁlia
1547 4366 1676 4420 Sion
1705 4367 1844 4420 sicut

167 4453 509 4509 umbraculum
559 4457 748 4520 vineae,
803 4459 910 4510 etc.
961 4453 1086 4524 (Isa.
1123 4455 1178 4522 ι).
1238 4455 1303 4507 Et
1341 4453 1522 4508 alibi:
1556 4456 1847 4509 Fornicata

167 4546 227 4593 est
275 4550 439 4598 mater
468 4559 651 4598 eorum
683 4543 818 4613 (Osc.
883 4543 941 4613 ιι)
977 4560 989 4596 :
1037 4543 1189 4614 quod
1217 4542 1351 4613 igne
1397 4543 1471 4596 sit
1499 4548 1711 4610 exusta,
1756 4543 1842 4598 in-

167 4631 318 4684 cendii
339 4637 624 4686 monstrat
639 4631 894 4702 vestigia.

245 4719 402 4777 Vsus.
466 4723 555 4776 10.
615 4750 684 4760 -
757 4722 1032 4787 Ponti/ear,
1095 4725 1200 4774 etc.
1286 4718 1540 4773 Christus
1611 4733 1842 4787 magnus

167 4805 387 4864 Dominus
415 4814 620 4876 noster,
649 4814 699 4863 et
735 4825 934 4877 magna
977 4811 1154 4864 virtus
1211 4808 1350 4878 ejus,
1381 4807 1481 4879 qui
1535 4823 1639 4878 pro
1678 4807 1843 4861 nobis

165 4891 312 4950 factus
339 4904 424 4953 est
453 4898 721 4952 sacerdos
744 4902 802 4952 et
831 4897 1038 4952 hostia.

217 4985 547 5044 Consecratae
585 4993 731 5042 sunt.
788 4987 899 5041 Alii
971 4987 1288 5041 sacerdotes
1347 4985 1407 5040 in
1471 4985 1843 5055 sanguinevi-

167 5070 245 5125 tuli
271 5080 321 5129 et
342 5077 533 5130 arietis
582 5077 1010 5140 consecrabant,
1064 5077 1149 5129 vel
1195 5076 1690 5138 consummabant,
1735 5076 1841 5129 sci-

168 5155 286 5229 licet,
307 5180 513 5221 manus
535 5181 667 5219 suas
699 5181 712 5219 ε
745 5165 868 5236 ipse
901 5181 1033 5219 vero
1066 5164 1299 5236 proprio
1370 5163 1668 5236 sanguine,
1711 5179 1839 5218 cru-

168 5250 312 5306 ciﬁxis
333 5255 620 5310 manibus.

225 5343 540 5399 Vestimenta
568 5359 676 5398 non
695 5343 921 5408 scindet,
971 5347 1077 5399 etc.
1113 5343 1325 5414 (stca.)
1390 5343 1470 5396 Ex
1532 5357 1647 5412 quo
1685 5341 1839 5396 enim

171 5425 378 5486 Verbum
409 5450 540 5487 caro
568 5433 779 5487 factum
801 5436 908 5498 est,
973 5437 1105 5500 etc.,
1171 5447 1347 5500 usque
1412 5431 1486 5485 ad
1541 5431 1662 5486 haec
1707 5446 1840 5486 vero

171 5525 327 5575 sancta
355 5527 488 5577 sunt
520 5522 880 5577 indumenta.

224 5608 364 5667 Vens.
429 5616 516 5666 11.
587 5640 652 5651 -
700 5610 794 5666 Ad
842 5625 1048 5667 omnem
1127 5614 1423 5678 mortuum,
1455 5613 1564 5665 etc.
1621 5607 1839 5680 (Isica.)

1943 3122 2270 3177 futurorum
2302 3122 2471 3176 avidi.
2518 3121 2715 3176 Infelix
2747 3121 2941 3176 Simon
2975 3122 3072 3192 qui
3130 3127 3256 3192 post
3299 3123 3648 3192 baptismum

1946 3210 2016 3262 de
2047 3210 2284 3280 antiquo
2317 3210 2682 3264 matrimonio
2721 3210 3011 3280 cogitavit,
3047 3227 3149 3264 nec
3181 3211 3248 3264 ad
3310 3211 3650 3281 virginalem

1945 3305 2179 3352 venerat
2211 3299 2539 3368 puritatem,
2574 3299 2722 3353 Petri
2755 3299 3040 3353 consortio
3097 3299 3366 3370 indignus
3395 3300 3521 3356 fuit.

2018 3388 2176 3441 Vens.
2201 3389 2282 3442 14.
2307 3418 2373 3426 -
2397 3388 2628 3442 Viduam
2663 3393 2844 3443 autem
2870 3393 2918 3442 et
2938 3389 3309 3459 repudiatam,
3326 3393 3429 3443 etc.
3449 3389 3650 3455 (0mo.,

1947 3477 2086 3530 hom.
2125 3479 2188 3530 t2
2217 3479 2272 3530 in
2331 3477 2530 3548 Leuit.)
2581 3477 2689 3541 Qui
2726 3482 2939 3547 peccat,
3021 3478 3274 3547 abjectus
3319 3483 3440 3542 est;
3478 3478 3652 3532 etiam

1947 3564 1993 3617 si
2024 3562 2327 3633 episcopus
2365 3566 2636 3628 tacet,vel
2664 3564 3111 3634 ignorantia,vel
3145 3564 3650 3636 negligentia,non

1947 3653 2179 3724 prodest
2213 3652 2543 3723 hujusmodi
2575 3653 2758 3723 gratia
2791 3669 2805 3719 ;
2865 3653 3118 3706 animam
3173 3654 3452 3724 abjectam
3492 3653 3654 3709 Chri-

1947 3746 2066 3795 stus
2100 3755 2217 3795 non
2242 3741 2396 3795 ducit
2454 3758 2707 3807 uxorem,
2765 3758 2869 3796 nec
2925 3743 3223 3812 pollutam,
3266 3759 3394 3813 quae
3444 3742 3656 3796 scilicet

1948 3833 2172 3882 tantum
2229 3834 2525 3899 peccatum
2579 3829 2758 3883 voluit
2806 3835 2862 3884 et
2915 3832 3153 3900 optavit,
3215 3831 3350 3901 quia
3410 3846 3653 3900 magnus

1947 3918 2206 3988 pontifex
2237 3919 2476 3972 omnino
2508 3935 2712 3989 puram
2745 3919 2987 3989 requirit
3018 3919 3293 3985 animam,
3336 3935 3509 3989 quam
3543 3919 3649 3974 sibi

1943 4007 2154 4076 jungat
2209 4012 2266 4060 et
2321 4023 2502 4061 unum
2558 4007 2824 4077 spiritum
2905 4006 3129 4060 efﬁciat.
3186 4007 3293 4070 Qui
3341 4012 3537 4077 peccat
3583 4008 3656 4062 ad

1949 4101 2216 4161 mortem,
2249 4095 2504 4165 abjectus
2553 4101 2685 4161 est;
2745 4095 2844 4166 qui
2870 4094 3189 4163 venialiter,
3239 4096 3492 4166 pollutus
3547 4099 3650 4150 est.

2024 4184 2333 4252 Sordidam,
2367 4190 2470 4238 etc.
2497 4185 2634 4249 Quae
2689 4185 2844 4239 vadit
2901 4189 3026 4256 post
3077 4190 3384 4253 amatores,
3443 4183 3656 4238 scilicet

1951 4273 2261 4340 daemones,
2295 4274 2668 4344 quianimam
2700 4274 3017 4344 pulchram,
3078 4273 3134 4328 id
3189 4278 3290 4341 est,
3349 4274 3422 4328 ad
3448 4273 3651 4344 imagi-

1954 4379 2085 4416 nem
2123 4363 2223 4417 Dei
2252 4363 2479 4430 factam,
2535 4364 2856 4417 adulterare
2889 4363 3144 4433 cupiunt.

2029 4453 2189 4506 Vens.
2230 4455 2311 4506 l7.
2337 4483 2404 4490 —
2434 4453 2615 4506 Homo
2661 4452 2725 4505 de
2743 4454 2963 4518 semine,
3023 4452 3235 4523 (15mm)
3293 4453 3422 4506 Hinc
3447 4467 3657 4506 secun-

1959 4541 2097 4595 dum
2130 4541 2378 4595 litteram
2405 4545 2648 4608 tantum,
2681 4546 2811 4609 etc.,
2844 4557 3013 4610 usque
3065 4541 3139 4595 ad
3194 4541 3356 4596 valde
3381 4556 3485 4611 per
3514 4556 3652 4594 con-

1954 4630 2253 4685 tumeliam
2288 4630 2624 4700 refragatur.

2027 4720 2181 4774 Vens.
2241 4721 2329 4774 18.
2394 4747 2466 4760 -
2522 4720 2583 4775 Si
2630 4733 2794 4774 caecus
2858 4718 3056 4787 (Isrca.)
3135 4717 3351 4771 Lumen
3397 4721 3654 4772 contem-

1953 4807 2225 4878 plationis
2252 4807 2544 4878 ignorans,
2587 4807 2884 4877 prmsentis
2920 4808 3047 4860 vitae
3093 4806 3344 4860 tenebris
3403 4822 3652 4876 pressus,

1952 4895 2052 4967 qui
2079 4897 2217 4950 dum
2241 4902 2538 4950 venturam
2594 4897 2780 4950 lucem
2834 4894 3137 4965 diligenter
3183 4910 3302 4949 non
3357 4894 3656 4965 conspicit,

1952 4985 2130 5039 nescit
2161 5001 2276 5056 quo
2319 4985 2579 5056 porrigat
2634 4985 2821 5056 operis
2853 4999 3129 5053 gressum.

2020 5075 2080 5129 Si
2108 5074 2361 5129 claudus.
2420 5075 2545 5144 (1ο.)
2600 5073 2710 5137 Qui
2765 5073 2979 5126 scilicet
3031 5073 3186 5126 videt
3233 5088 3349 5143 quo
3414 5089 3655 5146 pergere

1951 5163 2174 5232 debeat,
2219 5163 2317 5216 sed
2365 5162 2698 5216 inﬁrmitate
2780 5161 2988 5215 mentis
3069 5177 3186 5216 non
3237 5167 3428 5232 potest
3471 5164 3654 5218 facere

1951 5252 2108 5322 quod
2139 5251 2444 5306 desiderat.

2022 5341 2083 5396 Si
2123 5340 2446 5409 parvo,.vet
2473 5337 2696 5405 grandi,
2755 5337 2839 5393 vel
2897 5342 3035 5393 torto
3087 5354 3236 5394 naso.
3291 5340 3418 5412 (ln.)
3479 5341 3656 5394 Parvo

1949 5447 2087 5485 naso
2118 5436 2221 5499 est,
2262 5431 2361 5502 qui
2407 5430 2475 5484 ad
2551 5429 2862 5484 tenendum
2922 5446 3248 5485 mensuram
3300 5431 3658 5485 discretionis

1948 5520 2187 5575 idoneus
2218 5536 2332 5574 non
2365 5523 2495 5574 est:
2548 5535 2686 5574 naso
2741 5519 2898 5575 enim
2955 5521 3159 5576 odores
3200 5520 3522 5592 fetoresque
3544 5519 3656 5574 dis-

1948 5608 2255 5665 cernimus.
2307 5609 2488 5664 Nasus
2546 5608 2776 5679 grandis
2801 5613 2859 5664 et
2911 5613 3119 5677 tortus,
3169 5613 3256 5662 est
3301 5607 3657 5664 discretionis
