3976 6178
288 246 393 298 359

916 243 1311 300 WALAFBIDI
1351 246 1599 301 STRABI
1640 246 1844 302 FULD.
1887 250 2055 307 MON.
2095 249 2248 306 OPP.
2293 249 2469 304 PARS
2509 251 2551 304 Ι.
2593 278 2661 286 -
2700 248 3151 305 THEOLOGICA.

3688 256 3782 308 360

285 354 664 423 immoderata
689 366 987 431 subtilitas,
1028 382 1158 437 quae
1216 367 1345 437 plus
1401 383 1575 436 quam
1632 375 1857 440 oportet
1890 372 1978 426 vel
2004 372 2052 426 Α
2161 373 2322 425 Vuas.
2372 372 2442 425 24
2477 401 2546 411 -
2577 374 2803 426 Locutus
2831 372 3155 440 estMoyses.
3191 374 3298 426 ctc.
3361 373 3538 445 Moysi
3604 375 3784 447 digni-

284 460 445 513 decet
510 470 855 519 excresccns,
915 454 1150 509 actionis
1199 456 1494 509 confundit
1557 458 1977 514 rectitudinein.

355 547 517 600 Vens.
556 547 639 599 19.
663 573 732 585 -
759 544 821 599 Si
841 546 1019 611 fracto
1067 544 1227 614 pede.
1268 544 1472 614 (lsica.)
1504 546 1612 609 Qui
1680 547 1825 601 viam
1881 550 1982 604 Dei

281 650 523 707 pergere
550 649 666 687 non
695 637 902 704 potest,
925 638 983 687 et
1038 632 1174 687 boni
1230 634 1420 703 operis
1474 650 1667 688 exsors
1730 644 1832 704 est,
1867 656 1979 691 non

282 730 346 779 ut
374 724 627 789 claudus,
663 721 763 793 qui
793 722 994 774 saltem
1020 736 1151 775 cum
1182 720 1517 776 inﬁrmitate
1550 723 1798 778 tenebat.

353 816 514 868 Vnus.
548 814 636 867 20.
669 841 739 851 —
767 810 831 866 Si
857 810 1067 876 gibbus.
1106 809 1233 880 ([0.)
1296 810 1545 864 Terrena
1600 812 1982 870 sollicitudine

282 918 511 976 pressus
540 901 612 955 ad
643 915 891 970 superna
918 915 1035 952 non
1054 899 1385 969 respiciens,
1432 899 1705 956 inferiora
1759 907 1983 958 tantum

279 990 611 1063 inspiciens.

351 1080 416 1133 Si
444 1080 648 1147 lippus.
679 1075 911 1146 Lippus,
944 1074 1104 1145 cujus
1132 1074 1430 1145 ingenium
1461 1075 1530 1129 ad
1594 1077 1982 1147 cognitionem

278 1167 533 1223 veritatis
575 1164 800 1229 emicat,
861 1164 959 1218 sed
1008 1163 1264 1234 operatio
1316 1165 1557 1217 carnalis
1606 1168 1886 1222 obscurat.
1914 1170 1983 1224 In

275 1257 449 1329 lippis
479 1255 637 1310 enim
668 1253 903 1325 pupillas
937 1267 1087 1306 sanae
1118 1257 1270 1320 sunt,
1301 1254 1399 1307 sed
1423 1254 1664 1310 humore
1695 1256 1981 1313 deﬂuente

275 1345 569 1418 palpebrm
601 1346 984 1413 grossescunt,
1044 1341 1207 1411 cujus
1244 1341 1440 1395 crebra
1498 1343 1784 1399 infusione
1831 1347 1982 1401 acies

274 1433 448 1489 etiam
484 1432 719 1502 pupillas
752 1431 998 1483 vitiatur.

342 1523 405 1578 Si
433 1522 760 1589 albuginem.
797 1520 925 1590 (Ιυ.)
956 1518 1298 1590 Albuginem
1360 1519 1529 1574 habet
1572 1521 1670 1592 qui
1730 1522 1980 1576 veritatis

270 1611 460 1665 lucem
486 1611 675 1665 videre
709 1626 825 1662 non
860 1607 1086 1674 sinitur,
1118 1609 1254 1678 quia
1312 1612 1639 1679 arrogantia
1686 1612 1978 1682 sapientiae

270 1702 618 1773 veljustitiae
648 1705 911 1754 cazcatur.
960 1697 1182 1768 Pupilla
1212 1699 1367 1753 enim
1424 1699 1590 1768 nigra
1629 1700 1797 1763 videt,
1850 1702 1980 1756 alba

267 1807 387 1846 non
406 1791 561 1845 videt
584 1806 597 1843 :
623 1789 760 1860 quia
788 1804 985 1842 sensus
1011 1787 1321 1842 humanum
1353 1789 1718 1858 cogitationis
1768 1791 1814 1843 si
1842 1792 1979 1844 stul-

267 1883 391 1933 tum
424 1896 481 1933 se
509 1879 598 1932 vel
630 1881 983 1947 peccatorem
1014 1875 1302 1946 intelligit,
1336 1876 1725 1945 cognitionem
1757 1877 1977 1932 intimae

267 1967 541 2021 claritatis
560 1966 941 2037 apprehendit
969 1980 983 2017 :
1005 1964 1053 2017 si
1070 1965 1375 2019 candorem
1390 1964 1630 2033 justitim
1654 1966 1738 2018 vel
1754 1967 1977 2035 sapien-

264 2055 359 2110 tia:
390 2055 499 2109 sibi
528 2053 808 2119 attribuit,
840 2069 875 2106 a
904 2068 1153 2122 superna
1200 2053 1528 2123 cognitione
1579 2070 1638 2107 se
1698 2054 1970 2108 excludit.

337 2145 401 2200 Si
415 2145 602 2212 jugem
621 2142 870 2196 scabiem.
903 2140 1027 2210 (10.)
1089 2139 1192 2194 Cui
1244 2141 1458 2194 scilicet
1500 2140 1815 2211 petulantia
1845 2159 1973 2196 car-

264 2231 354 2286 nis
379 2231 503 2285 sine
551 2228 866 2284 cessatione
915 2228 1240 2282 dominatur
1298 2228 1358 2282 in
1421 2236 1632 2283 mente.
1696 2232 1755 2283 ln
1788 2231 1972 2285 scabie

261 2333 512 2390 namque
542 2317 729 2372 fervor
758 2317 1038 2370 viscerum
1082 2317 1152 2370 ad
1208 2322 1396 2370 cutem
1457 2318 1726 2383 trahitur,
1775 2319 1833 2372 in
1855 2336 1969 2390 quo

259 2408 487 2474 luxuria
526 2407 806 2478 signatur,
865 2404 1001 2476 quia
1060 2405 1326 2459 similiter
1354 2405 1540 2459 cordis
1605 2407 1843 2462 tentatio
1899 2408 1967 2462 ad

258 2494 652 2566 operationem
682 2494 925 2565 prosilit.

330 2584 393 2640 Si
430 2585 798 2653 impetiginem
847 2584 906 2636 in
944 2597 1182 2652 corpore.
1248 2581 1442 2652 (Gneo.
1511 2581 1688 2649 Past.,
1742 2588 1893 2652 part.
1927 2601 1966 2649 1,

255 2688 379 2743 cap.
416 2674 528 2743 11.)
560 2671 960 2743 Impetiginem
1004 2670 1178 2724 habet
1221 2669 1279 2724 in
1324 2687 1583 2741 corpore,
1617 2677 1751 2738 etc.,
1796 2688 1968 2741 usque

254 2763 329 2818 ad
359 2762 496 2833 quia
525 2778 630 2833 per
657 2760 852 2815 omnia
884 2760 1016 2814 vitia
1062 2761 1322 2814 animum
1373 2762 1722 2831 supplantat.
1781 2762 1967 2817 Radix:

254 2855 398 2906 enim
463 2853 702 2905 omnium
728 2850 994 2904 malorum
1020 2853 1097 2903 est
1118 2848 1398 2918 cupiditas
1432 2850 1480 2919 (Ι
1529 2851 1663 2903 Tim.
1695 2849 1790 2921 vi).

2091 463 2267 515 tatem
2297 459 2704 514 commendat:
2749 459 2873 512 aliis
2929 460 3084 513 enim
3138 476 3337 531 pauca,
3396 462 3505 533 ipsi
3552 480 3682 519 vero
3710 468 3784 520 lo-

2092 548 2290 619 quitur
2314 550 2458 602 Deus
2488 547 2700 614 omnia,
2734 547 3073 617 quiajustus
3120 553 3203 602 est
3259 554 3316 604 et
3345 549 3536 622 imago
3586 553 3786 625 Christ;

2092 643 2193 690 est.
2220 639 2345 692 Non
2368 652 2597 708 quoque
2645 641 2841 689 monet
2897 635 3209 705 majoribus
3262 642 3319 691 et
3364 640 3786 710 perfectioribus

2091 726 2401 793 attendere,
2429 725 2530 797 qui
2553 724 2820 779 continue
2840 723 3109 778 fruuntur
3140 730 3356 782 aeterna
3383 728 3622 785 visione.

2766 857 2993 912 CAPUT
3021 858 3177 912 XXII.

2162 987 2321 1040 Vens.
2344 990 2397 1040 2.
2433 1016 2497 1025 —
2525 986 2785 1054 Quzipsi
2822 984 3075 1054 offerunt,
3108 990 3215 1040 etc.
3269 985 3405 1051 Quae
3463 988 3779 1044 obtulerunt

2090 1075 2303 1129 scilicet
2349 1073 2754 1143 sacerdotibus,
2811 1090 2916 1143 per
2995 1089 3090 1127 eos
3161 1074 3406 1129 Domino
3481 1077 3769 1135 otferenda.

2091 1166 2236 1219 Nota
2261 1162 2720 1218 sanctiﬁcationis
2751 1178 2930 1233 genus
2957 1163 3110 1233 quod
3132 1162 3198 1217 ﬁt
3224 1169 3353 1218 voto
3383 1169 3439 1218 et
3489 1165 3772 1222 devotione

2091 1253 2382 1307 offerentis
2413 1269 2427 1319 ;
2458 1252 2557 1306 sed
2574 1257 2765 1305 utrum
2795 1250 3059 1306 homines
3098 1252 3301 1307 eodem
3350 1254 3519 1308 modo
3576 1254 3778 1325 seipsos

2090 1341 2440 1395 sanctiﬁcare
2485 1340 2768 1409 dicantur,
2818 1356 2949 1394 cum
3004 1340 3067 1394 in
3098 1340 3291 1412 aliqua
3336 1358 3396 1397 re
3428 1342 3641 1414 seipsos
3692 1360 3777 1397 vo-

2089 1436 2244 1495 vent,
2268 1429 2683 1484 observandum
2711 1434 2811 1483 est.

2161 1521 2323 1573 Vens.
2352 1523 2404 1574 3.
2436 1549 2508 1559 —
2536 1519 2721 1575 Omnis
2772 1520 2923 1572 homo
2976 1520 3074 1587 qui
3123 1524 3426 1586 accesserit,
3471 1522 3577 1575 etc‘.
3618 1523 3781 1586 Quasi

2091 1623 2205 1661 non
2234 1607 2419 1660 solum
2469 1622 2502 1660 a
2541 1605 2857 1659 ministerio
2888 1610 2944 1660 et
2972 1606 3210 1677 mystico
3254 1607 3440 1663 ofﬁcio
3487 1610 3781 1678 abstineat,

2087 1696 2186 1750 sed
2218 1712 2322 1749 nec
2357 1699 2554 1765 tangat
2599 1711 2727 1765 quae
2764 1694 2955 1749 oblata
3006 1701 3161 1763 sunt,
3223 1697 3474 1752 mundus
3534 1699 3687 1753 enim
3715 1700 3783 1754 ad

2085 1784 2301 1839 munda
2349 1784 2518 1838 debet
2536 1783 2824 1838 accedere.

2158 1876 2316 1927 Vens.
2348 1876 2401 1928 4.
2436 1904 2503 1912 -
2550 1873 2655 1939 Qni
2703 1874 2877 1939 fuerit
2922 1873 3181 1941 leprosus,
3229 1878 3336 1928 etc.
3380 1875 3504 1929 Non
3556 1877 3786 1931 sensibi-

2083 1962 2193 2015 lem
2225 1963 2518 2031 leprosum
2549 1960 2934 2027 abominatur,
2992 1960 3094 2032 qui
3150 1963 3363 2017 invitus
3417 1965 3649 2034 patitur,
3688 1968 3785 2021 sed

2080 2050 2476 2120 spiritualem:
2541 2049 2695 2120 quod
2752 2049 2835 2104 ibi
2888 2050 3172 2121 exponit:
3226 2051 3331 2118 Qui
3394 2057 3628 2120 tetigerit
3675 2058 3784 2109 im-

2078 2139 2347 2194 mundum
2401 2154 2569 2208 super
2621 2143 2858 2206 mortuo,
2931 2139 3069 2205 sive,
3121 2139 3290 2210 juxta
3340 2142 3509 2196 LXX:
3567 2143 3784 2198 Omnem

2078 2229 2485 2283 immunditiam
2511 2230 2725 2294 animae,
2754 2229 2812 2282 id
2844 2233 2930 2282 est
2959 2235 3270 2299 peccatum.

2149 2318 2236 2371 Ea:
2263 2332 2387 2385 quo,
2428 2319 2534 2371 etc.
2570 2318 2853 2385 (Ηιειῖοδῐη
2883 2320 3041 2387 epist.
3071 2318 3147 2371 ad
3182 2318 3501 2390 Fabiolam.)
3541 2320 3598 2375 Si
3649 2323 3784 2393 quis

2078 2406 2431 2459 sacerdotum
2465 2404 2683 2459 semine
2712 2405 2973 2472 ﬂuxerit;
2996 2422 3165 2475 usque
3193 2407 3268 2461 ad
3299 2409 3510 2462 nullius
3547 2410 3785 2465 alterius

2077 2510 2236 2548 more
2271 2498 2553 2548 teneatur.

2148 2582 2311 2635 Vsus.
2375 2584 2426 2635 9.
2488 2611 2557 2621 -
2611 2582 2953 2650 Custodiam,
3011 2587 3116 2636 etc.
3190 2584 3475 2655 Praecepta
3552 2587 3785 2643 Domini

2077 2669 2527 2723 custodientibus
2553 2686 2620 2724 ea
2647 2686 2816 2724 causa
2848 2673 2981 2724 sunt
3002 2670 3434 2741 justiﬁcationis
3464 2679 3521 2727 et
3547 2675 3781 2741 salutis;

2074 2757 2627 2828 transgredientibus
2691 2776 2841 2827 vero,
2892 2760 3109 2830 peccati
3161 2766 3218 2815 et
3244 2763 3462 2831 mortis,
3495 2769 3554 2817 et
3578 2766 3783 2835 pra-ci-

2073 2846 2264 2917 puein
2297 2847 2662 2917 perceptione
2703 2854 3053 2906 sanctorum.
3112 2848 3218 2915 Qui
3288 2853 3429 2905 enim
3484 2852 3789 2908 manducat

327 2940 422 2995 γει
441 2940 739 2994 herniosus.
773 2937 906 3003 Alii,
932 2937 1283 3006 ponderosas,
1327 2938 1463 3007 quia
1518 2937 1732 2992 scilicet
1773 2938 1955 3009 turpi-
2004 2948 2044 3003 ρ
2069 2940 2120 2989 et
2149 2935 2283 2990 bibit
2310 2936 2553 3004 indigne,
2596 2936 2875 3005 judicium
2921 2937 3031 2992 sibi
3060 2938 3355 2996 manducat
3406 2944 3458 2994 et
3486 2941 3641 3007 bibit,
3666 2947 3779 2997 etc.

250 3028 510 3084 tudinem
543 3043 660 3081 non
690 3031 914 3081 exercet
943 3025 1003 3078 in
1054 3041 1247 3095 opere,
1310 3024 1410 3079 sed
1452 3024 1638 3079 adhuc
1690 3028 1960 3081 continua

252 3116 600 3188 cogitatione
629 3120 897 3185 gravatur
924 3113 983 3166 in
1014 3118 1206 3167 mente
1241 3130 1253 3167 :
1282 3112 1382 3184 qui
1410 3113 1546 3167 totis
1593 3114 1955 3185 cogitationi-

249 3204 356 3259 bus
386 3204 459 3259 ad
488 3203 774 3257 lasciviam
795 3201 1014 3268 deﬂuit,
1069 3206 1344 3273 tanquam
1399 3201 1461 3256 in
1507 3202 1673 3258 corde‘
1730 3208 1957 3275 gestans

248 3294 480 3364 pondus
505 3289 898 3362 turpitudinis.

321 3381 481 3434 Vnus.
515 3383 604 3434 2t.
631 3407 701 3418 —
769 3377 955 3433 Omnis
1013 3380 1111 3446 qui
1167 3377 1417 3432 habuerit
1467 3381 1737 3435 maculam
1787 3380 1953 3446 Quis-

248 3469 377 3541 quis
406 3467 638 3523 cuilibet
665 3467 875 3522 horum
907 3466 1176 3520 vitiorum
1234 3466 1550 3537 subjicitur,
1618 3485 1793 3539 panes
1842 3471 1952 3524 Do-

247 3557 407 3612 mino
438 3555 640 3610 offerre
684 3554 1043 3625 prohibetur,
1096 3570 1170 3608 ne
1245 3553 1432 3608 aliena
1478 3556 1684 3610 delicta
1732 3557 1953 3613 diluere

244 3662 363 3700 non
392 3646 595 3712 valeat,
622 3659 794 3716 quem
839 3643 1027 3697 adhuc
1081 3642 1316 3714 propria
1374 3643 1577 3697 delicta
1623 3645 1943 3701 devastant.

243 3736 432 3808 (AUG.,
460 3740 648 3804 quast.
682 3735 748 3788 35
777 3735 837 3788 in
859 3733 1012 3803 Lev.)
1052 3732 1256 3786 Ablata
1302 3737 1387 3786 est
1417 3733 1605 3787 omnis
1643 3733 1948 3801 dubitatio,

245 3830 376 3892 etc.,
399 3838 569 3894 usque
591 3823 666 3877 ad
696 3839 725 3875 a
758 3838 873 3893 quo
906 3821 1204 3875 incensum
1263 3836 1492 3876 necesse
1550 3827 1672 3876 erat
1700 3822 1944 3893 imponi.

316 3914 549 3985 Oportet
576 3912 923 3966 sacerdotem
975 3926 1095 3963 esse
1165 3910 1356 3963 animo
1414 3914 1472 3964 et
1518 3912 1948 3966 conversatione

240 4001 696 4069 immaculatum,
729 4015 904 4072 quem
928 3999 1074 4053 sicut
1121 4000 1300 4054 Moses
1351 3999 1657 4053 duodecim
1708 3999 1944 4056 maculi.

232 4093 403 4164 juxta
435 4092 560 4146 LXX
593 4090 875 4144 mundum
904 4104 1026 4142 esse
1059 4088 1336 4159 praicepit
1366 4104 1379 4142 :
1411 4087 1491 4141 sic
1540 4089 1748 4143 Paulus
1795 4089 1942 4143 duo-

238 4181 427 4236 decim
462 4194 798 4234 conservare
838 4193 968 4230 eum
1017 4176 1240 4231 monuit
1292 4177 1528 4231 dicens:
1596 4178 1713 4233 Non
1750 4193 1941 4248 super-

239 4270 384 4336 bum,
410 4284 518 4323 non
576 4265 920 4329 iracundum,
950 4278 1055 4318 non
1075 4265 1423 4332 vinolentum,
1455 4269 1562 4319 etc.
1610 4267 1657 4335 (I
1689 4268 1823 4322 Tim.
1858 4269 1938 4339 ιι.)

236 4358 336 4413 Est
364 4356 522 4413 enim
545 4354 647 4410 Dei
671 4353 1050 4423 dispensator,
1090 4353 1190 4424 qui
1213 4352 1484 4423 subjectis
1542 4354 1712 4408 debet
1764 4354 1941 4409 virtu-

235 4446 390 4503 tibus
417 4443 764 4516 praecellere.
793 4438 907 4495 Hoc
944 4456 1172 4512 quoque
1229 4439 1289 4494 in
1318 4440 1566 4497 Ecclesia
1594 4442 1659 4495 ﬁt
1713 4442 1757 4496 si
1808 4443 1938 4514 quis

237 4535 553 4592 maculatus
582 4529 777 4597 fuerit,
836 4534 895 4583 et
942 4529 1271 4600 paenitendo
1342 4530 1665 4597 cessaverit,
1727 4531 1938 4585 sanctis

233 4621 659 4680 communicare
716 4634 831 4673 non
891 4617 1263 4689 prohibetur:
1324 4616 1649 4671 ministrare
1721 4622 1932 4686 autem,

232 4715 323 4770 vel
349 4713 420 4768 ad
444 4709 632 4766 velum
652 4707 915 4763 accedere
945 4712 1002 4762 et
1030 4706 1100 4761 ad
1130 4705 1305 4761 altare
1334 4722 1454 4761 non
1493 4706 1649 4764 licet.
1685 4707 1935 4763 Verbum

234 4802 392 4859 enim
429 4806 487 4855 et
534 4800 710 4854 altare
766 4812 973 4869 corpus
1030 4795 1242 4850 Christi
1294 4799 1401 4865 est,
1461 4796 1614 4850 unde
1681 4797 1929 4852 Paulus:

232 4890 499 4946 Habemus
564 4889 739 4943 altare
798 4886 863 4940 de
919 4900 1024 4954 quo
1069 4884 1336 4939 comedere
1378 4900 1485 4939 non
1532 4884 1727 4939 habent
1784 4888 1932 4953 pote-

231 4983 425 5034 statem
485 4979 583 5046 qui
637 4975 979 5031 tabernaculo
1066 4972 1376 5028 deserviunt
1433 4973 1610 5043 (Hebr.
1667 4971 1806 5043 xui).
1866 4973 1935 5028 Et

230 5064 370 5122 alibi
401 5065 703 5119 :Habentes
731 5062 993 5134 ﬁduciam
1018 5063 1078 5116 in
1104 5064 1333 5116 introitu
1361 5066 1674 5117 sanctorum
1713 5064 1773 5116 in
1801 5077 1931 5116 san-

227 5157 393 5225 guine
420 5154 642 5217 Christi,
718 5168 884 5222 quam
926 5153 1172 5207 initiavit
1229 5151 1383 5206 nobis
1458 5152 1607 5205 viam
1656 5165 1851 5205 novam
1880 5155 1932 5205 et

226 5246 605 5311 viventemper
632 5242 893 5308 velamen,
942 5239 1004 5294 id
1050 5245 1129 5295 est
1160 5255 1375 5294 carnem
1442 5240 1558 5309 ejus
1616 5239 1798 5310 (Hebr.
1848 5239 1926 5311 x).

302 5334 372 5389 Et
401 5332 768 5386 contaminare
794 5343 901 5381 non
932 5328 1104 5390 debet,
1165 5332 1269 5383 etc.
1330 5328 1656 5383 Inordinate
1706 5327 1928 5399 agendo

223 5420 507 5494 populum
548 5415 983 5482 ‘scandalizent,
1033 5420 1301 5487 putantes
1364 5413 1719 5486 superﬂuum
1805 5430 1927 5470 esse.

229 5510 333 5567 Dei
359 5504 768 5574 ministerium,
802 5507 858 5561 et
881 5503 1171 5573 justitiam
1236 5508 1293 5559 et
1312 5502 1620 5575 judicium.

2092 3026 2119 3078 Ι
2147 3026 2265 3079 Cor.
2297 3041 2372 3079 χι.

2092 3026 2119 3078 Ι
2186 3040 2265 3078 or.
2297 3041 2372 3079 χι.

2068 3023 2086 3092 (
2136 3025 2297 3167 gens.
2362 3025 2446 3168 t)0.
2517 3144 2588 3153 —
2650 3116 2963 3183 Inquilinus
3016 3115 3331 3183 sacerdotis,
3380 3122 3487 3171 etc.
3554 3119 3767 3189 ([srca.)

2064 3200 2170 3265 Qui
2202 3217 2321 3255 non
2350 3218 2493 3273 pure
2523 3218 2629 3257 nec
2685 3203 2991 3273 diligenter
3048 3204 3110 3258 in
3167 3205 3410 3260 Ecclesia
3486 3215 3765 3275 versatur,

2061 3294 2338 3360 tanquam
2398 3291 2767 3361 migraturus,
2831 3291 3044 3347 scilicet
3093 3293 3292 3363 glorias
3351 3300 3451 3349 aut
3513 3303 3775 3367 quaestus

2062 3394 2251 3445 causa,
2311 3384 2589 3451 tanquam
2639 3380 3027 3435 mercenarius
3068 3388 3465 3437 memoratur:
3519 3384 3618 3454 qui
3649 3402 3774 3440 non

2050 3462 2145 3520 est
2190 3471 2401 3537 pastor,
2437 3468 2599 3539 cujus
2653 3484 2771 3521 non
2802 3473 2935 3522 sunt
2987 3485 3120 3524 oves
3164 3472 3415 3541 prOpriaa
3477 3474 3645 3542 (Joan
3686 3479 3767 3543 x):

2131 3556 2293 3609 Vens.
2336 3559 2421 3610 l2.
2454 3585 2519 3595 --
2568 3556 2808 3611 Cuil'ibet
2873 3573 2941 3611 ea:
2992 3560 3194 3628 populo
3245 3566 3441 3629 nupta.
3477 3562 3609 3632 (10.)
3638 3564 3771 3618 Non

2060 3641 2349 3696 sufﬁcitin
2376 3643 2486 3698 ﬁde
2513 3643 2721 3699 Christi
2752 3644 2962 3699 nutriri
2992 3660 3005 3700 :
3041 3662 3381 3716 permanere
3401 3655 3459 3703 et
3506 3666 3766 3707 crescere

2059 3731 2118 3783 in
2144 3746 2211 3785 ea
2234 3730 2508 3786 debemus
2544 3753 2560 3801 ;
2613 3748 2718 3786 nec
2768 3732 3223 3805 alienigenarum
3286 3736 3541 3804 cuilibet,
3588 3738 3648 3794 id
3680 3746 3772 3794 est

2058 3820 2262 3874 alienae
2292 3836 2327 3874 a
2358 3821 2472 3875 Deo
2505 3820 2804 3891 doctrinae,
2859 3823 2948 3877 vel
2982 3823 3095 3894 legi
3140 3825 3228 3878 vel
3289 3825 3497 3880 actioni
3524 3830 3766 3885 commi-

2056 3906 2200 3960 sceri
2232 3924 2245 3961 :
2276 3923 2381 3962 nec
2412 3909 2549 3980 quia
2575 3910 2643 3963 de
2699 3911 2956 3979 patribus
3012 3928 3210 3967 sumus
3266 3913 3551 3983 ﬁdelibus,
3627 3917 3760 3973 ideo

2054 3995 2124 4050 de
2154 3996 2362 4050 sanctis
2390 4013 2832 4068 praesumamus,
2865 3999 2961 4053 sed
2995 4000 3094 4055 ubi
3123 4006 3182 4055 et
3205 4000 3315 4073 ipsi
3371 4002 3572 4061 ﬁdeles
3627 4024 3754 4078 per-

2053 4083 2339 4140 sistamus.

2124 4174 2281 4229 Vsus.
2334 4176 2418 4230 14.
2450 4204 2520 4216 -
2580 4176 2690 4242 Qui
2741 4177 3035 4233 comederit
3097 4177 3165 4233 de
3212 4183 3584 4252 sanctiﬁcatis,
3642 4189 3759 4241 etc.

1972 4235 2016 4289 Β
2056 4259 2268 4333 (Isicn.)
2304 4263 2509 4319 Sancta
2559 4235 2907 4334 sanctorum,
2956 4271 3087 4334 etc.,
3110 4283 3285 4338 usque
3461 4235 3622 4326 Dnvde

2047 4351 2244 4407 lomon
2275 4369 2288 4406 :
2314 4353 2445 4410 Cum
2492 4352 2696 4409 sederis
2750 4359 2813 4408 ut
2877 4355 3124 4410 comedas
3153 4373 3271 4412 cum
3318 4362 3585 4430 principe,
3617 4362 3760 4418 diti-

2045 4444 2229 4508 genter
2256 4441 2473 4495 attende
2501 4457 2619 4511 quae
2641 4444 2825 4512 posita
2849 4447 2976 4497 sunt
2998 4448 3124 4499 ante
3151 4450 3201 4499 te
3227 4446 3404 4517 (Prov.
3437 4450 3609 4518 mu).

2113 4528 2296 4583 Addet
2337 4531 2604 4598 quintam,
2638 4535 2745 4586 etc.
2819 4531 2990 4586 LXX:
3057 4534 3237 4603 Super
3288 4537 3486 4605 ipsum.
3538 4538 3760 4603 Quinta

2043 4631 2180 4685 ergo
2211 4632 2327 4670 non
2352 4616 2601 4683 aliunde,
2626 4618 2722 4672 sed
2746 4619 2816 4673 de
2839 4618 2965 4689 ipso
3005 4624 3060 4673 et
3081 4637 3214 4676 cum
3242 4620 3386 4692 ipso,
3426 4625 3515 4679 vel
3571 4642 3758 4698 super

2041 4704 2232 4775 ipsum
2252 4705 2384 4760 addi
2409 4706 2678 4776 jubetur:
2713 4707 2806 4761 hic
2837 4712 2922 4763 est
2951 4724 3137 4764 sermo
3184 4713 3443 4781 prolatus
3496 4714 3568 4769 ab
3618 4717 3757 4789 ipso

2042 4792 2264 4847 Christo
2303 4809 2476 4865 super
2502 4795 2864 4851 Dominicum
2928 4797 3283 4869 mysterium.
3332 4801 3457 4870 Ipse
3511 4818 3618 4857 nos
3674 4807 3756 4860 ab

2038 4881 2363 4951 ignorantia
2383 4888 2656 4952 removet,
2684 4900 2788 4938 nec
2819 4887 3045 4940 carnale
3073 4887 3161 4941 vel
3184 4890 3475 4944 terrenum
3532 4892 3758 4965 aliquis

2038 4974 2219 5041 putet.
2273 4972 2371 5026 Hic
2427 4971 2570 5026 bene
2641 4973 2843 5044 quinta
2898 4975 3123 5041 dicitur,
3193 4977 3329 5048 quia
3395 4979 3632 5050 spiritus
3693 4989 3758 5038 et

2039 5074 2227 5114 sermo
2260 5076 2433 5132 quem
2460 5061 2635 5126 tradit
2663 5062 2922 5135 quinque
2951 5071 3389 5121 sensusnostros
3412 5071 3717 5142 componit
3740 5093 3759 5139 ;

2036 5164 2142 5202 nec
2171 5149 2355 5204 solum
2375 5155 2604 5220 gustum
2635 5152 2895 5222 producit
2924 5153 2995 5208 ad
3033 5156 3389 5224 mysterium,
3447 5159 3545 5214 sed
3587 5162 3764 5216 audi-

2036 5242 2160 5292 tum
2181 5242 2240 5292 et
2258 5238 2462 5307 visum,
2494 5244 2823 5311 tactumque
2854 5246 2909 5296 et
2957 5243 3280 5310 odoratum,
3335 5252 3400 5300 ut
3441 5247 3586 5303 nihil
3622 5257 3763 5306 ter-

2036 5344 2241 5383 renum
2265 5329 2335 5384 de
2363 5329 2453 5384 his
2475 5346 2606 5401 quas
2653 5344 2905 5401 superna
2952 5337 3088 5387 sunt
3132 5334 3509 5405 suspicemur.

2110 5420 2177 5472 Et
2198 5418 2357 5475 dabit
2373 5418 2642 5474 sacerdoti
2665 5422 2728 5473 in
2782 5424 3174 5478 sanctuarium.
3209 5424 3415 5498 (151cm)
3477 5427 3756 5487 Sanctiﬁ-

2033 5506 2313 5562 cationem
2344 5507 2568 5578 mystici
2623 5507 2904 5579 sacriﬁcii,
2956 5515 3069 5566 eta
3131 5513 3496 5571 sensibilibus
3551 5519 3623 5575 ad
3639 5519 3749 5574 in-
