3976 6178
164 288 230 340 361
1211 282 1465 339 GLOSSA
1501 284 1900 340 ORDINARIA.
1938 313 2006 325 —
2047 285 2181 341 LIB.
2225 284 2443 340 LEVIT.
3495 289 3600 343 362

163 402 421 474 telligibilia
440 403 869 457 translationem
897 418 1031 456 vero
1061 404 1333 459 sacerdoti
1359 411 1585 477 oportet
1607 406 1730 461 dari
1765 422 1779 460 :
1815 407 1864 463 A
1985 409 2076 462 Vel
2124 410 2280 473 tusis,
2327 412 2431 461 etc.
2492 406 2600 471 Qui
2654 406 2829 461 illatis
2878 408 3289 464 tentationibus
3336 409 3504 476 cedit,
3544 416 3599 465 et

164 494 262 564 quia
324 507 416 561 per
463 492 585 561 ejus
622 492 893 545 virtutem
952 497 1010 545 et
1062 508 1389 549 sermonem
1439 496 1789 550 sanctiﬁcata
1894 496 2102 550 anima:
2148 495 2542 550 fortitudinem
2589 495 2793 565 perdit.
2839 497 2961 550 Non
3001 497 3154 551 enim
3195 502 3420 567 oportet
3475 498 3599 553 haec

163 588 258 635 sunt
282 596 393 651 quae
414 580 694 645 videntur,
730 584 791 634 ut
820 596 1020 634 omnes
1055 582 1330 637 excedant
1377 600 1604 637 sensus.
1896 584 2031 655 pati,
2102 601 2207 637 nec
2264 584 2463 638 cedere
2532 584 2685 637 hosti
2755 584 3054 655 aftligenti.
3128 586 3332 641 Unde:
3391 586 3598 655 thuid

212 670 345 722 Vens.
381 671 460 721 l5.
494 699 561 705 —
588 670 854 722 Filiorum
888 669 1073 722 Israel.
1110 669 1360 723 Fidelem
1391 672 1667 742 p0pulum
1714 671 1793 725 si—
1898 674 2071 726 tristis
2121 672 2328 736 incedo,
2370 672 2499 725 dum
2546 669 2751 739 afﬂigit
2796 687 2879 725 me
2928 673 3181 727 inimicus
3228 673 3396 742 (Psal.
3445 673 3599 745 xu)?

163 759 360 829 gniﬁcat,
414 756 511 827 qui
564 773 669 826 per
713 757 822 809 hoc
869 756 1204 826 mysterium
1264 759 1442 812 Deum
1501 759 1699 814 videt:
1736 765 1794 814 et
1967 761 2308 828 Ablatisque.
2353 759 2497 823 Quia
2544 776 2659 813 una
2707 760 2929 813 actione
2975 777 3151 830 prava
3199 762 3365 831 quasi
3406 764 3591 817 cultro

164 847 431 917 quicunque
466 846 577 899 Deo
606 850 899 898 consecrat
942 844 1003 897 in
1033 844 1397 899 Dominicum
1428 847 1793 915 sacriﬁcium,
1899 847 2150 917 seipsum
2181 847 2465 901 abscindit
2496 864 2529 900 a
2555 848 2957 918 conjunctione
2988 848 3108 915 Dei,
3134 849 3388 919 privatus
3434 851 3596 921 prole

162 941 310 988 sancta
345 939 665 987 sanctorum
698 938 852 999 sunt,
884 932 1019 1002 quia
1050 948 1117 986 ex
1145 934 1225 986 eis
1255 934 1558 989 conﬁcitur
1587 952 1796 1006 corpus
1900 936 2120 989 virtutis
2148 940 2204 989 et
2246 935 2423 1006 signis
2471 935 2755 990 virilitatis
2792 953 2805 990 :
2841 936 2986 992 alter
3016 936 3169 991 enim
3200 941 3284 991 est
3322 938 3422 1009 qui
3461 955 3600 1009 pau-

163 1022 338 1077 Christi.
368 1023 489 1091 Ipse
511 1022 665 1075 enim
687 1027 771 1075 cst
795 1021 1065 1091 primitiae
1088 1027 1298 1076 nostra:
1326 1024 1745 1094 conspersionis
1778 1040 1791 1078 :
1899 1024 2063 1078 latim
2081 1023 2413 1077 conteritur.

159 1112 254 1165 ideo
277 1115 407 1164 recte
436 1126 505 1163 ex
533 1110 739 1164 nostris
779 1110 1039 1162 subsistit
1066 1110 1362 1179 primitiis.
1974 1113 2135 1166 Vens.
2175 1115 2261 1167 27.
2294 1142 2365 1153 —
2410 1114 2511 1167 Bos
2540 1115 2654 1167 ovis
2692 1117 2742 1166 et
2778 1128 2971 1181 capra.
3021 1112 3234 1184 (151cm)
3266 1114 3441 1168 Mater
3470 1130 3595 1168 om-

211 1200 349 1253 Vsus.
390 1202 469 1252 t7.
502 1227 572 1236 —
600 1199 828 1252 Locutus
855 1202 933 1251 est
984 1200 1259 1264 Dominus,
1290 1204 1393 1252 etc.
1426 1198 1637 1271 (ἰδίω.)
1674 1201 1797 1255 Non
1902 1201 2066 1254 nium
2100 1205 2303 1253 natura
2333 1204 2435 1267 est,
2469 1204 2593 1261 etc.,
2621 1216 2789 1269 usque
2811 1201 2886 1255 ad
2910 1202 3059 1255 unde
3096 1201 3366 1257 Salomon
3401 1218 3414 1256 :
3449 1205 3598 1256 Ante

156 1289 297 1341 solum
316 1286 645 1351 sacerdotes,
663 1291 794 1351 etc.,
823 1286 1077 1355 usquead
1106 1287 1271 1341 aliter
1290 1288 1445 1341 enim
1474 1300 1590 1342 non
1624 1289 1799 1343 susci-
1904 1294 2125 1344 mortem
2150 1304 2255 1343 non
2280 1289 2467 1343 laudes
2488 1290 2754 1343 hominem
2786 1289 2978 1359 (Eccli.
3011 1291 3108 1356 χι).

157 1378 321 1446 pietur.
1978 1378 2138 1431 Vens.
2197 1380 2286 1431 28.
2364 1379 2581 1433 —Non
2627 1378 3071 1433 immolabantur.
3114 1379 3328 1449 (ῐειεει.)
3389 1379 3597 1450 Legale

211 1465 342 1517 Vens.
376 1465 455 1517 t8.
489 1493 559 1501 —
590 1464 756 1516 Homo
781 1461 845 1516 de
873 1461 1027 1516 domo
1052 1463 1248 1528 Israel,
1277 1466 1382 1518 etc.
1414 1463 1499 1517 Ad
1526 1463 1799 1517 litteram-
1905 1466 2111 1536 pascha
2150 1464 2451 1535 signiﬁcat,
2505 1465 2641 1536 quia
2672 1466 2791 1519 haec
2834 1466 3048 1536 Moyses
3079 1466 3138 1519 in
3165 1466 3255 1519 die
3308 1466 3594 1536 paschatis

160 1568 364 1623 quoque,
408 1551 452 1604 si
487 1551 692 1604 offeras
732 1551 933 1604 bovem
967 1552 1051 1604 vel
1086 1567 1248 1605 ovem
1287 1557 1386 1605 aut
1420 1568 1671 1622 capram,
1703 1557 1802 1606 aut
1907 1553 2142 1607 tradidit
2181 1552 2534 1607 immolanda
2570 1553 2799 1621 ludatis,
2840 1554 3073 1607 dicens:
3125 1555 3432 1608 Immolabis
3486 1571 3597 1624 pa-

159 1640 328 1710 aliquid
378 1638 725 1708 hujusmodi,
790 1638 1175 1692 sacerdotibus
1242 1639 1527 1709 primitias
1591 1639 1798 1704 dando,
1832 1687 1871 1712 ο
1908 1644 2038 1695 scha
2096 1643 2325 1695 Domino
2382 1644 2483 1696 Deo
2532 1647 2652 1707 tuo;
2685 1657 2821 1705 oves,
2869 1647 2983 1696 etc.
3042 1642 3229 1712 (Deut.
3283 1644 3440 1711 xv1):
3491 1644 3601 1697 hoc

158 1729 223 1780 vel
261 1743 523 1797 pauperes
571 1725 874 1797 pascendo,
929 1726 1018 1779 vel
1067 1726 1257 1780 divina
1312 1727 1551 1781 aediﬁcia
1586 1727 1801 1781 consti-
1833 1725 1872 1741 ”
1914 1729 2122 1799 pascha
2148 1730 2435 1783 celebrare
2458 1746 2570 1783 non
2598 1734 2834 1800 possunt
2854 1730 2954 1801 qui
2980 1746 3178 1784 verum
3210 1735 3597 1801 susceperunt.

161 1817 351 1880 tuendo,
384 1815 469 1869 vel
517 1814 737 1885 aliquid
769 1814 918 1884 quod
963 1812 1251 1882 pertineat
1279 1814 1348 1867 ad
1391 1814 1579 1885 ipsum
1623 1817 1802 1869 Deum
1985 1820 2102 1873 Una
2133 1818 2241 1883 die,
2273 1823 2377 1873 etc.
2414 1818 2537 1888 (Ιο.)
2568 1818 2711 1882 Quia
2742 1824 2902 1873 vetus
2940 1820 3148 1889 pascha
3176 1825 3403 1889 tempus
3433 1835 3603 1873 suum

159 1903 375 1956 iaciendo
401 1903 547 1973 (ideo
580 1902 735 1955 enim
773 1901 1168 1954 holocaustum
1203 1902 1458 1971 dicitur),
1498 1902 1802 1973 impolluta
1840 1934 1857 1955 ι
1910 1905 2131 1971 habuit,
2174 1910 2304 1971 etc.,
2358 1922 2527 1974 usque
2556 1907 2630 1960 ad
2662 1922 2676 1961 :
2716 1908 2781 1961 In
2819 1907 3062 1961 crastino
3098 1907 3381 1961 Christum
3412 1908 3602 1961 cruci-

159 1992 213 2043 sit
243 1988 350 2044 hard
394 1990 645 2056 oblatio;
683 2007 794 2043 non
844 1996 1037 2043 tamen
1089 1990 1462 2060 pollutionem
1521 1992 1801 2057 nominat,
1910 1994 2176 2047 ﬁxerunt.

160 2085 204 2132 ut
227 2079 561 2149 spiritualem
594 2078 982 2148 intelligamus
1014 2078 1391 2149 pollutionem
1445 2095 1574 2150 quae
1610 2085 1695 2133 est
1739 2096 1803 2134 ex

160 2118 982 2178 ...truncam...-.........g..........
1014 2118 1391 2179 ponamus...
1445 2118 1574 2150 qm...
1611 2118 1695 2133 ......
1739 2118 1802 2134 ω.
2548 2118 2775 2172 CAPUT
2814 2118 2999 2172 XXIII.

160 2183 338 2236 rapina,
378 2172 679 2238 injustitia,
711 2173 950 2221 avaritia
973 2172 1027 2220 et
1052 2166 1403 2236 hUJusmodi.

213 2257 348 2310 Vsus.
411 2260 499 2311 2t.
554 2286 615 2296 —
674 2258 843 2311 Homo
900 2257 997 2324 qui
1042 2255 1312 2321 obtulerit,
1372 2261 1477 2310 etc.
1542 2256 1807 2326 Praecipit
1984 2256 2142 2309 Vens.
2191 2261 2340 2310 1.-
2368 2257 2463 2310 Hae
2527 2261 2653 2310 sunt
2698 2258 2851 2322 ferite
2880 2258 3116 2311 Domini.
3150 2256 3360 2326 (ISICH.)
3388 2257 3448 2312 Si
3479 2257 3607 2311 sub-

158 2344 462 2399 oblationem
493 2345 698 2415 populi
746 2344 1022 2398 mundam
1067 2359 1235 2397 esse:
1297 2344 1559 2416 adjungit
1610 2346 1807 2416 quales
1913 2344 2090 2398 tiliter
2146 2344 2401 2398 attendas
2448 2344 2770 2414 praesentia,
2803 2348 2933 2411 etc.,
2975 2359 3142 2413 usque
3177 2345 3253 2398 ad
3304 2345 3609 2416 requiescit

157 2432 362 2486 ministri
390 2433 639 2487 debeant
676 2449 796 2487 esse
823 2437 877 2486 et
906 2432 1131 2486 oﬁ'erre.
1915 2433 2144 2487 sabbato
2175 2431 2541 2503 intelligibili.

209 2523 556 2589 Paciﬁcorum,
591 2526 696 2575 etc.
732 2520 868 2584 Quae
919 2522 1143 2574 valeant
1186 2521 1257 2575 ad
1306 2522 1545 2575 salutem
1598 2527 1655 2576 et
1704 2539 1807 2592 pa-
1984 2522 2149 2578 Vens.
2171 2523 2221 2575 4.
2254 2523 2420 2575 -Ηκ
2438 2526 2721 2588 suntergo.
2756 2521 2874 2575 Non
2891 2521 3316 2587 Domino,sicut
3340 2520 3464 2575 aliae
3486 2537 3610 2575 om-

158 2626 293 2664 cem:
343 2612 446 2665 etsi
504 2626 618 2664 non
669 2609 852 2681 possit
909 2610 1156 2681 perfecte
1208 2610 1622 2681 philosophari,
1665 2611 1811 2665 sicut
1916 2626 2036 2674 nes,
2065 2610 2160 2663 sed
2189 2609 2414 2663 Domini
2447 2609 2696 2679 proprie,
2733 2608 2940 2678 quibus
2974 2609 3135 2662 hoste
3162 2609 3382 2663 devicto
3429 2625 3609 2679 genus

157 2699 233 2768 qui
256 2700 435 2752 omnia
472 2698 732 2769 reliquit,
782 2697 881 2769 qui
941 2698 1127 2752 studet
1165 2698 1479 2769 virginitati
1517 2704 1574 2753 et
1617 2699 1811 2769 hujus-
1916 2699 2235 2753 humanum
2255 2698 2507 2763 salvavit,
2541 2703 2594 2751 et
2624 2697 2994 2767 acaptivitate
3028 2698 3252 2752 reduxit
3282 2698 3486 2764 (Exod.
3522 2697 3604 2767 ιι).

159 2788 299 2841 modi.
319 2789 480 2843 Stella
508 2790 650 2840 enim
679 2787 916 2855 differta
943 2787 1099 2840 stella
1113 2789 1171 2840 in
1194 2787 1442 2840 claritate
1463 2787 1512 2857 (Ι
1528 2787 1657 2856 lCor.
1690 2789 1804 2858 xv).
1990 2787 2149 2840 Vsus.
2184 2788 2270 2839 56.
2323 2816 2394 2824 —
2438 2784 2855 2850 Quartadecima
2894 2786 3001 2851 die,
3038 2790 3145 2840 etc.
3182 2786 3394 2855 (131cm)
3424 2786 3608 2839 Inter-

211 2878 348 2930 Veas.
377 2879 445 2930 22
482 2906 557 2917 —
602 2876 661 2931 Si
687 2891 885 2930 caecum
914 2877 1106 2941 fuerit,
1140 2879 1244 2929 etc.
1276 2875 1383 2939 Qui
1431 2876 1606 2929 Deum
1641 2876 1813 2946 igno-
1919 2889 2187 2943 rogemus
2226 2873 2467 2934 Iudaeos,
2502 2876 2634 2939 etc.,
2666 2886 2835 2941 usque
2863 2871 2937 2925 ad
2982 2872 3042 2925 in
3088 2888 3202 2944 qua
3256 2874 3467 2944 pascha
3512 2888 3609 2927 no-

158 2969 225 3016 rat
265 2966 377 3036 ejus
431 2964 838 3031 ministerium,
903 2980 1006 3017 nec
1072 2963 1197 3017 aliis
1266 2969 1453 3034 potest
1498 2981 1809 3035 exponere;
1843 2963 1883 3019 C
1921 2968 2100 3015 strum
2132 2961 2461 3014 immolatus
2492 2965 2575 3014 est
2601 2959 2876 3026 Christus,
2912 2964 3019 3014 etc.

156 3054 279 3107 unde
317 3056 458 3108 circa
504 3070 565 3107 se
608 3059 666 3107 et
702 3053 850 3106 circa
892 3052 1054 3118 alios,
1104 3055 1160 3106 et
1201 3052 1348 3105 circa
1406 3053 1810 3118 ministerium,
1993 3051 2165 3104 Phase
2206 3051 2421 3103 Domini
2470 3054 2547 3102 est
2580 3088 2593 3102 .
2637 3048 2781 3111 Quia
2804 3064 3004 3118 passus
3035 3053 3117 3103 est
3166 3048 3466 3117 Dominus,
3497 3064 3613 3104 non

156 3143 474 3213 negligenter
514 3142 654 3212 agit.
694 3141 882 3196 Unde:
916 3140 1106 3195 Videte
1141 3143 1395 3209 quoniam
1421 3157 1597 3196 omnes
1636 3144 1812 3196 nesci-
1923 3154 2056 3192 mox
2104 3142 2363 3208 tempora
2400 3137 2602 3201 ﬁnivit,
2656 3137 2751 3191 sed
2801 3136 3072 3208 reliquias
3100 3137 3423 3192 novissimae
3454 3138 3612 3192 horae

155 3237 330 3298 terunt,
390 3233 637 3286 universi
699 3244 855 3284 canes
917 3231 1077 3295 muti,
1132 3245 1239 3284 non
1303 3231 1539 3285 valentes
1610 3232 1814 3285 latrare
1923 3230 1981 3280 et
2032 3225 2369 3297 vespertinas
2398 3225 2652 3295 reliquit,
2710 3225 2862 3279 utin
2912 3241 3147 3280 omnem
3180 3231 3393 3279 terram
3450 3230 3615 3280 exeat

158 3319 258 3385 (lsa.
295 3319 417 3388 va).
1923 3331 2094 3369 sonus
2137 3329 2337 3368 eorum
2387 3314 2548 3384 (Psal.
2596 3314 2777 3383 xvui),
2821 3314 3034 3368 scilicet
3087 3315 3501 3385 apostolorum,
3559 3320 3617 3368 et

208 3408 260 3462 Si
296 3411 559 3477 fractum.
612 3406 758 3462 Pede
784 3404 871 3459 vel
930 3420 1103 3459 manu
1137 3421 1150 3458 :
1202 3404 1364 3475 cujus
1406 3405 1551 3459 actio
1601 3405 1815 3460 scilicet
1922 3406 1985 3460 in
2011 3405 2156 3459 ﬁnes
2186 3404 2340 3459 orbis
2370 3409 2537 3459 terrae
2557 3405 2730 3458 verba
2759 3420 2979 3459 eorum.
3016 3404 3101 3458 Ad
3132 3420 3432 3475 vesperum
3464 3422 3615 3476 quo-

155 3496 220 3548 vel
243 3496 493 3551 voluntas
538 3495 744 3549 debilis
773 3498 857 3547 est
885 3494 971 3547 vel
1020 3493 1276 3561 distorta,
1318 3511 1436 3548 non
1479 3500 1563 3549 est
1607 3494 1815 3565 dignus
1924 3509 2058 3563 que,
2110 3493 2196 3546 vel
2226 3492 2285 3546 in
2315 3508 2548 3564 vespere
2587 3491 2797 3559 medio,
2830 3492 3039 3562 pascha
3068 3493 3366 3563 proprium
3396 3508 3614 3563 praeve-

154 3584 302 3639 salute
330 3591 384 3639 et
414 3583 595 3639 sacris
627 3582 921 3636 altaribus.
1926 3581 2087 3635 niens
2108 3596 2333 3634 crucem
2373 3596 2536 3634 suam
2566 3581 2891 3645 celebravit,
2921 3579 3057 3651 quia
3088 3596 3261 3651 super
3283 3581 3614 3652 mysticum,

207 3673 259 3727 Si
307 3676 634 3729 cicatricem.
698 3672 1089 3725 Detractorem
1135 3675 1270 3724 nota
1302 3688 1315 3726 :
1352 3671 1631 3743 pessimus
1660 3671 1816 3726 enim
1924 3684 2124 3723 verum
2156 3669 2363 3739 pascha
2393 3668 2684 3738 discipulis
2714 3667 2969 3721 tradidit.
3009 3668 3131 3722 Nox
3160 3684 3295 3739 ergo
3324 3674 3445 3723 erat
3491 3669 3615 3740 jam

154 3759 223 3815 hic
249 3764 499 3817 moribus
555 3766 613 3815 et
654 3758 1033 3830 asperrimum
1064 3759 1270 3813 vulnus
1324 3776 1441 3813 non
1468 3759 1630 3814 facile
1662 3760 1815 3814 miti-
1926 3757 2155 3827 quando
2185 3757 2374 3820 Judas,
2407 3760 2635 3826 accepta
2682 3755 2957 3821 buccella,
2988 3756 3060 3810 ad
3110 3756 3468 3826 prodendum
3527 3773 3618 3811 ex-

153 3854 309 3917 gatur.
1924 3846 2069 3900 ivit:
2122 3843 2385 3916 sequenti
2431 3844 2522 3897 die
2569 3844 2779 3914 pascha
2827 3843 3153 3913 complevit.
3208 3845 3365 3898 Unde
3417 3844 3620 3915 quinta

207 3940 261 3994 Si
302 3941 568 4011 papulas.
626 3938 753 3992 LXX
794 3952 808 3990 :
862 3937 1105 4003 linguam
1155 3938 1429 3991 incisam:
1477 3935 1577 4007 qui
1607 3936 1818 3990 scilicet
1927 3932 2146 3988 decima
2178 3933 2269 3986 die
2299 3931 2591 4002 legislator
2628 3932 2773 3985 hanc
2799 3930 3159 3985 festivitatem
3207 3931 3527 3999 constituit,
3560 3938 3619 3988 et

153 4035 355 4098 propter
384 4027 685 4084 sordidam
723 4025 895 4079 vitam
930 4023 1181 4095 perdidit
1219 4024 1460 4079 docendi
1517 4024 1814 4093 ﬁduciam;
1927 4020 2345 4076 solemnitatem
2374 4035 2707 4090 azymorum
2733 4018 3081 4089 praedicavit.

150 4118 275 4171 unde
297 4118 509 4172 David:
549 4116 825 4170 Peccatori
854 4113 1001 4167 dixit
1030 4113 1179 4167 Deus
1216 4129 1229 4166 :
1269 4114 1450 4179 Quare
1479 4117 1537 4167 tu
1592 4128 1817 4167 enarras
1998 4110 2158 4163 Vsus.
2210 4111 2261 4162 6.
2327 4137 2389 4149 —
2448 4108 2658 4176 Septem
2712 4106 2918 4172 diebus,
2967 4110 3072 4160 etc.
3122 4105 3180 4161 Si
3229 4121 3360 4160 vero
3408 4107 3619 4177 pascha

138 4204 358 4269 justitias
395 4206 589 4261 meas?
630 4209 737 4257 etc.
769 4204 935 4273 (Psal.
968 4202 1150 4273 χιιι.)
1857 4255 1898 4273 ἢ
1927 4196 2211 4252 celebrare
2270 4196 2552 4261 volumus,
2607 4199 2826 4266 septem
2877 4194 3098 4264 diebus,
3151 4194 3211 4249 id
3261 4197 3348 4250 est
3370 4197 3633 4266 semper,

199 4294 430 4349 Scabiem
478 4294 567 4348 vel
595 4293 1005 4362 (impetiginem.
1070 4290 1396 4344 Fornicator
1444 4290 1816 4361 signiﬁcatur,
1857 4255 1901 4311 Β
1927 4286 1997 4340 ab
2030 4284 2188 4339 omni
2234 4284 2454 4339 malitia
2492 4283 2675 4355 azymi
2725 4298 2846 4338 esse
2874 4283 3169 4354 debemus,
3199 4287 3255 4339 et
3292 4284 3538 4339 maxime
3587 4302 3620 4340 a

147 4382 225 4449 qui
251 4385 499 4437 maculat
532 4396 743 4451 corpus
782 4395 971 4433 suum.
1023 4379 1157 4444 Quis
1199 4381 1348 4434 enim
1389 4381 1719 4445 fornicatur,
1761 4381 1822 4434 in
1927 4374 2160 4430 Iudaico
2220 4388 2437 4427 errore.
2504 4372 2665 4427 Unde
2711 4371 2793 4425 ait
2837 4373 3182 4442 Apostolus:
3224 4374 3345 4430 Non
3399 4376 3456 4427 in
3500 4374 3620 4439 fer-

148 4484 309 4541 corpus
337 4488 499 4526 suum
526 4470 793 4540 peccatu
820 4470 952 4522 Cor.
986 4468 1084 4538 v1).
1926 4465 2100 4517 mento
2143 4462 2310 4515 veteri
2349 4474 2520 4527 neque
2559 4461 2618 4512 in
2665 4460 2925 4523 fermento
2954 4460 3178 4514 malitia
3234 4465 3284 4515 et
3336 4463 3613 4531 nequitia,

199 4562 303 4616 Non
356 4561 601 4630 oﬂ'eretis
629 4574 693 4611 ea
747 4558 996 4611 Domino.
1048 4556 1171 4611 LXX
1224 4572 1236 4609 :
1274 4557 1389 4612 Non
1435 4555 1655 4625 offerent
1713 4556 1821 4611 hac
1927 4549 2022 4604 sed
2043 4551 2103 4602 in
2125 4550 2333 4617 azymis
2361 4549 2691 4602 sinceritatis
2722 4552 2772 4601 et
2801 4549 3049 4602 veritatis
3071 4548 3119 4618 (Ι
3135 4549 3253 4605 Cor.
3288 4550 3373 4621 v).

149 4648 338 4703 Domino
370 4650 557 4703 :tales
598 4646 756 4700 enim
812 4645 1129 4699 ministerio
1168 4645 1363 4699 altaris
1414 4661 1531 4698 non
1584 4648 1717 4698 sunt
1746 4644 1820 4698 of-
2000 4639 2163 4691 VEns.
2213 4641 2269 4690 7-
2317 4665 2390 4676 —
2434 4636 2598 4691 Omne
2644 4650 2798 4704 opus,
2845 4642 2950 4690 etc.
3003 4637 3113 4701 Qui
3166 4637 3307 4702 facit
3342 4640 3621 4706 peccatum

145 4735 351 4793 ferendi.
384 4735 746 4793 Sacriﬁcium
799 4734 1171 4804 paciﬁcorum
1200 4750 1316 4787 non
1344 4734 1498 4788 addit
1535 4733 1679 4787 sicut
1719 4750 1813 4786 su-
1926 4741 2114 4781 servus
2138 4729 2215 4779 est
2250 4726 2462 4794 peccati
2516 4725 2686 4795 (Joan.
2721 4725 2861 4794 vni).
2916 4724 3041 4777 Non
3082 4723 3355 4777 debemus
3410 4726 3621 4778 servire

147 4827 328 4892 perius,
375 4832 441 4880 ut
471 4826 547 4879 de
582 4823 859 4877 ministris
901 4822 1094 4876 altaris
1126 4823 1235 4876 hoc
1267 4821 1379 4875 dici
1429 4822 1821 4891 intelligamus
1927 4818 2183 4883 Ρθοοειῐο,
2229 4828 2359 4866 cum
2405 4812 2613 4883 P350113
2642 4812 3016 4877 09181311111103,
3065 4811 3126 4865 in
3156 4828 3270 4882 quo
3302 4828 3335 4866 ἃ
3389 4817 3621 4883 Ρθοεᾶῐο

148 4914 223 4983 qui
249 4916 655 4970 holocaustum
708 4910 917 4965 debent
946 4926 1083 4977 esse,
1120 4915 1174 4964 et
1203 4910 1377 4964 vitam
1429 4911 1736 4981 perfectam
1767 4914 1822 4964 et
1928 4901 2189 4956 liberaVit
2217 4901 2492 4956 Christus.

150 5009 581 5058 consummatam
630 5016 818 5071 agere.
856 5000 1006 5053 Aure
1034 5003 1083 5052 et
1137 4998 1313 5053 cauda
1362 5001 1681 5069 amputatis,
1713 5004 1816 5053 etc.
1999 5000 2223 5061 Servile,
2287 5003 2389 5053 etc.
2464 5000 2585 5053 Non
2652 4972 2935 5067 permit'tit
2982 5012 3151 5067 agere
3199 4996 3448 5067 servilia,
3495 4998 3622 5054 aliis

150 5092 266 5147 ture
294 5095 635 5163 amputatus
667 5094 769 5155 est,
803 5087 904 5159 qui
955 5087 1291 5141 iuobediens
1322 5092 1427 5157 est,
1486 5087 1587 5158 qui
1631 5088 1819 5142 verbis
1927 5087 2126 5142 diebus
2148 5086 2356 5157 quibus
2390 5102 2492 5139 nos
2524 5084 2840 5156 prohibuit,
2875 5084 3025 5138 unde
3058 5084 3250 5138 subdit
3282 5101 3295 5138 :
3330 5086 3425 5140 sed
3480 5086 3621 5143 olfe-

152 5183 375 5250 turpibus
406 5181 752 5246 delectatur,
784 5178 935 5230 bona
966 5181 1279 5230 aversatur.
1928 5176 2067 5231 retis
2096 5174 2438 5229 sacriﬁcium
2476 5173 2537 5226 in
2576 5175 2708 5243 igne
2744 5172 3008 5227 Domino.

208 5269 542 5335 Voluntarie,
578 5271 681 5321 etc.
728 5265 877 5320 Talis
908 5265 1062 5319 enim
1110 5266 1199 5319 vel
1230 5264 1499 5319 mandata
1530 5268 1819 5335 operatur,
2003 5265 2162 5319 Vens.
2220 5265 2272 5317 8.
2336 5292 2404 5301 —
2462 5262 2821 5331 Sacri/icium,
2882 5266 2995 5315 etc.
3068 5262 3193 5317 LXX
3235 5277 3248 5315 :
3316 5261 3623 5319 holocauto-

154 5358 192 5406 et
222 5356 417 5411 dicitur
462 5356 608 5419 bos;
659 5354 743 5408 vel
792 5352 1037 5423 simplex
1080 5357 1186 5420 est,
1236 5356 1291 5405 et
1339 5350 1454 5405 ovis
1480 5352 1818 5422 appellatur.
1929 5356 2099 5416 mata,
2149 5351 2248 5405 ubi
2292 5348 2554 5404 innuitur
2587 5348 2740 5419 quod
2788 5348 2857 5402 ad
2893 5348 3159 5403 omnibus
3199 5364 3419 5404 cessare
3463 5350 3628 5419 jubet

156 5441 253 5499 ldeo
280 5462 394 5501 non
428 5444 677 5501 omnino
727 5442 1114 5507 adversamur,
1155 5444 1256 5494 aut
1300 5439 1362 5493 in
1389 5445 1548 5509 parte
1595 5439 1816 5494 inimici
1931 5439 2255 5503 servilibus;
2305 5443 2584 5510 praeterea
2614 5453 2729 5492 non
2771 5438 2957 5492 solum
2997 5438 3262 5509 primam,
3306 5439 3404 5493 sed
3450 5445 3508 5493 et
3544 5454 3629 5493 se-

158 5532 479 5603 deputamus,
508 5534 784 5587 docemus
812 5535 869 5584 et
889 5530 1281 5603 exhortamur.
1926 5529 2170 5599 ptimam
2216 5527 2557 5595 nominavit,
2590 5532 2655 5582 ut
2703 5531 2879 5582 totam
2913 5528 3428 5598 comprehenderet
3453 5529 3627 5583 vitam

477 5607 761 5672 PATBOL.
809 5602 1026 5668 CXIII.
3046 5688 3049 5691 ν
3193 5607 3273 5662 12
