4038 6180
407 293 511 352 363

1155 291 1546 346 WALAFRIDI
1590 291 1836 345 STRABI
1874 291 2075 346 FULD.
2118 290 2279 345 MON.
2321 289 2494 344 PARS
2536 288 2575 340 Ι.
2655 317 2686 325 -
2724 284 3188 341 THEOLOGICA.

3795 286 3899 339 364

408 413 745 479 humanam,
786 411 922 483 quia
967 410 1215 478 initium,
1264 413 1386 466 haec
1440 411 1593 477 ﬁnis,
1646 412 1707 464 in
1738 428 1853 483 quo
1911 411 2104 465 omnia
2133 417 2177 469 Α
2214 409 2521 479 perfectam
2592 407 2952 461 divinitatem
3006 409 3062 459 et
3113 404 3425 475 perfectam
3481 403 3899 458 humanitatem

406 506 645 572 possunt
673 499 1103 570 comprehendi.

482 591 643 643 νεεδ.
678 594 761 643 11.
796 618 867 629 -
895 590 1080 643 Altero
1102 587 1207 641 die.
1246 585 1435 640 Potuit
1455 586 1643 640 dicere
1686 584 1930 640 secunda
1960 599 2096 653 azy-

409 694 683 731 morum:
739 693 809 730 ne
867 676 936 730 ad
971 681 1304 746 sequentem
1345 674 1494 729 diem
1554 678 1809 727 nostram
1866 672 2100 727 duceret

409 764 813 830 intentionem,
847 764 1056 818 scilicet
1086 764 1143 817 in
1186 763 1497 817 crastinum
1530 762 1751 833 primas,
1809 760 1973 829 dixit,
2016 759 2095 812 al-

409 859 529 907 tera
585 852 677 906 die
746 852 1071 923 signiﬁcans
1120 852 1593 905 resurrectionem
1642 866 1772 922 quae
1830 847 2096 904 successit

409 940 679 1012 passioni,
711 939 857 993 sicut
893 940 1012 993 dies
1042 938 1175 993 diei.

482 1030 650 1082 Vens.
711 1031 798 1083 1'2.
829 1059 898 1068 —
942 1030 1123 1096 Atque
1152 1030 1211 1081 in
1252 1027 1429 1081 eodem
1486 1027 1591 1082 die.
1628 1023 2096 1084 Resurrectionis,

412 1116 470 1170 id
499 1120 600 1178 est,
635 1114 963 1169 evelationis
1000 1114 1302 1185 manipuli,
1343 1114 1400 1168 id
1431 1119 1536 1182 est,
1576 1114 1804 1184 quando
1843 1127 2099 1166 resurre-

410 1204 661 1259 ctionem
692 1203 1062 1269 celebramus,
1097 1202 1374 1257 dominici
1404 1201 1665 1256 sacriﬁcii
1695 1199 1951 1256 oblivisci
1982 1214 2099 1254 non

414 1293 707 1356 debemus,
746 1307 814 1345 ex
838 1308 952 1362 quo
981 1295 1066 1344 est
1094 1290 1440 1360 manipulus.

484 1382 648 1434 Vnus.
692 1383 778 1435 l3.
816 1408 888 1418 —
916 1382 1043 1433 Duae
1073 1378 1303 1431 decimae.
1340 1379 1577 1448 Oportet
1595 1377 1751 1432 enim
1776 1377 2103 1448 perfectam-

412 1469 831 1524 humanitatem
862 1472 916 1522 et
948 1467 1257 1537 perfectam
1284 1466 1638 1520 divinitatem
1670 1467 1731 1519 in
1754 1482 1934 1520 unum
1965 1481 2099 1518 con-

416 1557 641 1612 venire:
685 1558 745 1610 in
777 1557 924 1620 oleo,
965 1555 1024 1608 id
1058 1559 1162 1619 est,
1196 1571 1298 1625 per
1326 1571 1450 1608 eam
1485 1570 1657 1625 quam
1688 1555 1838 1608 circa
1866 1570 1972 1607 nos
2000 1553 2099 1606 ha-

416 1645 542 1699 buit
568 1643 1053 1709 misericordiam;
1094 1643 1172 1696 sic
1198 1642 1350 1696 enim
1381 1642 1719 1696 sacriﬁcium
1750 1642 1891 1696 odor
1917 1639 2103 1695 suavi-

417 1734 548 1788 tatis
589 1732 829 1785 Domino
859 1731 1168 1799 invenitur,
1201 1730 1247 1784 si
1279 1746 1406 1801 quae
1437 1731 1506 1784 de
1538 1746 1605 1785 eo
1633 1730 1806 1801 digna
1835 1734 1967 1784 sunt
2013 1729 2103 1782 in-

415 1821 748 1890 telligimus.
1950 1838 1953 1839 ν

486 1909 623 1962 Liba
670 1921 896 1976 quoque.
933 1907 1068 1960 Ecce
1118 1904 1496 1977 intelligibilis
1545 1906 1760 1961 oblatio
1815 1905 2103 1961 Melchise-

414 1996 575 2061 dech,
608 2012 737 2066 qua:
765 1995 825 2048 in
857 2011 1004 2064 pane
1038 1998 1095 2047 et
1131 1995 1261 2048 vino
1292 1994 1588 2064 perﬁcitur
1618 1996 1776 2063 (Gen.
1806 1996 1946 2062 xxv);
1972 1994 2105 2049 inde

418 2090 620 2155 quarta
653 2100 784 2154 pars
815 2082 950 2136 hinc
998 2082 1255 2148 offertur,
1312 2089 1377 2135 ut
1406 2098 1509 2153 per
1561 2088 1824 2153 quartam
1884 2087 2107 2153 partem

418 2170 743 2240 evangelica
773 2168 1031 2223 doctrina
1052 2168 1440 2239 signiﬁcetrtr;
1475 2184 1577 2239 per
1604 2168 1939 2222 libationcm
1970 2183 2105 2221 vero

419 2274 605 2312 sermo
656 2256 1008 2325 Dominicus,
1063 2274 1177 2328 quo
1214 2257 1340 2311 ait:
1382 2259 1481 2311 Hic
1521 2261 1599 2312 est
1641 2258 1866 2323 sanguis
1936 2253 2101 2319 meus,

416 2348 513 2416 qui
535 2362 635 2415 pro
675 2347 862 2400 multis
898 2344 1204 2414 effundetur
1255 2348 1316 2399 in
1344 2347 1711 2399 remissionem
1759 2350 2107 2417 peccatorum

418 2434 641 2503 (Matth.
671 2443 838 2495 mm).

484 2520 646 2572 Vens.
714 2519 796 2573 14.
860 2547 922 2556 -
964 2520 1181 2572 Panem.
1240 2517 1460 2571 Oblatio
1505 2516 1875 2589 praesentium
1925 2517 2105 2571 dono-

414 2621 566 2668 rum,
610 2620 739 2675 quae
788 2610 871 2657 est
925 2603 1132 2657 Christi
1180 2604 1540 2674 mysterium,
1591 2604 1975 2658 reconciliavit
2004 2621 2108 2658 nos

416 2693 548 2758 Deo,
575 2697 632 2746 et
662 2691 852 2745 cibum
888 2691 1227 2761 praeparavit
1259 2708 1499 2747 novum.

490 2782 775 2835 Potentam.
820 2779 945 2834 LXX
981 2797 993 2833 :
1028 2776 1199 2853 χίδρα
1223 2782 1328 2843 νέα,
1375 2779 1433 2834 id
1482 2784 1566 2834 est
1612 2786 1731 2835 sata
1775 2797 1921 2835 nova
1960 2786 2110 2835 tosta

414 2885 527 2922 non
550 2867 985 2933 manducabitis,
1008 2868 1095 2921 vel
1122 2868 1384 2921 manibus
1410 2868 1656 2922 contrita
1674 2874 1731 2922 et
1752 2869 2061 2923 emundata
2086 2884 2099 2922 :

416 2956 496 3009 sic
546 2956 701 3010 enim
749 2951 939 3029 χίδρα,
997 2956 1212 3020 chidra,
1289 2955 1388 3009 alii
1441 2954 1912 3027 interpretantur,
1973 2956 2176 3029 quiac

415 3044 622 3099 Christi
647 3049 933 3115 precepta
970 3044 1250 3098 actionem
1299 3048 1357 3098 et
1400 3044 1807 3098 correctionem
1839 3050 2109 3115 quaerunt

391 3130 630 3204 (Matth.
664 3136 759 3201 ιι).

484 3222 640 3275 Vens.
686 3224 769 3274 16.
824 3250 892 3259 ——
942 3220 1356 3287 Quinquaginta
1397 3220 1533 3279 dies,
1580 3224 1632 3273 et
1678 3223 1778 3289 sic,
1804 3225 1913 3274 etc.
1972 3220 2107 3274 Haec

415 3308 535 3363 dies
582 3307 877 3361 Dominica
925 3313 1032 3374 est,
1079 3307 1140 3359 in
1196 3324 1309 3376 qua
1360 3309 1687 3361 Pentecoste
1743 3306 2104 3361 festivitatem

416 3395 787 3462 celebramus,
814 3410 988 3465 quam
1018 3395 1199 3448 Judaei
1222 3410 1327 3447 nec
1357 3395 1668 3449 secundum
1700 3394 1972 3464 litteram,
2005 3412 2107 3449 nec

416 3483 729 3537 secundum
762 3482 1026 3552 spiritum
1044 3483 1352 3549 celebrant,
1387 3484 1487 3554 qui
1514 3499 1618 3536 nec
1642 3484 1762 3536 dies
1793 3483 2107 3536 secundum

416 3572 602 3641 legem
628 3574 953 3623 numerant.

488 3658 734 3727 Oﬂ’eretis
769 3674 964 3712 novum
992 3659 1345 3727 sacriﬁcium,
1389 3674 1602 3712 novum
1634 3675 1749 3712 non
1778 3663 1958 3724 vetus,
1990 3674 2108 3712 non

414 3749 704 3801 smculare.
734 3746 1049 3801 Adveniens
1079 3745 1362 3817 siquidem
1403 3746 1645 3816 Spiritus
1702 3751 1883 3800 totam
1921 3745 2096 3800 vitam

415 3836 723 3889 humanam
756 3826 1067 3899 renovavit,
1105 3834 1241 3905 quia
1272 3834 1479 3889 Christi
1517 3835 1939 3890 institutionem
1971 3853 2105 3890 con-

416 3923 684 3992 ﬁrmavit,
731 3929 788 3978 et
832 3924 964 3977 vita:
1006 3924 1501 3977 conﬁrmationem
1545 3924 1605 3977 in
1660 3924 1770 3977 illis
1819 3924 2104 3994 perfecit:

414 4013 587 4076 unde,
628 4015 699 4066 De
716 4028 829 4065 meo
857 4014 1083 4080 accipiet
1111 4016 1161 4065 et
1184 4012 1535 4065 annuntiabit
1572 4012 1721 4067 vobis
1750 4011 1933 4081 (Joan.
1967 4015 2102 4083 xvi).

414 4100 543 4154 Ideo
576 4116 692 4153 non
719 4100 776 4153 in
807 4100 916 4153 alia
945 4100 1035 4154 die
1063 4099 1310 4165 advenit,
1358 4100 1457 4154 sed
1488 4100 1546 4154 in
1606 4117 1720 4171 qua
1766 4101 2105 4155 resurrectio

2210 499 2394 563 docet,
2441 512 2547 550 nec
2597 496 2760 549 aliter
2802 497 3041 565 possunt
3092 492 3261 563 coqui
3311 491 3425 546 nisi
3466 507 3572 562 per
3599 494 3774 546 talem
3806 492 3901 546 do-

2203 586 2466 640 ctrinam.

2275 674 2443 727 Vans.
2486 674 2549 727 18
2580 702 2651 711 -
2678 671 2888 740 Septem
2928 685 3115 738 agnos.
3166 671 3274 724 Pro
3305 675 3523 739 septem
3556 669 3722 724 donis
3772 669 3898 733 Spi-

2208 760 2348 814 ritus
2387 759 2587 825 sancti,
2629 774 2758 830 quaa
2790 764 2949 813 vocat
2978 774 3174 828 agnos,
3208 757 3344 828 quia
3378 757 3625 828 Spiritus
3677 763 3901 812 sanctus

2209 864 2386 903 unum
2429 853 2515 902 est
2552 863 2682 901 cum
2723 845 2968 911 Christo,
3012 846 3081 900 de
3112 862 3225 916 quo
3267 848 3543 916 scriptum
3585 851 3717 900 est:
3779 850 3898 901 Ecce

2206 952 2379 1004 agnus
2420 939 2531 997 Dei,
2577 950 2687 988 ecce
2735 936 2832 1003 qui
2879 934 3019 988 tollit
3046 939 3268 1002 peccata
3313 933 3526 996 mundi,
3576 933 3697 987 ideo
3749 950 3895 988 nemo

2201 1029 2378 1095 potest
2418 1024 2596 1077 dicere
2641 1024 2894 1076 Dominus
2940 1022 3129 1089 Jesus,
3194 1023 3307 1075 nisi
3353 1023 3411 1074 in
3454 1023 3664 1090 Spiritu
3708 1027 3887 1076 sancto

2209 1114 2393 1182 (Joan.
2455 1128 2501 1175 ις
2525 1113 2548 1165 1
2570 1111 2688 1166 Cor.
2724 1111 2841 1179 xu).

2278 1202 2350 1256 Et
2407 1203 2600 1253 arietes
2654 1199 2806 1252 duos.
2841 1197 3059 1262 Quibus
3097 1196 3365 1251 inimicus
3412 1198 3737 1252 ventilatur.
3770 1199 3893 1252 llaec

2208 1293 2341 1341 sunt
2369 1287 2667 1359 superiora
2718 1286 3003 1351 mandata,
3053 1290 3109 1339 et
3134 1286 3391 1349 virtutes.
3431 1302 3573 1356 quas
3629 1285 3758 1339 aliae
3811 1302 3895 1339 se-

2210 1381 2467 1446 quuntur
2507 1380 2570 1428 ut
2606 1391 2760 1442 oves,
2803 1374 2959 1427 verbi
2991 1374 3216 1444 gratia:
3257 1374 3408 1428 Vade
3439 1378 3489 1427 et
3531 1374 3698 1427 vende
3727 1377 3902 1427 omnia

2209 1480 2328 1533 qua"
2357 1464 2540 1527 habes,
2564 1468 2613 1516 et
2634 1462 2706 1516 da
2722 1462 3055 1531 pauperibus
3086 1461 3301 1531 (Matth.
3328 1463 3429 1529 Ix).

2282 1553 2413 1607 Cum
2462 1552 2786 1617 libamentis,
2836 1549 3127 1613 etc..Quze
3176 1552 3308 1602 sunt
3338 1548 3572 1602 scientia
3623 1552 3679 1602 et
3718 1564 3905 1603 corre-

2214 1639 2355 1708 ctio;
2403 1638 2597 1692 unde:
2658 1641 2762 1692 Deo
2811 1642 2989 1690 autem
3017 1639 3251 1702 gratias,
3296 1638 3394 1705 qui
3418 1635 3631 1690 odorem
3669 1638 3904 1689 scientiae

2212 1741 2322 1780 sua:
2362 1728 2679 1793 manifestat
2712 1740 2811 1794 per
2847 1739 2961 1790 nos,
3000 1725 3134 1793 quia
3176 1725 3391 1778 Christi
3429 1723 3595 1779 bonus
3634 1723 3768 1778 odor
3821 1738 3910 1777 su-

2212 1828 2352 1879 mus,
2385 1818 2490 1866 etc.
2517 1813 2588 1881 (ιι
2619 1814 2737 1868 Cor.
2772 1812 2853 1881 ll).

2288 1902 2448 1955 Vens.
2504 1903 2592 1956 19.
2650 1929 2721 1942 -—
2772 1902 3015 1968 Duosque
3044 1913 3231 1966 agnos,
3280 1902 3385 1953 etc.
3435 1898 3698 1953 Mandata
3751 1898 3913 1968 pacis

2215 1994 2272 2042 et
2300 1987 2713 2052 sanctimonim,
2754 1988 2944 2041 unde:
3002 1988 3193 2042 Pacem
3229 1988 3520 2055 sequimini
3574 2001 3694 2040 cum
3736 1986 3914 2039 omni-

2216 2077 2312 2131 bus
2342 2083 2393 2131 et
2420 2078 2854 2141 sanctimoniam,
2893 2080 3001 2129 etc.
3031 2075 3205 2145 (Heb.
3238 2075 3360 2145 xu).
3417 2073 3551 2128 Haec
3584 2074 3720 2145 quia
3745 2090 3917 2143 apos-

2216 2164 2416 2219 stolico
2448 2180 2710 2218 sermone
2737 2163 2887 2217 dicta
2921 2168 3072 2229 sunt,
3123 2162 3385 2233 praecipit
3410 2162 3602 2216 offerri
3648 2179 3779 2216 cum
3808 2178 3915 2232 pa-

2217 2253 2385 2307 nibus
2412 2253 2818 2323 primitiarum,
2861 2252 2957 2324 qui
2984 2251 3301 2306 doctrinam
3332 2250 3537 2305 Christi
3561 2250 3916 2320 signiﬁcant.

2219 2342 2376 2396 Unde
2406 2341 2469 2394 in
2499 2340 2869 2411 sequentibus
2900 2356 2913 2394 :
2948 2342 3182 2408 Cumque
3208 2341 3498 2393 etevaverit
3546 2354 3630 2393 eos
3654 2339 3917 2393 sacerdos

2218 2445 2338 2484 cum
2364 2428 2605 2499 panibus
2626 2431 3005 2497 primitiarum
3031 2427 3216 2498 (Joan.
3247 2428 3319 2497 χ).

2287 2518 2448 2570 Vrsas.
2509 2518 2598 2570 ‘20.
2655 2546 2722 2555 —
2761 2516 2958 2571 Cedent
2986 2518 3045 2569 in
3093 2532 3269 2578 usum,
3317 2521 3422 2569 etc.
3469 2515 3535 2568 In
3580 2530 3748 2569 usum
3788 2516 3926 2585 ejus

2220 2603 2544 2669 sacerdotis,
2579 2603 2638 2657 id
2664 2608 2767 2669 est,
2798 2603 3020 2668 Christi,
3058 2604 3159 2673 qui
3188 2609 3272 2657 est
3316 2604 3574 2657 sacerdos
3619 2609 3819 2657 noster
3868 2608 3930 2657 et

2220 2691 2498 2746 Dominus
2527 2694 2722 2745 noster
2754 2708 2766 2744 :
2805 2690 2984 2761 ipsius
3034 2696 3168 2744 sunt
3204 2708 3380 2761 panes
3417 2690 3811 2761 primitiarum
3866 2699 3930 2745 et

2219 2781 2355 2849 agni
2383 2779 2802 2845 mandatorem,
2834 2779 2955 2848 ipse
2984 2779 3043 2831 in
3068 2779 3241 2832 Paulo
3264 2779 3622 2849 loquebatur,
3653 2778 3770 2849 ipse
3802 2795 3931 2833 om-

2221 2869 2316 2921 nia
2345 2884 2474 2939 quas
2510 2868 2660 2921 dicta
2688 2874 2821 2921 sunt
2850 2868 3093 2934 obtulit;
3123 2868 3345 2938 primus
3391 2883 3590 2938 pacem
3620 2866 3932 2938 discipulis

2217 2956 2590 3021 annuntiavit,
2625 2960 2681 3009 et
2725 2956 3158 3010 sanctimoniam
3195 2956 3518 3021 custodivit,
3568 2956 3715 3009 sicut
3765 2957 3929 3011 San-

2217 3050 2338 3099 ctus
2370 3049 2714 3098 sanctorum.

2284 3134 2445 3186 Vens.
2478 3135 2565 3186 21.
2596 3162 2668 3172 -—
2715 3131 3139 3188 Celeberrimum.
3174 3133 3238 3186 In
3283 3147 3399 3203 quo
3449 3132 3705 3203 gentium
3739 3148 3928 3187 voca-

2213 3221 2293 3275 tio
2341 3237 2457 3274 non
2516 3220 2689 3274 modo
2729 3220 3001 3291 praedicta
3048 3224 3153 3284 est,
3201 3221 3299 3275 sed
3347 3220 3620 3291 impleta:
3673 3222 3928 3291 quando

2215 3309 2410 3362 Parthi
2457 3313 2516 3362 et
2569 3308 2720 3363 Medi
2750 3314 2806 3362 et
2838 3308 3112 3375 Elamitae,
3148 3313 3204 3363 et
3233 3313 3454 3362 cetera:
3482 3315 3683 3379 gentes
3712 3310 3933 3363 audie-

2214 3403 2347 3450 runt
2375 3398 2662 3467 apostolos
2692 3398 2992 3467 loquentes
3022 3396 3194 3450 variis
3222 3397 3435 3467 linguis
3464 3396 3754 3466 magnalia
3810 3397 3933 3451 Dei

2216 3485 2369 3555 (Act.
2403 3486 2487 3555 ιι).

2286 3573 2444 3626 Vens.
2493 3573 2585 3625 '22.
2631 3602 2700 3611 --
2748 3573 3066 3641 Postquam,
3116 3577 3222 3627 etc.
3273 3572 3480 3627 Eadem
3532 3573 3795 3643 superius
3843 3576 3941 3629 di-

2212 3659 2357 3713 xisse
2400 3660 2641 3726 videtur,
2697 3660 2794 3713 sed
2852 3660 2933 3713 ibi
2974 3676 2987 3713 :
3047 3662 3166 3716 Non
3216 3661 3549 3730 complebitis
3596 3664 3933 3717 missionem

2212 3753 2478 3813 vestram;
2541 3746 2632 3800 hic
2676 3751 2869 3813 autem
2939 3749 3068 3802 ait:
3122 3750 3240 3804 Non
3308 3750 3512 3803 secabis
3568 3765 3685 3803 eam
3739 3766 3938 3819 usque

2215 3835 2290 3888 ad
2316 3837 2507 3901 solum,
2566 3841 2623 3889 et
2679 3835 3061 3890 differentiam
3104 3835 3298 3891 innuit
3329 3837 3455 3908 ipsa
3496 3838 3739 3892 mutatio
3782 3856 3933 3893 ver—

2214 3922 2419 3976 borum
2434 3965 2446 3977 .

2285 4011 2521 4079 Segetem
2570 4016 2745 4078 terra,
2791 4016 2897 4065 etc.
2954 4012 3433 4080 Conversationis,
3485 4014 3645 4083 cujus
3697 4016 3935 4068 messio

2212 4105 2339 4171 post
2397 4100 2870 4154 resurrectionem
2917 4101 3144 4167 Christi,
3194 4106 3251 4155 et
3301 4102 3610 4156 adventum
3660 4101 3940 4172 Spiritus

411 4188 540 4256 fuit,
572 4194 628 4241 et
666 4188 890 4241 oblatus
942 4188 1271 4257 manipulus
1328 4188 1722 4259 iutelligibilis,
1759 4194 1821 4243 ut
1849 4190 2109 4244 ostendat
2144 4251 2181 4261 __
2215 4189 2414 4255 sancti,
2443 4205 2560 4242 non
2586 4194 2781 4243 tamen
2813 4205 3044 4243 omnem
3071 4189 3386 4258 scientiam,
3417 4207 3589 4261 quam
3617 4190 3674 4244 in
3705 4193 3931 4246 futuro

412 4277 548 4346 quia
608 4292 758 4329 nova
808 4277 1162 4329 conversatio
1212 4277 1625 4330 resurrectione
1652 4278 1860 4332 Christi
1904 4283 1961 4332 et
2006 4278 2103 4331 ad-
2143 4251 2189 4305 Ῑ)
2215 4293 2413 4330 sumus
2459 4277 2726 4345 habituri,
2787 4278 2960 4331 tradit
2996 4279 3233 4332 verbum
3263 4278 3704 4350 praedicationis.
3765 4280 3947 4335 Sunt

416 4370 583 4418 ventu
617 4363 859 4434 Spiritus
878 4364 1056 4417 sancti
1088 4365 1339 4434 perfecta
1354 4369 1458 4417 est.

481 4453 643 4506 Vnus.
682 4456 766 4506 17.
799 4482 867 4491 -
902 4452 1239 4506 Habitacutis
1273 4454 1486 4517 vestris,
1519 4457 1623 4506 etc.
1653 4452 1796 4516 Quia
1825 4459 1910 4508 est
1937 4453 2102 4508 habi-

411 4542 660 4596 taculum
692 4539 1063 4610 praecipuum,
1096 4539 1164 4593 de
1198 4556 1311 4610 quo
1344 4540 1551 4593 dicitur
1583 4557 1595 4593 :
1637 4542 1793 4595 Beati
1821 4544 1918 4610 qui
1955 4542 2106 4596 habi-

414 4633 532 4682 tant
572 4630 630 4681 in
668 4627 822 4681 domo
867 4633 980 4690 tua,
1028 4630 1249 4682 Domine
1303 4630 1471 4697 (Psal.
1530 4630 1753 4700 Lxxxn).
1804 4630 1872 4684 Et
1912 4630 2050 4685 alibi
2086 4648 2098 4684 :

416 4718 586 4769 Unam
613 4716 751 4786 petii
792 4732 827 4769 a
860 4717 1112 4784 Domino,
1144 4717 1282 4770 hanc
1336 4719 1631 4785 requiram,
1679 4724 1740 4772 ut
1785 4718 2098 4785 inhabitem,

411 4811 514 4858 etc.
546 4805 721 4875 (Psat.
761 4807 933 4874 xxvi).

481 4895 650 4946 Panes
696 4893 1096 4961 primitiarum.
1139 4891 1362 4946 Primus
1404 4893 1558 4947 enim
1606 4894 1881 4948 Dominus
1922 4896 2100 4949 Evan-

411 4980 626 5049 gelium
665 4996 796 5033 cum
835 4981 961 5049 lege
992 4981 1226 5049 perfecit
1256 4986 1313 5035 et
1334 4980 1542 5035 docuit.
1574 4982 1831 5037 Audistis
1864 4986 1995 5052 quia
2014 4983 2101 5037 di-

411 5072 554 5120 ctum
589 5074 668 5122 est
714 5071 958 5137 antiquis
987 5086 1003 5122 :
1036 5072 1156 5125 Non
1201 5070 1404 5124 occides
1440 5086 1452 5123 :
1483 5071 1597 5138 Ego
1635 5076 1815 5124 autem
1858 5071 1977 5125 dico
2008 5087 2101 5125 vo-

412 5154 530 5208 bis:
564 5154 748 5209 Omnis
796 5158 895 5224 qui
933 5159 1195 5211 irascitur
1222 5157 1400 5224 fratri
1429 5173 1549 5227 suo,
1580 5148 1704 5214 reus
1753 5161 1857 5213 erit
1888 5159 2100 5228 judicio
2156 5226 2163 5231 _

411 5243 627 5311 (Matth.
662 5244 716 5312 ν)
751 5260 764 5297 :
808 5244 941 5297 hinc
997 5246 1151 5298 enim
1213 5246 1399 5317 legem
1449 5247 1746 5317 conjunxit
1776 5247 2095 5317 Evangelio.

410 5329 781 5486 HincMLuca;
821 5331 945 5385 ait:
993 5333 1118 5398 Qua
1172 5336 1329 5403 caepit
1358 5335 1524 5389 Jesus
1580 5337 1761 5401 facere
1798 5340 1850 5389 et
1890 5334 2096 5402 docere,

410 5419 512 5468 etc.
619 5420 689 5469 ct.
723 5432 739 5469 ι
774 5456 786 5469 .

410 5419 512 5468 etc.
548 5419 689 5469 (Act.
723 5419 786 5469 ι).

479 5504 561 5558 De
604 5504 816 5561 duabus
844 5505 1082 5572 decimis,
1116 5513 1222 5563 ctc.
1279 5511 1355 5563 De
1398 5510 1654 5565 doctrina
1682 5509 1915 5577 scilicet,
1965 5527 2094 5582 quae

2214 4364 2370 4419 enim
2415 4381 2545 4435 quae
2576 4382 2728 4418 nunc
2758 4381 2876 4419 non
2912 4371 3155 4436 possunt
3200 4365 3364 4421 nobis
3405 4367 3645 4421 revelari
3682 4369 3940 4436 (Matth.

2210 4454 2350 4520 vni),
2382 4452 2538 4513 unde
2566 4452 2627 4507 in
2670 4452 2959 4522 praedictis
2987 4454 3388 4509 festivitatibus
3421 4455 3570 4509 hanc
3600 4456 3789 4525 legem
3828 4457 3944 4511 in-

2211 4541 2514 4609 terposuit.

2281 4629 2619 4697 Pauperibus
2667 4633 2719 4682 et
2754 4631 3078 4698 peregrinis.
3114 4630 3239 4685 LXX
3292 4634 3570 4701 :pauperi
3618 4636 3669 4685 et
3711 4648 3945 4701 prose-

2212 4717 2343 4785 lyto,
2384 4716 2441 4771 id
2489 4722 2573 4770 est
2602 4717 2847 4791 Christo,
2882 4717 2982 4788 qui
3029 4734 3141 4771 non
3182 4718 3385 4771 habuit
3415 4718 3514 4772 ubi
3542 4724 3713 4789 caput
3744 4722 3947 4776 recli—

2210 4809 2395 4869 naret,
2438 4810 2496 4858 et
2539 4807 2599 4858 in
2624 4808 2853 4874 propria
2880 4808 3045 4873 venit,
3073 4811 3123 4859 et
3150 4809 3239 4860 sui
3268 4822 3387 4860 eum
3414 4822 3519 4860 non
3569 4817 3946 4875 receperunt.

2210 4892 2315 4946 Hic
2344 4894 2493 4947 solos
2524 4892 2796 4964 intelligit
2825 4894 2926 4965 qui
2979 4900 3310 4962 remanent;
3356 4896 3509 4949 unde
3551 4910 3565 4948 :
3598 4895 3641 4949 0
3666 4895 3956 4954 altitudo

2207 4984 2487 5050 sapientia:
2550 4987 2600 5036 et
2653 4985 2889 5036 scientiae
2942 4985 3037 5036 Dei
3100 4999 3264 5052 quam
3336 4983 3955 5052 incomprehensibilia

2207 5075 2335 5123 sunt
2354 5069 2576 5138 judicia
2598 5072 2735 5139 ejus,
2766 5076 2816 5123 et
2845 5071 3243 5139 investigabitcs
3272 5075 3373 5126 viae
3405 5071 3551 5140 ejus!
3587 5073 3761 5140 (Rom.
3818 5078 3959 5144 ιι.)

2280 5159 2444 5212 \‘ans.
2477 5160 2563 5212 24.
2595 5189 2664 5197 -
2722 5160 2897 5214 Mense
2940 5163 3163 5229 septimo
3196 5164 3378 5230 prima
3415 5162 3503 5215 die
3546 5163 3767 5216 mensis.
3820 5164 3959 5218 Se-

2207 5247 2502 5318 ptenarius
2540 5249 3093 5304 consummationem
3139 5251 3223 5304 vel
3263 5250 3564 5321 specialem
3604 5250 3689 5303 vel
3735 5266 3967 5321 gene-

2207 5336 2386 5389 ralem
2438 5335 2739 5407 signiﬁcat.
2807 5337 2946 5392 llinc
3003 5339 3149 5393 Deus
3196 5338 3288 5393 die
3334 5338 3580 5410 septimo
3619 5340 3970 5409 requievit

2205 5425 2365 5495 (Gen.
2405 5424 2493 5493 n);
2537 5430 2595 5478 et
2622 5441 2725 5479 sua
2767 5426 2964 5497 requie
2987 5432 3242 5482 nostram
3274 5426 3646 5500 signiﬁcavit;
3696 5430 3891 5486 unde
3940 5454 3959 5491 :

2207 5514 2316 5578 Qui
2338 5516 2617 5579 ingressus
2645 5520 2721 5568 est
2754 5517 2809 5568 in
2844 5516 2993 5571 illam
3022 5519 3282 5587 requiem,
3312 5519 3577 5588 requievit
3604 5517 3671 5570 ab
3703 5526 3959 5586 operi-
