4038 6180
204 268 303 319 363

1339 266 1593 321 GLOSSA
1630 265 2033 321 0RDINARIA.
2075 296 2144 304 —
2185 268 2313 321 LIB.
2361 268 2583 323 LEVIT.

3598 277 3699 329 366

204 383 292 436 bus
320 386 455 449 suis,
486 385 625 437 sicut
652 384 795 437 Deus
821 400 855 436 a
882 386 997 437 suis
1029 384 1191 453 (Heb.
1224 386 1319 453 1v).
1354 385 1587 439 Initium
1609 401 1740 439 vero
1764 402 1893 439 cun—
1920 390 1969 442 A
2007 387 2289 440 cntionem
2319 386 2619 457 signiﬁcat,
2653 403 2781 458 quae
2812 386 3064 441 consistit
3103 403 3172 441 ex
3198 390 3470 459 pressenti
3497 391 3615 446 vita
3642 398 3698 446 et

206 471 597 524 summationis
625 475 973 539 temporum,
1006 472 1281 525 adventus
1313 472 1541 525 Domini
1572 479 1675 539 est,
1700 473 1886 527 unde:

206 561 397 621 Fitioli,
439 561 732 613 novissima
770 561 902 612 hora
949 564 1028 613 est
1069 560 1117 630 (Ι
1160 564 1317 614 Joan.
1368 566 1448 625 11).
1506 562 1620 614 Hoc
1666 567 1893 631 tempus

206 649 451 718 appellat
499 648 745 717 primam
801 648 1031 717 septimi
1077 650 1309 713 mensis,
1353 649 1499 702 sicut
1543 649 1892 719 principium

206 735 705 788 consummationis
729 735 895 788 nobis
920 736 1090 788 etiam
1114 736 1341 806 requies
1362 742 1467 802 est,
1491 754 1636 807 quos
1658 738 1724 790 ab
1757 754 1892 807 ope-

206 824 357 876 ribus
397 823 564 876 malis
600 839 819 876 cessare
864 823 1019 888 fecit,
1050 831 1105 877 et
1137 840 1168 876 a
1200 824 1343 894 jugo
1393 825 1550 894 gravi
1593 825 1890 889 liberavit;

206 912 389 964 unde:
442 913 625 965 Venite
658 911 731 964 ad
774 927 874 978 me,
922 927 1098 965 omnes
1134 914 1232 979 qui
1277 913 1559 981 laboratis,
1600 918 1650 967 et
1687 915 1896 966 onerati

199 1002 349 1064 estis,
390 1005 521 1065 etc.,
553 1005 603 1052 et
640 1000 831 1053 discite
857 1016 891 1052 a
928 1016 1010 1053 me
1051 1003 1183 1068 quia
1221 1004 1370 1054 mitis
1407 1016 1526 1055 sum
1573 1006 1623 1055 et
1676 1002 1895 1055 humilis

201 1088 375 1153 corde,
401 1093 449 1139 et
468 1089 749 1141 invenietis
772 1089 1010 1155 requiem
1031 1089 1315 1141 animabus
1345 1091 1534 1143 vestris
1555 1090 1770 1159 (Matth.
1796 1090 1891 1159 x1).

269 1176 653 1243 Clangentibus
685 1176 845 1229 tubis.
887 1176 1031 1239 Quia
1064 1177 1335 1244 praedicat
1366 1178 1669 1231 Salvatoris
1698 1194 1893 1231 resur-

202 1266 537 1329 rectionem,
571 1280 699 1334 quze
732 1264 1065 1319 memoriale
1098 1269 1182 1317 est
1212 1266 1494 1335 generalis
1528 1266 1895 1319 resurrectio-

203 1352 304 1414 nis,
343 1368 473 1421 quae
512 1352 827 1405 secundum
872 1353 1211 1422 Apostolum
1252 1354 1360 1407 erit
1397 1354 1457 1407 in
1486 1371 1622 1408 voce
1656 1356 1894 1408 archan-

202 1441 332 1508 geli,
370 1446 427 1493 et
454 1439 513 1492 in
542 1441 680 1493 tuba
703 1441 824 1506 Dei,
856 1444 960 1494 etc.

274 1529 435 1582 Vens.
456 1530 544 1582 25.
561 1559 630 1567 —
650 1530 812 1583 Omne
832 1545 963 1598 opus
982 1531 1174 1584 servile
1192 1545 1297 1583 non
1315 1531 1529 1595 facietis
1552 1532 1609 1582 in
1629 1544 1705 1583 eo.
1726 1529 1898 1592 Quasi

205 1615 391 1686 {sicut}
418 1633 533 1669 non
565 1623 650 1670 est
678 1634 823 1687 opus
851 1618 1078 1670 servilia
1107 1617 1311 1688 agendi
1336 1634 1350 1670 :
1384 1623 1514 1671 ante
1541 1618 1769 1683 fecistis,
1804 1617 1897 1671 sed

2000 474 2212 540 futura,
2250 477 2394 528 banc
2424 476 2741 546 componit,
2770 476 2929 529 illam
2965 482 3269 547 praeparat.

2072 565 2168 615 Die
2194 565 2373 631 primo
2423 568 2474 617 et
2498 564 2587 617 die
2632 569 2835 618 octavo.
2869 564 2994 634 (11).)
3028 564 3137 628 Qui
3166 570 3251 619 est
3279 571 3529 633 octavus,
3563 572 3691 634 etc.,

2000 665 2169 718 usque
2188 651 2263 704 ad
2293 651 2427 721 quia
2451 651 2714 705 ﬁdelibus
2760 651 2946 721 legem
2986 652 3325 707 facientibus
3372 656 3597 725 requies
3636 656 3697 711 in

2003 740 2197 791 futuro
2231 746 2510 792 servatur.

2073 827 2244 881 Vens.
2273 827 2451 880 40.-
2494 828 2596 881 Die
2639 830 2823 895 prima
2864 830 3104 894 fructus.
3168 828 3294 900 (11).)
3347 831 3581 885 Fructus
3611 837 3698 886 est

2002 914 2275 979 Christus,
2308 919 2437 980 etc.,
2470 930 2644 984 usque
2673 915 2747 968 ad
2774 915 2834 969 in
2859 920 3113 986 tempore
3145 932 3269 971 suo.

2073 1003 2436 1071 Spatulasque
2472 1004 2801 1071 palmarum,
2848 1008 2952 1058 etc.
2983 1006 3414 1059 Juvenescentia
3454 1007 3695 1074 justitias

2002 1090 2283 1159 germina.
2316 1090 2450 1160 quia
2472 1092 2655 1158 justus
2685 1096 2746 1145 ut
2768 1094 2957 1160 palma
2994 1093 3241 1159 florebit;
3276 1094 3414 1163 quia
3457 1110 3592 1147 vero
3627 1095 3697 1148 de

2001 1176 2195 1246 palma
2241 1176 2385 1229 nihil
2432 1177 2742 1247 respuitur,
2792 1194 2895 1231 nec
2924 1178 2993 1232 de
3030 1179 3119 1231 his
3152 1179 3252 1249 qui
3285 1181 3437 1249 juste
3479 1180 3695 1245 vivunt,

2003 1264 2181 1329 addit,
2216 1268 2265 1317 et
2281 1279 2458 1317 ramos
2489 1266 2628 1333 ligni
2656 1266 2944 1319 densarum
2972 1268 3270 1333 frondium.

2074 1352 2156 1405 Et
2192 1366 2370 1406 ramos
2420 1354 2577 1418 ligni.
2626 1352 2836 1407 Omnes
2877 1353 3089 1407 scilicet
3134 1354 3411 1409 virtutum
3457 1356 3695 1419 fructus,

2005 1439 2103 1491 sed
2134 1438 2382 1492 maxime
2432 1440 2900 1505 misericordiam,
2935 1457 3109 1510 quam
3140 1448 3364 1510 oportet
3409 1459 3528 1496 esse
3558 1460 3695 1497 con-

2004 1528 2225 1580 tinuam
2259 1533 2315 1580 et
2362 1534 2813 1597 permanentem.
2855 1530 3045 1582 Unde:
3082 1531 3267 1585 Oleum
3298 1531 3363 1585 de
3389 1534 3565 1600 capite
3609 1538 3697 1587 tuo

2006 1631 2110 1669 non
2131 1615 2337 1682 deﬁciet
2368 1617 2561 1682 (Eccle.
2598 1617 2694 1683 1x).

202 1679 338 1757 sicut
378 1679 967 1759 exhibuistismembra
1000 1679 1180 1759 vestra
1212 1706 1499 1773 iniquitati
1522 1706 1596 1758 ad
1625 1679 1895 1773 iniquita-
1927 1679 1967 1734 Β
2076 1707 2151 1758 De
2181 1679 2431 1770 torrente,
2463 1708 2567 1757 etc.
2603 1679 2680 1757 De
2712 1704 2978 1773 praesenti
3009 1704 3221 1758 scilicet
3247 1705 3380 1771 vita,
3415 1722 3543 1776 quae
3574 1707 3699 1761 ﬂuit

204 1798 323 1857 tem,
362 1798 440 1846 ita
472 1809 613 1847 nunc
642 1793 885 1847 exhibete
922 1796 1122 1847 servire
1144 1795 1379 1862 justitiae
1412 1797 1468 1846 in
1505 1797 1895 1862 semctiﬁcatio-

200 1898 315 1933 nem
342 1884 507 1949 (Rom.
542 1881 614 1937 v1)
639 1898 651 1935 :
687 1883 793 1935 hoc
819 1887 903 1936 est
928 1882 1079 1935 enim
1112 1898 1309 1935 verum
1338 1882 1751 1934 holocaustum.

276 1969 433 2021 Vens.
474 1972 563 2021 27.
605 1998 674 2007 —
724 1970 943 2022 Decimo
981 1969 1090 2031 die,
1132 1975 1237 2021 etc.
1280 1970 1480 2038 (Islcn)
1523 1968 1898 2039 Propitiatio-

204 2073 332 2109 nem
361 2064 417 2108 et
449 2074 483 2109 a
514 2056 757 2126 peccatis
796 2057 1195 2110 liberationem
1233 2056 1449 2126 acquiri
1477 2058 1539 2109 in
1576 2058 1899 2111 humilitate

204 2151 260 2196 et
288 2143 600 2197 afﬂictione
640 2145 848 2197 animae
882 2160 946 2197 ex
980 2144 1070 2198 his
1100 2144 1495 2214 intelligimus.
1539 2147 1691 2198 Hanc
1721 2145 1899 2197 debe-

204 2248 329 2284 mus
380 2248 549 2300 agere
589 2248 622 2284 a
653 2248 904 2302 vespere,
943 2232 1001 2285 id
1050 2237 1134 2286 est
1185 2249 1217 2285 a
1261 2233 1601 2303 poenitentia
1646 2232 1901 2301 incipere

204 2337 379 2389 quam
402 2320 534 2373 fecit
556 2321 808 2374 Christus
829 2321 1059 2374 initium
1086 2321 1506 2391 praedicationis
1528 2338 1644 2375 suae
1675 2322 1896 2388 (Matth.

204 2414 278 2475 ιν)
308 2426 321 2461 :
353 2409 707 2477 paenitentiae
738 2410 1246 2480 superasdilicanda
1274 2415 1359 2463 est
1388 2410 1501 2463 vita
1529 2410 1680 2463 bona
1712 2413 1768 2462 et
1794 2408 1897 2461 vir-

205 2497 425 2550 tutibus
455 2502 867 2551 consummata.
921 2498 1080 2552 Unde
1132 2498 1375 2569 adjecit:
1428 2501 1498 2553 Et
1523 2497 1756 2565 olferetis
1802 2498 1900 2553 ho-

208 2584 503 2637 locaustum
532 2587 777 2638 Domino.

280 2674 440 2725 Vens.
493 2675 579 2726 ‘28.
638 2703 706 2712 -—
746 2673 878 2728 Dies
922 2676 1352 2743 propitiationis.
1401 2674 1601 2743 (131011.)
1650 2675 1772 2727 Duo
1830 2674 1903 2727 si-

206 2760 460 2829 gniﬁcat,
513 2761 649 2831 quia
677 2762 737 2815 in
781 2762 888 2815 hoc
920 2768 1178 2833 tempore
1222 2762 1693 2833 propitiationem
1730 2762 1902 2815 susci-

206 2850 453 2918 piemus,
488 2855 544 2903 et
591 2850 743 2921 ideo:
761 2850 823 2904 in
848 2850 944 2905 illo
973 2852 1044 2905 ab
1082 2851 1236 2905 omni
1266 2852 1417 2905 malo
1468 2850 1752 2904 abstinere
1800 2850 1901 2904 de-

207 2939 425 2991 bemus.

280 3028 441 3080 Vens.
475 3029 561 3080 31.
594 3056 665 3065 -
694 3027 848 3082 Nihil
876 3043 1018 3095 ergo.
1061 3028 1297 3097 Semper
1326 3045 1359 3081 a
1391 3026 1555 3081 malis
1598 3033 1655 3081 et
1701 3042 1903 3096 super-

207 3114 343 3169 fluis
373 3114 658 3185 signiﬁcat
689 3132 807 3168 esse
836 3117 1193 3170 cessandum.
1227 3117 1381 3170 Unde
1413 3121 1468 3170 et
1498 3115 1772 3170 Dominus
1802 3130 1907 3167 nec

209 3218 440 3255 causam
491 3203 677 3257 dicere
723 3202 1000 3267 concedit,
1049 3220 1152 3257 nec
1180 3203 1427 3273 cogitare
1460 3205 1596 3275 quid
1641 3203 1909 3257 comeda-

208 3297 324 3355 tur,
360 3297 463 3344 aut
500 3291 640 3360 quid
681 3291 928 3351 bibatur,
964 3297 1063 3346 aut
1102 3293 1392 3355 induatur,
1435 3309 1634 3347 verum
1665 3293 1819 3346 enim
1853 3296 1908 3345 et

211 3380 516 3432 sabbatum
545 3380 911 3433 sabbatorum
942 3380 1318 3435 annuntiavit.

281 3486 450 3538 Vens.
476 3488 563 3538 32.
586 3514 655 3526 —
672 3487 973 3552 Afﬂigetis.
1000 3486 1415 3555 Recapitulatio
1447 3490 1529 3539 est
1548 3485 1904 3547 humilitatis,

209 3586 339 3639 qua:
372 3576 459 3624 est
497 3572 934 3626 fundamentum
974 3579 1031 3627 et
1061 3574 1213 3627 basis
1262 3573 1558 3627 virtutum.
1608 3574 1761 3626 Unde
1797 3574 1904 3625 Do-

208 3660 407 3712 minus
433 3659 549 3712 ait:
588 3660 905 3727 Quicunque
933 3676 988 3714 se
1036 3661 1409 3715 humiliaverit
1459 3664 1601 3714 sicut
1644 3661 1909 3728 parvulus

209 3750 330 3810 iste,
362 3750 452 3801 hic
473 3753 552 3801 est
582 3750 759 3816 major
789 3752 848 3801 in
877 3764 1037 3815 regno
1063 3752 1307 3803 calorum
1341 3751 1558 3819 (Matth.
1592 3752 1766 3812 xvul).

283 3856 451 3908 Vens.
489 3855 576 3908 34.
610 3858 756 3909 -Λ
810 3856 1199 3923 quintodecimo
1243 3856 1348 3909 die.
1396 3854 1595 3923 (lsxcn)
1646 3856 1759 3907 Hoc
1801 3870 1909 3907 nu-

211 3959 370 3995 mero
423 3942 726 3996 inchoatur
770 3944 1062 4011 festivitas,
1116 3950 1244 4009 etc.,
1298 3959 1464 4012 usque
1505 3944 1579 3996 ad
1629 3944 1912 4011 aediﬁcatio

208 4048 315 4086 non
346 4034 672 4097 manufacta
700 4035 759 4086 in
787 4034 928 4086 caelis
962 4033 1186 4085 habetur
1227 4032 1299 4099 (Il
1334 4034 1450 4088 Cor.
1485 4033 1557 4102 v).

282 4122 453 4173 Vens.
506 4124 593 4174 36.
646 4151 714 4160 —
775 4124 896 4175 Dies
943 4137 1167 4189 quoque.
1222 4119 1351 4187 (11).)
1411 4121 1554 4173 Nota
1608 4119 1804 4173 eadem
1849 4118 1915 4171 de

208 4208 407 4278 primo
443 4214 501 4261 et
530 4209 599 4261 de
629 4214 825 4262 octavo
867 4209 998 4275 dici,
1053 4207 1187 4279 quia
1234 4208 1443 4261 scilicet
1482 4206 1917 4261 resurrectionis

206 4300 336 4351 dies
371 4298 624 4351 secunda
655 4303 758 4365 est,
790 4303 845 4350 et
870 4298 1099 4351 initium
1130 4296 1309 4349 futuri
1338 4296 1548 4351 smculi.
1580 4296 1822 4360 Primus,
1858 4296 1917 4348 in

207 4386 447 4439 Christo
481 4393 563 4439 est
609 4386 1050 4439 conversationis
1097 4384 1447 4454 principium
1496 4390 1553 4437 et
1595 4385 1922 4437 futurorum

205 4473 564 4538 exordium;
623 4479 852 4526 octavus
904 4489 1033 4525 vero
1063 4472 1333 4542 prtesenti
1389 4471 1640 4525 succedit
1691 4472 1918 4531 saeculo.

204 4564 370 4635 quod
408 4561 693 4631 signiﬁcat
722 4561 780 4614 in
814 4561 1153 4630 septenario.
1200 4562 1475 4613 Praeterea
1503 4561 1683 4613 sancti
1712 4560 1925 4613 habent

204 4653 484 4723 requiem
515 4656 571 4703 et
596 4650 766 4702 vitam
794 4650 1043 4703 futuram
1072 4649 1132 4702 in
1165 4650 1269 4702 hac
1299 4649 1434 4704 vita.
1470 4649 1625 4702 Unde
1656 4647 1926 4718 apostolis

206 4741 440 4792 dictum
476 4742 591 4791 est:
627 4740 866 4805 Regnum
890 4741 982 4791 Dei
1008 4741 1155 4790 intra
1181 4752 1274 4791 vos
1306 4741 1402 4803 est,
1437 4741 1541 4790 etc.

274 4848 488 4902 Certus.
521 4844 642 4897 LXX
672 4860 682 4895 :
721 4859 999 4911 egressus,
1052 4842 1188 4912 quia
1242 4842 1375 4895 hinc
1416 4841 1625 4907 exitus,
1657 4841 1735 4894 ibi
1762 4841 1925 4895 habi-

207 4936 383 5000 tatio,
423 4932 611 4985 unde:
667 4930 841 4999 Cupio
877 4932 1103 4985 dissolvi
1137 4936 1185 4984 et
1214 4945 1323 4984 esse
1353 4946 1472 4984 cum
1517 4931 1730 4986 Christo
1767 4931 1927 4998 (Phi-

209 5026 353 5092 lipp.
392 5022 462 5087 1).

285 5129 462 5181 Vens.
498 5130 587 5179 37.
626 5156 691 5164 -—
724 5127 819 5179 Hae
847 5130 973 5179 sunt
996 5126 1150 5191 feriae
1179 5125 1409 5191 Domini,
1440 5128 1547 5177 etc.
1582 5124 1707 5193 (11).)
1740 5124 1927 5193 Legis-

214 5217 386 5270 latori
414 5219 698 5268 consonat
727 5214 957 5279 Paulus,
989 5218 1116 5278 etc.,
1148 5228 1315 5280 usque
1343 5212 1417 5265 ad
1442 5214 1527 5266 vel
1551 5213 1609 5265 in
1637 5212 1925 5282 periculis,

216 5306 301 5358 vel
336 5302 675 5357 voluntarie
709 5301 1114 5371 promittimus.

287 5413 467 5464 Vens.
500 5412 589 5463 39.
624 5438 693 5447 -—
727 5412 776 5462 Α
818 5410 1005 5475 quinto
1035 5406 1257 5471 decimo,
1292 5408 1396 5459 etc.
1430 5405 1931 5468 Quintusdecimus

219 5516 279 5553 ex
316 5503 550 5567 septem
596 5501 654 5549 et
696 5499 820 5548 octo
852 5494 1218 5565 compositus,
1268 5493 1668 5563 Evangelicam
1719 5495 1929 5564 praedi-

2005 1796 2280 1861 tanquam
2344 1796 2587 1854 torrens,
2655 1792 3064 1845 tentationibus
3122 1798 3179 1845 et
3233 1792 3699 1846 tribulationibus

2006 1879 2305 1945 ebulliens,
2357 1880 2543 1933 unde:
2592 1883 2663 1933 De
2711 1885 2941 1934 torrente
2987 1883 3047 1933 in
3075 1883 3169 1935 via
3207 1882 3367 1947 bibet,
3414 1886 3701 1950 propterea

2005 1974 2054 2022 et
2078 1968 2343 2021 exaltabit
2384 1974 2547 2037 caput
2578 1970 2752 2037 (Psal.
2804 1969 2931 2038 c111),
2962 1969 3022 2022 in
3069 1984 3256 2034 cruce,
3298 1969 3529 2038 scilicet,
3558 1985 3699 2038 pen-

2007 2057 2165 2111 dens.

2631 2146 2855 2199 CAPUT
2892 2146 3069 2198 XXIV.

2080 2235 2241 2287 Vens.
2275 2236 2325 2286 2.
2386 2233 2720 2302 --Pr:ecipe
2763 2234 2891 2300 ﬁliis
2937 2234 3123 2287 Israel.
3166 2234 3375 2302 (151cm)
3430 2232 3699 2287 Candela-

2006 2320 2176 2375 brum
2208 2320 2531 2390 evangelica
2558 2321 2692 2381 vita,
2723 2327 2853 2385 etc.,
2878 2336 3047 2388 usque
3074 2320 3147 2374 ad
3172 2320 3271 2374 ubi
3303 2320 3699 2377 misericordes

2009 2410 2364 2463 abscondunt
2393 2408 2707 2463 thesauros.

2081 2499 2243 2551 Vens.
2278 2500 2328 2551 3.
2361 2528 2427 2537 ——
2482 2499 2654 2565 Usque
2683 2499 2739 2550 in
2778 2512 2953 2562 mane,
2994 2495 3172 2550 futuri
3212 2496 3439 2549 saeculi:
3489 2495 3700 2549 scilicet

2012 2591 2148 2640 tunc
2176 2586 2331 2640 enim
2354 2602 2471 2639 non
2503 2587 2611 2639 erit
2640 2590 2866 2654 tempus
2905 2584 3128 2649 orandi,
3161 2585 3247 2637 vel
3279 2585 3697 2653 eleemosynam

2015 2674 2206 2739 dandi,
2240 2675 2389 2727 unde
2420 2691 2431 2727 :
2463 2676 2539 2730 Ne
2569 2674 2720 2727 dicas
2764 2676 2933 2747 amico
2980 2678 3089 2738 tuo,
3147 2672 3295 2727 Vade
3340 2677 3389 2725 et
3416 2676 3696 2737 revertere,

2013 2769 2063 2817 et
2102 2778 2221 2817 cras
2254 2764 2354 2815 tibi
2389 2762 2560 2815 dabo:
2604 2764 2824 2816 nescitis
2869 2764 3008 2816 enim
3038 2762 3174 2830 quid
3200 2763 3391 2830 pariat
3416 2776 3701 2830 superven-

2016 2858 2139 2905 tura
2173 2852 2286 2905 dies
2319 2852 2495 2919 (Prov.
2532 2865 2609 2910 111,
2642 2851 2827 2917 xxvn).

1946 2963 1984 3016 ρ
2089 2941 2252 2992 Vens.
2283 2906 2341 2991 4:
2381 2970 2449 2977 —
2473 2906 2645 3007 Super
2683 2906 3083 3004 candelabrum,
3127 2906 3251 2991 etc.,
3285 2937 3557 3001 Christus,
3602 2936 3703 3006 qui

2016 3033 2101 3081 est
2124 3029 2318 3081 lumen
2345 3043 2541 3080 verum
2570 3032 2620 3080 et
2648 3027 2926 3080 illuminat
2955 3042 3159 3080 omnem
3191 3027 3454 3080 hominem
3488 3027 3702 3081 venien-

2014 3122 2134 3170 tem.
2172 3118 2237 3169 Et
2263 3122 2538 3184 peccatum
2566 3131 2672 3169 non
2694 3118 2842 3181 fecit,
2874 3130 2966 3168 nec
2992 3117 3241 3168 inventus
3272 3120 3349 3169 est
3377 3114 3551 3179 dolus,
3584 3118 3696 3168 etc.

2018 3205 2147 3273 (Isa.
2178 3206 2310 3271 L111).
2356 3204 2537 3273 Super
2574 3204 2727 3257 hunc
2778 3204 2936 3257 ardet
2974 3204 3229 3270 lucerna,
3260 3203 3320 3256 id
3351 3208 3433 3256 est
3461 3202 3703 3272 Spiritus

2017 3298 2264 3358 sanctus,
2294 3291 2391 3362 qui
2422 3291 2481 3345 in
2505 3291 2687 3361 igneis
2717 3291 2928 3361 linguis
2971 3307 3144 3360 super
3182 3290 3489 3362 discipulos
3526 3308 3702 3363 appa-

2016 3383 2167 3437 ruit:
2194 3381 2323 3436 huic
2363 3380 2733 3451 purissimum
2780 3380 2990 3441 oleum,
3025 3378 3081 3432 id
3116 3383 3202 3432 est
3231 3380 3505 3433 mundam
3531 3382 3705 3434 vitam

2017 3471 2291 3525 debemus
2333 3469 2555 3535 olferre,
2608 3469 2847 3522 scientes
2887 3468 3022 3538 quia
3071 3484 3185 3521 non
3231 3484 3428 3521 omnes
3466 3475 3709 3538 possunt

2016 3559 2323 3613 incendere
2355 3558 2519 3611 illum
2564 3557 2798 3627 (scilicet
2840 3556 3079 3627 ignem),
3125 3555 3225 3609 sed
3256 3556 3411 3609 solus
3455 3557 3709 3611 Christus

2019 3654 2075 3701 et
2098 3648 2204 3701 ﬁlii
2235 3648 2377 3716 ejus,
2411 3646 2510 3716 qui
2557 3648 2758 3714 plenus
2805 3644 3020 3715 Spiritu
3062 3644 3161 3709 ait,
3211 3645 3452 3712 Spiritus
3504 3647 3714 3699 Domini

2018 3753 2180 3806 super
2214 3752 2297 3788 me
2327 3736 2464 3804 (Isa.
2500 3738 2631 3802 1.x1).
2664 3734 2772 3797 Qui
2800 3734 2972 3786 etiam
3004 3732 3099 3797 ait,
3133 3734 3318 3799 Ignem
3345 3735 3468 3786 veni
3502 3736 3713 3789 mittere

2020 3830 2079 3880 in
2110 3831 2329 3887 terram,
2361 3827 2410 3875 et
2440 3822 2576 3889 quid
2602 3824 2718 3875 volo
2762 3823 2873 3874 nisi
2910 3825 2972 3874 ut
2996 3820 3324 3875 accendatur
3350 3821 3378 3874 ‘t
3403 3822 3555 3888 (Luc.
3587 3828 3711 3893 x11.)

2025 3917 2182 3968 Hunc
2219 3910 2536 3974 insulﬂans,
2587 3908 2750 3979 quasi
2797 3908 3106 3961 incendens
3147 3908 3225 3960 ait
3257 3924 3269 3960 :
3302 3908 3503 3977 Accipe
3540 3910 3714 3978 Spiri-

2026 4007 2137 4055 tum
2182 4005 2449 4063 sanctum,
2499 4002 2603 4052 etc.
2664 3997 2851 4067 (Joan.
2896 4003 3005 4058 xx).
3068 3997 3197 4050 HtBC
3242 4000 3434 4051 autem
3484 3998 3716 4052 lucerna

2024 4105 2141 4143 non
2183 4087 2528 4152 accenditur,
2582 4086 2689 4139 nisi
2737 4102 2841 4155 per
2890 4086 3063 4139 vitam
3114 4089 3170 4138 et
3225 4086 3714 4141 conversationem

2026 4175 2321 4239 mundam,
2355 4175 2438 4227 vel
2483 4190 2717 4227 accensa
2746 4173 2857 4227 cito
2890 4172 3289 4244 exstinguitur,
3321 4174 3470 4228 unde
3500 4191 3512 4228 :
3544 4175 3717 4243 Spiri-

1956 4245 1998 4297 Ῑ)
2026 4270 2137 4318 tum
2166 4265 2330 4317 nolite
2357 4262 2717 4329 exstinguere,
2751 4268 2857 4317 etc.
2894 4265 2937 4329 (ι
2964 4265 3117 4317 Thes.
3150 4264 3221 4330 v).

2100 4353 2265 4405 Vens.
2298 4354 2349 4405 5.
2380 4382 2447 4391 —
2477 4353 2731 4420 Accipies
2775 4366 3001 4421 quoque.
3055 4353 3243 4422 (B15011,
3289 4350 3394 4406 lib.
3459 4352 3573 4406 1de
3617 4355 3718 4406 Ta-

2032 4442 2269 4506 bernac.,
2312 4456 2434 4509 cap.
2468 4444 2524 4505 '7,
2564 4444 2703 4494 tom.
2755 4440 2847 4511 11.)
2883 4440 3188 4494 Duodecim
3226 4456 3405 4510 panes
3435 4439 3495 4493 in
3528 4456 3724 4495 mensa

2030 4528 2401 4593 tabernaculi,
2451 4533 2580 4589 etc.,
2634 4543 2799 4595 usque
2843 4528 2918 4581 ad
2964 4533 3029 4581 ut
3072 4544 3174 4598 per
3220 4528 3441 4582 labores
3471 4534 3528 4583 et
3548 4545 3723 4600 opera

2032 4618 2183 4671 bona
2208 4617 2338 4669 vita;
2370 4617 2704 4686 temporalis
2733 4616 2805 4670 ad
2835 4632 2960 4669 eam
2988 4632 3381 4685 properemus.

2105 4707 2313 4772 Coques
2343 4720 2413 4759 ea:
2443 4720 2506 4757 ea
2553 4704 2851 4758 duodecim.
2904 4704 3100 4773 (ORIG.,
3152 4704 3290 4757 hom.
3328 4707 3391 4758 t3
3428 4706 3485 4756 in
3510 4704 3725 4775 Exod.)

2032 4794 2228 4848 Sermo
2261 4792 2488 4846 Domini
2522 4792 2687 4862 panis
2717 4797 2821 4857 est,
2853 4792 2950 4845 sed
2984 4790 3369 4855 multiformis,
3404 4795 3531 4857 etc.,
3560 4803 3726 4862 usque

2034 4881 2108 4935 ad
2152 4881 2315 4950 panis
2371 4896 2543 4951 super
2592 4895 2849 4933 mensam
2898 4879 3135 4949 ponitur
3181 4879 3475 4946 mundam,
3518 4880 3730 4937 scilicet

2035 4984 2207 5037 super
2239 4973 2490 5021 mentem
2520 4974 2772 5021 sanctam
2803 4971 3112 5035 etpuram.

2108 5057 2264 5110 Vens.
2302 5058 2385 5109 10.
2421 5087 2488 5095 —
2524 5059 2649 5109 Ecce
2691 5060 2896 5118 autem,
2935 5058 3039 5107 etc.
3074 5054 3279 5125 (1511111.)
3312 5053 3511 5109 Mulier
3554 5057 3732 5110 Israe-

2037 5144 2171 5211 litis,
2207 5150 2347 5210 etc.,
2380 5159 2546 5211 usque
2574 5144 2648 5196 ad
2680 5142 2779 5212 qui
2805 5143 2865 5194 in
2895 5141 3111 5196 Christo
3136 5142 3586 5212 blasphematur.

2107 5233 2251 5287 Ecce
2294 5238 2489 5285 autem.
2524 5231 2726 5300 (ORIG.,
2760 5232 2898 5284 hom.
2938 5230 3001 5284 14
3032 5232 3088 5283 in
3130 5231 3279 5299 Leu.)
3308 5233 3427 5287 Duo
3454 5233 3683 5304 litigant
3715 5250 3729 5287 :

2038 5336 2188 5374 unus
2233 5336 2301 5373 ex
2351 5320 2573 5388 integro
2624 5318 2894 5383 lsraelita,
2956 5324 3086 5384 etc.,
3133 5333 3303 5387 usque
3333 5320 3405 5371 ad
3442 5321 3732 5376 interdum

2040 5409 2192 5462 enim
2232 5408 2331 5478 qui
2362 5408 2510 5460 foras
2550 5407 2814 5473 mittitur,
2866 5407 3021 5461 intus
3051 5413 3135 5462 est
3168 5424 3184 5474 ;
3216 5411 3273 5461 et
3317 5407 3416 5478 qui
3444 5408 3594 5462 foras
3622 5417 3726 5472 est,

2039 5496 2198 5549 intur
2225 5495 2451 5549 videtur
2478 5495 2734 5549 retineri.
