3976 6178
281 314 380 365 367

918 308 1314 364 WALAFRIDI
1357 307 1603 364 STRABI
1646 309 1843 364 FULD.
1891 307 1928 362 Μ

2130 309 2240 362 ῬΡ.
2285 307 2460 362 PARS
2498 306 2538 360 ῐ.
2581 336 2647 344 -
2685 304 3138 362 THEOLOGICA.

3669 305 3776 358 368

345 434 507 488 Vens.
563 435 644 488 12.
693 461 761 472 —-
803 433 1167 498 Miserumque
1218 445 1354 495 eum,
1411 435 1517 484 etc.
1579 431 1791 500 Moyses
1836 446 1954 484 non
1983 431 2030 484 A
2068 446 2183 502 qua
2222 431 2464 486 dicitur:
2511 430 2752 497 Spiritus
2785 434 2908 484 tuus
2940 430 3105 484 bonus
3154 428 3377 482 deducet
3431 445 3512 482 me
3559 431 3620 482 in
3668 433 3781 483 ter-

274 539 340 578 ex
377 523 712 576 auctoritate
765 535 866 573 sua
912 517 1252 573 sententiam
1312 517 1530 588 profert
1578 521 1780 572 contra
1841 517 1966 571 bla-

274 611 690 683 sphemantem,
745 608 840 661 sed
891 607 992 661 Dei
1041 610 1326 676 praecepto
1363 621 1674 672 reservans,
1704 605 1881 659 mittit
1906 604 1966 658 in

274 713 594 754 carcerem:
647 697 739 750 lex
781 695 935 748 enim
979 694 1100 748 odit
1130 709 1262 747 eum
1295 693 1394 763 qui
1422 692 1802 764 blasphemat,
1833 709 1965 746 con-

271 793 361 842 tra
399 802 569 857 quem
612 784 941 854 frequenter
989 781 1323 836 Trinitatem
1370 781 1666 852 praedicat,
1718 781 1817 834 sed
1848 795 1966 834 non

271 875 568 930 manifeste
598 872 741 925 sicut
782 869 1151 939 Evangelium
1178 889 1189 926 :
1239 868 1365 922 ideo
1398 868 1561 923 illum
1591 870 1661 924 ad
1684 868 1965 939 judicium

273 961 559 1029 Evangelii
601 957 924 1012 reservavit.
967 957 1071 1022 Qui
1107 971 1214 1011 non
1249 956 1480 1010 credidit
1508 958 1815 1023 in-Fitium,
1840 957 1964 1025 jam

261 1051 546 1121 judicatus
565 1053 642 1104 est
671 1047 844 1118 (Joan.
867 1046 1034 1116 xxxi),
1067 1050 1124 1100 et
1152 1045 1503 1116 hujusmodi.

341 1140 499 1193 Vens.
537 1140 622 1191 l5.
673 1166 724 1175 -—
763 1137 936 1190 Homo
984 1136 1099 1203 qui,
1128 1138 1233 1188 etc.
1283 1132 1514 1187 Locutio
1565 1136 1650 1186 est
1691 1137 1964 1203 tanquam

267 1227 518 1282 dicatur:
548 1225 720 1278 homo
758 1223 854 1277 ille
905 1227 1002 1276 aut
1029 1221 1148 1290 ille,
1193 1220 1253 1274 id
1282 1226 1366 1275 est
1405 1219 1734 1292 quicunque
1763 1221 1960 1274 homo.

269 1315 392 1369 Non
429 1314 573 1367 sicut
602 1311 837 1383 quidam
885 1314 1112 1380 putant,
1143 1309 1317 1363 homo
1347 1309 1522 1363 homo
1550 1308 1631 1362 ita
1671 1307 1802 1374 dici,
1834 1311 1960 1362 tan-

267 1419 441 1474 quam
471 1399 852 1466 laudabiliter,
907 1399 1068 1468 quasi
1099 1399 1273 1451 homo
1303 1414 1316 1463 ;
1351 1397 1448 1451 sed
1477 1397 1646 1450 homo
1675 1395 1870 1463 homo,
1904 1395 1962 1451 id

268 1499 352 1546 est
380 1490 812 1562 qualiscunque,
861 1487 1016 1540 velut
1043 1485 1214 1539 etiam
1259 1484 1461 1538 similis
1489 1484 1702 1554 pecori,
1736 1483 1831 1538 sed
1861 1485 1962 1554 qui

268 1597 397 1634 vere
441 1579 514 1632 sit
542 1578 735 1641 homo,
783 1591 954 1646 quem
1003 1590 1230 1627 sensum
1275 1590 1388 1626 non
1440 1589 1559 1626 esse
1607 1588 1826 1638 verum,
1861 1572 1960 1626 sed

266 1663 568 1716 locutionis
615 1664 723 1717 hoc
754 1680 872 1716 esse
903 1661 1324 1733 Scripturarum
1363 1666 1556 1731 aperte
1581 1661 1673 1714 hic
1704 1660 1956 1716 ostendi-

267 1755 380 1817 tur,
425 1767 555 1805 cum
604 1751 663 1805 in
702 1767 770 1804 eo
819 1751 1026 1806 dicitur
1065 1749 1165 1821 qui
1199 1751 1481 1822 culpatur,
1525 1765 1642 1804 non
1690 1749 1790 1820 qui
1838 1749 1959 1803 lau-

267 1838 452 1892 datur.

336 1927 520 1990 Homo,
555 1931 659 1979 etc.
711 1925 895 1996 (Auc.,
947 1930 1132 1995 quast.
1168 1927 1236 1979 87
1261 1927 1323 1979 in
1368 1925 1515 1993 Leu.)
1546 1925 1608 1980 Si
1654 1923 1958 1978 maledime-

265 2015 342 2068 rit
387 2015 559 2068 Deum
595 2029 773 2081 suum,
813 2018 1092 2083 peccatum
1147 2015 1393 2082 accipiet.
1440 2014 1736 2069 Nominans
1783 2015 1962 2065 autem

267 2118 455 2156 nomen
487 2104 700 2155 Domini
749 2107 914 2156 mortc
943 2103 1248 2166 moriatur;
1289 2099 1452 2170 quasi
1483 2099 1639 2154 aliud
1670 2100 1744 2154 sit
1776 2099 1957 2154 male-

268 2189 454 2244 dicere
490 2191 667 2243 Deum
707 2205 895 2256 suum,
947 2195 1077 2256 etc.,
1105 2203 1274 2257 usque
1303 2189 1377 2242 ad
1422 2189 1736 2242 notandum
1765 2193 1849 2242 est
1875 2187 1960 2241 lo-

267 2277 512 2332 cutionis
538 2294 739 2348 genus.

337 2366 542 2436 (stcn.)
603 2365 762 2418 LXX:
823 2365 992 2419 Homo
1037 2364 1208 2429 homo,
1276 2367 1406 2430 etc.,
1469 2377 1638 2431 usque
1689 2362 1765 2416 ad
1820 2361 1964 2416 sicut

264 2456 416 2510 ﬁlius
480 2453 810 2508 lsraelitidis
883 2451 1201 2506 nominavit
1255 2455 1312 2505 et
1377 2450 1792 2522 blasphemavit
1847 2450 1959 2520 (Jo-

263 2559 358 2600 sue
383 2543 494 2612 vn).

334 2635 500 2689 Vens.
534 2636 616 2686 l7.
664 2661 736 2672 —
767 2632 876 2696 Qui
916 2633 1245 2700 percusserit
1289 2633 1340 2684 et
1376 2629 1634 2684 occiderit
1672 2629 1958 2684 hominem.

269 2724 427 2778 LXX:
478 2722 582 2788 Qui
625 2722 951 2790 percusserit
998 2721 1238 2773 animam
1287 2717 1536 2784 hominis,
1583 2721 1713 2782 etc.,
1766 2717 1822 2772 id
1875 2720 1962 2771 est

265 2811 365 2882 qui
396 2810 466 2865 ad
500 2809 858 2880 iniquitatem
890 2807 1144 2862 traxerit.
1171 2806 1438 2861 Animam
1467 2822 1624 2872 vero,
1651 2805 1956 2860 animalem

263 2899 555 2954 hominem
608 2896 894 2967 intelligit,
944 2895 1042 2966 qui
1072 2911 1188 2950 non
1235 2895 1478 2966 percipit
1507 2911 1636 2966 qum
1667 2899 1801 2948 sunt
1829 2894 1957 2964 Spi-

263 2987 409 3043 ritus
438 2987 558 3041 Dei.

336 3076 521 3147 (Auc.,
563 3078 754 3143 quast.
810 3075 877 3127 88
911 3074 968 3125 in
1002 3071 1146 3140 Leu.)
1192 3071 1297 3137 Qui
1340 3073 1668 3140 percusserit
1715 3073 1956 3125 animam

265 3165 494 3218 hominis
524 3168 573 3216 et
602 3167 845 3216 mortuus
871 3161 1062 3226 fuerit,
1097 3163 1203 3213 etc.
1239 3159 1364 3212 Non
1393 3157 1490 3217 ait,
1523 3162 1648 3221 etc.,
1683 3173 1854 3228 usque
1882 3159 1956 3211 ad

265 3253 372 3305 hoc
400 3255 484 3304 est
515 3249 669 3303 enim
703 3248 956 3302 animam
977 3245 1224 3300 hominis
1255 3262 1376 3300 esse
1404 3262 1749 3316 percussam.

335 3340 496 3392 Vens.
542 3339 629 3391 20.
695 3366 756 3380 ν-
804 3337 1143 3402 Fracturum,
1188 3338 1273 3387 etc
1360 3335 1520 3388 LXX:
1576 3336 1957 3389 Contritionem

262 3445 361 3498 pro
400 3429 736 3490 contritione,
779 3423 837 3478 id
875 3427 978 3486 est,
1020 3422 1067 3476 si
1105 3422 1379 3487 docendo,
1432 3421 1744 3487 suadendo,
1796 3437 1956 3474 scan-

264 3513 584 3578 dalizando,
618 3512 869 3582 aliquam
899 3509 1166 3562 virtutem
1197 3508 1445 3578 proximi
1474 3507 1823 3562 contriverit.

336 3603 561 3657 Dentem
629 3615 730 3669 pro
800 3599 974 3653 dente.
1052 3597 1331 3650 Virtutem
1399 3595 1691 3666 loquendi.
1748 3596 1957 3650 Dentes

263 3691 417 3746 enim
464 3706 570 3761 pro
616 3687 800 3743 verbis
832 3684 1209 3756 accipiuntur,
1261 3684 1449 3738 unde:
1502 3685 1632 3738 Filii
1660 3685 1952 3750 hominum,

263 3781 446 3834 dentes
482 3793 661 3832 eorum
705 3792 860 3830 arma
885 3779 935 3828 et
967 3775 1199 3840 sagittae,
1235 3777 1341 3827 etc.
1385 3773 1549 3842 (Psal.
1573 3772 1702 3841 ιιι).
1739 3773 1803 3826 Et
1828 3773 1952 3841 put-

263 3869 498 3922 chriores
534 3869 660 3920 sunt
687 3865 828 3919 oculi
863 3863 978 3932 ejus
1009 3865 1156 3927 vino,
1186 3867 1236 3915 et
1282 3860 1462 3915 dentes
1508 3861 1624 3930 ejus
1655 3861 1789 3913 tacte
1819 3875 1954 3914 can-

263 3956 500 4010 didiores
567 3953 719 4025 (Gen.
777 3950 935 4020 xLix).
1020 3948 1276 4004 Clariora
1338 3948 1495 4002 enim
1549 3954 1606 4003 et
1669 3947 1955 4018 apertiora

262 4048 395 4098 sunt
425 4043 594 4099 verba
627 4039 913 4110 Evangelii
954 4039 1093 4092 lacte
1123 4037 1286 4107 legis.

333 4135 491 4187 Vens.
534 4134 623 4185 2t.
655 4158 723 4168 —-
764 4129 868 4194 Qui
905 4129 1253 4197 percusserit,
1302 4129 1410 4180 etc.
1463 4127 1590 4180 Hinc
1639 4125 1953 4180 secundum

261 4222 510 4277 litteram
564 4217 773 4273 Judaeis
825 4220 987 4268 erant
1034 4213 1368 4281 necessaria,
1397 4214 1496 4285 qui
1526 4230 1643 4268 non
1689 4219 1956 4284 poterant

261 4323 497 4380 capere:
531 4307 592 4362 Si
639 4307 765 4374 quis
803 4305 1130 4372 percusserit
1171 4307 1221 4356 te
1248 4304 1306 4356 in
1335 4301 1615 4356 dexteram
1643 4301 1950 4371 maxillam,

256 4397 436 4468 przbe
485 4395 573 4448 illi
633 4398 685 4448 et
729 4393 958 4447 alteram
1007 4390 1220 4458 (Matth.
1271 4388 1351 4457 v).
1411 4389 1515 4443 Sed
1573 4405 1702 4443 cum
1766 4395 1955 4445 essent

260 4482 547 4550 malevoli,
603 4481 753 4534 mala
801 4478 1013 4532 inferre
1056 4476 1344 4541 volebant,
1384 4481 1441 4530 et
1481 4491 1599 4530 non
1645 4476 1782 4546 pati.
1817 4477 1950 4531 Ideo

262 4580 418 4629 metu
456 4572 694 4625 alternae
723 4583 908 4638 poenae
937 4570 1102 4619 erant
1141 4581 1174 4618 a
1203 4564 1412 4618 scelere
1434 4564 1758 4618 revocandi.

325 4664 491 4716 Vens.
523 4662 620 4714 23.
677 4687 747 4696 -—
775 4659 844 4711 Et
871 4653 1196 4718 eduxerunt,
1245 4657 1350 4707 etc.
1382 4652 1779 4722 Experimento
1829 4653 1951 4724 ipso

255 4752 444 4822 legem
493 4745 887 4802 conﬁrmatam
919 4741 1188 4801 ostendit,
1240 4746 1302 4795 ut
1345 4745 1402 4795 et
1448 4745 1509 4795 tu
1553 4741 1950 4812 blasphemare

255 4840 504 4902 timeres,
536 4840 592 4889 et
615 4837 909 4904 peccatum
939 4831 1184 4900 fugeres,
1217 4829 1374 4900 quod
1405 4845 1520 4882 non
1549 4828 1738 4882 solum
1788 4827 1944 4899 prin-

257 4942 409 4995 ceps,
437 4924 533 4990 sed
560 4928 678 4977 tota
705 4918 1014 4975 multitudo
1061 4916 1328 4971 vindicat.
1365 4916 1576 4970 Omnes
1606 4915 1762 4970 enim
1790 4932 1948 4970 com-

257 5013 510 5066 muniter
559 5009 926 5081 blasphemas
977 5006 1189 5060 debent
1243 5004 1470 5075 punire,
1532 5004 1632 5075 qui
1686 5005 1948 5059 omnium

256 5099 474 5155 auctori
521 5113 639 5152 non
685 5099 1016 5151 metuerant
1071 5094 1391 5163 detrahere,
1437 5097 1492 5148 et
1541 5108 1740 5147 omnes
1770 5092 1839 5148 ab
1878 5109 1946 5149 eo

257 5203 519 5260 separare
531 5227 545 5241 .

889 5317 1114 5374 CAPUT
1158 5316 1308 5372 XXV.

326 5453 488 5508 Vens.
526 5454 572 5517 l,
604 5452 655 5507 2.
690 5477 758 5490 --
789 5451 1122 5518 Locutusque
1162 5452 1240 5501 est
1271 5450 1543 5514 Dominus,
1575 5451 1682 5501 etc.
1715 5445 1944 5512 Quando

239 5544 506 5612 ingressi,
564 5543 670 5594 etc.
732 5536 932 5608 (151cm)
989 5537 1180 5600 Terra,
1241 5534 1590 5588 conversatio
1644 5534 1818 5601 bona,
1872 5533 1943 5587 de

2076 534 2218 587 ram,
2248 523 2359 572 etc.
2404 519 2568 588 (Psal.
2601 516 2780 587 chu).

2147 609 2306 661 Vens.
2362 610 2412 660 3.
2470 636 2538 647 —
2592 606 2700 661 Sea:
2757 608 2939 673 annis,
2995 607 3106 660 etc.
3165 605 3309 659 Dum
3354 620 3552 659 sumus
3581 603 3642 658 in
3673 604 3783 658 hac

2073 694 2207 762 vita,
2259 698 2314 748 et
2352 695 2412 748 in
2458 693 2667 748 visibili
2714 699 2974 747 creatura
3022 709 3241 758 sumus,
3283 710 3455 763 quam
3495 693 3783 763 signiﬁcat

2074 783 2352 836 senarius.
2402 782 2506 837 Sex
2549 781 2704 836 enim
2744 781 2944 836 diebus
2991 787 3184 835 creata
3228 786 3362 834 sunt
3407 782 3601 834 omnia
3646 799 3778 852 quae

2071 870 2370 926 videntur:
2426 871 2669 940 septimo
2705 874 2894 924 autem
2934 886 3086 923 anno
3139 870 3438 924 sabbatum
3473 869 3581 923 erit
3608 877 3776 925 terrae

2075 958 2324 1013 Domini.
2369 959 2510 1013 Cum
2549 957 2704 1012 enim
2751 963 2882 1029 post
2930 973 3182 1029 prmsens
3214 963 3444 1028 tempus
3473 958 3769 1012 sabbatum

2072 1045 2310 1110 venerit,
2344 1046 2414 1100 de
2444 1062 2558 1116 quo
2590 1045 2798 1099 Paulus
2828 1043 2942 1098 ait:
2985 1043 3354 1114 Relinquitur
3395 1044 3767 1098 sabbatismus

2072 1135 2283 1206 populo
2315 1134 2436 1200 Dei,
2470 1149 2642 1204 quem
2672 1133 2792 1186 dies
2829 1132 3074 1203 septima
3103 1131 3406 1203 signiﬁcat,
3447 1133 3504 1186 in
3537 1149 3644 1204 qua
3674 1150 3764 1188 re-

2072 1223 2290 1294 quievit
2320 1224 2469 1276 Deus
2507 1221 2577 1274 ab
2609 1219 2877 1275 omnibus
2915 1219 3186 1290 operibus
3216 1220 3355 1279 suis,
3399 1219 3614 1273 scilicet
3643 1219 3769 1272 visi-

2070 1310 2281 1365 bilibus
2311 1310 2491 1379 (Hebr.
2520 1309 2617 1376 1v),
2637 1309 2757 1378 jam
2789 1323 2906 1361 non
2937 1306 3046 1362 erit
3071 1307 3348 1376 operandi
3382 1311 3627 1376 tempus.

2141 1400 2302 1452 Vens.
2335 1397 2386 1450 4.
2417 1427 2488 1436 —
2517 1397 2668 1452 Seres
2693 1411 2906 1464 agrum,
2933 1400 3038 1450 etc.
3071 1396 3180 1449 Per
3198 1410 3401 1465 agrum
3434 1400 3488 1449 et
3517 1396 3765 1462 vineam,

2069 1502 2200 1540 cum
2260 1487 2422 1539 illum
2469 1484 2760 1548 seminari,
2803 1490 2859 1537 et
2889 1483 3048 1537 illam
3103 1483 3394 1553 amputari
3446 1483 3770 1554 prohibuit,

2069 1592 2238 1631 omne
2269 1591 2450 1645 genus
2499 1573 2620 1644 agri
2648 1572 3092 1642 intelligendum
3139 1578 3259 1626 est:
3296 1589 3482 1642 neque
3521 1573 3674 1626 enim
3710 1573 3768 1626 in

2072 1663 2277 1717 oliveto
2329 1663 2415 1715 vel
2469 1661 2724 1732 quolibet
2783 1661 3017 1714 alterius
3073 1659 3301 1731 generis
3357 1676 3495 1730 agro
3550 1661 3766 1732 aliquid

2074 1751 2426 1822 operandam
2458 1754 2560 1803 est.

2146 1841 2284 1893 Vens
2330 1841 2380 1892 5.
2430 1867 2500 1878 —
2548 1839 2674 1904 Quae
2711 1841 2917 1906 sponte,
2968 1840 3075 1890 etc.
3126 1837 3334 1891 Eorum
3378 1836 3592 1890 scilicet
3638 1853 3770 1908 quae

2072 1927 2164 1981 hic
2184 1925 2440 1993 facimus,
2465 1925 2524 1979 in
2544 1927 2737 1979 futuro
2761 1926 3008 1978 fructum
3035 1923 3506 1979 manducabimus
3533 1941 3547 1990 ;
3580 1925 3732 1979 unde
3755 1942 3767 1978 :

2072 2015 2305 2070 Labores
2360 2029 2618 2067 manuum
2684 2019 2901 2066 tuarum
2960 2015 3092 2080 quia
3146 2013 3520 2081 manducabis,
3580 2014 3770 2069 beatus

2069 2119 2122 2159 es
2147 2109 2196 2158 et
2227 2106 2351 2158 bene
2381 2103 2482 2156 tibi
2510 2104 2612 2156 erit
2641 2102 2806 2165 (Psal.
2835 2103 3056 2171 cxxvu).

2143 2193 2300 2246 Vens.
2353 2193 2410 2244 6.
2463 2219 2524 2231 —
2569 2190 2675 2246 Sed
2703 2195 2880 2256 erunt,
2927 2195 3032 2244 etc.
3089 2191 3207 2244 Non
3258 2189 3526 2260 prohibet
3572 2189 3764 2244 Domi-

2071 2297 2211 2335 num
2259 2279 2405 2333 vesci
2451 2279 2530 2333 eis
2572 2295 2700 2350 qute
2749 2283 2950 2348 sponte
3007 2283 3159 2340 sunt,
3217 2278 3313 2332 sed
3368 2294 3650 2349 reponere
3706 2279 3767 2332 in

2071 2385 2237 2423 usum
2275 2369 2593 2440 proprium.

2141 2458 2303 2511 Vens.
2352 2459 2404 2510 8.
2456 2485 2527 2496 —
2554 2454 2878 2511 Numerabis
2923 2470 3148 2523 quoque.
3195 2454 3619 2524 Interrogemus
3665 2455 3764 2508 Ju-

2071 2545 2242 2613 daaos,
2276 2545 2324 2598 si
2365 2544 2676 2614 septimum
2723 2542 2874 2597 diem
2916 2545 3004 2612 (ut
3040 2543 3216 2610 aiunt)
3265 2543 3553 2613 legislator
3579 2543 3762 2596 hono-

2070 2634 2232 2700 ravit,
2265 2637 2323 2687 et
2353 2633 2423 2686 ab
2452 2631 2721 2702 Operibus
2771 2647 2969 2684 vacare
3018 2630 3309 2701 praecepit,
3370 2647 3544 2701 quare
3591 2631 3763 2701 quin-

2069 2721 2466 2794 quagesimum
2541 2735 2756 2773 annum
2820 2718 3094 2773 celebrari
3169 2718 3473 2789 praecepit:
3541 2723 3762 2787 septem

2069 2811 2224 2864 enim
2255 2809 2628 2863 hebdomadas
2657 2824 2837 2861 annos
2869 2807 3247 2878 quadraginta
3283 2822 3482 2860 novem
3513 2805 3756 2862 faciunt.

2073 2898 2199 2952 Non
2229 2913 2365 2966 ergo
2393 2895 2868 2967 quinquagesimo
2915 2910 3112 2948 vacare
3153 2899 3462 2963 oporteret,
3497 2894 3607 2947 nisi
3641 2911 3760 2964 my-

1993 2987 2034 3043 C
2074 2986 2308 3040 stcrium
2339 2987 2423 3040 lex
2472 2983 2837 3055 signiﬁcaret,
2888 2983 3040 3054 quod
3086 2983 3412 3038 Iudaeorum
3463 2982 3767 3037 inﬁrmitas

2069 3091 2184 3129 non
2236 3078 2481 3144 caperet.
2519 3074 2737 3143 Duplex
2765 3072 2920 3126 enim
2950 3089 2982 3125 a
3010 3073 3121 3126 Deo
3147 3071 3455 3126 visibilium
3499 3071 3764 3125 omnium

2069 3161 2423 3231 signiﬁcatur
2473 3159 2890 3214 consummatio
2919 3187 2928 3222 ;
2983 3175 3096 3212 uua
3125 3159 3401 3228 cujusque
3433 3158 3762 3228 singularis,

2066 3250 2243 3304 altera
2271 3250 2530 3304 omnium
2572 3247 2914 3313 communis,
2957 3247 3184 3318 quando
3229 3252 3453 3316 tempus
3484 3247 3764 3316 operandi

2068 3352 2182 3390 non
2213 3337 2358 3403 erit;
2395 3337 2450 3390 iu
2480 3322 2873 3408 superioribus
2903 3336 3170 3406 primam,
3203 3335 3263 3389 in
3285 3335 3372 3389 his
3399 3335 3652 3390 insinuat
3681 3353 3767 3390 se-

2066 3423 2330 3478 cundam.

2136 3513 2364 3581 Septem.
2401 3513 2463 3565 In
2495 3511 2856 3567 hebdomade
2884 3512 3108 3566 dierum
3139 3511 3456 3565 humanum
3486 3513 3760 3567 sarculum

2065 3600 2354 3655 dividitur.
2389 3601 2530 3656 Cum
2571 3601 2747 3671 igitur
2776 3601 2868 3655 hic
2919 3617 3192 3655 numerus
3242 3601 3653 3670 multiplicatus
3700 3604 3762 3656 in

2067 3689 2369 3760 semetipso
2428 3689 2619 3755 fuerit,
2677 3695 2735 3744 et
2786 3693 2906 3744 tota
2952 3690 3238 3760 completa
3277 3695 3414 3743 aetas
3460 3691 3654 3745 saeculi
3705 3696 3764 3745 et

2063 3782 2291 3848 tempus
2346 3778 2676 3832 devolutum
2733 3778 2805 3832 ad
2870 3778 3044 3832 ﬁnem
3113 3778 3455 3848 pervenerit,
3509 3779 3766 3834 succedit

2064 3865 2574 3936 quinquagesimus
2620 3866 2784 3937 quasi
2823 3866 3262 3937 quadragesimo
3311 3883 3464 3921 nono
3493 3882 3664 3933 anno,
3698 3868 3760 3922 in

2063 3969 2178 4024 quo
2211 3954 2320 4008 erit
2360 3955 2720 4020 resurrectio,
2774 3955 2926 4009 unde
2974 3955 3198 4009 subdit:
3233 3957 3303 4010 Et
3339 3956 3588 4022 clangens
3623 3956 3760 4010 buc-

2064 4045 2187 4098 cina
2233 4058 2410 4097 mense
2453 4045 2693 4112 septimo,
2745 4048 2849 4098 etc.
2904 4043 3061 4098 Unde
3114 4046 3452 4113 Apostolus:
3515 4045 3590 4098 In
3629 4045 3764 4098 tuba

2062 4134 2162 4187 Dei
2215 4131 2530 4186 descendent
2573 4132 2640 4186 de
2679 4133 2822 4196 cato,
2852 4137 2903 4188 et
2929 4133 3134 4186 mortui
3174 4134 3272 4202 qui
3300 4135 3358 4186 in
3397 4133 3607 4189 Christo
3633 4140 3764 4188 sunt

2063 4225 2343 4286 resurgant
2398 4222 2700 4290 incorrupti
2746 4220 2922 4287 (Thes.
2977 4219 3070 4290 1v).
3104 4220 3340 4290 Oportet
3391 4219 3545 4274 enim
3580 4221 3757 4274 susci-

2061 4311 2280 4361 tantem
2325 4307 2649 4378 praacedere
2700 4309 2937 4362 tubam:
2983 4307 3112 4362 ideo
3144 4307 3204 4361 in
3231 4307 3669 4378 quadragesimo
3703 4313 3763 4362 et

2060 4411 2213 4449 nono
2242 4411 2406 4455 anno,
2437 4395 2497 4448 in
2526 4411 2640 4463 quo
2687 4395 3007 4450 communis
3037 4399 3123 4449 est
3149 4395 3585 4462 consummatio,
3618 4395 3762 4450 tuba

2059 4498 2262 4536 canere
2294 4483 2582 4553 praecepit.

2131 4570 2300 4624 Vens.
2331 4573 2388 4625 9.
2441 4601 2511 4611 -
2563 4573 2746 4626 Mense
2799 4574 3042 4641 septimo.
3096 4571 3239 4636 Quia
3294 4571 3457 4642 quasi
3509 4570 3759 4640 septimo

2059 4672 2254 4711 mense
2284 4657 2468 4711 aetatis
2498 4659 2701 4713 mundi
2745 4659 3001 4715 Christus
3029 4660 3214 4723 venit;
3267 4660 3488 4729 primus
3519 4660 3758 4727 mensis,

2059 4743 2244 4815 quiin
2273 4745 2537 4815 paradiso
2579 4745 2729 4813 fuit;
2777 4748 3057 4802 secundus
3104 4763 3284 4817 usque
3313 4747 3384 4800 ad
3432 4746 3756 4813 diluvium;

2057 4833 2259 4887 tertius
2303 4849 2479 4904 usque
2527 4835 2598 4888 ad
2653 4835 2982 4904 Abraham;
3031 4841 3268 4906 quartus
3313 4851 3612 4906 usquequo
3652 4835 3755 4891 de-

2057 4936 2324 4975 scensum
2356 4927 2442 4975 est
2481 4921 2540 4976 in
2585 4923 2930 4993 Egyptum;
2963 4923 3196 4994 quintus
3241 4940 3422 4994 usque
3452 4924 3524 4978 ad
3565 4929 3754 4979 trans-

2058 5008 2479 5078 migrationem,
2512 5014 2697 5063 sextus
2728 5027 2908 5082 usque
2939 5011 3011 5065 ad
3041 5011 3347 5066 adventum
3378 5011 3625 5080 Christi;
3656 5028 3757 5066 se-

2055 5094 2272 5165 ptimus
2300 5095 2422 5167 ipse
2447 5096 2742 5151 adventus.

2125 5185 2289 5238 Vens.
2351 5186 2435 5238 tO.
2489 5215 2547 5225 —
2631 5186 3111 5256 Sanctiﬁcabisque
3176 5201 3399 5241 annum.
3460 5187 3632 5252 Quasi
3693 5187 3762 5241 in

2054 5272 2432 5327 sanctimonia
2485 5279 2842 5345 exspectetur
2891 5280 2950 5330 et
2999 5274 3300 5346 cogitetur,
3356 5290 3543 5346 pacem
3597 5275 3760 5329 enim

2053 5361 2302 5415 debemus
2343 5363 2498 5431 sequi
2538 5368 2590 5416 et
2632 5366 3047 5438 sanctimoniam
3091 5363 3294 5434 (Hebr.
3335 5363 3459 5432 xu),
3500 5365 3616 5418 siue
3643 5380 3761 5432 qua

2052 5463 2222 5501 nemo
2256 5449 2469 5502 videbit
2498 5451 2698 5505 Deum.
3508 5459 3513 5470 '

2127 5537 2520 5605 Unusquisque.
2582 5538 3042 5595 Patriarcharum
3095 5544 3152 5594 et
3205 5540 3618 5612 prophetarum
3663 5546 3758 5595 est
