3976 6178
178 294 265 346 369
1281 290 1534 347 GLOSSA
1571 291 1972 347 0RDINARIA.
2016 320 2084 333 —
2122 294 2249 349 LIB.
2295 294 2517 349 LEVIT.

3549 300 3652 353 370

173 412 415 484 quaedam
445 410 659 466 familia
680 410 995 482 hospitalis,
1026 411 1119 466 cui
1152 417 1366 484 praest
1384 413 1691 467 Abraham.
1750 414 1844 467 Est
1870 415 1915 468 A
1954 415 2308 481 emendatur,
2340 416 2399 469 in
2430 430 2544 486 qua
2567 414 2875 486 jejunium,
2903 416 3386 485 oratio,cilicium,
3412 420 3651 474 eleemo—

171 507 215 553 et
241 500 344 554 alia
370 500 660 566 castitatis,
690 500 779 554 cui
810 504 1017 570 preest
1043 502 1273 571 Joseph.
1332 503 1423 556 Est
1452 506 1506 554 et
1534 502 1646 556 alia
1677 517 1843 556 man-

168 589 479 656 suetudinis,
528 588 620 643 cui
684 594 889 659 prmest
954 590 1165 661 Moyses
1213 590 1365 658 (Gen.
1421 607 1572 657 xviii,
1632 607 1837 657 xxx1x;

168 678 303 732 Num.
331 676 451 744 xii).

223 765 371 817 Vens.
414 765 498 817 t4.
546 792 620 804 —
673 764 902 829 Quando
957 765 1170 832 vendes,
1218 771 1320 820 etc.
1392 767 1641 837 Quisque
1703 784 1839 821 ven-

164 852 276 906 dere
303 855 486 921 potest
524 852 611 905 vel
644 868 859 907 emere.
900 854 1057 907 Unde
1092 854 1297 908 Paulus
1330 872 1344 909 :
1410 856 1603 910 Omnia
1659 862 1840 910 vestra

162 955 322 995 sumus
348 943 487 994 sicut
512 945 565 994 et
590 956 681 995 vos
705 946 891 995 nostra
924 941 975 1010 (ι
1010 943 1135 998 Cor.
1195 943 1294 1009 III).
1358 945 1469 997 Hoc
1523 945 1837 999 secundum

162 1027 384 1082 litteram
415 1028 707 1082 moraliter
736 1029 1022 1094 informat,
1050 1034 1113 1084 ut
1166 1030 1228 1085 in
1266 1032 1647 1085 contractibus
1703 1049 1836 1103 pro-

159 1115 305 1169 ximis
350 1116 786 1185 compatiamur,
837 1133 909 1171 ne
976 1118 1104 1188 quis
1161 1119 1404 1173 nimium
1455 1122 1724 1174 molestus
1767 1121 1836 1175 de

159 1220 454 1274 pauperum
482 1205 908 1259 necessitatibus
934 1207 1278 1277 negotietur,
1323 1224 1393 1262 ne
1440 1209 1665 1262 studeat
1703 1226 1833 1279 pos-

157 1292 413 1346 sessiones
434 1292 683 1346 aliorum
714 1294 1031 1364 acquirere,
1079 1295 1174 1349 sed
1232 1296 1625 1365 indigentibus
1677 1313 1832 1352 com-

160 1381 388 1447 modare,
421 1386 478 1433 et
514 1382 877 1436 commodata
907 1383 1183 1453 paulatim
1217 1383 1287 1438 de
1331 1384 1609 1439 fructibus
1665 1402 1832 1456 agro-

160 1485 269 1522 rum
298 1468 569 1538 recipere.

212 1560 367 1611 Juxta
395 1572 678 1611 numerum
737 1559 967 1629 (Isicn.).
1026 1560 1088 1613 Id
1142 1564 1226 1613 est
1277 1560 1589 1614 secundum
1658 1561 1830 1615 virtu-

155 1649 252 1699 tem
272 1647 563 1716 cujusque.
597 1647 745 1701 Anni
774 1647 928 1701 enim
959 1650 1186 1701 aetatem
1242 1648 1587 1719 signiﬁcant,
1634 1649 1692 1702 in
1716 1666 1830 1720 qua

154 1734 528 1788 manifestatur
548 1734 686 1804 quid
733 1735 908 1805 possit
953 1735 1194 1807 quisque
1241 1737 1553 1790 secundum
1600 1753 1823 1807 corpus.

213 1822 361 1875 Vens.
398 1825 481 1876 16.
518 1852 586 1863 -
641 1823 850 1888 Quanto
898 1825 1084 1892 plures
1124 1822 1272 1891 (ln.).
1299 1824 1361 1877 ld
1418 1830 1521 1891 est,
1552 1825 1599 1878 si
1643 1830 1829 1896 potest

152 1910 371 1963 multum
395 1910 644 1981 operari,
672 1912 915 1965 multum
948 1911 1191 1965 fructum
1217 1912 1405 1983 exiget
1436 1929 1449 1979 ;
1482 1914 1528 1965 si
1577 1915 1825 1968 multum

154 2012 249 2050 non
278 2002 478 2067 potest,
514 2014 719 2067 parum
747 2000 1021 2069 rependet
1048 2016 1061 2067 ;
1088 2000 1235 2054 feret
1262 2002 1413 2055 enim
1446 2001 1538 2055 hic
1594 2002 1828 2073 trigesi-

151 2102 308 2151 mum,
340 2086 444 2140 iste
504 2087 942 2157 sexagesimum,
1008 2087 1105 2142 ille
1144 2089 1517 2144 centesimum
1575 2090 1824 2145 fructum

153 2174 350 2243 (Matth.
413 2178 560 2243 xm).

208 2264 359 2317 Vens.
396 2265 480 2317 18.
517 2292 585 2303 —
622 2266 794 2317 Facite
826 2268 1110 2333 pracepta.
1147 2264 1225 2317 Ne
1283 2264 1411 2334 quis
1460 2264 1652 2319 audita
1695 2282 1821 2320 mo-

150 2350 414 2405 deratione
444 2352 731 2405 vendendi
759 2355 812 2405 et
853 2352 1080 2405 emendi
1113 2353 1344 2422 segnior
1372 2354 1553 2417 ﬁeret,
1609 2360 1665 2408 et
1685 2370 1821 2408 con-

149 2438 406 2492 descensio
434 2440 561 2509 ipsa
591 2444 842 2505 noceret,
905 2445 1067 2493 caute
1098 2440 1385 2511 adjungit:
1447 2444 1627 2496 Facite
1681 2459 1821 2511 prav-

150 2532 293 2595 cepta,
325 2533 425 2581 etc.
472 2528 773 2581 Neminem
828 2528 1109 2598 siquidem
1162 2530 1281 2582 vult
1331 2545 1549 2594 vacare,
1604 2532 1701 2585 sed
1728 2548 1819 2585 se-

148 2615 367 2669 cundum
425 2616 700 2670 virtutem
778 2616 1138 2683 fructiﬁcare,
1234 2616 1503 2671 virtutem
1591 2636 1819 2690 quoque

147 2704 462 2759 conscientia
494 2705 770 2774 cujusque
802 2704 1107 2758 examinat.

202 2792 263 2843 Et
273 2792 507 2858 judicia,
553 2800 658 2844 etc.
720 2792 849 2861 (ln.)
881 2794 1002 2846 Non
1061 2799 1488 2863 corrumpentes
1542 2794 1815 2849 intentio-

148 2894 258 2931 nem
286 2880 365 2932 vel
388 2880 783 2950 operationem
811 2897 1011 2934 eorum
1039 2898 1053 2947 ;
1080 2882 1231 2935 velut
1260 2882 1306 2935 si
1332 2882 1459 2952 quis
1502 2882 1817 2954 eleemosy-

1954 519 2109 574 syna,
2167 509 2224 557 et
2258 505 2520 574 lacrymaa
2550 509 2900 575 peraguntur
2929 522 2943 559 :
2972 521 3075 576 per
3104 507 3225 561 haec
3280 507 3434 562 enim
3480 509 3649 578 plena

1951 590 2213 645 remissio
2246 591 2576 663 acquiritur.

2025 680 2185 734 Vens.
2254 683 2348 736 29.
2399 710 2467 720 —
2537 681 2646 745 Qui
2688 681 2996 735 vendiderit
3076 682 3312 737 domum.
3373 685 3495 753 (Ῐο.)
3526 686 3647 739 Non

1949 767 2288 838 exprimitur
2326 768 2601 834 venditor,
2636 784 2739 821 nec
2767 769 3079 838 proximus,
3136 788 3239 824 nec
3288 772 3649 844 pr0pinquus

1950 855 2181 911 dicitur.
2226 858 2347 911 Non
2378 857 2531 909 enim
2563 873 2708 910 unus
2734 863 2838 921 est,
2873 859 2971 911 sed
3011 862 3160 912 totus
3214 861 3459 930 populus
3493 877 3505 914 :
3542 878 3643 915 nec

1947 942 2016 997 de
2045 944 2385 1014 cognatione
2412 944 2763 1009 Iudaeorum,
2796 946 2893 999 sed
2923 946 3184 1001 Sodoma:
3206 953 3261 1000 et
3291 949 3645 1003 Gomorrhm.

2020 1033 2129 1097 Qui
2162 1032 2466 1086 vendiderit
2498 1032 2731 1099 domum,
2782 1038 2885 1087 etc.
2950 1035 3013 1087 In
3069 1035 3346 1105 superiori
3395 1037 3645 1107 capitulo

1946 1120 2301 1189 spiritualem
2346 1120 2619 1191 cujusque
2672 1123 3158 1176 conversationem
3217 1124 3498 1193 exposuit,
3553 1124 3645 1178 hic

1944 1210 2291 1277 generaliter
2310 1210 2378 1262 de
2417 1224 2705 1278 synagoga
2731 1209 2817 1263 vel
2866 1211 3108 1263 Ecclesia
3156 1217 3396 1265 tractare
3453 1213 3638 1267 inten-

1943 1296 2046 1360 dit,
2089 1296 2224 1366 quia
2267 1296 2509 1350 Ecclesia
2555 1296 2817 1367 gentium
2848 1298 3165 1353 libertatem
3195 1300 3417 1370 accipit,
3476 1317 3641 1371 syna-

1942 1398 2093 1453 goga
2120 1384 2182 1437 in
2233 1388 2575 1455 perpetuum
2644 1385 2836 1453 servit,
2884 1387 3130 1457 exceptis
3183 1388 3404 1455 Levitis,
3447 1387 3504 1442 id
3560 1394 3644 1443 est

1942 1472 2233 1542 apostolis,
2263 1477 2320 1525 et
2350 1472 2448 1541 qui
2480 1472 2778 1525 adhaerent
2805 1472 2910 1525 eis.

2042 1559 2253 1626 (0mo.,
2316 1560 2456 1613 hom.
2520 1563 2583 1613 t5
2638 1562 2695 1613 in
2717 1561 2865 1629 Leu.)
2910 1561 3013 1625 Qui
3035 1561 3338 1616 vendiderit
3395 1562 3637 1630 domum,

1939 1654 2051 1701 etc.
2092 1648 2169 1701 De
2188 1648 2359 1701 Jacob
2401 1648 2677 1717 scriptum
2731 1652 2836 1713 est,
2884 1654 3012 1715 etc.,
3072 1665 3240 1718 usque
3284 1651 3359 1704 ad
3414 1667 3641 1722 semper

1937 1735 2335 1807 paenitentiam
2363 1736 2666 1806 recipiunt,
2690 1740 2746 1789 et
2774 1753 2999 1807 semper
3050 1738 3431 1792 redimuntur.

2006 1825 2165 1878 Vens.
2212 1826 2295 1877 3t.
2333 1854 2395 1863 —
2426 1824 2858 1892 Agrorumjure.
2913 1825 3119 1895 (lsxcn.)
3164 1826 3307 1889 Quia
3354 1826 3415 1880 in
3466 1828 3639 1880 Evan-

1935 1912 2083 1983 gelio
2136 1911 2379 1982 proximi
2410 1916 2565 1975 sunt,
2597 1928 2711 1966 non
2745 1914 2874 1983 legi.
2932 1915 3065 1967 Ideo
3118 1931 3342 1986 semper
3392 1922 3634 1985 possunt

1935 1998 2164 2067 redimi,
2198 2004 2255 2052 et
2277 2015 2343 2052 ex
2375 2014 2488 2070 quo
2522 2000 2776 2053 Christus
2798 2001 2948 2055 venit
2978 2018 3158 2073 usque
3212 2003 3283 2057 ad
3318 2003 3632 2057 secundum

1934 2088 2240 2143 adventum
2265 2103 2367 2157 per
2389 2090 2577 2154 partes
2615 2088 2998 2142 redimuntur.

2008 2176 2132 2229 LXX
2161 2190 2174 2227 :
2201 2174 2295 2228 Ad
2319 2189 2510 2241 agrum
2538 2178 2693 2229 terra
2740 2178 3171 2243 aestimabuntur,
3226 2178 3296 2232 de
3313 2194 3427 2250 quo
3476 2178 3630 2233 scili-

1932 2268 2021 2318 cet
2057 2262 2302 2317 dicitur:
2372 2264 2557 2317 Simile
2624 2272 2703 2317 est
2773 2280 2999 2331 regnum
3063 2268 3315 2320 caelorum
3385 2268 3635 2321 thesauro

1932 2351 2244 2406 abscondito
2263 2352 2321 2403 in
2343 2365 2493 2417 agro,
2546 2350 2601 2404 id
2660 2355 2743 2404 est
2769 2352 3093 2422 Evangelio,
3136 2352 3197 2406 in
3240 2369 3353 2423 quo
3400 2354 3633 2408 thesau-

1932 2457 2029 2496 rus
2058 2443 2143 2493 est
2173 2439 2505 2506 mysterium
2534 2439 2763 2493 Christi.

2001 2531 2163 2583 Vens.
2198 2531 2285 2583 32.
2318 2557 2385 2567 —
2413 2528 2571 2582 dides
2634 2530 2961 2583 Levitarum.
3013 2529 3226 2599 (Omo.,
3279 2531 3416 2585 hom.
3482 2534 3544 2584 15
3572 2534 3631 2586 in

1929 2619 2081 2687 Lev.)
2106 2616 2164 2672 Si
2196 2616 2555 2670 sacerdotalis
2587 2616 2758 2670 fuerit
2814 2617 3017 2671 domus
3047 2618 3133 2670 vel
3187 2617 3450 2679 Levitica,
3496 2624 3629 2685 etc.,

1928 2722 2096 2775 usque
2121 2706 2195 2759 ad
2242 2704 2686 2758 satisfactionem
2740 2705 2952 2759 scilicet
3011 2706 3299 2760 desiderii.

2001 2795 2163 2847 Vens.
2198 2794 2283 2847 34.
2324 2821 2395 2833 —
2444 2792 2787 2847 Suburbana.
2843 2794 3046 2863 (lsrcn.)
3093 2794 3202 2847 Alii
3256 2794 3399 2864 agri,
3461 2794 3515 2848 id
3546 2800 3632 2848 est

1928 2879 2390 2934 conversationes
2419 2879 2715 2946 virtutum,
2748 2884 2803 2933 et
2822 2880 3113 2935 doctrinas.
3179 2883 3305 2935 Haec
3354 2887 3629 2951 separatas
3678 2920 3679 2925 η

148 2981 256 3018 nam
285 2967 504 3035 tribuit,
541 2984 655 3021 non
685 2968 781 3021 alii
805 2975 1008 3023 noceat
1063 2974 1125 3023 ut
1177 2970 1273 3023 alii
1328 2970 1546 3039 prosit:
1597 2987 1811 3041 prmce-
1850 2972 1889 3026 C
1925 2973 2059 3024 sunt
2086 2984 2119 3020 a
2149 2966 2470 3021 civitatibus
2510 2983 2710 3021 eorum
2762 2984 2891 3038 quae
2928 2984 3032 3038 per
3086 2969 3240 3039 ipsos
3289 2969 3625 3024 consistunt,

146 3059 282 3123 ptum
312 3056 465 3110 enim
508 3057 663 3127 quod
710 3058 1129 3128 eleemosynam
1186 3057 1310 3111 ﬁeri
1358 3058 1549 3128 jussit,
1602 3058 1815 3129 justam

146 3159 245 3197 esse
272 3145 468 3199 voluit.

199 3232 343 3297 Quod
376 3236 429 3288 si
443 3234 723 3299 direritis,
760 3233 881 3305 lete.
918 3233 1045 3304 (ln.)
1112 3233 1255 3298 Quia
1309 3250 1413 3304 per
1438 3236 1577 3290 duos
1637 3252 1815 3291 annos

144 3324 323 3374 terram
356 3338 559 3375 vacare
618 3328 988 3392 praeceperat,
1047 3338 1119 3375 ne
1164 3323 1641 3377 conturbarentur
1683 3330 1815 3379 tan-

143 3423 286 3478 quam
325 3410 553 3464 solliciti
603 3410 741 3481 quid
776 3411 1142 3465 comederent
1197 3416 1295 3464 aut
1324 3412 1462 3481 quid
1531 3413 1811 3479 biberent,

143 3497 244 3550 ait:
280 3499 427 3553 Dabo
472 3500 888 3553 benedictionem
954 3515 1146 3567 meam,
1207 3505 1310 3553 etc.
1356 3502 1567 3567 (Matth.
1627 3502 1725 3571 v1).
1752 3503 1819 3556 Et

141 3587 428 3640 notandum
460 3587 601 3657 quia
639 3604 770 3641 cum
823 3587 1078 3643 Christus
1140 3588 1327 3643 dicat:
1362 3591 1535 3644 Nolite
1581 3592 1818 3657 cogitare

141 3672 454 3743 decrastino,
500 3676 586 3729 lex
614 3676 777 3745 jubet
808 3692 876 3729 ne
901 3676 1152 3746 cogitent
1175 3677 1243 3730 de
1277 3677 1458 3730 tribus
1522 3677 1706 3733 annis.

196 3762 455 3817 Vsas.2l.
494 3793 563 3803 —
614 3764 771 3818 Dabo
819 3764 1251 3819 benedictionem.
1310 3765 1443 3834 (ιο.)
1504 3764 1810 3820 Christum.

146 3850 277 3903 Unde
323 3852 699 3906 benedimimus
744 3853 895 3909 vobis
952 3855 1008 3906 in
1060 3855 1271 3907 nomine
1321 3853 1549 3919 Domini,
1621 3854 1676 3908 id
1708 3859 1813 3921 est,

145 3937 360 4005 Christo,
398 3939 505 4010 qui
547 3946 633 3993 est
690 3956 898 3994 nomen
948 3942 1147 3995 Patris.
1216 3940 1321 4004 Qui
1382 3942 1607 3994 Patrem
1654 3941 1817 3995 nobis

145 4026 449 4092 nominavit,
489 4030 545 4079 et
575 4026 956 4080 manifestavit
982 4044 996 4091 ;
1039 4028 1130 4081 hic
1158 4028 1216 4081 in
1247 4033 1405 4082 sexto
1457 4045 1608 4083 anno
1639 4029 1814 4096 venit,

144 4110 188 4163 id
214 4118 307 4179 est,
339 4114 396 4167 in
436 4114 809 4184 perfectione,
860 4130 1035 4185 quam
1099 4116 1384 4185 significat
1428 4116 1683 4170 senarius
1717 4134 1730 4176 :
1764 4121 1821 4170 et

144 4205 195 4253 ut
218 4200 509 4256 hominem
550 4203 897 4263 reformaret,
930 4219 1100 4274 quem
1132 4203 1473 4258 formaverat
1500 4204 1590 4258 die
1638 4210 1815 4271 sexto,

145 4290 367 4356 quodibi
397 4290 744 4356 sextusdies,
777 4290 868 4343 hic
914 4295 1100 4343 sextus
1155 4307 1337 4344 annus
1394 4290 1623 4360 dicitur,
1682 4292 1819 4362 quia

143 4374 272 4429 inter
297 4377 705 4431 formationem
735 4383 991 4431 nostram
1022 4384 1079 4433 et
1126 4379 1590 4433 reformationem
1638 4381 1822 4435 multa

142 4468 374 4534 tempora
407 4465 791 4519 deﬂuxerunt.

213 4552 365 4605 Vsus.
425 4556 517 4607 23.
578 4583 647 4592 —
703 4556 871 4607 Terra
897 4568 1128 4623 quoque.
1192 4554 1375 4623 (Anc.,
1411 4558 1609 4621 Quaest.
1668 4559 1736 4609 90
1762 4558 1821 4609 in

143 4638 268 4707 Leu.)
299 4640 411 4693 Alii
446 4640 669 4695 codices
718 4642 948 4707 habent,
984 4647 1116 4709 etc.,
1142 4658 1311 4711 usque
1330 4644 1404 4697 ad
1433 4643 1692 4715 quisquis
1721 4644 1819 4698 ha-

143 4724 235 4791 bet,
260 4728 337 4781 uti
369 4728 560 4783 debet.

199 4815 347 4870 Veas.
380 4821 475 4871 25‘.
501 4845 566 4858 -
599 4819 663 4872 Si
678 4822 1005 4873 attenuatus.
1050 4819 1259 4891 ([5108.)
1316 4820 1452 4884 Quae
1511 4820 1585 4874 sit
1631 4825 1823 4875 nostra

145 4900 461 4968 substantia,
516 4910 646 4971 etc.,
719 4921 891 4975 usque
936 4907 1010 4960 ad
1066 4906 1229 4962 docet
1302 4909 1590 4979 quomodo
1655 4909 1821 4964 resti-

146 4991 263 5044 tuat.

200 5078 367 5135 Potest
396 5080 682 5136 redimere.
716 5081 924 5153 (15168.)
952 5082 1276 5138 Secundum
1297 5085 1461 5151 illud,
1485 5090 1612 5151 etc.,
1653 5101 1823 5154 usque

148 5164 206 5216 ad
230 5172 287 5221 ut
313 5169 744 5239 quodammodo
802 5172 1123 5225 communis
1171 5172 1262 5228 sit.

203 5254 352 5309 Veiis.
403 5259 495 5311 28.
531 5288 592 5297 —
646 5259 918 5328 Usquead
974 5275 1175 5313 annum
1240 5263 1451 5321 Annus,
1505 5260 1639 5330 quia
1696 5276 1820 5314 om-

152 5355 229 5393 nes
262 5342 429 5397 horas
460 5344 521 5398 in
544 5361 601 5399 se
632 5346 820 5412 habet,
863 5351 920 5400 et
948 5346 1070 5399 dies
1100 5351 1155 5400 et
1184 5362 1427 5415 menses,
1459 5352 1515 5401 et
1555 5348 1823 5402 circuitus

153 5442 343 5498 omnes,
369 5432 786 5503 perfectionem
807 5433 1105 5504 signiﬁcat.
1134 5437 1429 5490 Peccatum
1483 5441 1581 5489 aut
1634 5438 1821 5507 perfe-

153 5519 281 5572 ctum
310 5524 367 5575 et
434 5520 772 5577 diuturnum
833 5538 951 5577 non
1006 5523 1118 5578 nisi
1182 5524 1433 5596 perfecta
1491 5525 1821 5597 paenitentie

1923 3060 1981 3112 et
2009 3056 2317 3121 salvantur,
2350 3060 2406 3109 et
2432 3070 2550 3109 non
2564 3055 2912 3126 venduntur,
2954 3056 3088 3127 quia
3113 3057 3292 3127 gratis
3342 3057 3628 3128 accipiun-

1922 3148 2037 3207 tur,
2069 3143 2242 3214 gratis
2269 3144 2493 3198 dantur.

1988 3232 2164 3286 Vens.
2199 3234 2377 3286 35.—
2423 3232 2489 3285 Si
2534 3236 2844 3287 attenuatus
2872 3235 3062 3299 fuerit.
3100 3234 3227 3301 (10.)
3278 3234 3481 3288 Mirare
3537 3235 3625 3287 le-

1922 3320 2207 3392 gislatoris
2234 3320 2572 3391 sapientiam
2600 3324 2656 3373 et
2675 3320 2947 3390 pietatem
2982 3321 3077 3388 ;in
3104 3322 3420 3376 humilibus
3470 3322 3625 3376 enim

1923 3408 2456 3478 sublimiaexponit,
2506 3408 2822 3463 secundum
2848 3409 3095 3463 litteram
3147 3427 3276 3464 vero
3306 3411 3404 3464 dat
3459 3426 3623 3480 regn-

1923 3499 2039 3552 lam
2068 3496 2318 3567 pietatis.

1994 3589 2100 3656 Qui
2155 3585 2337 3639 eduxi.
2370 3584 2541 3649 Quasi
2602 3585 2791 3640 dicat:
2848 3586 3004 3641 Sicut
3040 3588 3109 3641 de
3139 3587 3393 3641 dominio
3445 3589 3618 3659 Egy-

1924 3673 2181 3744 ptiorum
2231 3688 2330 3726 vos
2392 3673 2645 3740 liberavi,
2728 3678 2783 3727 et
2837 3674 3068 3744 adjectis
3124 3676 3514 3746 peccatoribus
3564 3676 3626 3729 in

1923 3766 2136 3815 terram
2166 3761 2618 3816 Chananaaorum
2641 3763 2762 3832 jam
2792 3764 3121 3817 mandatam
3148 3763 3367 3829 induxi,
3392 3764 3471 3817 ita
3491 3765 3627 3817 nolo

1923 3867 2023 3905 vos
2052 3851 2158 3905 sub
2186 3849 2442 3919 dominio
2472 3854 2833 3920 peccatorum
2858 3852 3063 3916 teneri,
3123 3867 3310 3921 neque
3372 3854 3629 3921 peccato-

1924 3955 2053 3993 rum
2087 3937 2415 3991 societatem
2466 3938 2750 4007 amplecti,
2803 3939 2899 3992 sed
2931 3955 3061 3992 cum
3114 3939 3388 4009 poenitere
3431 3940 3626 3992 volue-

1926 4026 2062 4091 rint,
2096 4030 2152 4079 et
2180 4024 2601 4079 cobabitatione
2632 4032 2690 4080 et
2722 4024 3007 4097 facultatis
3043 4027 3348 4097 largitione
3404 4031 3624 4081 susten-

1928 4120 2169 4256 tetilsiins.
2205 4204 2293 4256 39.
2338 4232 2403 4241 —-
2458 4202 2519 4257 Si
2560 4206 2902 4271 paupertate.
2947 4204 3117 4258 Multa
3180 4202 3627 4273 pietatelittera

1860 4261 1905 4314 Β
1924 4292 2093 4363 plena
2116 4293 2219 4355 est,
2252 4289 2350 4343 sed
2380 4261 2691 4359 spiritualis
2721 4292 3043 4346 intellectus
3090 4261 3315 4361 plenior
3336 4330 3349 4345 .

2003 4380 2167 4433 Vens.
2206 4381 2293 4432 40.
2326 4410 2393 4417 —
2417 4380 2527 4433 Sed
2551 4381 2712 4451 quasi
2759 4383 3140 4435 mercenarius.
3192 4380 3436 4448 Uterque
3486 4379 3624 4432 sub-

1928 4475 2078 4529 ditus
2103 4478 2203 4540 est,
2228 4474 2326 4528 sed
2372 4478 2566 4529 tamen
2615 4475 2707 4529 hic
2764 4476 2908 4528 liber
2946 4481 3073 4530 est:
3132 4475 3211 4529 sic
3241 4474 3339 4546 qui
3379 4489 3481 4543 per
3527 4489 3625 4526 vos

1928 4575 2231 4614 conversus
2292 4564 2396 4625 est,
2424 4561 2711 4631 subjectus
2768 4562 3003 4632 quidem
3033 4566 3137 4631 est,
3203 4562 3300 4617 sed
3349 4560 3624 4632 dignitate

1929 4647 2129 4718 gratiae
2151 4647 2357 4703 divinas
2386 4649 2560 4704 frater
2579 4654 2687 4705 est.

2002 4737 2154 4790 Vens.
2193 4737 2280 4790 43.
2335 4766 2404 4775 —
2439 4740 2521 4793 Ne
2552 4741 2796 4806 afﬂigas,
2850 4743 2979 4801 etc.,
3031 4738 3167 4808 quia
3214 4738 3274 4791 in
3314 4753 3427 4807 quo
3470 4736 3625 4806 judi-

1929 4840 2041 4891 cas,
2069 4823 2442 4894 judicaberis:
2493 4831 2551 4880 et
2579 4826 2777 4880 eadem
2829 4841 3097 4879 mensura
3128 4828 3240 4896 qua
3272 4823 3453 4879 mensi
3508 4824 3627 4878 fue-

1928 4912 2073 4978 ritis,
2107 4912 2441 4966 remetietur
2469 4913 2626 4967 vobis
2651 4914 2871 4983 (Matth.
2894 4914 3050 4983 xvn).

2002 5002 2160 5056 Vens.
2206 5003 2295 5055 44.
2357 5033 2423 5040 —
2468 5003 2665 5057 Servus
2719 5008 2771 5057 et
2821 5003 3042 5056 ancilla.
3107 5002 3310 5071 (Ιειοιι.)
3368 5000 3628 5055 Ostendit

1928 5088 2067 5159 quid
2100 5088 2271 5142 distet
2293 5088 2440 5142 inter
2469 5105 2587 5154 eos,
2628 5106 2770 5161 quos
2790 5106 2855 5144 ex
2904 5088 3232 5143 inﬁdelibus
3292 5090 3404 5143 Deo
3443 5088 3626 5141 salva-

1929 5192 2079 5245 mus,
2105 5192 2358 5246 quosque
2371 5176 2493 5246 jam
2546 5177 2762 5240 ﬁdeles,
2812 5182 2867 5230 et
2896 5178 3057 5231 nobis
3114 5177 3327 5231 similes
3382 5176 3625 5230 vocatio-

1930 5264 2040 5330 nis,
2074 5270 2131 5318 et
2159 5263 2601 5317 conversationis
2659 5264 2934 5334 dignitate
2976 5282 3078 5335 pro
3136 5272 3394 5336 tempore
3443 5265 3625 5317 virtu-

1928 5352 2081 5406 tibus
2114 5356 2439 5407 attenuatos
2488 5351 2827 5423 corrigimus
2860 5369 2871 5402 :
2904 5354 2964 5407 hi
3021 5354 3176 5407 enim
3224 5371 3401 5426 usque
3432 5353 3503 5407 ad
3524 5353 3627 5424 ju-

1930 5439 2163 5494 bilaaum
2221 5440 2373 5510 apud
2426 5456 2529 5494 nos
2578 5445 2907 5510 operantur,
2940 5441 3023 5495 illi
3053 5447 3246 5497 autem
3302 5442 3447 5496 servi
3494 5445 3627 5495 sunt

1928 5527 2210 5598 perpetui.
