3976 6178
250 292 348 344 371

881 287 1293 342 WALAFRIDI
1331 287 1573 341 STRABI
1614 288 1814 342 FULD.
1857 285 1950 340 ΜΟ

2150 285 2206 338 Ρ.
2253 284 2426 338 PARS
2465 285 2507 338 Ι.
2551 313 2619 320 -
2658 283 3112 338 THEOLOGICA.

3667 260 3782 337 372

319 407 478 459 Vens.
512 406 600 457 45.
629 433 702 446 —
728 405 836 471 Qui
859 420 927 458 ea:
955 405 1059 458 his.
1095 405 1294 471 (131cn.)
1351 404 1679 458 Judzeorum
1726 403 1950 472 cognati
1981 407 2023 459 A
2061 402 2316 466 tinendo,
2351 407 2408 457 et
2449 403 2607 457 omni
2648 403 2802 458 bono
2847 405 3101 458 vacando
3137 421 3150 458 :
3201 405 3312 459 hoc
3341 411 3428 460 est
3467 404 3624 460 enim
3682 422 3784 460 ve-

247 493 523 560 hasretici,
574 493 675 564 qui
722 494 920 546 eadem
965 493 1258 546 nobiscum
1314 492 1629 562 praedicant
1657 492 1950 562 mysteria,

250 581 415 654 quasi
446 581 559 642 sint
585 581 648 635 in
676 586 829 635 terra
853 585 1081 635 nostra:
1117 581 1215 634 sed
1261 597 1380 634 non
1407 587 1556 634 recte
1613 585 1669 635 et
1705 581 1952 652 perfecte

250 670 510 724 credunt.

325 759 430 811 Hos
451 757 734 810 habebitis.
770 755 896 826 (11).)
927 755 1076 818 Quos
1107 755 1176 809 de
1204 755 1468 825 gentibus
1496 760 1594 810 aut
1627 755 1697 810 de
1743 753 1954 810 Iudaeis

252 848 352 897 aut
382 844 450 897 de
478 843 760 898 haereticis
798 842 1200 908 convertimus,
1260 843 1423 913 quasi
1455 859 1646 896 servos
1690 848 1747 896 et
1775 842 1949 896 ancil-

251 926 338 986 las
368 932 430 985 in
454 937 792 1002 perpetuum
835 931 1215 1000 acquirimus:
1249 931 1384 1001 quia
1411 948 1515 1002 pro
1545 931 1628 986 eis
1679 930 1953 986 doctrinae

253 1020 557 1091 pecuniam
597 1019 988 1089 expendimus,
1035 1024 1091 1073 et
1117 1019 1250 1072 ﬁliis
1281 1021 1507 1086 nostris,
1556 1021 1615 1074 id
1646 1025 1732 1074 est
1784 1019 1955 1073 disci-

253 1107 405 1178 pulis
436 1106 717 1161 docendos
741 1106 968 1159 tradere
1011 1122 1332 1176 possumus,
1371 1107 1515 1160 sicut
1566 1108 1774 1161 Paulus
1827 1105 1952 1160 Tito

254 1199 568 1256 Cretenses,
635 1194 928 1248 Timotheo
983 1193 1250 1263 Ephesios
1303 1195 1590 1249 docendos
1645 1193 1950 1248 commisit.

326 1285 489 1338 Vens.
542 1285 632 1338 46.
693 1319 746 1328 -
791 1285 1011 1338 Fratres
1062 1289 1259 1336 autem.
1335 1283 1506 1346 Quasi
1578 1299 1695 1336 non
1752 1283 1954 1336 eadem

255 1371 534 1444 dignitate
565 1371 718 1443 apud
748 1388 846 1424 vos
867 1376 1056 1436 erunt,
1106 1387 1250 1441 quos
1297 1371 1368 1424 de
1419 1370 1610 1442 impiis
1639 1370 1952 1424 convertis-

255 1463 348 1526 tis,
382 1467 440 1515 et
465 1477 610 1532 quos
638 1460 831 1530 lapsos
861 1458 1159 1528 reparatis.

326 1549 487 1602 Vens.
517 1549 605 1602 47.
637 1575 706 1588 -—
749 1547 812 1603 Si
842 1548 1154 1601 invaluerit.
1207 1548 1332 1617 (11).)
1385 1547 1447 1600 Id
1477 1551 1581 1613 est,
1638 1546 1686 1600 si
1735 1545 1957 1599 noviter

254 1635 390 1690 ﬁdei
418 1638 618 1689 vestrae
645 1635 1002 1704 conjunctus,
1031 1634 1286 1702 Gentilis,
1319 1635 1406 1689 vel
1434 1635 1685 1703 Iudaeus,
1717 1636 1805 1688 vel
1835 1634 1954 1687 hee-

256 1724 486 1791 reticus,
521 1723 825 1777 virtutibus
854 1723 1142 1790 claruerit,
1175 1727 1238 1777 nt
1269 1723 1451 1794 possit
1474 1739 1713 1794 arguere
1773 1727 1831 1777 et
1860 1739 1952 1775 ex-

255 1812 493 1868 hortari.

330 1901 392 1956 Si
415 1901 732 1966 invaluerit,
758 1903 867 1952 etc.
898 1898 1226 1952 Secundum
1244 1897 1495 1953 litteram
1519 1901 1796 1969 quantum
1819 1897 1955 1951 dili-

260 1988 697 2060 gatlibertatem
753 1986 1020 2041 ostendit.
1064 1986 1199 2040 Ideo
1251 1986 1404 2040 enim
1463 1987 1773 2040 lsraelitam
1811 1985 1955 2039 alie-

260 2078 348 2130 nis
376 2093 495 2130 non
521 2075 797 2146 permittit
831 2075 1059 2137 servire,
1085 2075 1183 2128 sed
1212 2075 1470 2145 praecipit
1498 2074 1723 2129 redimi.

330 2166 437 2231 Qui
460 2166 704 2219 voluerit.
737 2165 924 2232 Turpe
963 2168 1050 2216 est
1077 2162 1374 2216 hominem
1413 2163 1474 2216 in
1509 2162 1621 2216 ﬁde
1659 2162 1728 2216 ab
1768 2161 1955 2214 infan-

258 2252 338 2307 tia
367 2252 670 2319 nutritum,
699 2251 900 2305 talium
923 2251 1110 2306 subire
1141 2250 1554 2322 magisterium,
1579 2250 1680 2321 qui
1721 2253 1956 2320 repente

259 2338 522 2410 magistri
543 2337 674 2392 facti
703 2342 853 2404 sunt,
888 2337 1040 2391 unde
1072 2337 1449 2407 Hieronymus
1481 2353 1492 2391 :
1537 2337 1670 2392 Heri
1714 2337 1778 2389 in
1804 2336 1953 2400 foro,

259 2427 426 2481 hodie
457 2426 516 2479 in
543 2425 742 2492 altari;
779 2425 904 2478 heri
952 2424 1136 2479 socius
1186 2425 1533 2491 histronum,
1594 2424 1763 2479 hodie
1816 2439 1958 2478 con—

259 2518 510 2569 secrator
531 2512 840 2583 virginum.

332 2604 494 2658 Vens.
529 2603 618 2656 49.
650 2631 722 2641 -
779 2603 1035 2665 Patruus,
1070 2600 1189 2672 [etc.
1261 2601 1404 2670 (11).)
1460 2600 1750 2655 Patrueles
1801 2604 1955 2666 sunt,

264 2690 364 2761 qui
389 2706 492 2744 nos
519 2690 578 2742 in
597 2689 708 2744 ﬁde
746 2691 1091 2759 genuerunt,
1128 2688 1328 2742 fratres
1383 2704 1583 2742 eorum
1634 2687 1958 2743 consimiles

264 2778 691 2849 pradicatores,
722 2777 828 2830 filii
857 2777 1096 2830 fratrum
1122 2775 1387 2846 discipuli
1409 2776 1812 2830 consimilium.

299 2868 796 2933 .Consanguineus.
835 2864 960 2935 (10.)
991 2863 1098 2928 Qui
1147 2865 1418 2918 remotior
1464 2868 1670 2934 patruo
1719 2865 1808 2918 vel
1859 2881 1958 2936 pa-

2058 508 2190 546 rum
2221 492 2547 546 sabbatum.

2130 580 2287 632 Vens.
2323 581 2372 632 3.
2423 608 2492 618 —
2533 579 2600 631 Si
2632 579 2691 631 in
2716 581 3003 646 praeceptis
3060 579 3207 642 Quid
3235 579 3383 643 ﬁeri,
3420 579 3555 650 quid
3607 580 3783 652 vitari

2060 666 2312 734 deberet,
2344 664 2631 735 prtedixit.
2667 667 2730 718 ln
2756 664 2869 718 ﬁne
2900 681 3034 735 quae
3055 666 3485 719 observantibus
3506 667 3784 736 praemia,

2063 771 2188 825 quae
2223 753 2722 824 praevaricantihus
2743 754 3028 824 supplicia
3085 754 3404 808 debeantur
3443 762 3772 808 enumerat.

2132 843 2191 896 Si
2220 845 2277 894 in
2305 843 2606 910 prxceptis.
2642 842 2770 909 (11).)
2829 842 2955 895 Haec
2995 842 3063 895 ad
3127 842 3382 895 litteram
3443 846 3590 895 stare
3645 857 3768 895 non

2061 936 2318 999 possunt,
2350 934 2479 996 etc.,
2535 945 2706 998 usque
2760 930 2834 983 ad
2864 945 2994 1000 qua:
3033 930 3094 983 in
3154 930 3270 984 hoc
3298 931 3485 1000 capite
3542 931 3770 1000 signiﬁ—

2060 1023 2282 1072 cantur.

2133 1105 2336 1175 (01116.,
2367 1107 2506 1160 hom.
2544 1108 2606 1159 l6
2638 1107 2697 1159 in
2746 1106 2898 1173 Leu.)
2931 1104 2991 1159 Si
3031 1105 3115 1158 lex
3165 1105 3408 1158 carnalis
3466 1110 3568 1170 est,
3622 1110 3750 1183 etc.,

2062 1208 2230 1264 usque
2257 1195 2352 1262 ad,
2379 1197 2607 1247 Joannes
2634 1196 2780 1246 venit
2807 1196 2864 1246 in
2893 1195 3096 1262 spiritu
3149 1199 3199 1246 et
3240 1197 3300 1247 in
3356 1195 3564 1248 virtute
3603 1196 3754 1248 Elite.

2131 1283 2398 1336 Mandata
2415 1298 2551 1336 mea.
2585 1281 2761 1346 Quale
2805 1287 2890 1335 est
2941 1282 3082 1336 illud
3117 1299 3130 1336 :
3167 1284 3271 1349 Qui
3325 1283 3612 1337 sabbatum
3657 1296 3767 1335 non

2061 1371 2295 1424 custodit
2323 1372 2392 1424 ab
2447 1372 2593 1424 omni
2640 1385 2918 1438 synagoga
2957 1372 3251 1440 lapidetur,
3301 1376 3361 1425 et
3411 1368 3763 1440 hujusmodi.

2135 1459 2280 1512 Dabo
2299 1460 2448 1512 vobis
2497 1460 2736 1526 pluvias,
2797 1464 2904 1512 etc.
2967 1461 3031 1513 Et
3103 1460 3271 1526 dabo,
3300 1463 3350 1512 et
3403 1457 3766 1528 superfluum

2064 1553 2168 1613 est,
2196 1546 2610 1600 consuetudine
2641 1546 2950 1601 locutionis
2979 1551 3210 1613 nostras,
3251 1547 3350 1601 sed
3405 1563 3567 1600 more
3629 1545 3768 1599 scri-

2062 1640 2364 1705 pturarum
2394 1635 2676 1689 additum.

2139 1724 2503 1793 Temporibus.
2587 1723 2783 1792 (01116.)
2863 1725 3144 1794 Tempore
3219 1726 3565 1794 opportuno,
3651 1737 3773 1774 non

2064 1811 2243 1877 ebrio,
2271 1827 2386 1864 non
2415 1810 2476 1864 in
2504 1810 2629 1864 aliis
2667 1815 2938 1881 occupato
2968 1827 2982 1864 :
3043 1811 3354 1882 prudenter
3410 1826 3545 1880 ergo
3587 1809 3772 1879 conji-

2064 1901 2176 1956 ciat
2203 1900 2400 1954 doctor
2429 1898 2523 1952 cui
2559 1898 2844 1952 ministret
2909 1899 3184 1969 pluviam,
3244 1904 3300 1953 et
3318 1899 3490 1952 tritici
3537 1914 3772 1951 mensu-

2065 2004 2208 2052 ram,
2236 1991 2290 2040 et
2317 1986 2409 2040 cui
2438 1985 2605 2040 debet
2636 1987 2721 2040 lac
2741 1987 2892 2051 dare,
2936 2004 3051 2040 non
3082 1989 3176 2042 det
3206 2004 3412 2042 escam.

2135 2077 2294 2128 Vens.
2329 2076 2381 2128 4.
2412 2105 2482 2113 -
2517 2077 2681 2128 Terra
2731 2078 2935 2142 gignet.
2993 2076 3156 2129 LXX:
3215 2078 3393 2144 Ligna
3447 2077 3627 2144 campi
3663 2074 3772 2128 da-

2066 2163 2196 2216 bunt
2215 2165 2457 2228 fructum
2497 2177 2672 2216 suum.
2707 2163 2835 2232 (11).)
2881 2165 3064 2216 Motus
3095 2164 3324 2231 animae,
3387 2164 3487 2234 qui
3535 2162 3772 2216 altiores

2065 2255 2200 2305 sunt
2231 2249 2481 2303 motibus
2504 2254 2691 2316 terrae,
2740 2251 2793 2304 id
2843 2256 2947 2312 est.
2991 2252 3177 2306 carnis
3222 2258 3457 2318 nostra),
3518 2267 3768 2322 quorum

2063 2339 2278 2394 fructus
2330 2343 2466 2393 sunt
2523 2339 2792 2407 Charitas,
2838 2339 3080 2410 justitia,
3145 2341 3525 2395 mansuetudo
3581 2345 3641 2395 et
3691 2340 3768 2392 si-

2066 2427 2245 2482 milia.

2135 2517 2310 2570 Pomis
2330 2515 2565 2569 arbores.
2600 2515 2805 2586 (01110.)
2863 2519 2983 2572 Non
3028 2522 3204 2586 potest
3259 2517 3441 2583 arbor,
3482 2521 3617 2582 etc.,
3677 2533 3770 2571 us-

2067 2619 2169 2672 que
2195 2602 2359 2657 adde
2389 2619 2504 2672 qua
2532 2603 2740 2657 dicitur
2773 2618 2787 2655 :
2819 2605 3053 2668 Lignum
3104 2606 3230 2658 vitae
3258 2609 3337 2658 est
3383 2605 3469 2658 his
3516 2606 3613 2673 qui
3669 2619 3770 2671 ap-

2063 2691 2466 2761 prehenderunt
2490 2707 2628 2745 eam.

2141 2780 2304 2832 Vens.
2423 2807 2492 2820 —
2547 2779 2942 2848 Apprehendet
2993 2782 3244 2834 messium
3299 2783 3529 2836 tritura.
3589 2780 3772 2848 (01110)

2070 2866 2276 2920 Anima
2305 2883 2433 2937 quae
2479 2867 2764 2939 germinat
2802 2884 2869 2921 ex
2899 2867 3072 2921 verbo
3126 2869 3244 2934 Dei,
3277 2876 3408 2933 etc.,
3474 2883 3644 2937 usque
3699 2869 3776 2922 ad

263 2954 457 3018 trueli,
499 2955 592 3008 sed
649 2953 1029 3024 propinquior
1074 2952 1254 3006 afﬁni.
1300 2953 1404 3018 Qui
1439 2947 1593 3006 enim
1639 2968 1876 3016 suorum,
1915 2955 2038 3011 etC
2076 2969 2206 3008 cum
2237 2955 2520 3008 conservis
2549 2954 2608 3008 in
2657 2960 2918 3024 tempore
2965 2955 3409 3025 dispensandum
3455 2960 3768 3010 remaneat.

261 3046 497 3097 mamime
520 3043 920 3096 domesticorum
947 3057 1135 3096 curam
1186 3056 1294 3095 non
1351 3041 1529 3108 habet,
1605 3041 1766 3110 ﬁdem
1816 3042 1968 3096 abne.

265 3134 422 3198 gavit
450 3129 498 3200 (1
531 3133 673 3184 Tim.
709 3133 787 3201 v).

336 3219 564 3286 Affinis.
599 3218 723 3288 (11).)
755 3219 818 3271 In
847 3218 1184 3288 cognatione
1204 3215 1338 3270 ﬁdei
1357 3215 1768 3271 incarnationis
1805 3217 1968 3272 Chri-

269 3305 362 3368 sti,
396 3305 495 3375 qui
521 3305 591 3359 de
621 3321 791 3359 carne
821 3305 942 3374 ejus
968 3310 1027 3359 et
1044 3304 1266 3358 ossibus
1296 3319 1512 3358 sumus.

342 3393 443 3447 Sin
460 3397 664 3448 autem.
699 3393 838 3462 (11).)
871 3393 976 3447 Pro
1005 3392 1270 3446 libertate
1306 3396 1502 3445 nostra
1531 3395 1589 3446 et
1632 3391 1812 3461 gloria
1850 3392 1971 3462 Spi-

274 3481 417 3535 ritus
447 3484 674 3534 sanctus
734 3481 876 3550 agit,
910 3485 968 3535 et
1017 3496 1420 3551 quemcunque
1485 3495 1713 3534 servum
1755 3481 1973 3551 peccati

269 3569 580 3624 virtutibus
608 3568 816 3624 redimi
843 3568 1118 3639 praecipit.

345 3661 416 3712 Et
443 3660 576 3727 ipse.
613 3657 740 3727 (10.)
771 3657 878 3722 Qui
903 3673 1123 3727 pauper
1152 3657 1332 3711 factus
1355 3655 1526 3714 estin
1560 3661 1809 3728 peccato,
1842 3672 1970 3713 cum

275 3747 435 3817 prius
454 3745 659 3800 virtute
681 3749 737 3799 et
775 3747 1031 3800 doctrina
1083 3746 1240 3800 dives
1289 3752 1454 3816 esset,
1512 3753 1664 3802 recte
1721 3748 1972 3819 seipsum

274 3835 480 3891 liberat
498 3834 635 3890 dum
667 3834 1039 3906 exhortando,
1073 3837 1424 3892 consulendo
1478 3837 1550 3891 ad
1579 3837 1845 3893 virtutem
1877 3853 1975 3891 re-

276 3929 461 3982 vocat.

349 4016 512 4068 Vens.
574 4016 660 4068 50.
721 4045 789 4052 —
853 4014 1196 4083 Supputatis.
1252 4012 1376 4084 (11).)
1437 4013 1499 4067 Id
1542 4017 1624 4067 est
1679 4013 1974 4068 tractando

279 4103 432 4174 apud
461 4119 519 4156 se
557 4119 671 4173 qua
719 4102 943 4168 virtute,
1004 4106 1135 4166 etc.,
1197 4117 1364 4171 usque
1392 4102 1466 4154 ad
1507 4101 1639 4156 ideo
1698 4101 1976 4156 Dominus

279 4191 362 4244 ait
385 4190 470 4244 illi
503 4206 516 4242 :
549 4190 720 4245 Hodie
741 4191 891 4244 salus
923 4191 1048 4243 huic
1076 4189 1260 4243 domui
1280 4191 1430 4256 facta
1461 4194 1558 4244 est.

350 4280 514 4348 Vens.
549 4281 635 4331 51.
665 4307 734 4317 -
757 4277 988 4332 Reddet.
1033 4278 1161 4346 (11).)
1197 4277 1520 4331 Secundum
1571 4293 1636 4330 ea
1666 4293 1795 4348 quae
1844 4293 1975 4345 pec-

281 4365 446 4431 cavit,
479 4368 704 4435 oportet
731 4365 979 4434 pretium
1017 4364 1276 4418 reddere.
1304 4364 1467 4427 Quod
1513 4365 1649 4434 gula
1702 4365 1972 4435 peccavit,

275 4453 561 4524 jejunium
591 4452 842 4521 corrigat
869 4472 884 4518 ;
910 4452 1063 4522 quod
1083 4451 1386 4522 garrulitas
1407 4451 1652 4518 admisit,
1685 4452 1976 4507 silentium

285 4543 491 4607 deleat,
524 4545 583 4595 et
606 4540 868 4594 similiter
919 4539 1218 4593 contrariis
1269 4543 1542 4593 curantur
1571 4540 1872 4595 contraria.

942 4669 1170 4725 CAPUT
1206 4670 1382 4725 XXVI.

356 4807 515 4860 Vens.
550 4808 598 4859 1.
648 4833 718 4844 -—
765 4805 886 4858 Non
935 4803 1170 4869 facietis.
1239 4801 1492 4873 Cultum,
1522 4800 1806 4855 idolorum
1859 4805 1976 4856 tam

283 4893 598 4948 visibilium
627 4908 801 4964 quam
841 4890 1216 4944 invisibilium
1260 4889 1539 4961 prohibet.

355 4981 633 5050 Sculptile.
667 4980 871 5050 (Isicn.)
903 4981 968 5034 In
1011 4978 1269 5033 adiﬁciis
1305 4978 1606 5048 domorum
1663 4982 1720 5032 et
1768 4995 1983 5048 posses-

285 5066 542 5120 sionibus
576 5081 845 5142 agrorum
875 5067 1128 5138 aliquam
1157 5065 1328 5121 vestri
1352 5065 1687 5119 memoriam
1723 5067 1979 5136 sculpere

287 5153 597 5224 cupientes.

357 5242 462 5297 Nec
488 5242 774 5309 insignem.
832 5242 960 5313 (11).)
1005 5242 1313 5297 Cumulum
1351 5241 1477 5294 auri
1507 5246 1564 5295 et
1608 5240 1830 5311 argenti
1884 5246 1984 5295 aut

282 5328 668 5402 pretiosorum
697 5329 952 5400 lapidum
975 5330 1036 5384 in
1056 5330 1265 5401 quibus
1293 5329 1637 5384 seducuntur
1665 5328 1840 5395 avari,
1867 5330 1984 5384 sic-

287 5422 352 5474 ut
377 5417 626 5475 Gentiles
655 5417 716 5471 in
743 5416 928 5471 idolis.

357 5508 522 5563 Vens.
553 5509 606 5562 2.
639 5537 708 5547 —
738 5505 1046 5561 Custodite.
1083 5507 1281 5574 (151cm)
1319 5507 1404 5561 Ab
1451 5505 1610 5561 omni
1650 5506 1800 5560 malo
1856 5507 1978 5560 abs-

2143 3043 2544 3111 Apprehendet.
2574 3044 2752 3097 Panis
2811 3044 2967 3098 enim
3019 3060 3110 3098 cor
3166 3045 3403 3098 hominis
3462 3044 3772 3115 conﬁrmat,

2072 3133 2258 3183 vinum
2283 3131 2520 3198 laetiﬁcat
2567 3130 2731 3200 (Psal.
2793 3131 2922 3199 c111).
2985 3131 3120 3195 Quae
3173 3132 3243 3185 de
3293 3131 3668 3197 continentia,
3702 3133 3774 3186 de

2076 3218 2452 3285 observantiis
2482 3222 2538 3271 et
2575 3219 2645 3271 de
2710 3217 2977 3272 custodiis
3033 3219 3430 3273 mandatorum
3480 3220 3772 3286 dicuntur,

2073 3306 2424 3359 frumentum
2489 3305 2771 3372 videntur,
2829 3321 2895 3360 ex
2959 3324 3073 3377 quo
3129 3308 3425 3362 conﬁcitur
3481 3309 3645 3379 panis
3674 3309 3776 3378 qni

2075 3393 2245 3447 corda
2275 3392 2574 3447 confortat.
2609 3395 2685 3447 Ea
2714 3411 2844 3448 vera
2873 3411 3002 3464 qua)
3031 3395 3103 3448 ad
3135 3396 3429 3449 scientiam
3481 3395 3780 3464 pertinent

2076 3485 2134 3536 et
2152 3481 2504 3535 occultorum
2541 3482 2935 3551 exploratione
2992 3483 3283 3538 laetiﬁcant
3336 3489 3606 3549 mentem,
3639 3484 3775 3548 vino

2029 3567 2463 3623 'etvindemite
2521 3574 2947 3639 comparantur.
3006 3572 3116 3625 Cor
3165 3571 3321 3626 enim
3376 3571 3607 3626 laetatur
3642 3586 3775 3624 cum

2077 3656 2316 3711 obscura
2351 3655 2608 3729 [occulta]
2633 3660 3027 3728 explanantur.

2155 3745 2515 3800 Vindemiam.
2542 3749 2810 3800 Fructum
2857 3748 3086 3802 animae.
3133 3747 3434 3802 Vindemia
3472 3747 3628 3802 enim
3684 3763 3781 3800 ar-

2078 3834 2182 3889 bor
2211 3839 2312 3888 est.
2342 3837 2470 3889 Haec
2497 3839 2692 3890 autem
2719 3835 2890 3890 simul
2943 3836 3176 3902 habere,
3237 3837 3292 3891 id
3323 3842 3410 3891 est
3455 3853 3696 3907 corpore
3726 3842 3786 3891 et

2081 3923 2273 3978 anima
2301 3923 2659 3989 fructiﬁcare,
2689 3941 2912 3994 magnae
2934 3925 3345 3980 benedictionis
3383 3929 3493 3980 est.

2155 4012 2733 4083 (Isma.)Congregans
2761 4013 2917 4067 enim
2947 4014 3140 4068 anima
3176 4014 3415 4069 virtutes
3471 4030 3602 4067 suas
3649 4029 3783 4068 mox

2081 4099 2363 4154 desiderat
2389 4101 2545 4154 alias.
2589 4102 2783 4156 Unde:
2817 4103 2944 4167 Quae
2969 4108 3112 4157 retro
3164 4108 3292 4158 sunt
3340 4104 3673 4164 obliviscens,
3707 4103 3786 4156 ad

2081 4191 2274 4256 priora
2301 4204 2382 4241 me
2412 4189 2638 4244 extendo
2669 4191 2895 4259 (Philip.
2937 4191 3040 4261 111).

2161 4271 2470 4326 Vindemia.
2527 4273 2730 4343 (ORIG.)
2785 4274 2954 4338 Quasi
3002 4274 3275 4341 dicamus,
3323 4280 3452 4340 etc.,
3521 4290 3690 4344 usque
3708 4275 3786 4328 ad

2082 4363 2148 4412 ut
2177 4359 2246 4413 de
2277 4359 2478 4429 spiritu
2509 4367 2793 4415 metamus
2822 4363 2996 4416 vitam
3019 4368 3352 4428 mternam.,

2153 4449 2350 4501 Panem
2378 4451 2634 4502 vestrum.
2668 4449 2890 4503 Scilicet
2921 4450 3019 4521 qui
3075 4451 3143 4505 de
3201 4452 3342 4505 coelo
3386 4450 3694 4510 descendit,
3729 4455 3787 4504 et

2086 4534 2179 4588 dat
2209 4534 2382 4588 vitam
2414 4537 2667 4606 mundo;
2700 4554 2817 4592 non
2845 4538 2946 4610 qui
2974 4539 3104 4610 plus
3134 4539 3386 4594 abundat
3411 4539 3575 4592 malis
3607 4553 3786 4608 quam

2083 4621 2271 4676 bonis.

2138 4715 2356 4783 Absque
2381 4727 2599 4782 pavore.
2637 4712 2694 4766 Si
2720 4729 2928 4784 corpus
2974 4713 3174 4768 stabile
3214 4713 3409 4781 fuerit,
3463 4719 3522 4768 et
3590 4714 3790 4767 anima

2086 4802 2524 4866 fructiﬁcaverit,
2567 4800 2751 4854 securi
2803 4802 3018 4856 erimus
3067 4802 3128 4856 in
3179 4807 3333 4856 terra
3381 4807 3593 4864 nostra,
3651 4806 3794 4870 quia

2086 4909 2210 4948 caro
2260 4907 2366 4945 non
2418 4892 2751 4958 concupiscet
2808 4891 3067 4945 adversus
3119 4893 3377 4960 spiritum
3428 4891 3628 4961 (Galat.
3683 4893 3789 4957 1v).

2159 4981 2319 5034 Vens.
2354 4982 2496 5032 6.—
2521 4980 2590 5032 Et
2619 4978 2838 5046 gladius
2885 4995 3006 5041 non,
3062 4980 3268 5047 (15101.)
3294 4977 3465 5042 Quasi
3515 4993 3621 5046 pax
3678 4977 3794 5030 erit

2086 5068 2147 5121 in
2173 5067 2382 5121 ﬁnibus
2411 5064 2606 5118 vestris
2640 5066 2852 5131 ;modo
2873 5082 2941 5118 ex
2972 5065 3446 5136 concupiscentiis
3474 5068 3607 5118 sunt
3634 5063 3794 5117 bella

2087 5161 2143 5209 et
2163 5155 2307 5209 lites.

2160 5244 2332 5298 Vens.
2390 5246 2443 5295 '7.
2478 5271 2548 5280 —
2593 5242 2874 5296 Inimicos.
2935 5239 3065 5310 (10.)
3131 5240 3307 5296 Occisi
3349 5240 3590 5310 jejunio,
3651 5255 3790 5292 ora-

2088 5331 2264 5396 tione,
2292 5336 2350 5385 et
2373 5328 2691 5396 similibus;
2723 5330 2876 5384 unde
2902 5346 2916 5384 :
2947 5333 3056 5384 Hoc
3097 5345 3260 5396 genus
3289 5345 3396 5383 non
3439 5331 3793 5398 ejiciturnisi

2087 5434 2207 5473 cum
2245 5420 2484 5472 oratione
2529 5421 2580 5472 et
2598 5417 2811 5486 jejunio
2864 5419 3090 5483 (Matth.
3115 5420 3272 5486 xvu).

2158 5509 2433 5562 Corruent.
2487 5505 2653 5562 LXX:
2707 5507 2765 5559 ιη
2816 5509 3097 5575 conspectu
3148 5509 3323 5560 vestro
3364 5509 3531 5560 morte
3574 5508 3789 5570 vestra,
