4038 6180
190 280 283 332 373
1293 276 1547 330 GLOSSA
1588 276 1992 332 ORDINARIA.
2034 308 2101 317 ——
2142 279 2268 332 LIB.
2315 279 2539 333 LEVIT.

3576 282 3680 334 374

182 398 383 453 scilicet
427 398 786 452 mortiﬁcatis
828 400 1101 453 membris
1134 399 1358 463 vestris,
1386 417 1511 469 qua:
1548 403 1680 451 sunt
1700 405 1933 470 superA
1970 416 2169 467 ponam
2212 402 2481 467 castigare
2529 416 2622 454 vos
2672 402 2884 469 septies,
2939 405 3044 461 etc,
3098 399 3280 453 Etiam
3329 400 3421 453 hic
3475 417 3673 471 super-

178 498 400 555 terram,
419 487 477 541 id
506 492 610 556 est,
631 488 1431 553 fornicatione,immunditia,
1458 493 1513 541 et
1534 488 1866 557 huiusmodi

179 578 315 645 (Col.
351 580 452 642 111).

240 667 401 719 Vens.
445 670 496 720 8.
536 697 605 705 —
646 667 1061 735 Persequentur.
1112 665 1317 734 (011111.)
1363 665 1517 719 Sicut
1567 665 1864 734 quinarius

182 753 477 823 sapientes,
532 754 745 808 indicat
781 759 837 809 et
882 753 1237 824 insipientes,
1273 758 1403 817 etc.,
1462 769 1629 821 usque
1673 754 1746 805 ad
1793 768 1864 806 ne

180 844 464 896 credentes
493 844 796 915 decipiant.

238 931 444 999 (151cm)
498 933 639 997 LXX,
691 938 821 997 etc.,
876 946 1044 1000 usque
1104 930 1179 983 ad
1232 929 1499 1000 persequi
1570 933 1755 998 potest
1811 934 1867 982 et

176 1034 411 1072 vincere.

236 1109 304 1159 Et
351 1111 577 1159 centum
631 1106 738 1169 Qui
788 1121 903 1158 non
952 1110 1175 1158 tantum
1227 1104 1492 1157 subtilem
1544 1088 1861 1168 scientiam,

175 1194 261 1245 sed
293 1199 350 1245 et
377 1196 553 1247 vitam
584 1195 892 1263 perfectam
936 1194 1168 1257 habent,
1201 1193 1300 1262 qui
1351 1192 1727 1261 spiritualiter
1759 1193 1863 1245 de—

174 1282 491 1349 culpantnr,
526 1288 581 1335 et
612 1282 737 1335 ideo
768 1286 997 1335 centum
1030 1282 1310 1344 dicentur,
1353 1280 1568 1334 scilicet
1598 1280 1697 1351 qui
1727 1296 1862 1333 cen-

178 1375 330 1421 tenos
360 1370 611 1423 afferunt
643 1372 879 1424 fructus.

231 1458 401 1511 Vens'
464 1463 514 1513 9.
582 1490 650 1499 -
707 1457 1035 1527 Respiciam.
1095 1458 1267 1527 Cujus
1316 1462 1627 1528 respectus,
1681 1458 1851 1509 salus.

177 1546 439 1615 Respexit
468 1547 743 1601 Dominus
773 1549 1023 1607 Petrum,
1056 1551 1112 1599 et
1142 1546 1301 1599 ﬂevit
1328 1562 1541 1600 amare.
1573 1546 1630 1600 Si
1660 1546 1741 1598 sol
1774 1561 1859 1597 se-

172 1639 351 1703 getem
406 1651 522 1687 non
572 1635 852 1706 respiciat,
896 1639 1089 1688 manet
1128 1633 1503 1687 infructuosa.
1574 1634 1855 1703 Segetem.

170 1723 347 1775 cordis
394 1725 576 1776 nostri
630 1724 859 1794 respicit
902 1725 1069 1788 Deus,
1102 1727 1160 1775 et
1204 1722 1377 1775 radiis
1416 1723 1575 1775 verbi
1626 1722 1710 1774 sui
1756 1737 1859 1773 nos

172 1810 474 1875 illuminat,
503 1816 676 1881 auget
708 1816 762 1864 et
801 1810 1145 1880 multiplicat
1174 1813 1237 1862 ut
1280 1810 1475 1879 magni
1513 1810 1859 1874 efﬁciamur;

174 1897 307 1951 sicut
339 1915 586 1968 magnus
641 1900 820 1953 factus
851 1903 934 1952 est
966 1900 1135 1961 Isaac,
1171 1903 1229 1951 et
1258 1914 1501 1968 magnus
1560 1900 1756 1963 Moses,
1805 1901 1861 1950 et

174 2001 408 2056 magnus
437 1987 701 2041 Joannes.

235 2076 505 2130 Crescere.
544 2077 603 2129 In
631 2076 900 2144 operibus
917 2078 1103 2145 bonis,
1130 2084 1195 2133 ut
1217 2093 1386 2149 parva
1412 2091 1640 2145 magna.
1668 2074 1854 2128 Unde:

174 2164 315 2227 Quod
348 2166 447 2216 uni
478 2179 544 2217 ea:
586 2167 827 2219 minimis
874 2169 1003 2221 meis
1052 2170 1280 2233 fecistis,
1330 2170 1435 2219 etc.
1475 2164 1667 2233 (Matth
1711 2162 1857 2229 xxv.)

236 2252 767 2319 Multiplicabimini.
834 2255 902 2308 Ut
932 2271 1112 2324 pauca
1141 2255 1280 2308 ﬁant
1312 2268 1521 2321 magna
1544 2251 1635 2303 vel
1656 2250 1855 2301 multa.

175 2339 365 2393 Unde:
422 2340 485 2394 Si
536 2341 680 2407 quod
731 2348 778 2395 et
832 2344 987 2396 aliud
1048 2344 1368 2397 mandatum
1424 2338 1513 2407 ini
1549 2340 1642 2392 hoc
1702 2337 1860 2389 verbo

172 2433 552 2481 restauratur:
613 2430 826 2496 Diliges
882 2434 1192 2499 proximum
1236 2436 1387 2483 tuam
1439 2430 1580 2481 sicnt
1631 2427 1861 2495 tcipsum

177 2515 337 2583 (Rom.
370 2517 506 2585 x111).

236 2604 394 2657 Vens.
437 2608 519 2658 10.
553 2634 622 2645 —
675 2608 987 2662 Comedetis.
1040 2608 1244 2677 (01110.)
1282 2608 1447 2659 Vetus
1481 2605 1568 2657 lex
1616 2605 1670 2656 et
1722 2616 1856 2670 pro-

175 2691 377 2760 phetae,
409 2697 540 2757 etc.,
572 2708 741 2762 usque
765 2695 839 2747 ad
862 2700 918 2748 et
946 2695 1241 2749 induimus
1269 2709 1498 2747 novum.

227 2780 381 2832 Vens.
436 2783 521 2835 Η.
571 2810 640 2820 -
676 2783 890 2835 Ponam.
936 2782 992 2837 Si
1035 2783 1306 2854 przedicta
1355 2780 1648 2842 habemus,
1704 2776 1855 2845 abje-

173 2872 255 2919 cto
283 2868 455 2921 veteri
489 2869 722 2923 homine
768 2871 1101 2924 innovatum
1145 2876 1229 2924 est
1280 2885 1378 2922 cor
1410 2876 1665 2921 nostrum
1701 2881 1712 2892 ·
1752 2865 1859 2917 Ve-

172 2957 245 3006 nit
273 2956 345 3007 ad
373 2971 479 3008 non
498 2959 633 3010 Deus
671 2962 720 3009 et
744 2958 955 3011 habitat
986 2961 1043 3011 in
1066 2959 1219 3011 nobis
1250 2958 1375 3017 (Col.
1412 2954 1511 3023 111).

234 3044 345 3096 Non
407 3043 649 3111 objiciet,
720 3050 825 3099 etc.
888 3046 1093 3116 (01110.)
1157 3046 1352 3099 Audeo
1424 3048 1479 3096 et
1538 3040 1664 3095 dico
1722 3038 1860 3109 quia

174 3130 353 3184 anima
388 3132 485 3185 Dei
519 3133 775 3186 Christus
807 3138 910 3194 est,
953 3134 1097 3187 sicut
1127 3139 1183 3187 et
1212 3134 1450 3186 verbum
1502 3131 1600 3184 Dei
1630 3127 1858 3198 sapien-

174 3219 244 3271 tia
272 3219 370 3272 Dei
433 3225 489 3273 et
526 3221 704 3273 virtns
744 3222 844 3275 Dei
875 3223 919 3292 (Ι
952 3224 1071 3278 Cor.
1122 3224 1185 3288 1).
1229 3223 1359 3275 Tale
1414 3225 1498 3274 est
1525 3234 1662 3288 ergo
1693 3232 1756 3269 ac
1811 3214 1858 3267 si

176 3306 315 3361 dicat
348 3325 498 3361 :non
532 3309 759 3378 abjiciet
780 3327 877 3362 vos
909 3311 1082 3364 Filius
1114 3326 1299 3363 meus.

233 3398 454 3451 Anima.
510 3398 690 3464 (Ato,
740 3404 936 3466 quaest.
991 3402 1057 3453 93
1092 3402 1149 3451 in
1194 3398 1343 3465 Leu.)
1374 3396 1638 3449 Animam
1696 3406 1856 3443 suam

175 3483 310 3536 Deus
341 3491 526 3549 vocat,
560 3491 690 3551 etc.,
734 3502 902 3554 usque
949 3486 1023 3539 ad
1070 3486 1170 3557 qui
1217 3486 1412 3539 dicunt
1457 3483 1710 3535 animam
1739 3495 1856 3532 non

176 3570 437 3627 habuisse
466 3575 677 3627 Iesum.

234 3660 385 3713 V’ers.
423 3665 509 3715 1'2.
540 3692 603 3700 —
632 3662 958 3717 Ambulabo.
995 3662 1213 3732 (131cu.)
1238 3663 1416 3715 Homo
1435 3660 1629 3713 factus.
1658 3654 1854 3710 Unde:

171 3745 277 3800 Hic
306 3754 387 3802 est
419 3750 565 3803 Deus
595 3755 795 3812 noster,
829 3756 878 3804 et
911 3766 1017 3804 non
1055 3750 1399 3819 reputabitur
1433 3748 1573 3800 alius
1606 3744 1680 3798 ad
1704 3755 1851 3803 eum;

165 3841 277 3900 post
316 3838 427 3889 haec
457 3840 515 3889 in
550 3842 696 3891 terra
739 3841 885 3892 visus
915 3842 1011 3904 est,
1048 3845 1098 3891 et
1127 3854 1245 3891 cum
1305 3835 1607 3889 hominibus
1638 3846 1855 3885 conver-

173 3928 312 3975 satus
338 3929 421 3976 est
450 3925 666 3992 (Baruc.
692 3925 791 3991 111).

234 4011 396 4064 Van.
444 4012 526 4064 14.
568 4042 636 4051 -—
675 4012 833 4076 Quod
876 4014 945 4064 si.
999 4012 1217 4081 (151cn.)
1259 4010 1658 4067 Obedientium
1705 4007 1857 4060 bona

171 4099 511 4167 przecedenti
541 4100 788 4169 capitulo
818 4100 1096 4169 expressit
1128 4117 1141 4153 :
1175 4116 1303 4170 quae
1343 4104 1534 4152 autem
1564 4097 1678 4149 sint
1707 4109 1854 4163 prae-

170 4188 538 4240 varicatorum
588 4189 755 4249 mala,
800 4188 1072 4257 praesenti
1112 4188 1360 4257 capitulo
1402 4185 1671 4250 ostendit,
1707 4200 1852 4253 quo-

170 4289 285 4327 rum
340 4275 611 4345 quiedam
643 4276 713 4329 ad
755 4252 1002 4329 litteram
1032 4252 1210 4329 Judaii
1236 4275 1385 4345 passi
1425 4278 1559 4327 snnt
1590 4289 1602 4325 :
1665 4270 1858 4324 omnia
1888 4252 1932 4305 D

172 4378 293 4415 vero
320 4364 643 4416 secundum
674 4363 960 4433 spiritum.

236 4453 399 4505 Vens.
453 4454 532 4505 16.
564 4481 633 4491 —
661 4454 723 4505 In
770 4456 1020 4519 egestate.
1083 4450 1209 4519 (10.)
1244 4449 1408 4503 Verbi
1468 4448 1587 4501 Dei.
1650 4446 1849 4501 Unde:

172 4541 335 4592 Durus
385 4544 465 4592 est
504 4540 589 4592 hic
632 4555 822 4602 sermo,
874 4542 996 4606 quis
1053 4543 1225 4607 potest
1255 4554 1374 4591 eum
1414 4537 1642 4589 audire?
1673 4536 1849 4602 (Joan.

170 4628 249 4681 vi.)
317 4627 470 4690 Quia
528 4626 880 4679 inteliectum
932 4626 1074 4694 legis
1138 4625 1722 4695 transgrediebantur,
1790 4626 1853 4675 ut

171 4714 553 4784 evangelicum
584 4719 987 4767 testamentum
1022 4714 1247 4767 irritum
1287 4714 1556 4777 facerent,
1613 4712 1854 4765 obscure

175 4802 506 4871 loquebatur
535 4801 637 4865 eis,
670 4819 741 4855 ne
773 4802 1182 4872 intelligerent.

232 4891 395 4942 Vens.
438 4892 518 4941 t7.
559 4920 630 4928 —
677 4892 933 4957 Fugietis,
980 4892 1208 4944 nemine.
1263 4891 1386 4958 (11).)
1432 4887 1572 4952 Quia
1618 4886 1857 4957 gentiles

178 4992 273 5030 non
311 4981 739 5048 persequentur
788 4978 855 5031 ad
899 4978 1319 5047 expellendum,
1374 4977 1472 5030 sed
1528 4976 1858 5029 festinantes

178 5065 406 5118 salutem
457 5080 681 5132 eorum,
732 5066 1044 5118 secundum
1091 5065 1272 5118 illud:
1320 5065 1529 5131 Sequor
1556 5069 1752 5127 autem,
1807 5066 1860 5118 si

182 5154 429 5220 quomodo
458 5153 903 5222 comprehendam
935 5153 1162 5224 (Philip.
1195 5153 1295 5223 111).

239 5243 332 5296 Sin
396 5246 594 5295 autem.
655 5241 782 5311 (10.)
850 5241 1189 5311 Hujusmodi
1246 5240 1702 5294 distinctionibus
1748 5239 1858 5293 fre-

184 5334 407 5396 quenter
463 5329 666 5392 utitur,
696 5333 826 5393 etC',
872 5344 1041 5397 usque
1085 5329 1159 5382 ad
1194 5329 1424 5399 plenam
1472 5332 1527 5381 et
1576 5328 1854 5396 integram

186 5415 473 5471 vindictam
506 5416 806 5487 signiﬁcat.

247 5504 405 5559 Vens.
466 5507 549 5558 18.
608 5533 669 5543 —
714 5504 935 5559 Addam
992 5506 1394 5573 correptionem.
1445 5504 1605 5556 LXX:
1642 5503 1719 5556 Et
1774 5518 1864 5572 ap-

1976 489 2155 541 ﬂuum
2188 493 2290 542 est.
2324 488 2544 559 Septies
2590 494 2781 541 autem
2812 505 2915 558 pro
2949 488 3108 541 omni
3142 503 3380 540 numero
3413 493 3497 541 est
3526 490 3675 542 acci-

1979 576 2275 645 piendum.

2045 665 2203 717 Vens.
2268 669 2345 717 19.
2386 695 2442 704 —
2494 668 2564 719 Et
2619 668 2886 718 conteram
2947 664 3259 731 superbiam
3316 663 3540 717 duritia:
3585 680 3677 717 ve-

1973 757 2116 806 strm.
2153 754 2296 816 Quia
2326 754 2546 807 dicitis:
2581 754 2765 808 Semen
2813 753 3049 806 Abrahae
3107 766 3311 815 sumus,
3358 757 3408 804 et
3465 755 3676 805 nomini

1972 842 2297 893 seruiuimus
2344 856 2593 908 unquam
2645 843 2818 907 (Joan.
2860 841 2981 903 1n):
3036 839 3164 891 ideo
3223 839 3488 909 gentibus
3547 856 3664 892 ser-

1972 924 2156 981 vietis.

2043 1013 2201 1067 Vens.
2234 1018 2320 1068 25.
2355 1046 2419 1054 —
2481 1016 2736 1070 Gladium
2792 1016 3043 1085 spiritus,
3106 1016 3256 1085 quod
3305 1020 3388 1069 est
3428 1016 3667 1069 verbum

1974 1100 2094 1165 Dei,
2155 1103 2305 1171 quod
2370 1120 2471 1172 per
2509 1104 2905 1173 praedicatores
2952 1104 3179 1157 Iudaeos
3234 1104 3536 1169 convincit,
3595 1121 3666 1157 ne

1974 1189 2142 1242 Vetus
2171 1192 2591 1245 Testamentum
2654 1192 2861 1244 habere
2893 1208 3022 1244 cum
3072 1192 3373 1260 Evangelio
3434 1196 3666 1244 contra-

1976 1275 2183 1331 dicant.

2042 1372 2114 1422 In
2132 1368 2287 1422 urbes
2318 1370 2552 1423 mittam.
2586 1366 2895 1435 Prophetas
2925 1367 2984 1419 in
3015 1366 3222 1436 quibus
3252 1367 3447 1420 ﬁdeles
3479 1366 3663 1418 muni-

1973 1460 2158 1513 tiones
2188 1461 2242 1509 et
2261 1457 2497 1508 salutem
2524 1455 2840 1517 inveniunt,
2866 1454 3080 1507 inimici
3102 1454 3383 1524 fugientes
3415 1454 3661 1523 capiun-

1972 1552 2085 1608 tur,
2131 1542 2244 1595 illic
2276 1542 2594 1594 moriuntar
2626 1541 2837 1611 apertis
2870 1541 2938 1593 de
2983 1541 3205 1595 Christo
3237 1540 3538 1611 prophetis
3568 1555 3657 1592 re-

1974 1633 2169 1686 sistere
2204 1646 2318 1683 non
2349 1630 2617 1681 valentes.
2944 1670 2947 1673 ,

2042 1721 2199 1772 Vens.
2245 1720 2333 1781 26,
2382 1746 2452 1756 —
2512 1719 2597 1770 Ita
2653 1721 2712 1769 ut
2761 1717 2956 1779 decem,
3016 1720 3119 1770 etc.
3182 1716 3391 1784 (15101.)
3450 1717 3662 1769 Panem

1971 1807 2240 1863 doctrina:
2268 1822 2379 1859 non
2411 1805 2644 1868 habent,
2681 1809 2809 1865 etc.,
2843 1820 3011 1872 usque
3036 1804 3110 1857 ad
3139 1803 3266 1858 ideo
3302 1820 3418 1857 non
3446 1804 3662 1857 satian-

1970 1902 2066 1951 tur
2093 1894 2193 1965 qui
2216 1894 2303 1947 his
2342 1893 2584 1961 panibus
2616 1892 2966 1945 nutriuntur.

2042 1985 2208 2037 Vens.
2242 1985 2328 2035 27.
2362 2012 2432 2021 —
2472 1982 2571 2037 Sin
2627 1985 2826 2045 autem,
2858 1985 2961 2033 ctc.
2995 1980 3120 2049 (10.)
3170 1981 3318 2049 (Non
3347 1981 3534 2035 solum
3584 1979 3661 2032 le-

1973 2071 2204 2139 gislator
2227 2074 2313 2123 est
2343 2071 2577 2138 Moyses,
2610 2073 2741 2134 etc.,
2781 2082 2951 2136 usque
2992 2068 3066 2120 ad
3099 2071 3153 2119 et
3182 2074 3476 2120 auctorem
3519 2066 3662 2136 legis

1971 2160 2536 2228 blasphemaverunt.

2043 2249 2205 2300 Vuns.
2255 2248 2341 2299 29.
2396 2274 2464 2283 -—-
2521 2245 2720 2299 Carnes
2761 2244 3017 2310 ﬁliorum.
3079 2244 3140 2296 Id
3196 2246 3279 2295 est
3326 2241 3657 2311 discipulos,

1972 2351 2117 2406 quos
2147 2333 2304 2387 vobis
2337 2332 2623 2385 assumitis
2661 2332 2720 2384 in
2756 2331 2923 2394 ﬁlios,
2954 2331 3025 2383 ad
3047 2331 3306 2383 eamdem
3339 2330 3660 2383 doctrniam

1969 2419 2153 2473 verbis
2195 2418 2416 2482 validis,
2458 2421 2514 2469 et
2534 2416 2783 2468 animam
2826 2415 3324 2484 corrumpentibus
3354 2413 3657 2473 inducatis,

2040 2508 2208 2561 Vsus.
2244 2509 2331 2560 30.
2365 2534 2427 2545 —
2478 2505 2695 2560 Cadetis
2725 2507 2871 2557 inter
2898 2506 3109 2557 ruinas.
3168 2502 3330 2556 Cadit
3358 2501 3512 2554 enim
3552 2518 3658 2570 po-

1967 2597 2138 2666 pulus
2167 2610 2294 2647 cum
2346 2592 2645 2647 Pbariszeis
2694 2591 3066 2661 spiritualiter
3097 2589 3452 2653 cadentibus,
3515 2604 3659 2656 quos

1970 2682 2130 2754 quasi
2157 2682 2308 2735 idola
2331 2680 2718 2734 admirabatur
2746 2680 2996 2749 populus
3017 2676 3427 2732 traditionibus
3458 2692 3657 2730 eorum

1970 2772 2240 2824 intentus.

2043 2877 2209 2928 Vsus.
2240 2876 2325 2928 3t.
2362 2902 2423 2912 —
2462 2872 2625 2927 Urbes
2654 2876 2879 2925 vestras.
2907 2871 3008 2937 {Ad
3040 2869 3289 2923 litteram
3341 2870 3427 2922 vel
3482 2869 3658 2922 libros

1880 2974 1919 3028 ο
1958 2963 2391 3034 prophetarum,
2477 2960 2682 3029 quibus
2744 2958 3056 3012 sanctitatis
3113 2958 3357 3011 fructum
3407 2973 3524 3010 non
3578 2954 3659 3009 in-

1967 3056 2219 3109 veniunt.

2037 3145 2195 3198 Vnus.
2235 3144 2319 3196 34.
2364 3171 2435 3182 -
2470 3144 2613 3195 Tunc
2651 3140 2942 3209 placebunt
2983 3144 3135 3192 terra:
3184 3138 3429 3201 sabbata,
3473 3137 3531 3191 id
3571 3143 3656 3190 est

1967 3232 2211 3301 requies,
2256 3229 2466 3283 scilicet
2495 3229 2653 3282 vobis
2692 3227 3028 3281 feriantibus
3059 3232 3115 3279 et
3154 3244 3187 3279 a
3230 3228 3353 3295 lege
3399 3225 3648 3287 remotis,

1966 3336 2096 3374 cum
2142 3319 2201 3372 in
2232 3320 2355 3389 lege
2414 3321 2468 3370 et
2520 3317 2814 3387 prophetis
2858 3317 3209 3369 voluntatem
3239 3319 3481 3367 vestram
3538 3329 3658 3366 non

1968 3406 2288 3461 inveniatis.
2326 3418 2327 3421 ‘

2036 3497 2193 3549 Vsus.
2228 3497 2313 3548 36.
2362 3520 2425 3531 -
2488 3492 2726 3547 Terrebit
2765 3507 2867 3547 eos.
2929 3490 3083 3545 Sicut
3131 3488 3331 3542 folium
3383 3488 3655 3555 fructum,

1965 3584 2042 3636 sic
2094 3583 2283 3636 littera
2325 3581 2621 3635 abscondit
2650 3580 2915 3650 spiritum
2948 3595 2961 3631 :
2996 3580 3156 3631 aufer
3203 3577 3426 3642 folium,
3465 3575 3656 3645 accipe

1966 3671 2230 3724 fructum.

2036 3760 2254 3814 Sonitus
2286 3759 2414 3823 folii
2439 3757 2691 3810 volantis.
2750 3754 3065 3825 Hyperbole
3098 3770 3110 3806 :
3145 3752 3282 3823 quia
3340 3751 3518 3805 etiam
3567 3750 3653 3803 le-

1963 3847 2192 3899 vissima
2224 3860 2469 3915 qumque
2500 3842 2916 3896 formidabunt.

2036 3933 2240 3989 Cadent
2268 3933 2414 3984 nullo
2456 3935 2824 3999 persequente.
2882 3929 3004 3981 Non
3043 3926 3199 3980 enim
3256 3925 3656 3996 persequimur

1966 4039 2080 4087 eos,
2109 4022 2207 4074 sed
2235 4019 2529 4089 sequimur
2559 4022 2620 4070 ut
2641 4032 2988 4070 revocemus.

2036 4127 2197 4179 Vens.
2261 4128 2348 4179 37.
2401 4153 2468 4165 —
2517 4125 2794 4180 Corruent.
2831 4118 3261 4190 Disputantibus
3310 4116 3472 4170 nobis
3524 4132 3655 4169 cum

1964 4213 2066 4279 eis,
2123 4212 2342 4267 diversa
2396 4211 2697 4280 proferunt
2746 4207 3075 4261 testimonia
3133 4205 3495 4258 alternatim:
3556 4204 3653 4257 sed

1965 4300 2197 4355 alternis
2249 4299 2742 4352 conturbabuntur
2779 4296 2983 4360 verbis,
3023 4296 3167 4348 alter
3224 4294 3467 4347 alterum
3525 4307 3655 4345 con«

1962 4389 2155 4442 turbat
2180 4388 2317 4441 dum
2350 4385 2648 4440 subvenire
2671 4384 2910 4437 videtur.

2034 4493 2194 4546 Vens.
2230 4494 2319 4545 41.
2372 4521 2439 4530 -
2469 4490 2852 4545 Incircumcisa
2897 4503 3041 4542 mens
3063 4503 3263 4541 earum.
3309 4485 3454 4549 Quia
3481 4482 3653 4537 incir-

1963 4579 2197 4633 cumcisi
2228 4578 2418 4641 corde,
2480 4578 2750 4631 vitiorum
2782 4576 2985 4646 polluti
3016 4573 3322 4645 praeputio,
3358 4588 3465 4627 non
3512 4574 3654 4626 enim

1963 4684 2083 4737 quae
2111 4668 2170 4720 in
2202 4682 2362 4720 carne
2382 4670 2460 4720 est
2487 4667 2819 4719 circumcisio
2850 4667 3016 4733 (Rom.
3051 4664 3128 4731 11).

2040 4758 2184 4809 Tunc
2221 4755 2455 4808 orabunt
2495 4770 2598 4822 pro
2628 4751 2997 4821 impietatibus
3043 4753 3177 4804 suis.
3215 4748 3336 4802 LXX
3368 4764 3380 4801 :
3435 4750 3656 4815 peccata

1961 4864 2063 4903 sua
2087 4850 2295 4921 placita
2341 4849 2630 4913 habebunt,
2663 4861 2861 4916 pcenas
2892 4844 3104 4897 scilicet
3130 4859 3271 4913 quas
3300 4858 3405 4911 pro
3453 4856 3654 4912 pecca-

1965 4937 2039 4991 tis
2060 4936 2368 5007 patientur.

2040 5044 2201 5097 Vens.
2238 5045 2325 5095 42.
2360 5072 2427 5081 —
2459 5041 2614 5106 Quod
2633 5041 2824 5109 pepigi
2851 5054 2971 5091 cum
2992 5036 3186 5090 Jacob.
3245 5035 3459 5105 (151cn.)
3511 5035 3658 5088 Nota

1967 5132 2117 5203 quod
2150 5130 2423 5201 temporis
2453 5134 2508 5182 et
2528 5127 2768 5198 generis
2798 5126 3058 5179 ordinem
3110 5123 3372 5187 mutavit,
3398 5127 3528 5187 etc.,
3561 5138 3655 5177 us-

1969 5235 2070 5288 que
2089 5220 2164 5272 ad
2178 5218 2605 5287 conjunguntur
2633 5231 2765 5268 vero
2795 5218 3068 5283 tanquam
3100 5217 3340 5282 cognata
3365 5216 3420 5265 et
3452 5227 3655 5266 conve-

1969 5309 2206 5361 nientia.

2047 5416 2222 5468 Terrae
2271 5428 2479 5481 quoque
2525 5425 2724 5463 memor
2779 5425 2885 5463 ero.
2921 5408 3125 5477 (151cm)
3155 5408 3459 5478 Scripturce
3514 5405 3658 5459 scili-

1970 5506 2070 5563 cet,
2115 5516 2285 5572 quam
2319 5497 2605 5553 mandabo
2645 5496 2837 5567 ejectis
2861 5495 3091 5562 Judaeis,
3126 5496 3225 5566 qui
3266 5510 3393 5549 eam
3444 5507 3660 5565 praeva-
