3976 6178
227 225 333 278 375

845 216 1244 273 WALAFRIDI
1282 217 1527 273 STRABI
1568 215 1768 271 FULD.
1814 171 1974 271 MOU.
2014 215 2164 270 OPP.
2206 214 2389 271 PARS
2427 217 2470 271 Ι.
2512 246 2579 256 -—
2617 215 3067 272 THEOLOGICA.

3621 221 3730 272 376

220 347 381 404 ricati
409 350 544 401 sunt
573 345 662 400 vel
702 343 1243 416 praivaricabantur,
1281 346 1337 395 et
1372 357 1544 411 prave
1574 341 1916 411 interpreta-
1946 341 1991 394 Α
2029 338 2283 410 duplices
2339 355 2537 394 sensus
2584 339 2811 408 habeat,
2863 344 2919 394 et
2974 355 3104 411 quae
3152 338 3497 394 sensibiliter
3544 341 3730 407 audit,

217 438 457 577 “3:12;:
518 522 606 576 44.
668 548 738 562 -
796 522 1049 576 Attamen
1077 520 1242 573 etiam
1290 533 1414 571 cum
1441 520 1613 571 essent
1678 518 1737 570 in
1776 521 1924 571 terra

226 612 429 667 hostili.
466 611 613 665 Bene
644 608 705 663 in
724 608 839 662 ﬁne
870 606 1107 679 capituli
1134 605 1446 671 blanditur,
1492 610 1548 659 et
1576 620 1721 677 quos
1750 605 1923 659 minis

225 703 512 754 terruerat
536 696 832 768 promissis
862 695 1202 749 consolatur.

297 789 415 842 Non
457 786 692 856 penitus.
736 783 956 839 Caecitas
1012 797 1080 835 ea:
1118 785 1278 851 parte
1317 782 1582 847 contingit
1625 782 1685 833 in
1731 781 1921 845 Israel,

228 874 391 929 donec
450 870 732 941 plenitudo
792 870 1032 936 gentium
1094 868 1457 934 subintraret;
1519 871 1569 922 et
1622 871 1812 922 cztera
1866 868 1927 937 (I

234 962 373 1014 Tim.
406 958 489 1029 ιι).

301 1048 405 1103 Nec
442 1048 517 1100 sic
567 1044 810 1114 despexi.
844 1043 951 1108 Qui
992 1043 1235 1097 salutem
1279 1042 1539 1097 omnium
1585 1044 1715 1097 volo
1749 1059 1762 1097 :
1796 1042 1924 1098 ideo

232 1139 361 1207 post
408 1138 594 1189 tantas
640 1131 996 1204 iniquitates,
1044 1131 1217 1186 etiam
1273 1132 1602 1186 Iudaeorum
1659 1131 1929 1202 reliquias

234 1224 406 1278 salvo.

306 1313 471 1365 Vens.
512 1310 600 1364 45.
637 1339 703 1348 —
743 1308 881 1363 Haec
926 1311 1072 1362 sunt.
1124 1306 1331 1377 (Ιδιειι.)
1363 1307 1550 1379 Usque
1585 1307 1655 1361 ad
1709 1311 1930 1361 certum

236 1405 484 1470 tempus,
516 1402 602 1452 etc
630 1436 645 1463 ,
677 1412 846 1465 usque
895 1396 969 1449 ad
994 1411 1111 1449 non
1133 1395 1425 1463 solvendo,
1460 1394 1558 1448 sed
1615 1394 1927 1465 implendo.

307 1490 383 1542 In
424 1492 599 1541 monte
648 1487 828 1542 Sinai.
873 1486 997 1539 Non
1040 1484 1100 1538 in
1150 1483 1306 1539 Sion.
1383 1483 1583 1538 Unde:
1646 1484 1933 1539 Videbitur

239 1580 378 1631 Deus
429 1576 649 1629 deorum
688 1577 747 1628 in
793 1574 925 1629 Sion
973 1573 1141 1644 (Psal.
1202 1574 1451 1642 unm).
1510 1573 1578 1626 Et
1624 1571 1806 1626 alibi:
1841 1575 1929 1627 E7:

245 1667 373 1720 Sion
401 1666 600 1733 species
631 1662 836 1716 decoris
863 1661 1007 1731 ejus,
1048 1663 1186 1715 Deus
1230 1663 1513 1727 manifeste
1551 1663 1725 1715 veniet
1766 1661 1929 1729 (Psal.

244 1751 414 1823 nix).
476 1752 544 1805 Et
600 1750 661 1804 in
716 1748 1030 1804 Malachia:
1088 1749 1277 1804 Subito
1337 1750 1511 1802 veniet
1545 1747 1621 1802 ad
1681 1748 1939 1818 templum

242 1856 399 1895 suum
429 1839 734 1894 dominator
764 1853 920 1907 quem
945 1850 1039 1891 vos
1068 1838 1313 1905 queritis
1345 1837 1562 1907 (Malae.
1594 1836 1700 1896 ιιι).

877 1969 1099 2024 CAPUT
1136 1969 1337 2023 XXVII.

318 2104 477 2157 Vrsas.
526 2106 581 2156 2.
625 2132 695 2142 —
745 2104 914 2157 Homo
968 2103 1084 2171 qui.
1133 2099 1346 2171 (Isicn.)
1397 2101 1574 2155 Plena
1626 2105 1760 2154 sunt
1813 2100 1937 2155 haec

246 2190 419 2244 verba
446 2187 752 2261 prudentia
780 2204 794 2242 :
826 2204 955 2259 quae
994 2191 1255 2258 oporteat
1289 2188 1403 2257 agi,
1438 2187 1526 2241 vel
1557 2186 1817 2254 minime,
1849 2202 1938 2241 su-

249 2277 446 2349 perius
476 2276 776 2348 przecepit;
805 2292 959 2330 nunc
987 2276 1076 2330 vel
1105 2291 1170 2328 ex
1205 2279 1344 2337 toto,
1373 2275 1461 2329 vel
1478 2291 1548 2329 ex
1571 2280 1733 2345 parte
1762 2290 1936 2344 agen-

245 2365 391 2419 tium
422 2365 759 2436 dignitatem
816 2363 1067 2435 exponit,
1117 2361 1258 2433 quid
1310 2361 1562 2432 perfecta
1601 2361 1736 2427 vita,
1799 2360 1938 2432 quid

246 2453 567 2519 mediocris,
635 2451 774 2523 quid
840 2451 1120 2523 incipiens
1176 2449 1524 2521 cognitionis
1577 2447 1678 2503 Dei
1729 2448 1939 2503 habeat

248 2541 593 2597 differentias
617 2555 847 2612 quoque
878 2544 1115 2593 aetatum
1155 2537 1442 2592 describit.

315 2632 593 2685 Animam.
645 2628 849 2699 (lsrcn,)
898 2627 1105 2697 Aquila
1126 2630 1181 2680 et
1208 2625 1541 2693 Theodotio,
1580 2624 1930 2681 admirabile.

246 2718 639 2789 Symmachus,
679 2718 729 2772 si
755 2732 811 2771 se
831 2717 1196 2785 separaverit.
1248 2714 1373 2769 LXX
1402 2731 1416 2768 :
1449 2714 1697 2768 honorem
1745 2716 1941 2768 animae

244 2819 375 2859 821$.

318 2894 369 2948 A
431 2894 707 2962 vigesimo.
778 2891 910 2962 (11).)
982 2890 1219 2954 Quando
1284 2890 1486 2960 pubes,
1554 2888 1735 2957 fortis,
1807 2894 1936 2956 etc.,
1966 2900 2005 2956 ο

247 2996 417 3051 usque
471 2981 545 3035 ad
575 2981 644 3035 de
674 2995 788 3050 qua
817 2978 1026 3034 dicitur
1058 2994 1072 3031 :
1110 2979 1302 3033 Estote
1323 2978 1557 3047 perfecti
1584 2980 1725 3032 sicut
1753 2983 1804 3033 et
1832 2980 1939 3033 Pa-

251 3075 331 3125 ter
349 3074 523 3125 vester
544 3071 820 3139 perfectus
852 3072 930 3122 est
959 3067 1176 3137 (Matth.
1208 3065 1279 3136 v).

318 3159 515 3214 Siclos.
596 3155 804 3227 (Ιειειι.)
878 3155 971 3208 Vel
1052 3153 1431 3220 didrachmas,
1508 3152 1941 3223 sexagenarium

248 3244 519 3311 fructum,
552 3247 685 3308 etc.,
735 3257 904 3311 usque
951 3241 1065 3295 ad:
1115 3240 1266 3294 unde
1306 3254 1317 3294 :
1355 3239 1542 3296 Vidua
1569 3240 1806 3308 eligatur
1830 3255 1938 3295 non

249 3333 429 3385 minus
458 3332 748 3398 sexaginta
774 3344 1037 3382 annorum
1064 3328 1109 3398 (Ι
1138 3328 1274 3381 Tim.
1303 3327 1379 3397 v).

321 3420 482 3473 Vens.
537 3422 591 3473 5.
639 3447 708 3457 —-
760 3417 811 3473 A
856 3418 1061 3486 quinto.
1124 3414 1246 3485 (10.)
1279 3414 1389 3479 Qui
1444 3418 1701 3470 sensatus
1752 3418 1855 3482 est,
1887 3419 1944 3469 et

249 3506 529 3578 proﬁcere
560 3504 811 3576 incmpit,
853 3503 951 3557 sed
981 3501 1405 3557 conversatione
1439 3501 1647 3572 jejunii
1690 3518 1807 3557 non
1834 3517 1941 3573 po-

251 3599 361 3650 test
387 3592 601 3647 ornari.

326 3683 521 3751 Usque.
546 3680 671 3751 (Ιυ.)
702 3678 808 3744 Qui
837 3678 1114 3750 proﬁcere
1147 3677 1317 3748 coepit
1357 3677 1616 3732 sensibus
1644 3677 1898 3750 quinque
1923 3696 1936 3734 :

250 3772 554 3839 provectus
601 3766 755 3820 enim
804 3765 895 3819 hic
951 3770 1036 3819 est
1080 3765 1149 3819 ad
1192 3764 1485 3831 virtutem,
1523 3769 1579 3818 et
1634 3766 1940 3835 perfectio-

250 3872 406 3911 nem.
436 3854 652 3927 Viginti
696 3854 852 3909 enim
899 3869 1181 3908 annorum
1209 3853 1382 3908 fortes
1439 3856 1573 3907 sunt
1618 3858 1790 3925 atque
1843 3870 1939 3909 va-

250 3945 451 4001 lentes.

319 4034 594 4089 Masculus
623 4032 991 4101 dabilviginti
1018 4031 1194 4086 siclos.
1230 4028 1358 4101 (ln.)
1412 4030 1509 4084 Vel
1556 4030 1937 4097 didrachmas,

250 4122 310 4177 id
339 4128 425 4177 est
470 4122 848 4194 quadraginta
877 4120 1194 4185 drachmas;
1235 4118 1294 4172 id
1329 4122 1412 4171 est
1440 4117 1634 4171 obolos
1662 4117 1936 4188 quadrin-

1958 450 1963 461 ι
2029 427 2467 499 intelligibiliter
2505 427 2791 499 suscipiat.
2844 429 2932 484 Sic
2980 428 3135 483 enim
3183 428 3255 482 ad
3312 429 3732 499 perfectionem

2029 516 2274 581 ducitur,
2348 522 2582 587 propter
2636 517 2787 587 quod
2842 522 3073 571 centum
3120 517 3422 571 obolorum
3472 522 3557 572 est
3603 535 3735 589 pre-

2030 605 2173 659 tium
2197 605 2318 675 ejus
2342 621 2355 659 :
2384 604 2747 659 centenarias
2780 612 2975 659 autem
3004 606 3291 676 perfectus
3321 610 3423 659 est.

2100 696 2203 748 Pro
2274 696 2504 759 femina.
2569 696 2693 765 (ιο.)
2754 695 2860 748 Pro
2916 694 3130 748 femina
3189 699 3303 748 tres
3349 694 3732 762 didrachme,

2031 786 2161 848 etc.,
2226 796 2393 851 usque
2467 782 2542 836 ad
2601 782 2766 853 quasi
2839 782 2963 852 jam
3020 782 3327 853 participes
3386 784 3735 854 evangelicae

2032 868 2497 925 conversationis.

2102 957 2519 1024 Sexagenarius.
2625 955 2732 1021 Qui
2813 955 3209 1011 excellentiam
3284 957 3730 1011 conversationis

2031 1036 2314 1114 prdmisit,
2350 1044 2493 1097 sicut
2522 1044 2932 1114 virginitatem,
2983 1045 3071 1099 vel
3102 1044 3304 1099 mundi
3364 1044 3725 1099 abrenuntia-

2033 1130 2274 1195 tionem,
2298 1130 2395 1184 sed
2422 1129 2745 1185 inﬁrmatus
2785 1136 2889 1186 est.

2108 1219 2269 1273 Dabit
2316 1218 2643 1287 quindecim.
2697 1219 2795 1273 Vel
2842 1219 3223 1287 didrachmas,
3274 1235 3404 1289 quia
3454 1224 3587 1273 sunt
3630 1221 3735 1274 tri-

2038 1306 2195 1376 ginta
2225 1306 2529 1360 drachmae.
2571 1308 2706 1361 Tres
2764 1308 2919 1362 enim
2963 1308 3179 1362 fructus
3226 1308 3377 1361 bona
3422 1312 3572 1361 terra
3600 1309 3739 1362 red—

2039 1394 2185 1449 didit
2231 1394 2444 1463 (Matth.
2496 1395 2662 1466 xm):
2722 1397 3137 1463 centenarium,
3196 1396 3255 1449 id
3317 1400 3402 1449 est
3452 1396 3740 1467 virginem

2040 1497 2161 1534 esse
2210 1482 2295 1534 vel
2359 1481 2576 1535 mundo
2611 1482 3047 1548 abrenuntiare;
3080 1482 3533 1554 sexagenarium,
3580 1483 3738 1537 scili-

2044 1574 2132 1623 cet
2163 1568 2603 1623 continentiam:
2653 1570 3048 1640 tricenarinm,
3096 1570 3154 1625 id
3185 1577 3271 1626 est
3310 1571 3449 1625 casti
3480 1571 3743 1642 conjugii

2047 1657 2553 1711 conversationem.

2118 1745 2277 1798 Vens.
2309 1747 2361 1798 8.
2388 1773 2457 1785 —
2481 1745 2542 1800 Si
2580 1745 2956 1815 pauper.;Qui
3001 1747 3246 1801 multum
3276 1747 3548 1818 peccavit,
3601 1746 3737 1801 ideo

2045 1829 2450 1902 interpretatus
2480 1838 2563 1887 est
2591 1833 2818 1905 Aquila,
2844 1835 2890 1887 si
2922 1838 3168 1890 excessit.

2119 1923 2315 1977 Stabit.
2365 1920 2425 1976 Si
2485 1920 2638 1975 enim
2703 1922 3017 1992 quemlibet
3068 1923 3234 1977 nobis
3282 1923 3578 1978 subditum
3636 1924 3743 1978 Dei

2047 2009 2272 2063 servitio
2303 2009 2699 2072 obtulerimus,
2740 2010 2800 2064 in
2848 2010 3231 2064 ministerium
3283 2017 3539 2066 nostrum
3587 2012 3739 2067 reci-

2044 2114 2180 2168 pere
2208 2114 2323 2151 non
2364 2097 2654 2163 debemus,
2710 2100 3111 2169 promittentes
3142 2116 3246 2170 pro
3287 2116 3354 2155 eo
3409 2101 3496 2155 vel
3537 2101 3740 2155 melio-

2045 2202 2187 2250 rem,
2212 2185 2300 2239 vel
2324 2185 2513 2239 minus
2539 2185 2775 2240 bonum.

2119 2276 2389 2341 Quantum
2417 2275 2507 2328 ille
2536 2277 2900 2329 aestimaverit.
2949 2276 3011 2329 Id
3067 2281 3150 2330 est
3190 2280 3472 2346 quantum
3506 2276 3743 2331 ‘viderit

2046 2379 2178 2417 eum
2226 2378 2390 2433 posse
2428 2362 2824 2417 satisfactionis
2872 2363 3130 2434 imponet
3170 2381 3183 2418 :
3241 2365 3339 2419 sed
3381 2366 3429 2417 si
3484 2366 3741 2436 locuples

2046 2453 2150 2515 est,
2184 2453 2248 2502 ut
2286 2448 2591 2502 distribuat
2632 2448 2961 2519 pecuniam,
3018 2448 3063 2502 si
3103 2465 3273 2503 sanus
3313 2450 3555 2520 jejunet,
3589 2456 3738 2520 oret,

2045 2536 2286 2591 laboret.

2115 2626 2277 2679 Vsus.
2321 2628 2369 2679 9.
2404 2655 2475 2664 —
2516 2625 2759 2679 Animal.
2795 2624 2939 2689 Quia
2977 2624 3326 2679 diﬁerentias
3382 2626 3739 2681 oblationum

2048 2729 2176 2784 quae
2205 2729 2272 2766 ex
2303 2713 2466 2767 nobis
2495 2712 2631 2783 ipsis
2673 2719 2802 2767 sunt
2835 2718 2891 2767 et
2921 2714 3133 2784 gradus
3162 2714 3423 2784 exposuit
3451 2731 3465 2769 :
3494 2716 3616 2785 jam
3637 2732 3739 2769 eo-

2044 2815 2175 2853 rum
2205 2815 2334 2871 quze
2364 2799 2530 2853 nobis
2560 2804 2835 2877 tanquam
2880 2816 3083 2869 pecora
3112 2800 3323 2855 subditi
3349 2806 3501 2866 sunt,
3553 2819 3738 2873 quan-

2046 2889 2118 2942 do
2152 2888 2221 2941 sit
2250 2888 2458 2941 oblatio
2489 2892 2678 2941 sancta
2704 2889 2957 2959 exponit.

2119 2977 2377 3031 Sanctum
2421 2979 2543 3031 erit.
2586 2977 2911 3031 Secundum
2963 2977 3148 3047 legem
3207 2977 3641 3033 immaculatum
3680 2986 3739 3034 et

2048 3065 2325 3118 mundum
2357 3080 2372 3117 :
2413 3063 2587 3117 veluti
2619 3064 2666 3117 si
2707 3064 2911 3131 ﬁlium,
2945 3065 3311 3135 discipulum,
3348 3082 3599 3135 servum,
3647 3067 3740 3120 vel

2047 3152 2362 3223 quemlibet
2388 3151 2551 3206 nobis
2583 3151 2876 3207 subditum
2916 3154 3030 3207 Deo
3053 3153 3448 3207 obtulerimus.

2118 3242 2279 3295 Vens.
2318 3243 2407 3294 10.
2448 3271 2515 3281 -
2546 3241 2720 3306 Quod.
2766 3242 2834 3295 Ut
2872 3241 2945 3293 sit
2989 3241 3198 3311 duplex
3258 3242 3495 3309 oblatio,
3531 3246 3588 3295 et
3624 3242 3740 3297 ini-

2047 3327 2228 3381 micus
2275 3328 2587 3394 erubescat,
2640 3327 2740 3399 qui
2788 3327 3136 3383 oblationem
3190 3334 3413 3383 mutare
3465 3345 3741 3400 suggere-

2046 3415 2163 3470 bat.

2116 3505 2279 3559 Veas.
2342 3508 2424 3560 11.
2489 3534 2558 3544 --
2617 3504 2846 3558 Animal
2900 3504 3253 3558 immundum.
3322 3505 3532 3575 (Ιειειι.)
3599 3506 3740 3570 Quae

2046 3608 2167 3646 non
2219 3592 2411 3661 simul,
2461 3597 2592 3659 etc.,
2654 3606 2822 3661 usque
2866 3592 2940 3646 ad
2998 3597 3061 3647 ut
3114 3593 3298 3664 possit
3345 3593 3585 3648 Domino
3644 3596 3742 3649 of—

2044 3680 2203 3736 ferri.

2116 3769 2420 3824 Sciendum
2468 3772 2554 3823 est
2606 3768 2761 3840 quod
2823 3767 2979 3823 aliud
3043 3773 3130 3823 est
3169 3769 3529 3836 sanctiﬁcari,
3581 3770 3742 3826 aliud

2049 3860 2133 3910 est
2169 3862 2427 3911 sanctum
2464 3873 2602 3921 esse,
2649 3856 2800 3911 aliud
2844 3858 2959 3911 Deo
2990 3856 3204 3923 offerri,
3246 3856 3405 3912 aliud
3442 3858 3545 3912 Dei
3590 3875 3736 3914 esse.

2046 3944 2209 4008 Quod
2239 3944 2392 3998 enim
2426 3943 2807 3999 sanctiﬁcatur
2842 3948 2899 3998 et
2955 3944 3189 3999 offertur
3231 3952 3488 4000 sanctum
3535 3946 3743 4017 incipit

2047 4049 2191 4102 esse,
2221 4033 2374 4104 quod
2404 4049 2518 4087 non
2548 4038 2685 4099 erat,
2720 4037 2776 4087 et
2812 4033 3092 4103 paulatim
3118 4038 3541 4105 augmentatur.
3574 4036 3741 4099 Quod

2048 4127 2306 4176 sanctum
2338 4126 2425 4175 est
2461 4125 2517 4174 et
2576 4120 2674 4175 Dei
2712 4125 2815 4188 est,
2876 4136 2995 4175 non
3046 4127 3174 4192 eget
3226 4128 3555 4193 augmento,
3602 4123 3740 4194 quia

252 4192 1013 4281 gentos.—Quadragenarius
1067 4223 1199 4261 vero
1245 4205 1453 4277 jejunii
1508 4210 1565 4260 et
1610 4205 1934 4260 orationum
1975 4192 2358 4279 l)perfectum
2389 4213 2490 4262 est.
2536 4209 2755 4262 Bonum
2809 4213 2892 4261 est
2946 4224 3080 4279 ergo
3113 4192 3359 4263 aliorum
3393 4192 3649 4264 doctrina
3680 4215 3742 4263 et

251 4303 595 4369 proventum
657 4298 958 4367 signiﬁcat.
1014 4296 1116 4350 Tot
1194 4294 1349 4348 enim
1423 4293 1622 4348 diebus
1662 4294 1944 4363 jejunavit

252 4385 430 4441 Moses
461 4384 659 4455 (Exod.
693 4385 900 4453 xxnv),
936 4387 993 4437 et
1050 4382 1198 4436 Elias
1228 4381 1357 4451 (III
1391 4381 1527 4447 Reg.
1570 4381 1703 4445 xxx),
1736 4386 1792 4434 et
1816 4381 1939 4452 ipse

253 4472 528 4539 Christus,
573 4478 629 4527 et
681 4478 811 4544 post
847 4490 881 4527 a
911 4471 1135 4526 diabolo
1168 4476 1252 4525 est
1294 4474 1544 4524 tentatus
1577 4470 1801 4540 (Matth.
1838 4471 1937 4539 IV).

322 4561 483 4614 Vens.
516 4566 567 4615 7.
599 4590 669 4600 ——
719 4562 958 4616 Femima
1002 4559 1197 4614 decem.
1249 4558 1370 4629 (1ο.)
1421 4559 1516 4612 Vel
1557 4558 1937 4626 didrachmas,

252 4649 310 4704 id
339 4653 425 4703 est
474 4647 682 4720 viginti
725 4647 1020 4703 drachmas
1051 4648 1140 4701 vel
1176 4647 1447 4701 ducentos
1499 4646 1712 4712 obolos,
1756 4650 1940 4701 custo-

251 4738 406 4793 diam
451 4738 665 4792 scilicet
710 4736 903 4791 decem
962 4734 1377 4803 mandatorum,
1410 4750 1539 4805 qute
1576 4734 1942 4806 duplicantur

253 4826 570 4881 secundum
619 4825 869 4879 litteram
904 4827 961 4878 et
1007 4821 1296 4894 spiritum,
1326 4822 1386 4876 in
1425 4822 1633 4893 quibus
1690 4838 1806 4877 non
1858 4827 1944 4876 est

248 4920 602 4985 praeceptum
644 4913 948 4985 jejunium.
982 4910 1118 4983 quia
1148 4914 1440 4983 provectos
1473 4910 1633 4965 decet
1697 4911 1939 4966 necdum

250 5002 550 5074 perfectos.

196 5102 201 5111 ‘
319 5089 412 5144 Ab
442 5104 568 5144 uno.
590 5089 768 5143 Unius
792 5088 1004 5143 mensis
1036 5090 1141 5153 est,
1192 5085 1293 5158 qui
1320 5101 1474 5141 nunc
1519 5084 1582 5139 in
1632 5084 1743 5141 ﬁde
1775 5086 1940 5155 geni-

250 5184 342 5234 tus
392 5180 496 5241 est,
528 5177 734 5248 quibus
773 5176 1025 5231 dicitur:
1074 5177 1246 5242 Quasi
1286 5175 1441 5230 modo
1484 5176 1657 5242 geniti
1703 5176 1940 5241 infantes

248 5265 596 5321 rationabiles
642 5266 757 5319 sine
808 5265 950 5332 dolo,
999 5266 1082 5319 lac
1131 5265 1503 5334 concupiscite,
1555 5267 1661 5317 etc.
1711 5264 1770 5333 (Ι
1796 5267 1937 5319 Petr.

250 5354 331 5427 ιι).

318 5443 587 5513 Quinque.
643 5440 741 5496 Vel
800 5439 1164 5506 didrachmas,
1240 5439 1453 5497 scilicet
1527 5445 1594 5495 ut
1653 5439 1939 5495 masculus

2050 4298 2262 4351 auxilio
2314 4297 2675 4363 sanctiﬁcari,
2734 4296 2827 4350 sed
2887 4297 3091 4350 melius
3117 4302 3201 4350 est
3242 4298 3415 4352 talem
3446 4314 3587 4366 esse,
3633 4300 3741 4368 qui

2049 4385 2320 4456 seipsum,
2377 4389 2433 4439 et
2489 4384 2626 4438 alios
2678 4385 2856 4456 possit
2885 4384 3255 4451 sanctiﬁcare,
3317 4386 3469 4457 quod
3525 4402 3737 4456 pauco-

2050 4490 2177 4527 rum
2217 4478 2318 4529 est.
2351 4473 2676 4529 Sanctiﬁcat
2704 4490 2838 4545 ergo
2865 4474 3096 4528 domum
3135 4474 3399 4539 Domino,
3435 4474 3535 4545 qui
3566 4474 3737 4529 fami-

2048 4561 2183 4615 liam
2238 4578 2421 4629 suam,
2469 4567 2523 4616 et
2567 4563 2962 4633 cognationem
3019 4568 3136 4617 tam
3185 4564 3509 4618 sensibilem
3561 4580 3740 4634 quam

2070 4650 2471 4722 ntelligibilem
2502 4667 2662 4722 pure,
2700 4657 2758 4705 et
2801 4656 2991 4705 sancte
3021 4653 3142 4705 vult
3169 4651 3515 4721 conversari,
3546 4658 3613 4706 ut
3663 4651 3743 4706 sit

2047 4737 2290 4791 Ecclesia
2320 4736 2436 4791 Dei.
2484 4737 2541 4791 Si
2580 4741 2769 4791 autem
2799 4754 2903 4808 per
2942 4754 3001 4791 se
3058 4754 3176 4792 non
3223 4742 3309 4792 est
3336 4738 3573 4792 idoneus
3631 4738 3744 4792 hoc

2046 4824 2250 4891 facere,
2301 4825 2563 4879 sacerdos
2604 4826 2774 4881 debet
2824 4826 3186 4880 considerare
3229 4832 3426 4880 utrum
3477 4827 3624 4881 bona
3663 4843 3742 4880 an

2046 4914 2198 4969 mala
2226 4913 2317 4968 sit.
2350 4916 2428 4968 Ex
2463 4913 2698 4969 diversis
2729 4914 2883 4968 enim
2921 4920 3139 4969 constat
3186 4915 3469 4986 personis,
3530 4919 3587 4969 et
3644 4932 3741 4969 se-

2047 5001 2297 5055 cundum
2332 5002 2487 5073 quod
2511 5006 2767 5072 possunt,
2792 5002 2958 5057 debet
2986 5002 3287 5074 injungere
3313 5002 3413 5057 eis.

2118 5089 2281 5142 Vens.
2335 5091 2421 5143 13.
2479 5120 2547 5129 --
2601 5092 2856 5156 Quintam
2906 5099 3139 5160 partem.
3196 5092 3460 5158 Mentem,
3501 5089 3738 5156 scilicet,

2047 5193 2176 5248 quae
2203 5178 2348 5248 regit
2368 5178 2622 5250 quinque
2647 5194 2863 5245 sensus,
2897 5179 3018 5233 sine
3046 5196 3159 5251 qua
3184 5178 3432 5249 virgines
3463 5178 3632 5231 fatua;
3664 5178 3741 5231 ad

2047 5266 2276 5335 nuptias
2297 5282 2415 5320 non
2445 5265 2831 5336 suscipiuntur
2852 5265 3068 5337 (Matth.
3101 5267 3281 5337 xxxv).

2120 5354 2286 5408 Vnus.
2322 5355 2407 5408 14.
2438 5383 2507 5395 -
2537 5356 2702 5409 Homo
2734 5356 2784 5408 si
2830 5358 3050 5410 voverit.
3106 5354 3314 5425 (Ιειειι.)
3346 5356 3412 5409 In
3442 5354 3736 5425 sequenti-

2046 5442 2153 5496 bus
2202 5441 2388 5498 dicit:
2444 5442 2624 5497 Omne
2676 5442 2831 5513 quod
2882 5443 3125 5499 Domino
3181 5448 3562 5507 consecratur,
3618 5442 3738 5498 sive
