  <div class='ocr_page' id='page_1' title='image "/cluster/home/n/w/nwhite01/storage/ocr_20150623/113/hvd.32044054759782/194.png"; bbox 0 0 4038 6180; ppageno 0'>
   <div class='ocr_carea' id='block_1_1' title="bbox 205 252 2537 308">
    <p class='ocr_par' dir='ltr' id='par_1_1' title="bbox 205 252 2537 308">
     <span class='ocr_line' id='line_1_1' title="bbox 205 252 2537 308; baseline -0.001 -1"><span class='ocrx_word' id='word_1_1' title='bbox 205 257 299 307; x_wconf 79' lang='lat'>377</span> <span class='ocrx_word' id='word_1_2' title='bbox 1294 252 1549 308; x_wconf 71' lang='lat' dir='ltr'>GLOSSA</span> <span class='ocrx_word' id='word_1_3' title='bbox 1586 252 1992 308; x_wconf 77' lang='lat' dir='ltr'>ORDINABIA.</span> <span class='ocrx_word' id='word_1_4' title='bbox 2035 282 2102 291; x_wconf 89' lang='grc'>--</span> <span class='ocrx_word' id='word_1_5' title='bbox 2144 253 2269 307; x_wconf 89' lang='lat' dir='ltr'>LIB.</span> <span class='ocrx_word' id='word_1_6' title='bbox 2314 252 2537 306; x_wconf 85' lang='lat' dir='ltr'>LEVIT.</span> 
     </span>
    </p>
   </div>
   <div class='ocr_carea' id='block_1_2' title="bbox 3581 256 3686 310">
    <p class='ocr_par' dir='ltr' id='par_1_2' title="bbox 3581 256 3686 310">
     <span class='ocr_line' id='line_1_2' title="bbox 3581 256 3686 310; baseline 0.038 -4"><span class='ocrx_word' id='word_1_7' title='bbox 3581 256 3686 310; x_wconf 81' lang='lat'>378</span> 
     </span>
    </p>
   </div>
   <div class='ocr_carea' id='block_1_3' title="bbox 190 370 3685 446">
    <p class='ocr_par' dir='ltr' id='par_1_3' title="bbox 190 370 3685 446">
     <span class='ocr_line' id='line_1_3' title="bbox 190 370 3685 446; baseline 0.001 -20"><span class='ocrx_word' id='word_1_8' title='bbox 190 374 373 440; x_wconf 90' lang='lat' dir='ltr'>homo,</span> <span class='ocrx_word' id='word_1_9' title='bbox 429 370 804 437; x_wconf 62' lang='lat' dir='ltr'>sive&#39;animal,</span> <span class='ocrx_word' id='word_1_10' title='bbox 857 370 970 425; x_wconf 84' lang='lat' dir='ltr'>sive</span> <span class='ocrx_word' id='word_1_11' title='bbox 1000 387 1156 442; x_wconf 90' lang='lat' dir='ltr'>ager,</span> <span class='ocrx_word' id='word_1_12' title='bbox 1218 371 1425 426; x_wconf 81' lang='lat' dir='ltr'>redimi</span> <span class='ocrx_word' id='word_1_13' title='bbox 1473 388 1591 427; x_wconf 91' lang='lat' dir='ltr'>non</span> <span class='ocrx_word' id='word_1_14' title='bbox 1620 374 1876 443; x_wconf 89' lang='lat' dir='ltr'>poterit;</span> <span class='ocrx_word' id='word_1_15' title='bbox 1910 375 1957 427; x_wconf 84' lang='lat' dir='ltr'><strong>A</strong></span> <span class='ocrx_word' id='word_1_16' title='bbox 1996 376 2269 445; x_wconf 82' lang='lat' dir='ltr'>pondera,</span> <span class='ocrx_word' id='word_1_17' title='bbox 2317 379 2383 430; x_wconf 87' lang='lat' dir='ltr'>ut</span> <span class='ocrx_word' id='word_1_18' title='bbox 2423 374 2920 445; x_wconf 88' lang='lat' dir='ltr'>philosophorum,</span> <span class='ocrx_word' id='word_1_19' title='bbox 2972 374 3060 428; x_wconf 88' lang='lat' dir='ltr'>vel</span> <span class='ocrx_word' id='word_1_20' title='bbox 3106 373 3522 439; x_wconf 53' lang='lat' dir='ltr'>haereticorum,</span> <span class='ocrx_word' id='word_1_21' title='bbox 3556 375 3685 446; x_wconf 91' lang='lat' dir='ltr'>qui-</span> 
     </span>
    </p>
   </div>
   <div class='ocr_carea' id='block_1_4' title="bbox 191 460 1884 531">
    <p class='ocr_par' dir='ltr' id='par_1_4' title="bbox 191 460 1884 531">
     <span class='ocr_line' id='line_1_4' title="bbox 191 460 1884 531; baseline 0.001 -17"><span class='ocrx_word' id='word_1_22' title='bbox 191 460 277 515; x_wconf 89' lang='lat' dir='ltr'>hic</span> <span class='ocrx_word' id='word_1_23' title='bbox 323 465 517 514; x_wconf 89' lang='lat' dir='ltr'>autem</span> <span class='ocrx_word' id='word_1_24' title='bbox 574 460 809 513; x_wconf 93' lang='lat' dir='ltr'>domum</span> <span class='ocrx_word' id='word_1_25' title='bbox 868 464 922 513; x_wconf 88' lang='lat' dir='ltr'>et</span> <span class='ocrx_word' id='word_1_26' title='bbox 950 476 1152 529; x_wconf 89' lang='lat' dir='ltr'>agrum</span> <span class='ocrx_word' id='word_1_27' title='bbox 1207 460 1414 515; x_wconf 86' lang='lat' dir='ltr'>redimi</span> <span class='ocrx_word' id='word_1_28' title='bbox 1462 462 1743 531; x_wconf 68' lang='lat' dir='ltr'>praecipit.</span> <span class='ocrx_word' id='word_1_29' title='bbox 1775 462 1884 517; x_wconf 86' lang='lat' dir='ltr'>Sed</span> 
     </span>
    </p>
   </div>
   <div class='ocr_carea' id='block_1_5' title="bbox 190 547 1883 605">
    <p class='ocr_par' dir='ltr' id='par_1_5' title="bbox 190 547 1883 605">
     <span class='ocr_line' id='line_1_5' title="bbox 190 547 1883 605; baseline 0.002 -5"><span class='ocrx_word' id='word_1_30' title='bbox 190 549 371 601; x_wconf 80' lang='lat' dir='ltr'>forsan</span> <span class='ocrx_word' id='word_1_31' title='bbox 430 548 538 601; x_wconf 90' lang='lat' dir='ltr'>hoc</span> <span class='ocrx_word' id='word_1_32' title='bbox 590 547 903 601; x_wconf 87' lang='lat' dir='ltr'>secundum</span> <span class='ocrx_word' id='word_1_33' title='bbox 962 548 1210 602; x_wconf 87' lang='lat' dir='ltr'>diversas</span> <span class='ocrx_word' id='word_1_34' title='bbox 1255 548 1602 603; x_wconf 89' lang='lat' dir='ltr'>intentiones</span> <span class='ocrx_word' id='word_1_35' title='bbox 1633 551 1883 605; x_wconf 68' lang='lat' dir='ltr'>offeren-</span> 
     </span>
    </p>
   </div>
   <div class='ocr_carea' id='block_1_6' title="bbox 190 636 1883 707">
    <p class='ocr_par' dir='ltr' id='par_1_6' title="bbox 190 636 1883 707">
     <span class='ocr_line' id='line_1_6' title="bbox 190 636 1883 707; baseline 0.002 -17"><span class='ocrx_word' id='word_1_36' title='bbox 190 636 327 690; x_wconf 88' lang='lat' dir='ltr'>tium</span> <span class='ocrx_word' id='word_1_37' title='bbox 368 637 643 700; x_wconf 83' lang='lat' dir='ltr'>decernit,</span> <span class='ocrx_word' id='word_1_38' title='bbox 677 642 950 707; x_wconf 84' lang='lat' dir='ltr'>tanquam</span> <span class='ocrx_word' id='word_1_39' title='bbox 994 636 1074 691; x_wconf 87' lang='lat' dir='ltr'>ibi</span> <span class='ocrx_word' id='word_1_40' title='bbox 1112 654 1231 691; x_wconf 90' lang='lat' dir='ltr'>non</span> <span class='ocrx_word' id='word_1_41' title='bbox 1276 638 1483 692; x_wconf 89' lang='lat' dir='ltr'>habeat</span> <span class='ocrx_word' id='word_1_42' title='bbox 1529 639 1883 693; x_wconf 83' lang='lat' dir='ltr'>voluntatem</span> 
     </span>
    </p>
   </div>
   <div class='ocr_carea' id='block_1_7' title="bbox 190 724 1569 799">
    <p class='ocr_par' dir='ltr' id='par_1_7' title="bbox 190 724 1569 799">
     <span class='ocr_line' id='line_1_7' title="bbox 190 724 1569 799; baseline 0.003 -22"><span class='ocrx_word' id='word_1_43' title='bbox 190 724 423 777; x_wconf 85' lang='lat' dir='ltr'>ulterius</span> <span class='ocrx_word' id='word_1_44' title='bbox 454 724 725 789; x_wconf 85' lang='lat' dir='ltr'>habendi,</span> <span class='ocrx_word' id='word_1_45' title='bbox 758 726 913 795; x_wconf 79' lang='lat' dir='ltr'>quod</span> <span class='ocrx_word' id='word_1_46' title='bbox 943 725 1171 799; x_wconf 86' lang='lat' dir='ltr'>penitus</span> <span class='ocrx_word' id='word_1_47' title='bbox 1200 727 1569 781; x_wconf 84' lang='lat' dir='ltr'>consecravit.</span> 
     </span>
    </p>
   </div>
   <div class='ocr_carea' id='block_1_8' title="bbox 252 814 1879 884">
    <p class='ocr_par' dir='ltr' id='par_1_8' title="bbox 252 814 1879 884">
     <span class='ocr_line' id='line_1_8' title="bbox 252 814 1879 884; baseline 0.002 -18"><span class='ocrx_word' id='word_1_48' title='bbox 252 815 414 867; x_wconf 75' lang='lat' dir='ltr'>Vens.</span> <span class='ocrx_word' id='word_1_49' title='bbox 446 817 527 867; x_wconf 80' lang='grc'><strong>15.</strong></span> <span class='ocrx_word' id='word_1_50' title='bbox 562 843 630 851; x_wconf 87' lang='grc'><strong>-</strong></span> <span class='ocrx_word' id='word_1_51' title='bbox 657 814 752 868; x_wconf 88' lang='lat' dir='ltr'>Sin</span> <span class='ocrx_word' id='word_1_52' title='bbox 781 818 955 867; x_wconf 89' lang='lat' dir='ltr'>autem</span> <span class='ocrx_word' id='word_1_53' title='bbox 1001 816 1109 879; x_wconf 87' lang='lat' dir='ltr'>ille,</span> <span class='ocrx_word' id='word_1_54' title='bbox 1140 820 1246 868; x_wconf 88' lang='lat' dir='ltr'>etc.</span> <span class='ocrx_word' id='word_1_55' title='bbox 1300 817 1509 884; x_wconf 74' lang='lat' dir='ltr'>(stcu.)</span> <span class='ocrx_word' id='word_1_56' title='bbox 1562 816 1879 880; x_wconf 84' lang='lat' dir='ltr'>Redimere,</span> 
     </span>
    </p>
   </div>
   <div class='ocr_carea' id='block_1_9' title="bbox 189 900 1883 971">
    <p class='ocr_par' dir='ltr' id='par_1_9' title="bbox 189 900 1883 971">
     <span class='ocr_line' id='line_1_9' title="bbox 189 900 1883 971; baseline 0.002 -16"><span class='ocrx_word' id='word_1_57' title='bbox 189 910 263 956; x_wconf 81' lang='lat' dir='ltr'>est</span> <span class='ocrx_word' id='word_1_58' title='bbox 294 917 400 971; x_wconf 90' lang='lat' dir='ltr'>per</span> <span class='ocrx_word' id='word_1_59' title='bbox 447 900 767 954; x_wconf 84' lang='lat' dir='ltr'>doctrinam</span> <span class='ocrx_word' id='word_1_60' title='bbox 806 906 863 954; x_wconf 90' lang='lat' dir='ltr'>et</span> <span class='ocrx_word' id='word_1_61' title='bbox 914 902 1219 956; x_wconf 81' lang='lat' dir='ltr'>formulam</span> <span class='ocrx_word' id='word_1_62' title='bbox 1250 903 1379 956; x_wconf 66' lang='lat' dir='ltr'>vita)</span> <span class='ocrx_word' id='word_1_63' title='bbox 1426 904 1703 958; x_wconf 85' lang='lat' dir='ltr'>familiam</span> <span class='ocrx_word' id='word_1_64' title='bbox 1734 905 1883 958; x_wconf 88' lang='lat' dir='ltr'>libe-</span> 
     </span>
    </p>
   </div>
   <div class='ocr_carea' id='block_1_10' title="bbox 192 988 1882 1063">
    <p class='ocr_par' dir='ltr' id='par_1_10' title="bbox 192 988 1882 1063">
     <span class='ocr_line' id='line_1_10' title="bbox 192 988 1882 1063; baseline 0.003 -21"><span class='ocrx_word' id='word_1_65' title='bbox 192 1005 334 1056; x_wconf 85' lang='lat' dir='ltr'>rare,</span> <span class='ocrx_word' id='word_1_66' title='bbox 368 993 423 1041; x_wconf 90' lang='lat' dir='ltr'>et</span> <span class='ocrx_word' id='word_1_67' title='bbox 452 988 733 1058; x_wconf 87' lang='lat' dir='ltr'>quidquid</span> <span class='ocrx_word' id='word_1_68' title='bbox 783 988 1177 1043; x_wconf 68' lang='lat' dir='ltr'>sanctimonia)</span> <span class='ocrx_word' id='word_1_69' title='bbox 1227 990 1419 1044; x_wconf 85' lang='lat' dir='ltr'>obviat</span> <span class='ocrx_word' id='word_1_70' title='bbox 1448 991 1683 1046; x_wconf 87' lang='lat' dir='ltr'>diluere.</span> <span class='ocrx_word' id='word_1_71' title='bbox 1719 993 1882 1063; x_wconf 87' lang='lat' dir='ltr'>Adji—</span> 
     </span>
    </p>
   </div>
   <div class='ocr_carea' id='block_1_11' title="bbox 190 1075 1883 1136">
    <p class='ocr_par' dir='ltr' id='par_1_11' title="bbox 190 1075 1883 1136">
     <span class='ocr_line' id='line_1_11' title="bbox 190 1075 1883 1136; baseline 0.002 -5"><span class='ocrx_word' id='word_1_72' title='bbox 190 1078 296 1131; x_wconf 90' lang='lat' dir='ltr'>ciet</span> <span class='ocrx_word' id='word_1_73' title='bbox 328 1092 459 1129; x_wconf 90' lang='lat' dir='ltr'>vero</span> <span class='ocrx_word' id='word_1_74' title='bbox 488 1075 869 1129; x_wconf 85' lang='lat' dir='ltr'>admonitioni</span> <span class='ocrx_word' id='word_1_75' title='bbox 900 1082 956 1130; x_wconf 91' lang='lat' dir='ltr'>et</span> <span class='ocrx_word' id='word_1_76' title='bbox 984 1077 1349 1131; x_wconf 73' lang='lat' dir='ltr'>asditicationi</span> <span class='ocrx_word' id='word_1_77' title='bbox 1379 1080 1685 1134; x_wconf 87' lang='lat' dir='ltr'>sacerdotis</span> <span class='ocrx_word' id='word_1_78' title='bbox 1712 1081 1883 1136; x_wconf 88' lang='lat' dir='ltr'>intel-</span> 
     </span>
    </p>
   </div>
   <div class='ocr_carea' id='block_1_12' title="bbox 189 1164 1639 1235">
    <p class='ocr_par' dir='ltr' id='par_1_12' title="bbox 189 1164 1639 1235">
     <span class='ocr_line' id='line_1_12' title="bbox 189 1164 1639 1235; baseline 0.001 -17"><span class='ocrx_word' id='word_1_79' title='bbox 189 1164 503 1235; x_wconf 82' lang='lat' dir='ltr'>ligentiam,</span> <span class='ocrx_word' id='word_1_80' title='bbox 547 1170 604 1217; x_wconf 91' lang='lat' dir='ltr'>et</span> <span class='ocrx_word' id='word_1_81' title='bbox 633 1164 990 1234; x_wconf 85' lang='lat' dir='ltr'>frequentem</span> <span class='ocrx_word' id='word_1_82' title='bbox 1019 1167 1639 1221; x_wconf 80' lang='lat' dir='ltr'>commemorationem.</span> 
     </span>
    </p>
   </div>
   <div class='ocr_carea' id='block_1_13' title="bbox 251 1254 1879 1327">
    <p class='ocr_par' dir='ltr' id='par_1_13' title="bbox 251 1254 1879 1327">
     <span class='ocr_line' id='line_1_13' title="bbox 251 1254 1879 1327; baseline 0.006 -24"><span class='ocrx_word' id='word_1_83' title='bbox 251 1255 418 1306; x_wconf 73' lang='lat' dir='ltr'>Vens.</span> <span class='ocrx_word' id='word_1_84' title='bbox 470 1255 549 1305; x_wconf 87' lang='grc'>16.</span> <span class='ocrx_word' id='word_1_85' title='bbox 599 1282 666 1291; x_wconf 89' lang='grc'><strong>-</strong></span> <span class='ocrx_word' id='word_1_86' title='bbox 716 1254 871 1317; x_wconf 85' lang='lat' dir='ltr'>Quod</span> <span class='ocrx_word' id='word_1_87' title='bbox 916 1257 969 1307; x_wconf 81' lang='lat' dir='ltr'>si</span> <span class='ocrx_word' id='word_1_88' title='bbox 1008 1270 1220 1322; x_wconf 88' lang='lat' dir='ltr'>agrum.</span> <span class='ocrx_word' id='word_1_89' title='bbox 1270 1255 1331 1309; x_wconf 90' lang='lat' dir='ltr'>Id</span> <span class='ocrx_word' id='word_1_90' title='bbox 1372 1260 1474 1321; x_wconf 90' lang='lat' dir='ltr'>est,</span> <span class='ocrx_word' id='word_1_91' title='bbox 1532 1256 1879 1327; x_wconf 87' lang='lat' dir='ltr'>Scripturam</span> 
     </span>
    </p>
   </div>
   <div class='ocr_carea' id='block_1_14' title="bbox 188 1336 1878 1413">
    <p class='ocr_par' dir='ltr' id='par_1_14' title="bbox 188 1336 1878 1413">
     <span class='ocr_line' id='line_1_14' title="bbox 188 1336 1878 1413; baseline 0.004 -19"><span class='ocrx_word' id='word_1_92' title='bbox 188 1340 462 1407; x_wconf 86' lang='lat' dir='ltr'>divinam,</span> <span class='ocrx_word' id='word_1_93' title='bbox 507 1341 669 1410; x_wconf 86' lang='lat' dir='ltr'>cujus</span> <span class='ocrx_word' id='word_1_94' title='bbox 698 1340 828 1393; x_wconf 89' lang='lat' dir='ltr'>vitis</span> <span class='ocrx_word' id='word_1_95' title='bbox 868 1341 1142 1408; x_wconf 88' lang='lat' dir='ltr'>Christus,</span> <span class='ocrx_word' id='word_1_96' title='bbox 1193 1343 1359 1395; x_wconf 85' lang='lat' dir='ltr'>Pater</span> <span class='ocrx_word' id='word_1_97' title='bbox 1404 1336 1654 1413; x_wconf 82' lang='lat' dir='ltr'>agricola</span> <span class='ocrx_word' id='word_1_98' title='bbox 1701 1344 1878 1412; x_wconf 86' lang='lat' dir='ltr'>(Joan.</span> 
     </span>
    </p>
   </div>
   <div class='ocr_carea' id='block_1_15' title="bbox 187 1428 1882 1501">
    <p class='ocr_par' dir='ltr' id='par_1_15' title="bbox 187 1428 1882 1501">
     <span class='ocr_line' id='line_1_15' title="bbox 187 1428 1882 1501; baseline 0.002 -17"><span class='ocrx_word' id='word_1_99' title='bbox 187 1434 312 1497; x_wconf 84' lang='lat' dir='ltr'>xv1).</span> <span class='ocrx_word' id='word_1_100' title='bbox 348 1431 409 1483; x_wconf 92' lang='lat' dir='ltr'>In</span> <span class='ocrx_word' id='word_1_101' title='bbox 445 1428 549 1482; x_wconf 91' lang='lat' dir='ltr'>hoc</span> <span class='ocrx_word' id='word_1_102' title='bbox 595 1429 961 1483; x_wconf 82' lang='lat' dir='ltr'>absconditur</span> <span class='ocrx_word' id='word_1_103' title='bbox 1006 1431 1327 1496; x_wconf 85' lang='lat' dir='ltr'>thesaurus,</span> <span class='ocrx_word' id='word_1_104' title='bbox 1373 1431 1433 1486; x_wconf 90' lang='lat' dir='ltr'>id</span> <span class='ocrx_word' id='word_1_105' title='bbox 1460 1438 1564 1501; x_wconf 90' lang='lat' dir='ltr'>est,</span> <span class='ocrx_word' id='word_1_106' title='bbox 1617 1434 1882 1488; x_wconf 86' lang='lat' dir='ltr'>salutaris</span> 
     </span>
    </p>
   </div>
   <div class='ocr_carea' id='block_1_16' title="bbox 187 1517 1877 1591">
    <p class='ocr_par' dir='ltr' id='par_1_16' title="bbox 187 1517 1877 1591">
     <span class='ocr_line' id='line_1_16' title="bbox 187 1517 1877 1591; baseline 0.002 -20"><span class='ocrx_word' id='word_1_107' title='bbox 187 1517 553 1590; x_wconf 61' lang='lat' dir='ltr'>praedicatio:</span> <span class='ocrx_word' id='word_1_108' title='bbox 588 1518 650 1571; x_wconf 91' lang='lat' dir='ltr'>in</span> <span class='ocrx_word' id='word_1_109' title='bbox 698 1518 803 1571; x_wconf 91' lang='lat' dir='ltr'>hoc</span> <span class='ocrx_word' id='word_1_110' title='bbox 855 1518 1075 1571; x_wconf 86' lang='lat' dir='ltr'>diversa</span> <span class='ocrx_word' id='word_1_111' title='bbox 1125 1524 1209 1572; x_wconf 90' lang='lat' dir='ltr'>est</span> <span class='ocrx_word' id='word_1_112' title='bbox 1256 1521 1532 1590; x_wconf 84' lang='lat' dir='ltr'>cujusque</span> <span class='ocrx_word' id='word_1_113' title='bbox 1576 1523 1877 1591; x_wconf 89' lang='lat' dir='ltr'>possessio,</span> 
     </span>
    </p>
   </div>
   <div class='ocr_carea' id='block_1_17' title="bbox 189 1604 1881 1679">
    <p class='ocr_par' dir='ltr' id='par_1_17' title="bbox 189 1604 1881 1679">
     <span class='ocr_line' id='line_1_17' title="bbox 189 1604 1881 1679; baseline 0.003 -20"><span class='ocrx_word' id='word_1_114' title='bbox 189 1606 387 1659; x_wconf 90' lang='lat' dir='ltr'>modus</span> <span class='ocrx_word' id='word_1_115' title='bbox 427 1604 640 1659; x_wconf 85' lang='lat' dir='ltr'>scilicet</span> <span class='ocrx_word' id='word_1_116' title='bbox 680 1605 917 1671; x_wconf 89' lang='lat' dir='ltr'>sciendi,</span> <span class='ocrx_word' id='word_1_117' title='bbox 966 1622 1137 1676; x_wconf 90' lang='lat' dir='ltr'>quem</span> <span class='ocrx_word' id='word_1_118' title='bbox 1187 1606 1296 1661; x_wconf 87' lang='lat' dir='ltr'>sibi</span> <span class='ocrx_word' id='word_1_119' title='bbox 1329 1607 1570 1679; x_wconf 91' lang='lat' dir='ltr'>quisque</span> <span class='ocrx_word' id='word_1_120' title='bbox 1621 1610 1881 1664; x_wconf 82' lang='lat' dir='ltr'>obtinere</span> 
     </span>
    </p>
   </div>
   <div class='ocr_carea' id='block_1_18' title="bbox 188 1694 392 1764">
    <p class='ocr_par' dir='ltr' id='par_1_18' title="bbox 188 1694 392 1764">
     <span class='ocr_line' id='line_1_18' title="bbox 188 1694 392 1764; baseline -0.015 -16"><span class='ocrx_word' id='word_1_121' title='bbox 188 1694 392 1764; x_wconf 89' lang='lat' dir='ltr'>potuit.</span> 
     </span>
    </p>
   </div>
   <div class='ocr_carea' id='block_1_19' title="bbox 252 1781 1881 1855">
    <p class='ocr_par' dir='ltr' id='par_1_19' title="bbox 252 1781 1881 1855">
     <span class='ocr_line' id='line_1_19' title="bbox 252 1781 1881 1855; baseline 0.003 -20"><span class='ocrx_word' id='word_1_122' title='bbox 252 1785 319 1836; x_wconf 91' lang='lat' dir='ltr'>Si</span> <span class='ocrx_word' id='word_1_123' title='bbox 352 1784 586 1849; x_wconf 79' lang='lat' dir='ltr'>triginta</span> <span class='ocrx_word' id='word_1_124' title='bbox 612 1781 831 1841; x_wconf 86' lang='lat' dir='ltr'>modiis.</span> <span class='ocrx_word' id='word_1_125' title='bbox 860 1786 966 1835; x_wconf 91' lang='lat' dir='ltr'>etc.</span> <span class='ocrx_word' id='word_1_126' title='bbox 993 1782 1121 1853; x_wconf 86' lang='lat'>(11).)</span> <span class='ocrx_word' id='word_1_127' title='bbox 1150 1784 1216 1837; x_wconf 92' lang='lat' dir='ltr'>1n</span> <span class='ocrx_word' id='word_1_128' title='bbox 1242 1784 1481 1855; x_wconf 79' lang='lat' dir='ltr'>triginta</span> <span class='ocrx_word' id='word_1_129' title='bbox 1510 1785 1718 1839; x_wconf 91' lang='lat' dir='ltr'>modiis</span> <span class='ocrx_word' id='word_1_130' title='bbox 1749 1786 1881 1840; x_wconf 92' lang='lat' dir='ltr'>hor-</span> 
     </span>
    </p>
   </div>
   <div class='ocr_carea' id='block_1_20' title="bbox 187 1867 1883 1942">
    <p class='ocr_par' dir='ltr' id='par_1_20' title="bbox 187 1867 1883 1942">
     <span class='ocr_line' id='line_1_20' title="bbox 187 1867 1883 1942; baseline 0.005 -21"><span class='ocrx_word' id='word_1_131' title='bbox 187 1867 275 1922; x_wconf 92' lang='lat' dir='ltr'>dei</span> <span class='ocrx_word' id='word_1_132' title='bbox 328 1869 501 1921; x_wconf 91' lang='lat' dir='ltr'>Vetus</span> <span class='ocrx_word' id='word_1_133' title='bbox 530 1869 975 1923; x_wconf 89' lang='lat' dir='ltr'>Testamentum.</span> <span class='ocrx_word' id='word_1_134' title='bbox 1010 1871 1073 1923; x_wconf 93' lang='lat' dir='ltr'>In</span> <span class='ocrx_word' id='word_1_135' title='bbox 1129 1871 1547 1942; x_wconf 82' lang='lat' dir='ltr'>quinquaginta</span> <span class='ocrx_word' id='word_1_136' title='bbox 1596 1873 1747 1928; x_wconf 91' lang='lat' dir='ltr'>siclis</span> <span class='ocrx_word' id='word_1_137' title='bbox 1798 1877 1883 1930; x_wconf 93' lang='lat' dir='ltr'>vel</span> 
     </span>
    </p>
   </div>
   <div class='ocr_carea' id='block_1_21' title="bbox 189 1956 1883 2033">
    <p class='ocr_par' dir='ltr' id='par_1_21' title="bbox 189 1956 1883 2033">
     <span class='ocr_line' id='line_1_21' title="bbox 189 1956 1883 2033; baseline 0.004 -22"><span class='ocrx_word' id='word_1_138' title='bbox 189 1956 534 2011; x_wconf 84' lang='lat' dir='ltr'>didrachmis</span> <span class='ocrx_word' id='word_1_139' title='bbox 557 1958 719 2026; x_wconf 85' lang='lat' dir='ltr'>juxta</span> <span class='ocrx_word' id='word_1_140' title='bbox 771 1958 895 2012; x_wconf 82' lang='lat' dir='ltr'>LXX</span> <span class='ocrx_word' id='word_1_141' title='bbox 944 1957 1298 2028; x_wconf 89' lang='lat' dir='ltr'>spiritualem</span> <span class='ocrx_word' id='word_1_142' title='bbox 1350 1966 1407 2015; x_wconf 89' lang='lat' dir='ltr'>et</span> <span class='ocrx_word' id='word_1_143' title='bbox 1435 1963 1743 2033; x_wconf 85' lang='lat' dir='ltr'>perfectam</span> <span class='ocrx_word' id='word_1_144' title='bbox 1776 1964 1883 2018; x_wconf 92' lang='lat' dir='ltr'>do-</span> 
     </span>
    </p>
   </div>
   <div class='ocr_carea' id='block_1_22' title="bbox 186 2044 1883 2122">
    <p class='ocr_par' dir='ltr' id='par_1_22' title="bbox 186 2044 1883 2122">
     <span class='ocr_line' id='line_1_22' title="bbox 186 2044 1883 2122; baseline 0.005 -25"><span class='ocrx_word' id='word_1_145' title='bbox 186 2045 426 2098; x_wconf 89' lang='lat' dir='ltr'>ctrinam</span> <span class='ocrx_word' id='word_1_146' title='bbox 465 2044 741 2115; x_wconf 89' lang='lat' dir='ltr'>intellige.</span> <span class='ocrx_word' id='word_1_147' title='bbox 798 2045 906 2099; x_wconf 90' lang='lat' dir='ltr'>Sed</span> <span class='ocrx_word' id='word_1_148' title='bbox 952 2048 1180 2116; x_wconf 87' lang='lat' dir='ltr'>quando</span> <span class='ocrx_word' id='word_1_149' title='bbox 1231 2049 1353 2103; x_wconf 72' lang='lat' dir='ltr'>haec</span> <span class='ocrx_word' id='word_1_150' title='bbox 1384 2051 1601 2121; x_wconf 88' lang='lat' dir='ltr'>regula,</span> <span class='ocrx_word' id='word_1_151' title='bbox 1635 2052 1725 2106; x_wconf 86' lang='lat' dir='ltr'>vel</span> <span class='ocrx_word' id='word_1_152' title='bbox 1753 2069 1883 2122; x_wconf 86' lang='lat' dir='ltr'>per-</span> 
     </span>
    </p>
   </div>
   <div class='ocr_carea' id='block_1_23' title="bbox 184 2132 1881 2208">
    <p class='ocr_par' dir='ltr' id='par_1_23' title="bbox 184 2132 1881 2208">
     <span class='ocr_line' id='line_1_23' title="bbox 184 2132 1881 2208; baseline 0.006 -23"><span class='ocrx_word' id='word_1_153' title='bbox 184 2132 324 2186; x_wconf 88' lang='lat' dir='ltr'>fecte</span> <span class='ocrx_word' id='word_1_154' title='bbox 363 2132 572 2200; x_wconf 82' lang='lat' dir='ltr'>danda,</span> <span class='ocrx_word' id='word_1_155' title='bbox 596 2133 684 2187; x_wconf 85' lang='lat' dir='ltr'>vel</span> <span class='ocrx_word' id='word_1_156' title='bbox 734 2134 1049 2188; x_wconf 89' lang='lat' dir='ltr'>minuenda</span> <span class='ocrx_word' id='word_1_157' title='bbox 1079 2136 1170 2203; x_wconf 90' lang='lat' dir='ltr'>sit,</span> <span class='ocrx_word' id='word_1_158' title='bbox 1216 2153 1321 2206; x_wconf 90' lang='lat' dir='ltr'>per</span> <span class='ocrx_word' id='word_1_159' title='bbox 1374 2139 1674 2208; x_wconf 84' lang='lat' dir='ltr'>sequentia</span> <span class='ocrx_word' id='word_1_160' title='bbox 1709 2140 1881 2195; x_wconf 89' lang='lat' dir='ltr'>intel-</span> 
     </span>
    </p>
   </div>
   <div class='ocr_carea' id='block_1_24' title="bbox 186 2221 1665 2295">
    <p class='ocr_par' dir='ltr' id='par_1_24' title="bbox 186 2221 1665 2295">
     <span class='ocr_line' id='line_1_24' title="bbox 186 2221 1665 2295; baseline 0.006 -22"><span class='ocrx_word' id='word_1_161' title='bbox 186 2221 295 2291; x_wconf 88' lang='lat' dir='ltr'>lige</span> <span class='ocrx_word' id='word_1_162' title='bbox 328 2237 342 2274; x_wconf 89' lang='lat'><strong>:</strong></span> <span class='ocrx_word' id='word_1_163' title='bbox 375 2222 446 2275; x_wconf 88' lang='lat' dir='ltr'>Si</span> <span class='ocrx_word' id='word_1_164' title='bbox 473 2224 659 2277; x_wconf 90' lang='lat' dir='ltr'>statim</span> <span class='ocrx_word' id='word_1_165' title='bbox 689 2223 757 2276; x_wconf 88' lang='lat' dir='ltr'>ab</span> <span class='ocrx_word' id='word_1_166' title='bbox 789 2239 929 2277; x_wconf 86' lang='lat' dir='ltr'>anno</span> <span class='ocrx_word' id='word_1_167' title='bbox 956 2226 1271 2293; x_wconf 77' lang='lat' dir='ltr'>incipientis</span> <span class='ocrx_word' id='word_1_168' title='bbox 1294 2226 1528 2295; x_wconf 72' lang='lat' dir='ltr'>jubilaai,</span> <span class='ocrx_word' id='word_1_169' title='bbox 1561 2235 1665 2282; x_wconf 90' lang='lat' dir='ltr'>etc.</span> 
     </span>
    </p>
   </div>
   <div class='ocr_carea' id='block_1_25' title="bbox 248 2310 1878 2386">
    <p class='ocr_par' dir='ltr' id='par_1_25' title="bbox 248 2310 1878 2386">
     <span class='ocr_line' id='line_1_25' title="bbox 248 2310 1878 2386; baseline 0.007 -25"><span class='ocrx_word' id='word_1_170' title='bbox 248 2310 411 2363; x_wconf 77' lang='lat' dir='ltr'>Vens.</span> <span class='ocrx_word' id='word_1_171' title='bbox 474 2314 554 2363; x_wconf 79' lang='grc' dir='ltr'><strong>Π.</strong></span> <span class='ocrx_word' id='word_1_172' title='bbox 607 2339 678 2350; x_wconf 91' lang='lat'>-—</span> <span class='ocrx_word' id='word_1_173' title='bbox 722 2312 784 2366; x_wconf 88' lang='lat' dir='ltr'>Si</span> <span class='ocrx_word' id='word_1_174' title='bbox 825 2314 1011 2365; x_wconf 86' lang='lat' dir='ltr'>statim</span> <span class='ocrx_word' id='word_1_175' title='bbox 1057 2313 1124 2366; x_wconf 87' lang='lat' dir='ltr'>ab</span> <span class='ocrx_word' id='word_1_176' title='bbox 1181 2330 1340 2368; x_wconf 90' lang='lat' dir='ltr'>anno.</span> <span class='ocrx_word' id='word_1_177' title='bbox 1390 2314 1513 2386; x_wconf 81' lang='lat'>(10.)</span> <span class='ocrx_word' id='word_1_178' title='bbox 1564 2317 1625 2371; x_wconf 89' lang='lat' dir='ltr'>Id</span> <span class='ocrx_word' id='word_1_179' title='bbox 1670 2322 1777 2386; x_wconf 90' lang='lat' dir='ltr'>est,</span> <span class='ocrx_word' id='word_1_180' title='bbox 1830 2318 1878 2372; x_wconf 93' lang='lat' dir='ltr'>si</span> 
     </span>
    </p>
   </div>
   <div class='ocr_carea' id='block_1_26' title="bbox 189 2397 1883 2474">
    <p class='ocr_par' dir='ltr' id='par_1_26' title="bbox 189 2397 1883 2474">
     <span class='ocr_line' id='line_1_26' title="bbox 189 2397 1883 2474; baseline 0.008 -25"><span class='ocrx_word' id='word_1_181' title='bbox 189 2397 384 2466; x_wconf 71' lang='lat' dir='ltr'>gratiae</span> <span class='ocrx_word' id='word_1_182' title='bbox 440 2398 613 2462; x_wconf 89' lang='lat' dir='ltr'>viam,</span> <span class='ocrx_word' id='word_1_183' title='bbox 664 2404 793 2467; x_wconf 91' lang='lat' dir='ltr'>etc.,</span> <span class='ocrx_word' id='word_1_184' title='bbox 842 2416 1011 2470; x_wconf 84' lang='lat' dir='ltr'>usque</span> <span class='ocrx_word' id='word_1_185' title='bbox 1059 2402 1133 2456; x_wconf 90' lang='lat' dir='ltr'>ad</span> <span class='ocrx_word' id='word_1_186' title='bbox 1175 2403 1419 2458; x_wconf 80' lang='lat' dir='ltr'>offerens</span> <span class='ocrx_word' id='word_1_187' title='bbox 1462 2407 1761 2474; x_wconf 90' lang='lat' dir='ltr'>sacerdoti,</span> <span class='ocrx_word' id='word_1_188' title='bbox 1813 2409 1883 2463; x_wconf 90' lang='lat' dir='ltr'>ab</span> 
     </span>
    </p>
   </div>
   <div class='ocr_carea' id='block_1_27' title="bbox 186 2486 745 2558">
    <p class='ocr_par' dir='ltr' id='par_1_27' title="bbox 186 2486 745 2558">
     <span class='ocr_line' id='line_1_27' title="bbox 186 2486 745 2558; baseline 0.004 -19"><span class='ocrx_word' id='word_1_189' title='bbox 186 2487 305 2558; x_wconf 89' lang='lat' dir='ltr'>ipso</span> <span class='ocrx_word' id='word_1_190' title='bbox 334 2486 745 2556; x_wconf 88' lang='lat' dir='ltr'>possidebitur.</span> 
     </span>
    </p>
   </div>
   <div class='ocr_carea' id='block_1_28' title="bbox 253 2576 1882 2648">
    <p class='ocr_par' dir='ltr' id='par_1_28' title="bbox 253 2576 1882 2648">
     <span class='ocr_line' id='line_1_28' title="bbox 253 2576 1882 2648; baseline 0.006 -20"><span class='ocrx_word' id='word_1_191' title='bbox 253 2577 417 2630; x_wconf 75' lang='lat' dir='ltr'>Vens.</span> <span class='ocrx_word' id='word_1_192' title='bbox 456 2579 539 2631; x_wconf 78' lang='grc'>19.</span> <span class='ocrx_word' id='word_1_193' title='bbox 572 2608 640 2615; x_wconf 91' lang='grc'><strong><em>-</em></strong></span> <span class='ocrx_word' id='word_1_194' title='bbox 669 2576 856 2631; x_wconf 81' lang='lat' dir='ltr'>Addet</span> <span class='ocrx_word' id='word_1_195' title='bbox 904 2580 1153 2646; x_wconf 77' lang='lat' dir='ltr'>quintam</span> <span class='ocrx_word' id='word_1_196' title='bbox 1194 2584 1427 2648; x_wconf 84' lang='lat' dir='ltr'>partem.</span> <span class='ocrx_word' id='word_1_197' title='bbox 1482 2582 1758 2637; x_wconf 63' lang='lat' dir='ltr'>Doctrina:</span> <span class='ocrx_word' id='word_1_198' title='bbox 1788 2600 1882 2637; x_wconf 91' lang='lat' dir='ltr'>sa-</span> 
     </span>
    </p>
   </div>
   <div class='ocr_carea' id='block_1_29' title="bbox 184 2664 1884 2735">
    <p class='ocr_par' dir='ltr' id='par_1_29' title="bbox 184 2664 1884 2735">
     <span class='ocr_line' id='line_1_29' title="bbox 184 2664 1884 2735; baseline 0.004 -18"><span class='ocrx_word' id='word_1_199' title='bbox 184 2664 431 2718; x_wconf 88' lang='lat' dir='ltr'>cerdotis</span> <span class='ocrx_word' id='word_1_200' title='bbox 464 2665 766 2735; x_wconf 88' lang='lat' dir='ltr'>proprium</span> <span class='ocrx_word' id='word_1_201' title='bbox 797 2665 1151 2719; x_wconf 89' lang='lat' dir='ltr'>intellectum</span> <span class='ocrx_word' id='word_1_202' title='bbox 1185 2682 1196 2718; x_wconf 95' lang='lat'>:</span> <span class='ocrx_word' id='word_1_203' title='bbox 1231 2666 1489 2720; x_wconf 88' lang='lat' dir='ltr'>doctrina</span> <span class='ocrx_word' id='word_1_204' title='bbox 1520 2668 1670 2722; x_wconf 90' lang='lat' dir='ltr'>cnim</span> <span class='ocrx_word' id='word_1_205' title='bbox 1707 2676 1763 2724; x_wconf 90' lang='lat' dir='ltr'>et</span> <span class='ocrx_word' id='word_1_206' title='bbox 1794 2671 1884 2725; x_wconf 88' lang='lat' dir='ltr'>in-</span> 
     </span>
    </p>
   </div>
   <div class='ocr_carea' id='block_1_30' title="bbox 186 2753 1885 2828">
    <p class='ocr_par' dir='ltr' id='par_1_30' title="bbox 186 2753 1885 2828">
     <span class='ocr_line' id='line_1_30' title="bbox 186 2753 1885 2828; baseline 0.004 -22"><span class='ocrx_word' id='word_1_207' title='bbox 186 2754 496 2806; x_wconf 90' lang='lat' dir='ltr'>structione</span> <span class='ocrx_word' id='word_1_208' title='bbox 538 2753 842 2807; x_wconf 88' lang='lat' dir='ltr'>sacerdotis</span> <span class='ocrx_word' id='word_1_209' title='bbox 890 2753 1050 2824; x_wconf 91' lang='lat' dir='ltr'>prius</span> <span class='ocrx_word' id='word_1_210' title='bbox 1098 2754 1505 2823; x_wconf 89' lang='lat' dir='ltr'>gubernamur,</span> <span class='ocrx_word' id='word_1_211' title='bbox 1543 2758 1640 2811; x_wconf 92' lang='lat' dir='ltr'>sed</span> <span class='ocrx_word' id='word_1_212' title='bbox 1684 2764 1885 2828; x_wconf 88' lang='lat' dir='ltr'>postea</span> 
     </span>
    </p>
   </div>
   <div class='ocr_carea' id='block_1_31' title="bbox 182 2841 1882 2914">
    <p class='ocr_par' dir='ltr' id='par_1_31' title="bbox 182 2841 1882 2914">
     <span class='ocr_line' id='line_1_31' title="bbox 182 2841 1882 2914; baseline 0.005 -20"><span class='ocrx_word' id='word_1_213' title='bbox 182 2841 483 2912; x_wconf 89' lang='lat' dir='ltr'>proﬁcere,</span> <span class='ocrx_word' id='word_1_214' title='bbox 514 2846 568 2895; x_wconf 88' lang='lat' dir='ltr'>et</span> <span class='ocrx_word' id='word_1_215' title='bbox 592 2841 946 2897; x_wconf 88' lang='lat' dir='ltr'>intellectum</span> <span class='ocrx_word' id='word_1_216' title='bbox 987 2846 1241 2895; x_wconf 90' lang='lat' dir='ltr'>nostrum</span> <span class='ocrx_word' id='word_1_217' title='bbox 1294 2844 1536 2914; x_wconf 86' lang='lat' dir='ltr'>adjicere</span> <span class='ocrx_word' id='word_1_218' title='bbox 1586 2846 1882 2903; x_wconf 85' lang='lat' dir='ltr'>debemus.</span> 
     </span>
    </p>
   </div>
   <div class='ocr_carea' id='block_1_32' title="bbox 1991 464 3686 533">
    <p class='ocr_par' dir='ltr' id='par_1_32' title="bbox 1991 464 3686 533">
     <span class='ocr_line' id='line_1_32' title="bbox 1991 464 3686 533; baseline -0.001 -16"><span class='ocrx_word' id='word_1_219' title='bbox 1991 464 2090 517; x_wconf 88' lang='lat' dir='ltr'>bus</span> <span class='ocrx_word' id='word_1_220' title='bbox 2116 464 2377 519; x_wconf 84' lang='lat' dir='ltr'>veritates</span> <span class='ocrx_word' id='word_1_221' title='bbox 2410 469 2466 518; x_wconf 91' lang='lat' dir='ltr'>et</span> <span class='ocrx_word' id='word_1_222' title='bbox 2507 464 2879 533; x_wconf 80' lang='lat' dir='ltr'>perfectiones</span> <span class='ocrx_word' id='word_1_223' title='bbox 2916 464 3217 517; x_wconf 86' lang='lat' dir='ltr'>hominum</span> <span class='ocrx_word' id='word_1_224' title='bbox 3268 466 3528 533; x_wconf 87' lang='lat' dir='ltr'>pensant,</span> <span class='ocrx_word' id='word_1_225' title='bbox 3585 477 3686 515; x_wconf 88' lang='lat' dir='ltr'>nec</span> 
     </span>
    </p>
   </div>
   <div class='ocr_carea' id='block_1_33' title="bbox 1990 554 2695 622">
    <p class='ocr_par' dir='ltr' id='par_1_33' title="bbox 1990 554 2695 622">
     <span class='ocr_line' id='line_1_33' title="bbox 1990 554 2695 622; baseline 0.004 -19"><span class='ocrx_word' id='word_1_226' title='bbox 1990 556 2202 616; x_wconf 88' lang='lat' dir='ltr'>sancta,</span> <span class='ocrx_word' id='word_1_227' title='bbox 2234 569 2337 605; x_wconf 92' lang='lat' dir='ltr'>nec</span> <span class='ocrx_word' id='word_1_228' title='bbox 2361 554 2514 622; x_wconf 91' lang='lat' dir='ltr'>justa</span> <span class='ocrx_word' id='word_1_229' title='bbox 2546 558 2695 607; x_wconf 89' lang='lat' dir='ltr'>sunt.</span> 
     </span>
    </p>
   </div>
   <div class='ocr_carea' id='block_1_34' title="bbox 2060 639 3684 707">
    <p class='ocr_par' dir='ltr' id='par_1_34' title="bbox 2060 639 3684 707">
     <span class='ocr_line' id='line_1_34' title="bbox 2060 639 3684 707; baseline 0 -14"><span class='ocrx_word' id='word_1_230' title='bbox 2060 641 2239 694; x_wconf 86' lang='lat' dir='ltr'>Siclus</span> <span class='ocrx_word' id='word_1_231' title='bbox 2269 644 2486 707; x_wconf 75' lang='lat' dir='ltr'>viginti.</span> <span class='ocrx_word' id='word_1_232' title='bbox 2522 642 2578 695; x_wconf 90' lang='lat' dir='ltr'>1d</span> <span class='ocrx_word' id='word_1_233' title='bbox 2612 646 2694 695; x_wconf 91' lang='lat' dir='ltr'>est</span> <span class='ocrx_word' id='word_1_234' title='bbox 2723 642 2917 695; x_wconf 92' lang='lat' dir='ltr'>decem</span> <span class='ocrx_word' id='word_1_235' title='bbox 2953 641 3223 695; x_wconf 83' lang='lat' dir='ltr'>mandata</span> <span class='ocrx_word' id='word_1_236' title='bbox 3253 640 3563 694; x_wconf 88' lang='lat' dir='ltr'>secundum</span> <span class='ocrx_word' id='word_1_237' title='bbox 3597 639 3684 693; x_wconf 86' lang='lat' dir='ltr'>lit-</span> 
     </span>
    </p>
   </div>
   <div class='ocr_carea' id='block_1_35' title="bbox 1989 728 3681 796">
    <p class='ocr_par' dir='ltr' id='par_1_35' title="bbox 1989 728 3681 796">
     <span class='ocr_line' id='line_1_35' title="bbox 1989 728 3681 796; baseline 0 -16"><span class='ocrx_word' id='word_1_238' title='bbox 1989 731 2169 780; x_wconf 86' lang='lat' dir='ltr'>teram</span> <span class='ocrx_word' id='word_1_239' title='bbox 2216 732 2270 781; x_wconf 85' lang='lat' dir='ltr'>et</span> <span class='ocrx_word' id='word_1_240' title='bbox 2318 728 2632 781; x_wconf 89' lang='lat' dir='ltr'>secundum</span> <span class='ocrx_word' id='word_1_241' title='bbox 2681 728 2948 796; x_wconf 90' lang='lat' dir='ltr'>spiritum</span> <span class='ocrx_word' id='word_1_242' title='bbox 2979 729 3289 783; x_wconf 89' lang='lat' dir='ltr'>intellecta.</span> <span class='ocrx_word' id='word_1_243' title='bbox 3346 728 3681 796; x_wconf 88' lang='lat' dir='ltr'>Quicunque</span> 
     </span>
    </p>
   </div>
   <div class='ocr_carea' id='block_1_36' title="bbox 1989 815 3683 885">
    <p class='ocr_par' dir='ltr' id='par_1_36' title="bbox 1989 815 3683 885">
     <span class='ocr_line' id='line_1_36' title="bbox 1989 815 3683 885; baseline 0.001 -18"><span class='ocrx_word' id='word_1_244' title='bbox 1989 820 2183 868; x_wconf 91' lang='lat' dir='ltr'>autem</span> <span class='ocrx_word' id='word_1_245' title='bbox 2223 820 2321 868; x_wconf 88' lang='lat' dir='ltr'>aut</span> <span class='ocrx_word' id='word_1_246' title='bbox 2350 816 2533 885; x_wconf 82' lang='lat' dir='ltr'>legem</span> <span class='ocrx_word' id='word_1_247' title='bbox 2565 821 2662 868; x_wconf 88' lang='lat' dir='ltr'>aut</span> <span class='ocrx_word' id='word_1_248' title='bbox 2706 817 3074 885; x_wconf 81' lang='lat' dir='ltr'>Evangelium</span> <span class='ocrx_word' id='word_1_249' title='bbox 3105 817 3315 882; x_wconf 89' lang='lat' dir='ltr'>renuit,</span> <span class='ocrx_word' id='word_1_250' title='bbox 3362 832 3478 869; x_wconf 90' lang='lat' dir='ltr'>non</span> <span class='ocrx_word' id='word_1_251' title='bbox 3510 815 3683 869; x_wconf 86' lang='lat' dir='ltr'>habet</span> 
     </span>
    </p>
   </div>
   <div class='ocr_carea' id='block_1_37' title="bbox 1988 903 3311 974">
    <p class='ocr_par' dir='ltr' id='par_1_37' title="bbox 1988 903 3311 974">
     <span class='ocr_line' id='line_1_37' title="bbox 1988 903 3311 974; baseline 0.001 -17"><span class='ocrx_word' id='word_1_252' title='bbox 1988 903 2336 970; x_wconf 89' lang='lat' dir='ltr'>didrachma,</span> <span class='ocrx_word' id='word_1_253' title='bbox 2368 920 2470 957; x_wconf 91' lang='lat' dir='ltr'>nec</span> <span class='ocrx_word' id='word_1_254' title='bbox 2498 905 2621 973; x_wconf 85' lang='lat' dir='ltr'>ejus</span> <span class='ocrx_word' id='word_1_255' title='bbox 2650 905 2905 974; x_wconf 84' lang='lat' dir='ltr'>pondera</span> <span class='ocrx_word' id='word_1_256' title='bbox 2934 910 3068 959; x_wconf 91' lang='lat' dir='ltr'>sunt</span> <span class='ocrx_word' id='word_1_257' title='bbox 3101 910 3311 958; x_wconf 89' lang='lat' dir='ltr'>sancta.</span> 
     </span>
    </p>
   </div>
   <div class='ocr_carea' id='block_1_38' title="bbox 2061 992 3679 1063">
    <p class='ocr_par' dir='ltr' id='par_1_38' title="bbox 2061 992 3679 1063">
     <span class='ocr_line' id='line_1_38' title="bbox 2061 992 3679 1063; baseline 0 -20"><span class='ocrx_word' id='word_1_258' title='bbox 2061 992 2221 1045; x_wconf 75' lang='lat' dir='ltr'>Vens.</span> <span class='ocrx_word' id='word_1_259' title='bbox 2265 993 2352 1045; x_wconf 90' lang='lat'>26.</span> <span class='ocrx_word' id='word_1_260' title='bbox 2399 1021 2467 1031; x_wconf 93' lang='lat'>—</span> <span class='ocrx_word' id='word_1_261' title='bbox 2518 995 2879 1063; x_wconf 82' lang='lat' dir='ltr'>Primogenita</span> <span class='ocrx_word' id='word_1_262' title='bbox 2939 1010 3077 1062; x_wconf 77' lang='lat' dir='ltr'>quaz.</span> <span class='ocrx_word' id='word_1_263' title='bbox 3133 994 3338 1060; x_wconf 62' lang='lat' dir='ltr'>(151cm)</span> <span class='ocrx_word' id='word_1_264' title='bbox 3392 992 3679 1061; x_wconf 87' lang='lat' dir='ltr'>Primoge-</span> 
     </span>
    </p>
   </div>
   <div class='ocr_carea' id='block_1_39' title="bbox 1990 1079 3681 1151">
    <p class='ocr_par' dir='ltr' id='par_1_39' title="bbox 1990 1079 3681 1151">
     <span class='ocr_line' id='line_1_39' title="bbox 1990 1079 3681 1151; baseline 0.001 -20"><span class='ocrx_word' id='word_1_265' title='bbox 1990 1079 2108 1132; x_wconf 87' lang='lat' dir='ltr'>nita</span> <span class='ocrx_word' id='word_1_266' title='bbox 2163 1084 2437 1149; x_wconf 87' lang='lat' dir='ltr'>tanquam</span> <span class='ocrx_word' id='word_1_267' title='bbox 2488 1096 2691 1150; x_wconf 89' lang='lat' dir='ltr'>pecora</span> <span class='ocrx_word' id='word_1_268' title='bbox 2740 1086 2971 1144; x_wconf 89' lang='lat' dir='ltr'>nostra,.</span> <span class='ocrx_word' id='word_1_269' title='bbox 3006 1086 3135 1134; x_wconf 84' lang='lat' dir='ltr'>sunt</span> <span class='ocrx_word' id='word_1_270' title='bbox 3183 1082 3283 1151; x_wconf 86' lang='lat' dir='ltr'>qui</span> <span class='ocrx_word' id='word_1_271' title='bbox 3331 1080 3495 1133; x_wconf 91' lang='lat' dir='ltr'>nobis</span> <span class='ocrx_word' id='word_1_272' title='bbox 3544 1080 3681 1133; x_wconf 87' lang='lat' dir='ltr'>obe-</span> 
     </span>
    </p>
   </div>
   <div class='ocr_carea' id='block_1_40' title="bbox 1989 1167 3680 1238">
    <p class='ocr_par' dir='ltr' id='par_1_40' title="bbox 1989 1167 3680 1238">
     <span class='ocr_line' id='line_1_40' title="bbox 1989 1167 3680 1238; baseline 0 -18"><span class='ocrx_word' id='word_1_273' title='bbox 1989 1167 2172 1225; x_wconf 84' lang='lat' dir='ltr'>diunt.</span> <span class='ocrx_word' id='word_1_274' title='bbox 2228 1167 2354 1232; x_wconf 86' lang='lat' dir='ltr'>ﬁlii,</span> <span class='ocrx_word' id='word_1_275' title='bbox 2412 1167 2576 1232; x_wconf 87' lang='lat' dir='ltr'>servi,</span> <span class='ocrx_word' id='word_1_276' title='bbox 2637 1173 2693 1220; x_wconf 91' lang='lat' dir='ltr'>et</span> <span class='ocrx_word' id='word_1_277' title='bbox 2720 1169 3002 1238; x_wconf 91' lang='lat' dir='ltr'>discipuli.</span> <span class='ocrx_word' id='word_1_278' title='bbox 3057 1169 3163 1223; x_wconf 90' lang='lat' dir='ltr'>Sed</span> <span class='ocrx_word' id='word_1_279' title='bbox 3199 1171 3403 1222; x_wconf 90' lang='lat' dir='ltr'>horum</span> <span class='ocrx_word' id='word_1_280' title='bbox 3466 1168 3680 1238; x_wconf 85' lang='lat' dir='ltr'>primo-</span> 
     </span>
    </p>
   </div>
   <div class='ocr_carea' id='block_1_41' title="bbox 1990 1254 3681 1326">
    <p class='ocr_par' dir='ltr' id='par_1_41' title="bbox 1990 1254 3681 1326">
     <span class='ocr_line' id='line_1_41' title="bbox 1990 1254 3681 1326; baseline 0.001 -19"><span class='ocrx_word' id='word_1_281' title='bbox 1990 1254 2182 1324; x_wconf 85' lang='lat' dir='ltr'>genita</span> <span class='ocrx_word' id='word_1_282' title='bbox 2199 1259 2350 1319; x_wconf 91' lang='lat' dir='ltr'>sunt,</span> <span class='ocrx_word' id='word_1_283' title='bbox 2375 1254 2569 1324; x_wconf 90' lang='lat' dir='ltr'>quisic</span> <span class='ocrx_word' id='word_1_284' title='bbox 2592 1255 2886 1317; x_wconf 86' lang='lat' dir='ltr'>obediunt,</span> <span class='ocrx_word' id='word_1_285' title='bbox 2920 1261 2981 1309; x_wconf 92' lang='lat' dir='ltr'>ut</span> <span class='ocrx_word' id='word_1_286' title='bbox 3002 1256 3126 1309; x_wconf 87' lang='lat' dir='ltr'>aliis</span> <span class='ocrx_word' id='word_1_287' title='bbox 3162 1257 3456 1326; x_wconf 64' lang='lat' dir='ltr'>praebeant</span> <span class='ocrx_word' id='word_1_288' title='bbox 3484 1272 3681 1310; x_wconf 87' lang='lat' dir='ltr'>exem-</span> 
     </span>
    </p>
   </div>
   <div class='ocr_carea' id='block_1_42' title="bbox 1988 1343 3683 1414">
    <p class='ocr_par' dir='ltr' id='par_1_42' title="bbox 1988 1343 3683 1414">
     <span class='ocr_line' id='line_1_42' title="bbox 1988 1343 3683 1414; baseline 0.001 -18"><span class='ocrx_word' id='word_1_289' title='bbox 1988 1344 2150 1412; x_wconf 88' lang='lat' dir='ltr'>plum</span> <span class='ocrx_word' id='word_1_290' title='bbox 2180 1347 2235 1395; x_wconf 91' lang='lat' dir='ltr'>et</span> <span class='ocrx_word' id='word_1_291' title='bbox 2282 1343 2693 1412; x_wconf 85' lang='lat' dir='ltr'>magisterium,</span> <span class='ocrx_word' id='word_1_292' title='bbox 2727 1344 2795 1396; x_wconf 91' lang='lat' dir='ltr'>de</span> <span class='ocrx_word' id='word_1_293' title='bbox 2841 1344 3050 1414; x_wconf 85' lang='lat' dir='ltr'>quibus</span> <span class='ocrx_word' id='word_1_294' title='bbox 3078 1344 3212 1397; x_wconf 88' lang='lat' dir='ltr'>alibi</span> <span class='ocrx_word' id='word_1_295' title='bbox 3244 1344 3485 1398; x_wconf 89' lang='lat' dir='ltr'>dicitur:</span> <span class='ocrx_word' id='word_1_296' title='bbox 3522 1345 3683 1400; x_wconf 86' lang='lat' dir='ltr'>Omne</span> 
     </span>
    </p>
   </div>
   <div class='ocr_carea' id='block_1_43' title="bbox 1988 1432 3679 1500">
    <p class='ocr_par' dir='ltr' id='par_1_43' title="bbox 1988 1432 3679 1500">
     <span class='ocr_line' id='line_1_43' title="bbox 1988 1432 3679 1500; baseline 0 -15"><span class='ocrx_word' id='word_1_297' title='bbox 1988 1432 2347 1485; x_wconf 83' lang='lat' dir='ltr'>masculinum</span> <span class='ocrx_word' id='word_1_298' title='bbox 2394 1432 2714 1500; x_wconf 84' lang='lat' dir='ltr'>adaperiens</span> <span class='ocrx_word' id='word_1_299' title='bbox 2764 1433 2981 1485; x_wconf 81' lang='lat' dir='ltr'>vulvam</span> <span class='ocrx_word' id='word_1_300' title='bbox 3028 1438 3272 1486; x_wconf 87' lang='lat' dir='ltr'>sanctum</span> <span class='ocrx_word' id='word_1_301' title='bbox 3323 1434 3549 1486; x_wconf 89' lang='lat' dir='ltr'>Domino</span> <span class='ocrx_word' id='word_1_302' title='bbox 3582 1447 3679 1485; x_wconf 87' lang='lat' dir='ltr'>vo-</span> 
     </span>
    </p>
   </div>
   <div class='ocr_carea' id='block_1_44' title="bbox 1988 1516 3679 1589">
    <p class='ocr_par' dir='ltr' id='par_1_44' title="bbox 1988 1516 3679 1589">
     <span class='ocr_line' id='line_1_44' title="bbox 1988 1516 3679 1589; baseline 0.003 -22"><span class='ocrx_word' id='word_1_303' title='bbox 1988 1516 2204 1568; x_wconf 82' lang='lat' dir='ltr'>cabitur</span> <span class='ocrx_word' id='word_1_304' title='bbox 2234 1517 2410 1585; x_wconf 70' lang='lat' dir='ltr'>(Lucae</span> <span class='ocrx_word' id='word_1_305' title='bbox 2440 1519 2515 1587; x_wconf 84' lang='grc' dir='ltr'>ιι).</span> <span class='ocrx_word' id='word_1_306' title='bbox 2550 1519 2744 1588; x_wconf 84' lang='lat' dir='ltr'>Aperit</span> <span class='ocrx_word' id='word_1_307' title='bbox 2776 1520 2928 1572; x_wconf 89' lang='lat' dir='ltr'>enim</span> <span class='ocrx_word' id='word_1_308' title='bbox 2961 1521 3185 1573; x_wconf 78' lang='lat' dir='ltr'>vulvam</span> <span class='ocrx_word' id='word_1_309' title='bbox 3218 1520 3679 1589; x_wconf 87' lang='lat' dir='ltr'>generandorum</span> 
     </span>
    </p>
   </div>
   <div class='ocr_carea' id='block_1_45' title="bbox 1992 1603 3681 1677">
    <p class='ocr_par' dir='ltr' id='par_1_45' title="bbox 1992 1603 3681 1677">
     <span class='ocr_line' id='line_1_45' title="bbox 1992 1603 3681 1677; baseline 0.002 -21"><span class='ocrx_word' id='word_1_310' title='bbox 1992 1603 2263 1669; x_wconf 87' lang='lat' dir='ltr'>ﬁliorum,</span> <span class='ocrx_word' id='word_1_311' title='bbox 2309 1604 2409 1676; x_wconf 88' lang='lat' dir='ltr'>qui</span> <span class='ocrx_word' id='word_1_312' title='bbox 2438 1607 2746 1660; x_wconf 89' lang='lat' dir='ltr'>secundum</span> <span class='ocrx_word' id='word_1_313' title='bbox 2780 1608 2958 1661; x_wconf 89' lang='lat' dir='ltr'>Deum</span> <span class='ocrx_word' id='word_1_314' title='bbox 3008 1607 3208 1677; x_wconf 90' lang='lat' dir='ltr'>incipit</span> <span class='ocrx_word' id='word_1_315' title='bbox 3234 1608 3484 1661; x_wconf 88' lang='lat' dir='ltr'>obedire.</span> <span class='ocrx_word' id='word_1_316' title='bbox 3523 1607 3681 1661; x_wconf 90' lang='lat' dir='ltr'>Unde</span> 
     </span>
    </p>
   </div>
   <div class='ocr_carea' id='block_1_46' title="bbox 1992 1693 3680 1763">
    <p class='ocr_par' dir='ltr' id='par_1_46' title="bbox 1992 1693 3680 1763">
     <span class='ocr_line' id='line_1_46' title="bbox 1992 1693 3680 1763; baseline 0.001 -18"><span class='ocrx_word' id='word_1_317' title='bbox 1992 1693 2202 1746; x_wconf 87' lang='lat' dir='ltr'>Paulus</span> <span class='ocrx_word' id='word_1_318' title='bbox 2228 1693 2295 1746; x_wconf 89' lang='lat' dir='ltr'>de</span> <span class='ocrx_word' id='word_1_319' title='bbox 2323 1694 2621 1748; x_wconf 91' lang='lat' dir='ltr'>Timotheo</span> <span class='ocrx_word' id='word_1_320' title='bbox 2672 1695 2785 1748; x_wconf 88' lang='lat' dir='ltr'>ait:</span> <span class='ocrx_word' id='word_1_321' title='bbox 2842 1696 2945 1761; x_wconf 89' lang='lat' dir='ltr'>Qui</span> <span class='ocrx_word' id='word_1_322' title='bbox 2974 1700 3051 1749; x_wconf 88' lang='lat' dir='ltr'>est</span> <span class='ocrx_word' id='word_1_323' title='bbox 3086 1697 3231 1763; x_wconf 79' lang='lat' dir='ltr'>ﬁlius</span> <span class='ocrx_word' id='word_1_324' title='bbox 3261 1712 3406 1751; x_wconf 88' lang='lat' dir='ltr'>meus</span> <span class='ocrx_word' id='word_1_325' title='bbox 3455 1696 3680 1749; x_wconf 87' lang='lat' dir='ltr'>dilectus</span> 
     </span>
    </p>
   </div>
   <div class='ocr_carea' id='block_1_47' title="bbox 1990 1782 3686 1852">
    <p class='ocr_par' dir='ltr' id='par_1_47' title="bbox 1990 1782 3686 1852">
     <span class='ocr_line' id='line_1_47' title="bbox 1990 1782 3686 1852; baseline 0.002 -19"><span class='ocrx_word' id='word_1_326' title='bbox 1990 1782 2047 1834; x_wconf 87' lang='lat' dir='ltr'>in</span> <span class='ocrx_word' id='word_1_327' title='bbox 2073 1783 2314 1849; x_wconf 89' lang='lat' dir='ltr'>Domino,</span> <span class='ocrx_word' id='word_1_328' title='bbox 2365 1784 2480 1850; x_wconf 85' lang='lat' dir='ltr'>ipse</span> <span class='ocrx_word' id='word_1_329' title='bbox 2528 1797 2619 1836; x_wconf 83' lang='lat' dir='ltr'>vos</span> <span class='ocrx_word' id='word_1_330' title='bbox 2662 1786 3093 1851; x_wconf 82' lang='lat' dir='ltr'>commonefaciet</span> <span class='ocrx_word' id='word_1_331' title='bbox 3135 1786 3255 1838; x_wconf 84' lang='lat' dir='ltr'>vias</span> <span class='ocrx_word' id='word_1_332' title='bbox 3296 1800 3459 1852; x_wconf 90' lang='lat' dir='ltr'>meas,</span> <span class='ocrx_word' id='word_1_333' title='bbox 3496 1789 3601 1838; x_wconf 89' lang='lat' dir='ltr'>etc.</span> <span class='ocrx_word' id='word_1_334' title='bbox 3638 1784 3686 1850; x_wconf 88' lang='grc' dir='ltr'>(Ι</span> 
     </span>
    </p>
   </div>
   <div class='ocr_carea' id='block_1_48' title="bbox 1990 1870 2246 1939">
    <p class='ocr_par' dir='ltr' id='par_1_48' title="bbox 1990 1870 2246 1939">
     <span class='ocr_line' id='line_1_48' title="bbox 1990 1870 2246 1939; baseline -0.008 -15"><span class='ocrx_word' id='word_1_335' title='bbox 1990 1870 2109 1924; x_wconf 86' lang='lat' dir='ltr'>Cor.</span> <span class='ocrx_word' id='word_1_336' title='bbox 2143 1871 2246 1939; x_wconf 84' lang='grc' dir='ltr'>ιν).</span> 
     </span>
    </p>
   </div>
   <div class='ocr_carea' id='block_1_49' title="bbox 2061 1959 3679 2032">
    <p class='ocr_par' dir='ltr' id='par_1_49' title="bbox 2061 1959 3679 2032">
     <span class='ocr_line' id='line_1_49' title="bbox 2061 1959 3679 2032; baseline 0 -19"><span class='ocrx_word' id='word_1_337' title='bbox 2061 1959 2223 2013; x_wconf 88' lang='lat' dir='ltr'>Nemo</span> <span class='ocrx_word' id='word_1_338' title='bbox 2248 1962 2585 2027; x_wconf 77' lang='lat' dir='ltr'>sanetiﬂcare</span> <span class='ocrx_word' id='word_1_339' title='bbox 2637 1964 2839 2029; x_wconf 86' lang='lat' dir='ltr'>poterit</span> <span class='ocrx_word' id='word_1_340' title='bbox 2866 1966 2916 2014; x_wconf 85' lang='lat' dir='ltr'>et</span> <span class='ocrx_word' id='word_1_341' title='bbox 2971 1977 3176 2016; x_wconf 83' lang='lat' dir='ltr'>vovere.</span> <span class='ocrx_word' id='word_1_342' title='bbox 3231 1962 3350 2015; x_wconf 88' lang='lat' dir='ltr'>Non</span> <span class='ocrx_word' id='word_1_343' title='bbox 3382 1960 3516 2032; x_wconf 89' lang='lat' dir='ltr'>quia</span> <span class='ocrx_word' id='word_1_344' title='bbox 3546 1975 3679 2013; x_wconf 81' lang='lat' dir='ltr'>san-</span> 
     </span>
    </p>
   </div>
   <div class='ocr_carea' id='block_1_50' title="bbox 1989 2044 3684 2119">
    <p class='ocr_par' dir='ltr' id='par_1_50' title="bbox 1989 2044 3684 2119">
     <span class='ocr_line' id='line_1_50' title="bbox 1989 2044 3684 2119; baseline 0.002 -22"><span class='ocrx_word' id='word_1_345' title='bbox 1989 2044 2330 2100; x_wconf 86' lang='lat' dir='ltr'>ctiﬁcatione</span> <span class='ocrx_word' id='word_1_346' title='bbox 2375 2046 2609 2115; x_wconf 73' lang='lat' dir='ltr'>indigna</span> <span class='ocrx_word' id='word_1_347' title='bbox 2657 2054 2808 2115; x_wconf 90' lang='lat' dir='ltr'>sunt,</span> <span class='ocrx_word' id='word_1_348' title='bbox 2860 2049 2955 2102; x_wconf 90' lang='lat' dir='ltr'>sed</span> <span class='ocrx_word' id='word_1_349' title='bbox 2989 2049 3124 2119; x_wconf 90' lang='lat' dir='ltr'>quia</span> <span class='ocrx_word' id='word_1_350' title='bbox 3157 2054 3348 2102; x_wconf 85' lang='lat' dir='ltr'>sancta</span> <span class='ocrx_word' id='word_1_351' title='bbox 3394 2052 3547 2113; x_wconf 89' lang='lat' dir='ltr'>sunt,</span> <span class='ocrx_word' id='word_1_352' title='bbox 3579 2063 3684 2100; x_wconf 90' lang='lat' dir='ltr'>nec</span> 
     </span>
    </p>
   </div>
   <div class='ocr_carea' id='block_1_51' title="bbox 1991 2135 3681 2207">
    <p class='ocr_par' dir='ltr' id='par_1_51' title="bbox 1991 2135 3681 2207">
     <span class='ocr_line' id='line_1_51' title="bbox 1991 2135 3681 2207; baseline 0.001 -21"><span class='ocrx_word' id='word_1_353' title='bbox 1991 2138 2159 2203; x_wconf 91' lang='lat' dir='ltr'>egent</span> <span class='ocrx_word' id='word_1_354' title='bbox 2187 2135 2547 2201; x_wconf 87' lang='lat' dir='ltr'>sanctiﬁcari,</span> <span class='ocrx_word' id='word_1_355' title='bbox 2580 2141 2642 2189; x_wconf 87' lang='lat' dir='ltr'>ut</span> <span class='ocrx_word' id='word_1_356' title='bbox 2670 2136 2838 2202; x_wconf 87' lang='lat' dir='ltr'>ﬁlius,</span> <span class='ocrx_word' id='word_1_357' title='bbox 2872 2138 2972 2207; x_wconf 90' lang='lat' dir='ltr'>qui</span> <span class='ocrx_word' id='word_1_358' title='bbox 3003 2138 3079 2192; x_wconf 91' lang='lat' dir='ltr'>sic</span> <span class='ocrx_word' id='word_1_359' title='bbox 3104 2143 3323 2207; x_wconf 89' lang='lat' dir='ltr'>patrem</span> <span class='ocrx_word' id='word_1_360' title='bbox 3355 2142 3411 2190; x_wconf 90' lang='lat' dir='ltr'>et</span> <span class='ocrx_word' id='word_1_361' title='bbox 3443 2140 3681 2189; x_wconf 88' lang='lat' dir='ltr'>matrem</span> 
     </span>
    </p>
   </div>
   <div class='ocr_carea' id='block_1_52' title="bbox 1990 2223 3683 2295">
    <p class='ocr_par' dir='ltr' id='par_1_52' title="bbox 1990 2223 3683 2295">
     <span class='ocr_line' id='line_1_52' title="bbox 1990 2223 3683 2295; baseline 0.002 -21"><span class='ocrx_word' id='word_1_362' title='bbox 1990 2223 2256 2290; x_wconf 87' lang='lat' dir='ltr'>honorat,</span> <span class='ocrx_word' id='word_1_363' title='bbox 2290 2229 2355 2277; x_wconf 90' lang='lat' dir='ltr'>ut</span> <span class='ocrx_word' id='word_1_364' title='bbox 2383 2226 2554 2278; x_wconf 84' lang='lat' dir='ltr'>etiam</span> <span class='ocrx_word' id='word_1_365' title='bbox 2593 2226 2916 2295; x_wconf 85' lang='lat' dir='ltr'>exemplum</span> <span class='ocrx_word' id='word_1_366' title='bbox 2949 2226 3072 2279; x_wconf 91' lang='lat' dir='ltr'>aliis</span> <span class='ocrx_word' id='word_1_367' title='bbox 3103 2227 3219 2293; x_wconf 88' lang='lat' dir='ltr'>ﬁat,</span> <span class='ocrx_word' id='word_1_368' title='bbox 3266 2231 3541 2295; x_wconf 87' lang='lat' dir='ltr'>tanquam</span> <span class='ocrx_word' id='word_1_369' title='bbox 3571 2225 3683 2278; x_wconf 92' lang='lat' dir='ltr'>Deo</span> 
     </span>
    </p>
   </div>
   <div class='ocr_carea' id='block_1_53' title="bbox 1990 2309 3679 2383">
    <p class='ocr_par' dir='ltr' id='par_1_53' title="bbox 1990 2309 3679 2383">
     <span class='ocr_line' id='line_1_53' title="bbox 1990 2309 3679 2383; baseline 0.001 -21"><span class='ocrx_word' id='word_1_370' title='bbox 1990 2309 2233 2363; x_wconf 77' lang='lat' dir='ltr'>offerens</span> <span class='ocrx_word' id='word_1_371' title='bbox 2291 2311 2587 2378; x_wconf 90' lang='lat' dir='ltr'>honorem,</span> <span class='ocrx_word' id='word_1_372' title='bbox 2644 2312 2743 2383; x_wconf 90' lang='lat' dir='ltr'>qui</span> <span class='ocrx_word' id='word_1_373' title='bbox 2801 2313 2907 2366; x_wconf 91' lang='lat' dir='ltr'>hoc</span> <span class='ocrx_word' id='word_1_374' title='bbox 2972 2313 3247 2383; x_wconf 69' lang='lat' dir='ltr'>praacepit</span> <span class='ocrx_word' id='word_1_375' title='bbox 3313 2312 3505 2379; x_wconf 67' lang='lat' dir='ltr'>(Exod.</span> <span class='ocrx_word' id='word_1_376' title='bbox 3564 2312 3679 2379; x_wconf 92' lang='lat' dir='ltr'>xx).</span> 
     </span>
    </p>
   </div>
   <div class='ocr_carea' id='block_1_54' title="bbox 1990 2399 3682 2471">
    <p class='ocr_par' dir='ltr' id='par_1_54' title="bbox 1990 2399 3682 2471">
     <span class='ocr_line' id='line_1_54' title="bbox 1990 2399 3682 2471; baseline 0.001 -19"><span class='ocrx_word' id='word_1_377' title='bbox 1990 2399 2196 2452; x_wconf 88' lang='lat' dir='ltr'>Servus</span> <span class='ocrx_word' id='word_1_378' title='bbox 2228 2400 2455 2471; x_wconf 82' lang='lat' dir='ltr'>quoque</span> <span class='ocrx_word' id='word_1_379' title='bbox 2488 2401 2587 2471; x_wconf 91' lang='lat' dir='ltr'>qui</span> <span class='ocrx_word' id='word_1_380' title='bbox 2616 2401 2787 2454; x_wconf 91' lang='lat' dir='ltr'>etiam</span> <span class='ocrx_word' id='word_1_381' title='bbox 2820 2402 3069 2456; x_wconf 91' lang='lat' dir='ltr'>dominis</span> <span class='ocrx_word' id='word_1_382' title='bbox 3099 2402 3417 2456; x_wconf 86' lang='lat' dir='ltr'>carnalibus</span> <span class='ocrx_word' id='word_1_383' title='bbox 3456 2400 3517 2453; x_wconf 92' lang='lat' dir='ltr'>in</span> <span class='ocrx_word' id='word_1_384' title='bbox 3546 2400 3682 2453; x_wconf 91' lang='lat' dir='ltr'>sim-</span> 
     </span>
    </p>
   </div>
   <div class='ocr_carea' id='block_1_55' title="bbox 1989 2487 3682 2559">
    <p class='ocr_par' dir='ltr' id='par_1_55' title="bbox 1989 2487 3682 2559">
     <span class='ocr_line' id='line_1_55' title="bbox 1989 2487 3682 2559; baseline 0.001 -20"><span class='ocrx_word' id='word_1_385' title='bbox 1989 2487 2242 2557; x_wconf 84' lang='lat' dir='ltr'>plicitate</span> <span class='ocrx_word' id='word_1_386' title='bbox 2277 2489 2462 2543; x_wconf 87' lang='lat' dir='ltr'>cordis</span> <span class='ocrx_word' id='word_1_387' title='bbox 2496 2506 2610 2542; x_wconf 92' lang='lat' dir='ltr'>non</span> <span class='ocrx_word' id='word_1_388' title='bbox 2641 2490 2711 2543; x_wconf 86' lang='lat' dir='ltr'>ad</span> <span class='ocrx_word' id='word_1_389' title='bbox 2762 2491 2990 2544; x_wconf 90' lang='lat' dir='ltr'>oculum</span> <span class='ocrx_word' id='word_1_390' title='bbox 3024 2491 3218 2557; x_wconf 85' lang='lat' dir='ltr'>servit,</span> <span class='ocrx_word' id='word_1_391' title='bbox 3254 2490 3365 2559; x_wconf 90' lang='lat' dir='ltr'>ipsi</span> <span class='ocrx_word' id='word_1_392' title='bbox 3414 2490 3527 2543; x_wconf 89' lang='lat' dir='ltr'>Deo</span> <span class='ocrx_word' id='word_1_393' title='bbox 3565 2504 3682 2541; x_wconf 88' lang='lat' dir='ltr'>ser-</span> 
     </span>
    </p>
   </div>
   <div class='ocr_carea' id='block_1_56' title="bbox 1989 2574 2861 2648">
    <p class='ocr_par' dir='ltr' id='par_1_56' title="bbox 1989 2574 2861 2648">
     <span class='ocr_line' id='line_1_56' title="bbox 1989 2574 2861 2648; baseline 0.005 -20"><span class='ocrx_word' id='word_1_394' title='bbox 1989 2574 2230 2629; x_wconf 87' lang='lat' dir='ltr'>vitutem</span> <span class='ocrx_word' id='word_1_395' title='bbox 2258 2576 2538 2645; x_wconf 86' lang='lat' dir='ltr'>impendit</span> <span class='ocrx_word' id='word_1_396' title='bbox 2566 2578 2729 2646; x_wconf 84' lang='lat' dir='ltr'>(Eph.</span> <span class='ocrx_word' id='word_1_397' title='bbox 2764 2578 2861 2648; x_wconf 73' lang='grc' dir='ltr'>γι).</span> 
     </span>
    </p>
   </div>
   <div class='ocr_carea' id='block_1_57' title="bbox 2063 2664 3682 2737">
    <p class='ocr_par' dir='ltr' id='par_1_57' title="bbox 2063 2664 3682 2737">
     <span class='ocr_line' id='line_1_57' title="bbox 2063 2664 3682 2737; baseline -0.001 -21"><span class='ocrx_word' id='word_1_398' title='bbox 2063 2664 2220 2717; x_wconf 78' lang='lat' dir='ltr'>Vens.</span> <span class='ocrx_word' id='word_1_399' title='bbox 2252 2668 2341 2717; x_wconf 88' lang='lat'>27.</span> <span class='ocrx_word' id='word_1_400' title='bbox 2369 2694 2438 2706; x_wconf 88' lang='lat'><strong><em>—</em></strong></span> <span class='ocrx_word' id='word_1_401' title='bbox 2481 2664 2638 2732; x_wconf 83' lang='lat' dir='ltr'>Quod</span> <span class='ocrx_word' id='word_1_402' title='bbox 2667 2668 2716 2718; x_wconf 85' lang='lat' dir='ltr'>si</span> <span class='ocrx_word' id='word_1_403' title='bbox 2745 2666 3098 2720; x_wconf 87' lang='lat' dir='ltr'>immundum.</span> <span class='ocrx_word' id='word_1_404' title='bbox 3153 2666 3362 2737; x_wconf 61' lang='lat' dir='ltr'>(151cm)</span> <span class='ocrx_word' id='word_1_405' title='bbox 3398 2666 3682 2727; x_wconf 89' lang='lat' dir='ltr'>Peccator,</span> 
     </span>
    </p>
   </div>
   <div class='ocr_carea' id='block_1_58' title="bbox 1991 2750 3684 2824">
    <p class='ocr_par' dir='ltr' id='par_1_58' title="bbox 1991 2750 3684 2824">
     <span class='ocr_line' id='line_1_58' title="bbox 1991 2750 3684 2824; baseline -0.001 -20"><span class='ocrx_word' id='word_1_406' title='bbox 1991 2750 2091 2821; x_wconf 90' lang='lat' dir='ltr'>qui</span> <span class='ocrx_word' id='word_1_407' title='bbox 2147 2768 2249 2805; x_wconf 84' lang='lat' dir='ltr'>nec</span> <span class='ocrx_word' id='word_1_408' title='bbox 2300 2754 2481 2822; x_wconf 89' lang='lat' dir='ltr'>legem</span> <span class='ocrx_word' id='word_1_409' title='bbox 2532 2754 2675 2807; x_wconf 90' lang='lat' dir='ltr'>sicut</span> <span class='ocrx_word' id='word_1_410' title='bbox 2705 2759 2924 2824; x_wconf 88' lang='lat' dir='ltr'>oportet</span> <span class='ocrx_word' id='word_1_411' title='bbox 2955 2754 3284 2814; x_wconf 78' lang='lat' dir='ltr'>meditatur,</span> <span class='ocrx_word' id='word_1_412' title='bbox 3337 2769 3441 2806; x_wconf 82' lang='lat' dir='ltr'>nec</span> <span class='ocrx_word' id='word_1_413' title='bbox 3482 2751 3684 2805; x_wconf 83' lang='lat' dir='ltr'>distin-</span> 
     </span>
    </p>
   </div>
   <div class='ocr_carea' id='block_1_59' title="bbox 1990 2838 3686 2913">
    <p class='ocr_par' dir='ltr' id='par_1_59' title="bbox 1990 2838 3686 2913">
     <span class='ocr_line' id='line_1_59' title="bbox 1990 2838 3686 2913; baseline 0 -22"><span class='ocrx_word' id='word_1_414' title='bbox 1990 2855 2164 2908; x_wconf 89' lang='lat' dir='ltr'>guere</span> <span class='ocrx_word' id='word_1_415' title='bbox 2205 2846 2462 2894; x_wconf 89' lang='lat' dir='ltr'>conatur.</span> <span class='ocrx_word' id='word_1_416' title='bbox 2496 2841 2828 2912; x_wconf 87' lang='lat' dir='ltr'>Quicunque</span> <span class='ocrx_word' id='word_1_417' title='bbox 2858 2858 2992 2913; x_wconf 88' lang='lat' dir='ltr'>ergo</span> <span class='ocrx_word' id='word_1_418' title='bbox 3021 2843 3387 2896; x_wconf 85' lang='lat' dir='ltr'>vehementer</span> <span class='ocrx_word' id='word_1_419' title='bbox 3415 2838 3686 2894; x_wconf 84' lang='lat' dir='ltr'>obediens</span> 
     </span>
    </p>
   </div>
   <div class='ocr_carea' id='block_1_60' title="bbox 253 2926 3684 3001">
    <p class='ocr_par' dir='ltr' id='par_1_60' title="bbox 253 2926 3684 3001">
     <span class='ocr_line' id='line_1_60' title="bbox 253 2926 3684 3001; baseline 0.001 -22"><span class='ocrx_word' id='word_1_420' title='bbox 253 2929 415 2982; x_wconf 72' lang='lat' dir='ltr'>Vens.</span> <span class='ocrx_word' id='word_1_421' title='bbox 450 2927 538 2981; x_wconf 84' lang='grc'><strong>20.</strong></span> <span class='ocrx_word' id='word_1_422' title='bbox 571 2959 641 2967; x_wconf 92' lang='grc'><strong>-</strong></span> <span class='ocrx_word' id='word_1_423' title='bbox 671 2929 770 2983; x_wconf 90' lang='lat' dir='ltr'>Sin</span> <span class='ocrx_word' id='word_1_424' title='bbox 826 2933 1025 2994; x_wconf 87' lang='lat' dir='ltr'>autem,</span> <span class='ocrx_word' id='word_1_425' title='bbox 1086 2934 1188 2984; x_wconf 89' lang='lat' dir='ltr'>etc.</span> <span class='ocrx_word' id='word_1_426' title='bbox 1253 2930 1384 2998; x_wconf 85' lang='lat'>(11).)</span> <span class='ocrx_word' id='word_1_427' title='bbox 1440 2932 1539 2985; x_wconf 89' lang='lat' dir='ltr'>Ille</span> <span class='ocrx_word' id='word_1_428' title='bbox 1591 2940 1881 2988; x_wconf 83' lang='lat' dir='ltr'>consecrat</span> <span class='ocrx_word' id='word_1_429' title='bbox 1912 2938 1950 2993; x_wconf 86' lang='lat' dir='ltr'>C</span> <span class='ocrx_word' id='word_1_430' title='bbox 1992 2932 2078 2980; x_wconf 86' lang='lat' dir='ltr'>est</span> <span class='ocrx_word' id='word_1_431' title='bbox 2128 2926 2294 2994; x_wconf 89' lang='lat' dir='ltr'>patri,</span> <span class='ocrx_word' id='word_1_432' title='bbox 2342 2926 2574 2981; x_wconf 92' lang='lat' dir='ltr'>domino</span> <span class='ocrx_word' id='word_1_433' title='bbox 2623 2933 2722 2981; x_wconf 87' lang='lat' dir='ltr'>aut</span> <span class='ocrx_word' id='word_1_434' title='bbox 2770 2930 3078 3001; x_wconf 87' lang='lat' dir='ltr'>magistro:</span> <span class='ocrx_word' id='word_1_435' title='bbox 3115 2946 3217 2983; x_wconf 91' lang='lat' dir='ltr'>nec</span> <span class='ocrx_word' id='word_1_436' title='bbox 3261 2935 3452 2983; x_wconf 85' lang='lat' dir='ltr'>tamen</span> <span class='ocrx_word' id='word_1_437' title='bbox 3499 2931 3684 2999; x_wconf 89' lang='lat' dir='ltr'>legem</span> 
     </span>
    </p>
   </div>
   <div class='ocr_carea' id='block_1_61' title="bbox 183 3016 1883 3090">
    <p class='ocr_par' dir='ltr' id='par_1_61' title="bbox 183 3016 1883 3090">
     <span class='ocr_line' id='line_1_61' title="bbox 183 3016 1883 3090; baseline 0.006 -23"><span class='ocrx_word' id='word_1_438' title='bbox 183 3031 387 3085; x_wconf 85' lang='lat' dir='ltr'>agrum</span> <span class='ocrx_word' id='word_1_439' title='bbox 419 3020 476 3070; x_wconf 93' lang='lat' dir='ltr'>et</span> <span class='ocrx_word' id='word_1_440' title='bbox 506 3016 736 3069; x_wconf 91' lang='lat' dir='ltr'>redimit</span> <span class='ocrx_word' id='word_1_441' title='bbox 781 3033 1002 3087; x_wconf 88' lang='lat' dir='ltr'>agrum,</span> <span class='ocrx_word' id='word_1_442' title='bbox 1058 3022 1190 3084; x_wconf 87' lang='lat' dir='ltr'>etc.,</span> <span class='ocrx_word' id='word_1_443' title='bbox 1238 3034 1406 3087; x_wconf 87' lang='lat' dir='ltr'>usque</span> <span class='ocrx_word' id='word_1_444' title='bbox 1454 3021 1528 3073; x_wconf 88' lang='lat' dir='ltr'>ad</span> <span class='ocrx_word' id='word_1_445' title='bbox 1576 3020 1694 3090; x_wconf 90' lang='lat' dir='ltr'>ejus</span> <span class='ocrx_word' id='word_1_446' title='bbox 1727 3022 1883 3077; x_wconf 88' lang='lat' dir='ltr'>enim</span> 
     </span>
    </p>
   </div>
   <div class='ocr_carea' id='block_1_62' title="bbox 181 3104 1278 3176">
    <p class='ocr_par' dir='ltr' id='par_1_62' title="bbox 181 3104 1278 3176">
     <span class='ocr_line' id='line_1_62' title="bbox 181 3104 1278 3176; baseline 0.005 -20"><span class='ocrx_word' id='word_1_447' title='bbox 181 3104 408 3158; x_wconf 85' lang='lat' dir='ltr'>lucrum</span> <span class='ocrx_word' id='word_1_448' title='bbox 439 3109 525 3157; x_wconf 88' lang='lat' dir='ltr'>est</span> <span class='ocrx_word' id='word_1_449' title='bbox 553 3104 653 3175; x_wconf 88' lang='lat' dir='ltr'>qui</span> <span class='ocrx_word' id='word_1_450' title='bbox 683 3104 947 3158; x_wconf 89' lang='lat' dir='ltr'>continue</span> <span class='ocrx_word' id='word_1_451' title='bbox 977 3106 1278 3176; x_wconf 87' lang='lat' dir='ltr'>gubernat.</span> 
     </span>
    </p>
   </div>
   <div class='ocr_carea' id='block_1_63' title="bbox 249 3193 1882 3268">
    <p class='ocr_par' dir='ltr' id='par_1_63' title="bbox 249 3193 1882 3268">
     <span class='ocr_line' id='line_1_63' title="bbox 249 3193 1882 3268; baseline 0.004 -23"><span class='ocrx_word' id='word_1_452' title='bbox 249 3193 423 3246; x_wconf 76' lang='lat' dir='ltr'>Vens.</span> <span class='ocrx_word' id='word_1_453' title='bbox 458 3194 547 3245; x_wconf 82' lang='grc'>22.</span> <span class='ocrx_word' id='word_1_454' title='bbox 580 3223 648 3230; x_wconf 92' lang='grc'><strong>-</strong></span> <span class='ocrx_word' id='word_1_455' title='bbox 695 3194 765 3246; x_wconf 91' lang='lat' dir='ltr'>Et</span> <span class='ocrx_word' id='word_1_456' title='bbox 793 3208 899 3247; x_wconf 87' lang='lat' dir='ltr'>non</span> <span class='ocrx_word' id='word_1_457' title='bbox 929 3193 995 3247; x_wconf 88' lang='lat' dir='ltr'>de</span> <span class='ocrx_word' id='word_1_458' title='bbox 1018 3197 1368 3262; x_wconf 85' lang='lat' dir='ltr'>possessione.</span> <span class='ocrx_word' id='word_1_459' title='bbox 1421 3196 1565 3260; x_wconf 88' lang='lat' dir='ltr'>Quia</span> <span class='ocrx_word' id='word_1_460' title='bbox 1595 3213 1782 3268; x_wconf 88' lang='lat' dir='ltr'>neque</span> <span class='ocrx_word' id='word_1_461' title='bbox 1811 3199 1882 3252; x_wconf 90' lang='lat' dir='ltr'>de</span> 
     </span>
    </p>
   </div>
   <div class='ocr_carea' id='block_1_64' title="bbox 177 3280 1882 3357">
    <p class='ocr_par' dir='ltr' id='par_1_64' title="bbox 177 3280 1882 3357">
     <span class='ocr_line' id='line_1_64' title="bbox 177 3280 1882 3357; baseline 0.004 -23"><span class='ocrx_word' id='word_1_462' title='bbox 177 3280 438 3334; x_wconf 86' lang='lat' dir='ltr'>custodia</span> <span class='ocrx_word' id='word_1_463' title='bbox 486 3280 772 3350; x_wconf 88' lang='lat' dir='ltr'>majorum</span> <span class='ocrx_word' id='word_1_464' title='bbox 819 3297 1072 3347; x_wconf 89' lang='lat' dir='ltr'>suorum,</span> <span class='ocrx_word' id='word_1_465' title='bbox 1139 3298 1325 3353; x_wconf 87' lang='lat' dir='ltr'>neque</span> <span class='ocrx_word' id='word_1_466' title='bbox 1374 3283 1555 3354; x_wconf 88' lang='lat' dir='ltr'>ipsius</span> <span class='ocrx_word' id='word_1_467' title='bbox 1609 3287 1882 3357; x_wconf 89' lang='lat' dir='ltr'>emptoris</span> 
     </span>
    </p>
   </div>
   <div class='ocr_carea' id='block_1_65' title="bbox 177 3366 383 3423">
    <p class='ocr_par' dir='ltr' id='par_1_65' title="bbox 177 3366 383 3423">
     <span class='ocr_line' id='line_1_65' title="bbox 177 3366 383 3423; baseline 0.015 -3"><span class='ocrx_word' id='word_1_468' title='bbox 177 3366 383 3423; x_wconf 87' lang='lat' dir='ltr'>fuerat.</span> 
     </span>
    </p>
   </div>
   <div class='ocr_carea' id='block_1_66' title="bbox 243 3457 1883 3526">
    <p class='ocr_par' dir='ltr' id='par_1_66' title="bbox 243 3457 1883 3526">
     <span class='ocr_line' id='line_1_66' title="bbox 243 3457 1883 3526; baseline 0.005 -17"><span class='ocrx_word' id='word_1_469' title='bbox 243 3457 411 3511; x_wconf 76' lang='lat' dir='ltr'>Vens.</span> <span class='ocrx_word' id='word_1_470' title='bbox 464 3458 553 3511; x_wconf 90' lang='lat'>23.</span> <span class='ocrx_word' id='word_1_471' title='bbox 610 3457 1018 3526; x_wconf 83' lang='lat' dir='ltr'>—Supputabit</span> <span class='ocrx_word' id='word_1_472' title='bbox 1071 3459 1339 3514; x_wconf 86' lang='lat' dir='ltr'>sacerdos.</span> <span class='ocrx_word' id='word_1_473' title='bbox 1393 3460 1566 3515; x_wconf 83' lang='lat' dir='ltr'>Recte</span> <span class='ocrx_word' id='word_1_474' title='bbox 1624 3464 1883 3518; x_wconf 89' lang='lat' dir='ltr'>sacerdos</span> 
     </span>
    </p>
   </div>
   <div class='ocr_carea' id='block_1_67' title="bbox 173 3544 1881 3617">
    <p class='ocr_par' dir='ltr' id='par_1_67' title="bbox 173 3544 1881 3617">
     <span class='ocr_line' id='line_1_67' title="bbox 173 3544 1881 3617; baseline 0.004 -19"><span class='ocrx_word' id='word_1_475' title='bbox 173 3560 304 3599; x_wconf 89' lang='lat' dir='ltr'>cum</span> <span class='ocrx_word' id='word_1_476' title='bbox 338 3560 409 3599; x_wconf 90' lang='lat' dir='ltr'>eo</span> <span class='ocrx_word' id='word_1_477' title='bbox 442 3544 542 3615; x_wconf 92' lang='lat' dir='ltr'>qui</span> <span class='ocrx_word' id='word_1_478' title='bbox 572 3544 805 3599; x_wconf 88' lang='lat' dir='ltr'>fratrem</span> <span class='ocrx_word' id='word_1_479' title='bbox 852 3546 923 3599; x_wconf 87' lang='lat' dir='ltr'>ad</span> <span class='ocrx_word' id='word_1_480' title='bbox 969 3546 1368 3617; x_wconf 74' lang='lat' dir='ltr'>paenitentiam</span> <span class='ocrx_word' id='word_1_481' title='bbox 1400 3550 1641 3616; x_wconf 89' lang='lat' dir='ltr'>monuit,</span> <span class='ocrx_word' id='word_1_482' title='bbox 1691 3568 1881 3605; x_wconf 87' lang='lat' dir='ltr'>veram</span> 
     </span>
    </p>
   </div>
   <div class='ocr_carea' id='block_1_68' title="bbox 169 3633 1880 3708">
    <p class='ocr_par' dir='ltr' id='par_1_68' title="bbox 169 3633 1880 3708">
     <span class='ocr_line' id='line_1_68' title="bbox 169 3633 1880 3708; baseline 0.004 -21"><span class='ocrx_word' id='word_1_483' title='bbox 169 3633 638 3703; x_wconf 89' lang='lat' dir='ltr'>redemptionem</span> <span class='ocrx_word' id='word_1_484' title='bbox 680 3638 974 3703; x_wconf 86' lang='lat' dir='ltr'>supputat,</span> <span class='ocrx_word' id='word_1_485' title='bbox 1030 3634 1279 3705; x_wconf 84' lang='lat' dir='ltr'>qualiter</span> <span class='ocrx_word' id='word_1_486' title='bbox 1336 3636 1549 3692; x_wconf 87' lang='lat' dir='ltr'>scilicet</span> <span class='ocrx_word' id='word_1_487' title='bbox 1599 3639 1880 3708; x_wconf 70' lang='lat' dir='ltr'>paenitere</span> 
     </span>
    </p>
   </div>
   <div class='ocr_carea' id='block_1_69' title="bbox 171 3721 1882 3795">
    <p class='ocr_par' dir='ltr' id='par_1_69' title="bbox 171 3721 1882 3795">
     <span class='ocr_line' id='line_1_69' title="bbox 171 3721 1882 3795; baseline 0.004 -20"><span class='ocrx_word' id='word_1_488' title='bbox 171 3721 400 3776; x_wconf 86' lang='lat' dir='ltr'>debeat.</span> <span class='ocrx_word' id='word_1_489' title='bbox 437 3722 539 3776; x_wconf 90' lang='lat' dir='ltr'>Ille</span> <span class='ocrx_word' id='word_1_490' title='bbox 567 3722 720 3776; x_wconf 90' lang='lat' dir='ltr'>enim</span> <span class='ocrx_word' id='word_1_491' title='bbox 770 3723 1023 3777; x_wconf 90' lang='lat' dir='ltr'>districte</span> <span class='ocrx_word' id='word_1_492' title='bbox 1072 3724 1194 3795; x_wconf 88' lang='lat' dir='ltr'>ejus</span> <span class='ocrx_word' id='word_1_493' title='bbox 1233 3723 1517 3780; x_wconf 88' lang='lat' dir='ltr'>actionem</span> <span class='ocrx_word' id='word_1_494' title='bbox 1551 3732 1606 3781; x_wconf 88' lang='lat' dir='ltr'>et</span> <span class='ocrx_word' id='word_1_495' title='bbox 1647 3744 1882 3782; x_wconf 87' lang='lat' dir='ltr'>conver-</span> 
     </span>
    </p>
   </div>
   <div class='ocr_carea' id='block_1_70' title="bbox 170 3810 1883 3881">
    <p class='ocr_par' dir='ltr' id='par_1_70' title="bbox 170 3810 1883 3881">
     <span class='ocr_line' id='line_1_70' title="bbox 170 3810 1883 3881; baseline 0.004 -18"><span class='ocrx_word' id='word_1_496' title='bbox 170 3811 464 3865; x_wconf 86' lang='lat' dir='ltr'>sationem</span> <span class='ocrx_word' id='word_1_497' title='bbox 498 3810 677 3877; x_wconf 86' lang='lat' dir='ltr'>novit,</span> <span class='ocrx_word' id='word_1_498' title='bbox 718 3811 818 3881; x_wconf 88' lang='lat' dir='ltr'>qui</span> <span class='ocrx_word' id='word_1_499' title='bbox 856 3812 1135 3866; x_wconf 83' lang='lat' dir='ltr'>correxit:</span> <span class='ocrx_word' id='word_1_500' title='bbox 1166 3811 1260 3866; x_wconf 89' lang='lat' dir='ltr'>hic</span> <span class='ocrx_word' id='word_1_501' title='bbox 1305 3818 1497 3867; x_wconf 88' lang='lat' dir='ltr'>autem</span> <span class='ocrx_word' id='word_1_502' title='bbox 1531 3819 1594 3868; x_wconf 88' lang='lat' dir='ltr'>ut</span> <span class='ocrx_word' id='word_1_503' title='bbox 1623 3817 1883 3871; x_wconf 89' lang='lat' dir='ltr'>sacerdos</span> 
     </span>
    </p>
   </div>
   <div class='ocr_carea' id='block_1_71' title="bbox 171 3899 1003 3970">
    <p class='ocr_par' dir='ltr' id='par_1_71' title="bbox 171 3899 1003 3970">
     <span class='ocr_line' id='line_1_71' title="bbox 171 3899 1003 3970; baseline 0.002 -18"><span class='ocrx_word' id='word_1_504' title='bbox 171 3899 493 3968; x_wconf 83' lang='lat' dir='ltr'>perfectam</span> <span class='ocrx_word' id='word_1_505' title='bbox 524 3899 1003 3970; x_wconf 86' lang='lat' dir='ltr'>redemptionem.</span> 
     </span>
    </p>
   </div>
   <div class='ocr_carea' id='block_1_72' title="bbox 240 3990 1881 4061">
    <p class='ocr_par' dir='ltr' id='par_1_72' title="bbox 240 3990 1881 4061">
     <span class='ocr_line' id='line_1_72' title="bbox 240 3990 1881 4061; baseline 0.004 -21"><span class='ocrx_word' id='word_1_506' title='bbox 240 3990 417 4041; x_wconf 71' lang='lat' dir='ltr'>Juxta</span> <span class='ocrx_word' id='word_1_507' title='bbox 471 4003 737 4042; x_wconf 86' lang='lat' dir='ltr'>annorum</span> <span class='ocrx_word' id='word_1_508' title='bbox 776 4004 1077 4043; x_wconf 85' lang='lat' dir='ltr'>numerum.</span> <span class='ocrx_word' id='word_1_509' title='bbox 1132 3990 1207 4043; x_wconf 89' lang='lat' dir='ltr'>Ex</span> <span class='ocrx_word' id='word_1_510' title='bbox 1255 3990 1344 4044; x_wconf 91' lang='lat' dir='ltr'>his</span> <span class='ocrx_word' id='word_1_511' title='bbox 1392 3990 1604 4045; x_wconf 90' lang='lat' dir='ltr'>scilicet</span> <span class='ocrx_word' id='word_1_512' title='bbox 1650 4008 1779 4061; x_wconf 67' lang='lat' dir='ltr'>qua)</span> <span class='ocrx_word' id='word_1_513' title='bbox 1814 3993 1881 4047; x_wconf 93' lang='lat' dir='ltr'>de</span> 
     </span>
    </p>
   </div>
   <div class='ocr_carea' id='block_1_73' title="bbox 169 4074 1882 4149">
    <p class='ocr_par' dir='ltr' id='par_1_73' title="bbox 169 4074 1882 4149">
     <span class='ocr_line' id='line_1_73' title="bbox 169 4074 1882 4149; baseline 0.005 -22"><span class='ocrx_word' id='word_1_514' title='bbox 169 4074 520 4145; x_wconf 70' lang='lat' dir='ltr'>paenitentia</span> <span class='ocrx_word' id='word_1_515' title='bbox 571 4076 838 4146; x_wconf 70' lang='lat' dir='ltr'>praedicat</span> <span class='ocrx_word' id='word_1_516' title='bbox 883 4076 1170 4146; x_wconf 88' lang='lat' dir='ltr'>Scriptura</span> <span class='ocrx_word' id='word_1_517' title='bbox 1198 4094 1210 4130; x_wconf 94' lang='lat'>:</span> <span class='ocrx_word' id='word_1_518' title='bbox 1244 4078 1366 4149; x_wconf 90' lang='lat' dir='ltr'>ipsa</span> <span class='ocrx_word' id='word_1_519' title='bbox 1395 4078 1547 4134; x_wconf 92' lang='lat' dir='ltr'>enim</span> <span class='ocrx_word' id='word_1_520' title='bbox 1582 4080 1882 4135; x_wconf 70' lang='lat' dir='ltr'>aestimatio</span> 
     </span>
    </p>
   </div>
   <div class='ocr_carea' id='block_1_74' title="bbox 170 4162 1026 4233">
    <p class='ocr_par' dir='ltr' id='par_1_74' title="bbox 170 4162 1026 4233">
     <span class='ocr_line' id='line_1_74' title="bbox 170 4162 1026 4233; baseline 0.002 -18"><span class='ocrx_word' id='word_1_521' title='bbox 170 4168 253 4216; x_wconf 86' lang='lat' dir='ltr'>est</span> <span class='ocrx_word' id='word_1_522' title='bbox 276 4162 508 4233; x_wconf 84' lang='lat' dir='ltr'>jubileei</span> <span class='ocrx_word' id='word_1_523' title='bbox 538 4164 625 4216; x_wconf 89' lang='lat' dir='ltr'>vel</span> <span class='ocrx_word' id='word_1_524' title='bbox 656 4163 1026 4217; x_wconf 89' lang='lat' dir='ltr'>remissionis.</span> 
     </span>
    </p>
   </div>
   <div class='ocr_carea' id='block_1_75' title="bbox 1992 3014 3684 3089">
    <p class='ocr_par' dir='ltr' id='par_1_75' title="bbox 1992 3014 3684 3089">
     <span class='ocr_line' id='line_1_75' title="bbox 1992 3014 3684 3089; baseline 0.002 -21"><span class='ocrx_word' id='word_1_525' title='bbox 1992 3014 2301 3068; x_wconf 86' lang='lat' dir='ltr'>meditatur</span> <span class='ocrx_word' id='word_1_526' title='bbox 2350 3019 2447 3068; x_wconf 88' lang='lat' dir='ltr'>aut</span> <span class='ocrx_word' id='word_1_527' title='bbox 2500 3015 2820 3085; x_wconf 87' lang='lat' dir='ltr'>distinguit,</span> <span class='ocrx_word' id='word_1_528' title='bbox 2875 3018 3292 3089; x_wconf 90' lang='lat' dir='ltr'>primogenitus</span> <span class='ocrx_word' id='word_1_529' title='bbox 3340 3016 3572 3089; x_wconf 91' lang='lat' dir='ltr'>quidem</span> <span class='ocrx_word' id='word_1_530' title='bbox 3623 3016 3684 3071; x_wconf 90' lang='lat' dir='ltr'>in</span> 
     </span>
    </p>
   </div>
   <div class='ocr_carea' id='block_1_76' title="bbox 1991 3101 3057 3171">
    <p class='ocr_par' dir='ltr' id='par_1_76' title="bbox 1991 3101 3057 3171">
     <span class='ocr_line' id='line_1_76' title="bbox 1991 3101 3057 3171; baseline 0.006 -18"><span class='ocrx_word' id='word_1_531' title='bbox 1991 3101 2291 3171; x_wconf 88' lang='lat' dir='ltr'>pecoribus</span> <span class='ocrx_word' id='word_1_532' title='bbox 2321 3107 2424 3168; x_wconf 91' lang='lat' dir='ltr'>est,</span> <span class='ocrx_word' id='word_1_533' title='bbox 2459 3103 2552 3157; x_wconf 89' lang='lat' dir='ltr'>sed</span> <span class='ocrx_word' id='word_1_534' title='bbox 2585 3102 2916 3159; x_wconf 91' lang='lat' dir='ltr'>immundus</span> <span class='ocrx_word' id='word_1_535' title='bbox 2956 3111 3057 3159; x_wconf 90' lang='lat' dir='ltr'>est.</span> 
     </span>
    </p>
   </div>
   <div class='ocr_carea' id='block_1_77' title="bbox 2062 3190 3684 3262">
    <p class='ocr_par' dir='ltr' id='par_1_77' title="bbox 2062 3190 3684 3262">
     <span class='ocr_line' id='line_1_77' title="bbox 2062 3190 3684 3262; baseline 0.001 -19"><span class='ocrx_word' id='word_1_536' title='bbox 2062 3192 2130 3243; x_wconf 88' lang='lat' dir='ltr'>Et</span> <span class='ocrx_word' id='word_1_537' title='bbox 2158 3190 2323 3244; x_wconf 84' lang='lat' dir='ltr'>addet</span> <span class='ocrx_word' id='word_1_538' title='bbox 2351 3193 2598 3258; x_wconf 86' lang='lat' dir='ltr'>quintam</span> <span class='ocrx_word' id='word_1_539' title='bbox 2635 3197 2847 3261; x_wconf 81' lang='lat' dir='ltr'>partem</span> <span class='ocrx_word' id='word_1_540' title='bbox 2889 3195 3076 3262; x_wconf 84' lang='lat' dir='ltr'>pretii.</span> <span class='ocrx_word' id='word_1_541' title='bbox 3116 3192 3443 3246; x_wconf 90' lang='lat' dir='ltr'>Doctrinam</span> <span class='ocrx_word' id='word_1_542' title='bbox 3472 3191 3523 3245; x_wconf 91' lang='lat' dir='ltr'>ei</span> <span class='ocrx_word' id='word_1_543' title='bbox 3554 3208 3684 3245; x_wconf 92' lang='lat' dir='ltr'>cum</span> 
     </span>
    </p>
   </div>
   <div class='ocr_carea' id='block_1_78' title="bbox 1989 3278 3686 3351">
    <p class='ocr_par' dir='ltr' id='par_1_78' title="bbox 1989 3278 3686 3351">
     <span class='ocr_line' id='line_1_78' title="bbox 1989 3278 3686 3351; baseline 0.001 -20"><span class='ocrx_word' id='word_1_544' title='bbox 1989 3278 2284 3332; x_wconf 88' lang='lat' dir='ltr'>intellectu</span> <span class='ocrx_word' id='word_1_545' title='bbox 2340 3278 2601 3344; x_wconf 77' lang='lat' dir='ltr'>offerens,</span> <span class='ocrx_word' id='word_1_546' title='bbox 2658 3284 2714 3333; x_wconf 91' lang='lat' dir='ltr'>et</span> <span class='ocrx_word' id='word_1_547' title='bbox 2772 3280 3057 3351; x_wconf 87' lang='lat' dir='ltr'>sapienter</span> <span class='ocrx_word' id='word_1_548' title='bbox 3108 3296 3335 3351; x_wconf 84' lang='lat' dir='ltr'>regens.</span> <span class='ocrx_word' id='word_1_549' title='bbox 3410 3279 3686 3333; x_wconf 84' lang='lat' dir='ltr'>Insensati</span> 
     </span>
    </p>
   </div>
   <div class='ocr_carea' id='block_1_79' title="bbox 1991 3366 3683 3436">
    <p class='ocr_par' dir='ltr' id='par_1_79' title="bbox 1991 3366 3683 3436">
     <span class='ocr_line' id='line_1_79' title="bbox 1991 3366 3683 3436; baseline 0.001 -16"><span class='ocrx_word' id='word_1_550' title='bbox 1991 3367 2145 3420; x_wconf 90' lang='lat' dir='ltr'>enim</span> <span class='ocrx_word' id='word_1_551' title='bbox 2192 3367 2390 3436; x_wconf 88' lang='lat' dir='ltr'>patris,</span> <span class='ocrx_word' id='word_1_552' title='bbox 2442 3366 2655 3421; x_wconf 87' lang='lat' dir='ltr'>domini</span> <span class='ocrx_word' id='word_1_553' title='bbox 2703 3374 2801 3421; x_wconf 87' lang='lat' dir='ltr'>aut</span> <span class='ocrx_word' id='word_1_554' title='bbox 2851 3368 3108 3436; x_wconf 86' lang='lat' dir='ltr'>magistri</span> <span class='ocrx_word' id='word_1_555' title='bbox 3140 3373 3242 3436; x_wconf 90' lang='lat' dir='ltr'>est,</span> <span class='ocrx_word' id='word_1_556' title='bbox 3296 3367 3683 3422; x_wconf 88' lang='lat' dir='ltr'>obedientiam</span> 
     </span>
    </p>
   </div>
   <div class='ocr_carea' id='block_1_80' title="bbox 1992 3454 3686 3526">
    <p class='ocr_par' dir='ltr' id='par_1_80' title="bbox 1992 3454 3686 3526">
     <span class='ocr_line' id='line_1_80' title="bbox 1992 3454 3686 3526; baseline -0.001 -18"><span class='ocrx_word' id='word_1_557' title='bbox 1992 3469 2109 3519; x_wconf 90' lang='lat' dir='ltr'>eos,</span> <span class='ocrx_word' id='word_1_558' title='bbox 2164 3454 2264 3524; x_wconf 89' lang='lat' dir='ltr'>qui</span> <span class='ocrx_word' id='word_1_559' title='bbox 2301 3454 2370 3507; x_wconf 88' lang='lat' dir='ltr'>ad</span> <span class='ocrx_word' id='word_1_560' title='bbox 2403 3470 2461 3507; x_wconf 92' lang='lat' dir='ltr'>se</span> <span class='ocrx_word' id='word_1_561' title='bbox 2537 3454 2842 3526; x_wconf 90' lang='lat' dir='ltr'>pertinent,</span> <span class='ocrx_word' id='word_1_562' title='bbox 2899 3456 3153 3510; x_wconf 90' lang='lat' dir='ltr'>subditos</span> <span class='ocrx_word' id='word_1_563' title='bbox 3198 3471 3314 3509; x_wconf 88' lang='lat' dir='ltr'>non</span> <span class='ocrx_word' id='word_1_564' title='bbox 3357 3455 3584 3520; x_wconf 90' lang='lat' dir='ltr'>docere,</span> <span class='ocrx_word' id='word_1_565' title='bbox 3628 3458 3686 3507; x_wconf 91' lang='lat' dir='ltr'>et</span> 
     </span>
    </p>
   </div>
   <div class='ocr_carea' id='block_1_81' title="bbox 1992 3541 3682 3614">
    <p class='ocr_par' dir='ltr' id='par_1_81' title="bbox 1992 3541 3682 3614">
     <span class='ocr_line' id='line_1_81' title="bbox 1992 3541 3682 3614; baseline -0.001 -18"><span class='ocrx_word' id='word_1_566' title='bbox 1992 3558 2191 3596; x_wconf 88' lang='lat' dir='ltr'>eorum</span> <span class='ocrx_word' id='word_1_567' title='bbox 2250 3541 2423 3596; x_wconf 90' lang='lat' dir='ltr'>vitam</span> <span class='ocrx_word' id='word_1_568' title='bbox 2474 3547 2537 3596; x_wconf 90' lang='lat' dir='ltr'>ut</span> <span class='ocrx_word' id='word_1_569' title='bbox 2592 3550 2904 3613; x_wconf 89' lang='lat' dir='ltr'>operentur</span> <span class='ocrx_word' id='word_1_570' title='bbox 2952 3544 3263 3599; x_wconf 89' lang='lat' dir='ltr'>secundum</span> <span class='ocrx_word' id='word_1_571' title='bbox 3319 3545 3506 3614; x_wconf 91' lang='lat' dir='ltr'>legem</span> <span class='ocrx_word' id='word_1_572' title='bbox 3564 3558 3682 3596; x_wconf 90' lang='lat' dir='ltr'>non</span> 
     </span>
    </p>
   </div>
   <div class='ocr_carea' id='block_1_82' title="bbox 1989 3630 3680 3702">
    <p class='ocr_par' dir='ltr' id='par_1_82' title="bbox 1989 3630 3680 3702">
     <span class='ocr_line' id='line_1_82' title="bbox 1989 3630 3680 3702; baseline 0 -18"><span class='ocrx_word' id='word_1_573' title='bbox 1989 3631 2310 3701; x_wconf 89' lang='lat' dir='ltr'>disponere.</span> <span class='ocrx_word' id='word_1_574' title='bbox 2360 3630 2547 3684; x_wconf 81' lang='lat' dir='ltr'>Addat</span> <span class='ocrx_word' id='word_1_575' title='bbox 2592 3631 2769 3699; x_wconf 83' lang='lat' dir='ltr'>igitur</span> <span class='ocrx_word' id='word_1_576' title='bbox 2814 3632 3155 3702; x_wconf 90' lang='lat' dir='ltr'>subjectioni</span> <span class='ocrx_word' id='word_1_577' title='bbox 3184 3636 3241 3686; x_wconf 93' lang='lat' dir='ltr'>et</span> <span class='ocrx_word' id='word_1_578' title='bbox 3285 3631 3557 3685; x_wconf 72' lang='lat' dir='ltr'>doctrinae</span> <span class='ocrx_word' id='word_1_579' title='bbox 3591 3630 3680 3684; x_wconf 91' lang='lat' dir='ltr'>in-</span> 
     </span>
    </p>
   </div>
   <div class='ocr_carea' id='block_1_83' title="bbox 1988 3718 3679 3789">
    <p class='ocr_par' dir='ltr' id='par_1_83' title="bbox 1988 3718 3679 3789">
     <span class='ocr_line' id='line_1_83' title="bbox 1988 3718 3679 3789; baseline 0.001 -16"><span class='ocrx_word' id='word_1_580' title='bbox 1988 3720 2318 3774; x_wconf 86' lang='lat' dir='ltr'>tellectum:</span> <span class='ocrx_word' id='word_1_581' title='bbox 2351 3718 2470 3788; x_wconf 90' lang='lat' dir='ltr'>ipse</span> <span class='ocrx_word' id='word_1_582' title='bbox 2501 3719 2653 3772; x_wconf 89' lang='lat' dir='ltr'>enim</span> <span class='ocrx_word' id='word_1_583' title='bbox 2684 3721 2839 3773; x_wconf 90' lang='lat' dir='ltr'>solus</span> <span class='ocrx_word' id='word_1_584' title='bbox 2865 3720 2924 3774; x_wconf 91' lang='lat' dir='ltr'>in</span> <span class='ocrx_word' id='word_1_585' title='bbox 2966 3721 3233 3789; x_wconf 66' lang='lat' dir='ltr'>praesenti</span> <span class='ocrx_word' id='word_1_586' title='bbox 3275 3721 3523 3787; x_wconf 83' lang='lat' dir='ltr'>mundus</span> <span class='ocrx_word' id='word_1_587' title='bbox 3574 3724 3679 3775; x_wconf 83' lang='lat' dir='ltr'>est.</span> 
     </span>
    </p>
   </div>
   <div class='ocr_carea' id='block_1_84' title="bbox 1990 3806 3681 3876">
    <p class='ocr_par' dir='ltr' id='par_1_84' title="bbox 1990 3806 3681 3876">
     <span class='ocr_line' id='line_1_84' title="bbox 1990 3806 3681 3876; baseline 0 -16"><span class='ocrx_word' id='word_1_588' title='bbox 1990 3807 2124 3860; x_wconf 91' lang='lat' dir='ltr'>Ideo</span> <span class='ocrx_word' id='word_1_589' title='bbox 2165 3806 2286 3860; x_wconf 86' lang='lat' dir='ltr'>ait:</span> <span class='ocrx_word' id='word_1_590' title='bbox 2343 3807 2521 3859; x_wconf 83' lang='lat' dir='ltr'>Addet</span> <span class='ocrx_word' id='word_1_591' title='bbox 2548 3808 2795 3874; x_wconf 84' lang='lat' dir='ltr'>quintam</span> <span class='ocrx_word' id='word_1_592' title='bbox 2822 3813 3035 3876; x_wconf 85' lang='lat' dir='ltr'>partem</span> <span class='ocrx_word' id='word_1_593' title='bbox 3074 3810 3259 3876; x_wconf 81' lang='lat' dir='ltr'>pretii.</span> <span class='ocrx_word' id='word_1_594' title='bbox 3304 3808 3483 3861; x_wconf 85' lang='lat' dir='ltr'>Habet</span> <span class='ocrx_word' id='word_1_595' title='bbox 3524 3806 3681 3861; x_wconf 91' lang='lat' dir='ltr'>enim</span> 
     </span>
    </p>
   </div>
   <div class='ocr_carea' id='block_1_85' title="bbox 1989 3893 3681 3964">
    <p class='ocr_par' dir='ltr' id='par_1_85' title="bbox 1989 3893 3681 3964">
     <span class='ocr_line' id='line_1_85' title="bbox 1989 3893 3681 3964; baseline 0.001 -15"><span class='ocrx_word' id='word_1_596' title='bbox 1989 3893 2316 3949; x_wconf 87' lang='lat' dir='ltr'>obedientia</span> <span class='ocrx_word' id='word_1_597' title='bbox 2352 3893 2599 3964; x_wconf 90' lang='lat' dir='ltr'>pretium</span> <span class='ocrx_word' id='word_1_598' title='bbox 2632 3911 2644 3948; x_wconf 89' lang='lat'>:</span> <span class='ocrx_word' id='word_1_599' title='bbox 2689 3893 2818 3948; x_wconf 90' lang='lat' dir='ltr'>ideo</span> <span class='ocrx_word' id='word_1_600' title='bbox 2852 3911 2967 3949; x_wconf 90' lang='lat' dir='ltr'>non</span> <span class='ocrx_word' id='word_1_601' title='bbox 3000 3894 3139 3949; x_wconf 87' lang='lat' dir='ltr'>dixit</span> <span class='ocrx_word' id='word_1_602' title='bbox 3171 3912 3183 3948; x_wconf 90' lang='lat'><strong>:</strong></span> <span class='ocrx_word' id='word_1_603' title='bbox 3217 3895 3519 3949; x_wconf 64' lang='lat' dir='ltr'>aestimabit</span> <span class='ocrx_word' id='word_1_604' title='bbox 3547 3911 3681 3950; x_wconf 87' lang='lat' dir='ltr'>eum</span> 
     </span>
    </p>
   </div>
   <div class='ocr_carea' id='block_1_86' title="bbox 1990 3981 2663 4049">
    <p class='ocr_par' dir='ltr' id='par_1_86' title="bbox 1990 3981 2663 4049">
     <span class='ocr_line' id='line_1_86' title="bbox 1990 3981 2663 4049; baseline 0 -14"><span class='ocrx_word' id='word_1_605' title='bbox 1990 3982 2268 4049; x_wconf 89' lang='lat' dir='ltr'>sacerdos,</span> <span class='ocrx_word' id='word_1_606' title='bbox 2303 3981 2445 4034; x_wconf 88' lang='lat' dir='ltr'>sicut</span> <span class='ocrx_word' id='word_1_607' title='bbox 2474 3997 2663 4049; x_wconf 90' lang='lat' dir='ltr'>supra.</span> 
     </span>
    </p>
   </div>
   <div class='ocr_carea' id='block_1_87' title="bbox 2060 4069 3680 4137">
    <p class='ocr_par' dir='ltr' id='par_1_87' title="bbox 2060 4069 3680 4137">
     <span class='ocr_line' id='line_1_87' title="bbox 2060 4069 3680 4137; baseline 0.001 -14"><span class='ocrx_word' id='word_1_608' title='bbox 2060 4071 2223 4123; x_wconf 75' lang='lat' dir='ltr'>Vens.</span> <span class='ocrx_word' id='word_1_609' title='bbox 2254 4072 2343 4123; x_wconf 90' lang='lat'>28.</span> <span class='ocrx_word' id='word_1_610' title='bbox 2385 4099 2453 4107; x_wconf 94' lang='lat'><strong><em>—</em></strong></span> <span class='ocrx_word' id='word_1_611' title='bbox 2499 4070 2661 4124; x_wconf 88' lang='lat' dir='ltr'>Omne</span> <span class='ocrx_word' id='word_1_612' title='bbox 2708 4069 2852 4137; x_wconf 85' lang='lat' dir='ltr'>quod</span> <span class='ocrx_word' id='word_1_613' title='bbox 2896 4070 3123 4123; x_wconf 87' lang='lat' dir='ltr'>Domino</span> <span class='ocrx_word' id='word_1_614' title='bbox 3159 4074 3518 4137; x_wconf 76' lang='lat' dir='ltr'>consecratur,</span> <span class='ocrx_word' id='word_1_615' title='bbox 3568 4074 3680 4125; x_wconf 86' lang='lat' dir='ltr'>sive</span> 
     </span>
    </p>
   </div>
   <div class='ocr_carea' id='block_1_88' title="bbox 1990 4132 3680 4229">
    <p class='ocr_par' dir='ltr' id='par_1_88' title="bbox 1990 4132 3680 4229">
     <span class='ocr_line' id='line_1_88' title="bbox 1990 4132 3680 4229; baseline 0 -16"><span class='ocrx_word' id='word_1_616' title='bbox 1990 4158 2161 4213; x_wconf 83' lang='lat' dir='ltr'>homo.</span> <span class='ocrx_word' id='word_1_617' title='bbox 2198 4158 2399 4226; x_wconf 62' lang='lat' dir='ltr'>(151cm)</span> <span class='ocrx_word' id='word_1_618' title='bbox 2449 4157 2617 4211; x_wconf 88' lang='lat' dir='ltr'>Aliud</span> <span class='ocrx_word' id='word_1_619' title='bbox 2660 4132 2743 4211; x_wconf 77' lang='lat' dir='ltr'>est</span> <span class='ocrx_word' id='word_1_620' title='bbox 2791 4132 3286 4221; x_wconf 46' lang='lat' dir='ltr'>anathematizar‘e,</span> <span class='ocrx_word' id='word_1_621' title='bbox 3336 4162 3467 4225; x_wconf 91' lang='lat' dir='ltr'>etc.,</span> <span class='ocrx_word' id='word_1_622' title='bbox 3505 4132 3680 4229; x_wconf 19' lang='lat' dir='ltr'>iusque</span> 
     </span>
    </p>
   </div>
   <div class='ocr_carea' id='block_1_89' title="bbox 239 4223 3127 4322">
    <p class='ocr_par' dir='ltr' id='par_1_89' title="bbox 239 4223 3127 4322">
     <span class='ocr_line' id='line_1_89' title="bbox 239 4223 3127 4322; baseline -0 -14"><span class='ocrx_word' id='word_1_623' title='bbox 239 4223 312 4308; x_wconf 58' lang='lat' dir='ltr'>Et</span> <span class='ocrx_word' id='word_1_624' title='bbox 344 4253 506 4307; x_wconf 86' lang='lat' dir='ltr'>dabit</span> <span class='ocrx_word' id='word_1_625' title='bbox 550 4254 642 4307; x_wconf 85' lang='lat' dir='ltr'>ille</span> <span class='ocrx_word' id='word_1_626' title='bbox 688 4255 786 4322; x_wconf 86' lang='lat' dir='ltr'>qui</span> <span class='ocrx_word' id='word_1_627' title='bbox 836 4258 1051 4307; x_wconf 78' lang='lat' dir='ltr'>voverat</span> <span class='ocrx_word' id='word_1_628' title='bbox 1101 4269 1219 4308; x_wconf 90' lang='lat' dir='ltr'>eum</span> <span class='ocrx_word' id='word_1_629' title='bbox 1256 4254 1504 4310; x_wconf 84' lang='lat' dir='ltr'>Domino.</span> <span class='ocrx_word' id='word_1_630' title='bbox 1564 4256 1687 4310; x_wconf 89' lang='lat' dir='ltr'>Non</span> <span class='ocrx_word' id='word_1_631' title='bbox 1744 4257 1879 4311; x_wconf 90' lang='lat' dir='ltr'>dicit</span> <span class='ocrx_word' id='word_1_632' title='bbox 1908 4223 1952 4277; x_wconf 69' lang='grc' dir='ltr'>Ι)</span> <span class='ocrx_word' id='word_1_633' title='bbox 1991 4247 2064 4301; x_wconf 77' lang='lat' dir='ltr'>ad</span> <span class='ocrx_word' id='word_1_634' title='bbox 2093 4246 2151 4301; x_wconf 82' lang='lat' dir='ltr'>id</span> <span class='ocrx_word' id='word_1_635' title='bbox 2182 4223 2284 4313; x_wconf 65' lang='grc' dir='ltr'>έεῐ,</span> <span class='ocrx_word' id='word_1_636' title='bbox 2316 4223 2668 4299; x_wconf 64' lang='lat' dir='ltr'>conversatio</span> <span class='ocrx_word' id='word_1_637' title='bbox 2699 4249 2907 4300; x_wconf 65' lang='lat' dir='ltr'>nostra!</span> <span class='ocrx_word' id='word_1_638' title='bbox 2940 4247 3127 4301; x_wconf 72' lang='lat' dir='ltr'>sortis.</span> 
     </span>
    </p>
   </div>
   <div class='ocr_carea' id='block_1_90' title="bbox 165 4340 1873 4405">
    <p class='ocr_par' dir='ltr' id='par_1_90' title="bbox 165 4340 1873 4405">
     <span class='ocr_line' id='line_1_90' title="bbox 165 4340 1873 4405; baseline 0.002 -10"><span class='ocrx_word' id='word_1_639' title='bbox 165 4341 415 4405; x_wconf 86' lang='lat' dir='ltr'>dabunt,</span> <span class='ocrx_word' id='word_1_640' title='bbox 468 4341 569 4395; x_wconf 90' lang='lat' dir='ltr'>sed</span> <span class='ocrx_word' id='word_1_641' title='bbox 619 4340 793 4396; x_wconf 89' lang='lat' dir='ltr'>dabit.</span> <span class='ocrx_word' id='word_1_642' title='bbox 848 4341 961 4395; x_wconf 87' lang='lat' dir='ltr'>Etsi</span> <span class='ocrx_word' id='word_1_643' title='bbox 1013 4341 1165 4395; x_wconf 90' lang='lat' dir='ltr'>enim</span> <span class='ocrx_word' id='word_1_644' title='bbox 1196 4343 1490 4397; x_wconf 90' lang='lat' dir='ltr'>communi</span> <span class='ocrx_word' id='word_1_645' title='bbox 1521 4345 1753 4398; x_wconf 85' lang='lat' dir='ltr'>consilio</span> <span class='ocrx_word' id='word_1_646' title='bbox 1784 4362 1873 4399; x_wconf 88' lang='lat' dir='ltr'>sa-</span> 
     </span>
    </p>
   </div>
   <div class='ocr_carea' id='block_1_91' title="bbox 164 4429 1874 4499">
    <p class='ocr_par' dir='ltr' id='par_1_91' title="bbox 164 4429 1874 4499">
     <span class='ocr_line' id='line_1_91' title="bbox 164 4429 1874 4499; baseline 0.002 -16"><span class='ocrx_word' id='word_1_647' title='bbox 164 4429 422 4483; x_wconf 89' lang='lat' dir='ltr'>cerdotis</span> <span class='ocrx_word' id='word_1_648' title='bbox 449 4433 508 4481; x_wconf 89' lang='lat' dir='ltr'>et</span> <span class='ocrx_word' id='word_1_649' title='bbox 535 4429 659 4497; x_wconf 89' lang='lat' dir='ltr'>ejus</span> <span class='ocrx_word' id='word_1_650' title='bbox 691 4430 789 4499; x_wconf 90' lang='lat' dir='ltr'>qui</span> <span class='ocrx_word' id='word_1_651' title='bbox 822 4430 889 4483; x_wconf 91' lang='lat' dir='ltr'>ad</span> <span class='ocrx_word' id='word_1_652' title='bbox 918 4429 1313 4498; x_wconf 82' lang='lat' dir='ltr'>paenitentiam</span> <span class='ocrx_word' id='word_1_653' title='bbox 1357 4432 1598 4499; x_wconf 89' lang='lat' dir='ltr'>monuit,</span> <span class='ocrx_word' id='word_1_654' title='bbox 1630 4433 1874 4487; x_wconf 71' lang='lat' dir='ltr'>aestima-</span> 
     </span>
    </p>
   </div>
   <div class='ocr_carea' id='block_1_92' title="bbox 163 4515 1875 4591">
    <p class='ocr_par' dir='ltr' id='par_1_92' title="bbox 163 4515 1875 4591">
     <span class='ocr_line' id='line_1_92' title="bbox 163 4515 1875 4591; baseline 0.003 -22"><span class='ocrx_word' id='word_1_655' title='bbox 163 4518 344 4571; x_wconf 89' lang='lat' dir='ltr'>tionis</span> <span class='ocrx_word' id='word_1_656' title='bbox 381 4515 645 4571; x_wconf 83' lang='lat' dir='ltr'>deﬁnitio</span> <span class='ocrx_word' id='word_1_657' title='bbox 678 4517 864 4581; x_wconf 91' lang='lat' dir='ltr'>datur,</span> <span class='ocrx_word' id='word_1_658' title='bbox 898 4518 996 4572; x_wconf 92' lang='lat' dir='ltr'>ille</span> <span class='ocrx_word' id='word_1_659' title='bbox 1044 4522 1237 4572; x_wconf 88' lang='lat' dir='ltr'>tamen</span> <span class='ocrx_word' id='word_1_660' title='bbox 1281 4520 1482 4573; x_wconf 78' lang='lat' dir='ltr'>offeret</span> <span class='ocrx_word' id='word_1_661' title='bbox 1512 4535 1643 4574; x_wconf 90' lang='lat' dir='ltr'>eum</span> <span class='ocrx_word' id='word_1_662' title='bbox 1675 4520 1776 4591; x_wconf 89' lang='lat' dir='ltr'>qui</span> <span class='ocrx_word' id='word_1_663' title='bbox 1804 4522 1875 4576; x_wconf 90' lang='lat' dir='ltr'>ad</span> 
     </span>
    </p>
   </div>
   <div class='ocr_carea' id='block_1_93' title="bbox 162 4606 1879 4679">
    <p class='ocr_par' dir='ltr' id='par_1_93' title="bbox 162 4606 1879 4679">
     <span class='ocr_line' id='line_1_93' title="bbox 162 4606 1879 4679; baseline 0.002 -18"><span class='ocrx_word' id='word_1_664' title='bbox 162 4606 578 4676; x_wconf 63' lang='lat' dir='ltr'>paenitendum</span> <span class='ocrx_word' id='word_1_665' title='bbox 622 4606 917 4659; x_wconf 86' lang='lat' dir='ltr'>excitavit:</span> <span class='ocrx_word' id='word_1_666' title='bbox 978 4606 1109 4660; x_wconf 89' lang='lat' dir='ltr'>huic</span> <span class='ocrx_word' id='word_1_667' title='bbox 1159 4609 1313 4661; x_wconf 89' lang='lat' dir='ltr'>enim</span> <span class='ocrx_word' id='word_1_668' title='bbox 1371 4607 1617 4673; x_wconf 89' lang='lat' dir='ltr'>obediet,</span> <span class='ocrx_word' id='word_1_669' title='bbox 1668 4609 1767 4679; x_wconf 90' lang='lat' dir='ltr'>qui</span> <span class='ocrx_word' id='word_1_670' title='bbox 1824 4615 1879 4664; x_wconf 91' lang='lat' dir='ltr'>et</span> 
     </span>
    </p>
   </div>
   <div class='ocr_carea' id='block_1_94' title="bbox 160 4691 1741 4766">
    <p class='ocr_par' dir='ltr' id='par_1_94' title="bbox 160 4691 1741 4766">
     <span class='ocr_line' id='line_1_94' title="bbox 160 4691 1741 4766; baseline 0.004 -22"><span class='ocrx_word' id='word_1_671' title='bbox 160 4691 283 4762; x_wconf 88' lang='lat' dir='ltr'>ipse</span> <span class='ocrx_word' id='word_1_672' title='bbox 313 4691 630 4764; x_wconf 79' lang='lat' dir='ltr'>pcenitenti</span> <span class='ocrx_word' id='word_1_673' title='bbox 660 4692 962 4763; x_wconf 85' lang='lat' dir='ltr'>obligatur,</span> <span class='ocrx_word' id='word_1_674' title='bbox 995 4698 1059 4747; x_wconf 90' lang='lat' dir='ltr'>ut</span> <span class='ocrx_word' id='word_1_675' title='bbox 1082 4694 1237 4765; x_wconf 90' lang='lat' dir='ltr'>quod</span> <span class='ocrx_word' id='word_1_676' title='bbox 1267 4694 1438 4766; x_wconf 87' lang='lat' dir='ltr'>coepit</span> <span class='ocrx_word' id='word_1_677' title='bbox 1464 4697 1741 4766; x_wconf 88' lang='lat' dir='ltr'>perﬁciat.</span> 
     </span>
    </p>
   </div>
   <div class='ocr_carea' id='block_1_95' title="bbox 228 4780 1878 4853">
    <p class='ocr_par' dir='ltr' id='par_1_95' title="bbox 228 4780 1878 4853">
     <span class='ocr_line' id='line_1_95' title="bbox 228 4780 1878 4853; baseline 0.003 -19"><span class='ocrx_word' id='word_1_678' title='bbox 228 4781 416 4836; x_wconf 70' lang='lat' dir='ltr'>Vens.</span> <span class='ocrx_word' id='word_1_679' title='bbox 465 4782 556 4835; x_wconf 73' lang='grc'>24.</span> <span class='ocrx_word' id='word_1_680' title='bbox 591 4810 653 4821; x_wconf 93' lang='lat'>-—</span> <span class='ocrx_word' id='word_1_681' title='bbox 686 4783 751 4836; x_wconf 89' lang='lat' dir='ltr'>1n</span> <span class='ocrx_word' id='word_1_682' title='bbox 773 4780 1001 4849; x_wconf 73' lang='lat' dir='ltr'>jubilazo</span> <span class='ocrx_word' id='word_1_683' title='bbox 1026 4787 1204 4837; x_wconf 87' lang='lat' dir='ltr'>autem</span> <span class='ocrx_word' id='word_1_684' title='bbox 1257 4788 1555 4837; x_wconf 82' lang='lat' dir='ltr'>revertetur</span> <span class='ocrx_word' id='word_1_685' title='bbox 1604 4785 1679 4838; x_wconf 90' lang='lat' dir='ltr'>ad</span> <span class='ocrx_word' id='word_1_686' title='bbox 1724 4787 1878 4853; x_wconf 82' lang='lat' dir='ltr'>prio-</span> 
     </span>
    </p>
   </div>
   <div class='ocr_carea' id='block_1_96' title="bbox 157 4869 1877 4945">
    <p class='ocr_par' dir='ltr' id='par_1_96' title="bbox 157 4869 1877 4945">
     <span class='ocr_line' id='line_1_96' title="bbox 157 4869 1877 4945; baseline 0.005 -25"><span class='ocrx_word' id='word_1_687' title='bbox 157 4884 272 4924; x_wconf 80' lang='lat' dir='ltr'>rem</span> <span class='ocrx_word' id='word_1_688' title='bbox 317 4871 649 4934; x_wconf 88' lang='lat' dir='ltr'>Dominum,</span> <span class='ocrx_word' id='word_1_689' title='bbox 698 4874 805 4922; x_wconf 89' lang='lat' dir='ltr'>etc.</span> <span class='ocrx_word' id='word_1_690' title='bbox 847 4869 992 4934; x_wconf 90' lang='lat' dir='ltr'>Quia</span> <span class='ocrx_word' id='word_1_691' title='bbox 1038 4886 1152 4924; x_wconf 90' lang='lat' dir='ltr'>non</span> <span class='ocrx_word' id='word_1_692' title='bbox 1187 4871 1397 4939; x_wconf 87' lang='lat' dir='ltr'>statim,</span> <span class='ocrx_word' id='word_1_693' title='bbox 1428 4887 1558 4926; x_wconf 89' lang='lat' dir='ltr'>cum</span> <span class='ocrx_word' id='word_1_694' title='bbox 1587 4873 1877 4945; x_wconf 56' lang='lat' dir='ltr'>paeniten—</span> 
     </span>
    </p>
   </div>
   <div class='ocr_carea' id='block_1_97' title="bbox 160 4956 1877 5030">
    <p class='ocr_par' dir='ltr' id='par_1_97' title="bbox 160 4956 1877 5030">
     <span class='ocr_line' id='line_1_97' title="bbox 160 4956 1877 5030; baseline 0.003 -20"><span class='ocrx_word' id='word_1_695' title='bbox 160 4956 237 5012; x_wconf 86' lang='lat' dir='ltr'>tia</span> <span class='ocrx_word' id='word_1_696' title='bbox 287 4958 490 5024; x_wconf 86' lang='lat' dir='ltr'>datur,</span> <span class='ocrx_word' id='word_1_697' title='bbox 540 4957 629 5011; x_wconf 82' lang='lat' dir='ltr'>vel</span> <span class='ocrx_word' id='word_1_698' title='bbox 677 4957 969 5027; x_wconf 88' lang='lat' dir='ltr'>deﬁnitur,</span> <span class='ocrx_word' id='word_1_699' title='bbox 1018 4958 1248 5028; x_wconf 88' lang='lat' dir='ltr'>penitus</span> <span class='ocrx_word' id='word_1_700' title='bbox 1291 4961 1624 5030; x_wconf 87' lang='lat' dir='ltr'>mundatur,</span> <span class='ocrx_word' id='word_1_701' title='bbox 1673 4963 1767 5017; x_wconf 91' lang='lat' dir='ltr'>sed</span> <span class='ocrx_word' id='word_1_702' title='bbox 1811 4978 1877 5015; x_wconf 88' lang='lat' dir='ltr'>ea</span> 
     </span>
    </p>
   </div>
   <div class='ocr_carea' id='block_1_98' title="bbox 162 5045 1876 5120">
    <p class='ocr_par' dir='ltr' id='par_1_98' title="bbox 162 5045 1876 5120">
     <span class='ocr_line' id='line_1_98' title="bbox 162 5045 1876 5120; baseline 0.002 -19"><span class='ocrx_word' id='word_1_703' title='bbox 162 5051 437 5114; x_wconf 84' lang='lat' dir='ltr'>peracta;</span> <span class='ocrx_word' id='word_1_704' title='bbox 470 5045 599 5099; x_wconf 90' lang='lat' dir='ltr'>ideo</span> <span class='ocrx_word' id='word_1_705' title='bbox 650 5052 799 5099; x_wconf 86' lang='lat' dir='ltr'>recte</span> <span class='ocrx_word' id='word_1_706' title='bbox 830 5047 945 5100; x_wconf 89' lang='lat' dir='ltr'>ait:</span> <span class='ocrx_word' id='word_1_707' title='bbox 973 5049 1038 5101; x_wconf 89' lang='lat' dir='ltr'>In</span> <span class='ocrx_word' id='word_1_708' title='bbox 1060 5048 1281 5116; x_wconf 65' lang='lat' dir='ltr'>jubilzo</span> <span class='ocrx_word' id='word_1_709' title='bbox 1328 5054 1525 5116; x_wconf 88' lang='lat' dir='ltr'>autem,</span> <span class='ocrx_word' id='word_1_710' title='bbox 1577 5055 1706 5119; x_wconf 91' lang='lat' dir='ltr'>etc.,</span> <span class='ocrx_word' id='word_1_711' title='bbox 1744 5066 1876 5120; x_wconf 90' lang='lat' dir='ltr'>per-</span> 
     </span>
    </p>
   </div>
   <div class='ocr_carea' id='block_1_99' title="bbox 165 5132 1879 5208">
    <p class='ocr_par' dir='ltr' id='par_1_99' title="bbox 165 5132 1879 5208">
     <span class='ocr_line' id='line_1_99' title="bbox 165 5132 1879 5208; baseline 0.006 -25"><span class='ocrx_word' id='word_1_712' title='bbox 165 5137 287 5186; x_wconf 89' lang='lat' dir='ltr'>acta</span> <span class='ocrx_word' id='word_1_713' title='bbox 332 5133 499 5188; x_wconf 87' lang='lat' dir='ltr'>enim</span> <span class='ocrx_word' id='word_1_714' title='bbox 551 5132 888 5203; x_wconf 68' lang='lat' dir='ltr'>posuitentia</span> <span class='ocrx_word' id='word_1_715' title='bbox 914 5139 972 5189; x_wconf 92' lang='lat' dir='ltr'>et</span> <span class='ocrx_word' id='word_1_716' title='bbox 1026 5136 1363 5205; x_wconf 70' lang='lat' dir='ltr'>remissione</span> <span class='ocrx_word' id='word_1_717' title='bbox 1418 5143 1694 5208; x_wconf 89' lang='lat' dir='ltr'>suscepta,</span> <span class='ocrx_word' id='word_1_718' title='bbox 1748 5154 1879 5193; x_wconf 89' lang='lat' dir='ltr'>con-</span> 
     </span>
    </p>
   </div>
   <div class='ocr_carea' id='block_1_100' title="bbox 165 5222 1209 5294">
    <p class='ocr_par' dir='ltr' id='par_1_100' title="bbox 165 5222 1209 5294">
     <span class='ocr_line' id='line_1_100' title="bbox 165 5222 1209 5294; baseline 0.005 -21"><span class='ocrx_word' id='word_1_719' title='bbox 165 5222 514 5276; x_wconf 83' lang='lat' dir='ltr'>versationis</span> <span class='ocrx_word' id='word_1_720' title='bbox 540 5238 657 5276; x_wconf 76' lang='lat' dir='ltr'>suae</span> <span class='ocrx_word' id='word_1_721' title='bbox 690 5238 889 5292; x_wconf 89' lang='lat' dir='ltr'>agrum</span> <span class='ocrx_word' id='word_1_722' title='bbox 921 5223 1209 5294; x_wconf 86' lang='lat' dir='ltr'>suscipiet.</span> 
     </span>
    </p>
   </div>
   <div class='ocr_carea' id='block_1_101' title="bbox 234 5310 1877 5385">
    <p class='ocr_par' dir='ltr' id='par_1_101' title="bbox 234 5310 1877 5385">
     <span class='ocr_line' id='line_1_101' title="bbox 234 5310 1877 5385; baseline 0.005 -23"><span class='ocrx_word' id='word_1_723' title='bbox 234 5312 413 5364; x_wconf 77' lang='lat' dir='ltr'>Vm.</span> <span class='ocrx_word' id='word_1_724' title='bbox 468 5312 560 5364; x_wconf 77' lang='lat'>25.</span> <span class='ocrx_word' id='word_1_725' title='bbox 616 5310 799 5365; x_wconf 86' lang='lat' dir='ltr'>Omnis</span> <span class='ocrx_word' id='word_1_726' title='bbox 857 5314 1146 5366; x_wconf 69' lang='lat' dir='ltr'>aestimatio</span> <span class='ocrx_word' id='word_1_727' title='bbox 1193 5313 1323 5367; x_wconf 86' lang='lat' dir='ltr'>siclo</span> <span class='ocrx_word' id='word_1_728' title='bbox 1376 5317 1682 5369; x_wconf 85' lang='lat' dir='ltr'>sanctuarii</span> <span class='ocrx_word' id='word_1_729' title='bbox 1733 5331 1877 5385; x_wconf 84' lang='lat' dir='ltr'>pon-</span> 
     </span>
    </p>
   </div>
   <div class='ocr_carea' id='block_1_102' title="bbox 171 5397 1876 5472">
    <p class='ocr_par' dir='ltr' id='par_1_102' title="bbox 171 5397 1876 5472">
     <span class='ocr_line' id='line_1_102' title="bbox 171 5397 1876 5472; baseline 0.004 -20"><span class='ocrx_word' id='word_1_730' title='bbox 171 5398 321 5452; x_wconf 84' lang='lat' dir='ltr'>dera.</span> <span class='ocrx_word' id='word_1_731' title='bbox 370 5397 447 5451; x_wconf 92' lang='lat' dir='ltr'>Ut</span> <span class='ocrx_word' id='word_1_732' title='bbox 498 5397 685 5451; x_wconf 92' lang='lat' dir='ltr'>omnis</span> <span class='ocrx_word' id='word_1_733' title='bbox 728 5397 985 5453; x_wconf 85' lang='lat' dir='ltr'>deﬁnitio</span> <span class='ocrx_word' id='word_1_734' title='bbox 1035 5399 1244 5454; x_wconf 88' lang='lat' dir='ltr'>sanctis</span> <span class='ocrx_word' id='word_1_735' title='bbox 1271 5401 1371 5455; x_wconf 88' lang='lat' dir='ltr'>ﬁat</span> <span class='ocrx_word' id='word_1_736' title='bbox 1398 5403 1770 5472; x_wconf 90' lang='lat' dir='ltr'>ponderibus,</span> <span class='ocrx_word' id='word_1_737' title='bbox 1818 5404 1876 5458; x_wconf 92' lang='lat' dir='ltr'>id</span> 
     </span>
    </p>
   </div>
   <div class='ocr_carea' id='block_1_103' title="bbox 172 5485 1874 5556">
    <p class='ocr_par' dir='ltr' id='par_1_103' title="bbox 172 5485 1874 5556">
     <span class='ocr_line' id='line_1_103' title="bbox 172 5485 1874 5556; baseline 0.005 -18"><span class='ocrx_word' id='word_1_738' title='bbox 172 5491 250 5538; x_wconf 85' lang='lat' dir='ltr'>est</span> <span class='ocrx_word' id='word_1_739' title='bbox 281 5486 360 5539; x_wconf 89' lang='lat' dir='ltr'>de</span> <span class='ocrx_word' id='word_1_740' title='bbox 419 5500 577 5539; x_wconf 84' lang='lat' dir='ltr'>sacra</span> <span class='ocrx_word' id='word_1_741' title='bbox 623 5485 916 5556; x_wconf 89' lang='lat' dir='ltr'>Scriptura</span> <span class='ocrx_word' id='word_1_742' title='bbox 956 5486 1336 5553; x_wconf 88' lang='lat' dir='ltr'>venientibus,</span> <span class='ocrx_word' id='word_1_743' title='bbox 1388 5489 1670 5545; x_wconf 83' lang='lat' dir='ltr'>exteriora</span> <span class='ocrx_word' id='word_1_744' title='bbox 1720 5492 1874 5547; x_wconf 89' lang='lat' dir='ltr'>enim</span> 
     </span>
    </p>
   </div>
   <div class='ocr_carea' id='block_1_104' title="bbox 2057 4334 3679 4406">
    <p class='ocr_par' dir='ltr' id='par_1_104' title="bbox 2057 4334 3679 4406">
     <span class='ocr_line' id='line_1_104' title="bbox 2057 4334 3679 4406; baseline 0 -18"><span class='ocrx_word' id='word_1_745' title='bbox 2057 4334 2338 4405; x_wconf 84' lang='lat' dir='ltr'>Quidquid</span> <span class='ocrx_word' id='word_1_746' title='bbox 2383 4335 2539 4388; x_wconf 88' lang='lat' dir='ltr'>semel</span> <span class='ocrx_word' id='word_1_747' title='bbox 2584 4335 2754 4400; x_wconf 81' lang='lat' dir='ltr'>fuerit</span> <span class='ocrx_word' id='word_1_748' title='bbox 2808 4340 3171 4390; x_wconf 82' lang='lat' dir='ltr'>consecratum</span> <span class='ocrx_word' id='word_1_749' title='bbox 3204 4336 3331 4406; x_wconf 80' lang='lat'>(10.)</span> <span class='ocrx_word' id='word_1_750' title='bbox 3376 4336 3507 4390; x_wconf 87' lang='lat' dir='ltr'>Jure</span> <span class='ocrx_word' id='word_1_751' title='bbox 3544 4334 3679 4389; x_wconf 91' lang='lat' dir='ltr'>belli</span> 
     </span>
    </p>
   </div>
   <div class='ocr_carea' id='block_1_105' title="bbox 1987 4421 3676 4494">
    <p class='ocr_par' dir='ltr' id='par_1_105' title="bbox 1987 4421 3676 4494">
     <span class='ocr_line' id='line_1_105' title="bbox 1987 4421 3676 4494; baseline -0.001 -17"><span class='ocrx_word' id='word_1_752' title='bbox 1987 4422 2329 4494; x_wconf 89' lang='lat' dir='ltr'>acquisitum</span> <span class='ocrx_word' id='word_1_753' title='bbox 2375 4437 2490 4475; x_wconf 91' lang='lat' dir='ltr'>non</span> <span class='ocrx_word' id='word_1_754' title='bbox 2526 4426 2712 4492; x_wconf 88' lang='lat' dir='ltr'>potest</span> <span class='ocrx_word' id='word_1_755' title='bbox 2740 4421 2946 4492; x_wconf 88' lang='lat' dir='ltr'>aliquis</span> <span class='ocrx_word' id='word_1_756' title='bbox 2992 4422 3288 4476; x_wconf 90' lang='lat' dir='ltr'>inimicum</span> <span class='ocrx_word' id='word_1_757' title='bbox 3340 4423 3676 4492; x_wconf 88' lang='lat' dir='ltr'>exspoliare,</span> 
     </span>
    </p>
   </div>
   <div class='ocr_carea' id='block_1_106' title="bbox 1988 4510 3678 4582">
    <p class='ocr_par' dir='ltr' id='par_1_106' title="bbox 1988 4510 3678 4582">
     <span class='ocr_line' id='line_1_106' title="bbox 1988 4510 3678 4582; baseline -0.002 -17"><span class='ocrx_word' id='word_1_758' title='bbox 1988 4517 2116 4579; x_wconf 91' lang='lat' dir='ltr'>etc.,</span> <span class='ocrx_word' id='word_1_759' title='bbox 2150 4526 2319 4580; x_wconf 85' lang='lat' dir='ltr'>usque</span> <span class='ocrx_word' id='word_1_760' title='bbox 2364 4511 2438 4565; x_wconf 85' lang='lat' dir='ltr'>ad</span> <span class='ocrx_word' id='word_1_761' title='bbox 2468 4526 2571 4564; x_wconf 90' lang='lat' dir='ltr'>nec</span> <span class='ocrx_word' id='word_1_762' title='bbox 2621 4516 3016 4582; x_wconf 88' lang='lat' dir='ltr'>augmentum,</span> <span class='ocrx_word' id='word_1_763' title='bbox 3053 4526 3155 4565; x_wconf 90' lang='lat' dir='ltr'>nec</span> <span class='ocrx_word' id='word_1_764' title='bbox 3198 4510 3515 4581; x_wconf 85' lang='lat' dir='ltr'>profectum</span> <span class='ocrx_word' id='word_1_765' title='bbox 3558 4526 3678 4563; x_wconf 91' lang='lat' dir='ltr'>sus-</span> 
     </span>
    </p>
   </div>
   <div class='ocr_carea' id='block_1_107' title="bbox 1986 4600 2222 4671">
    <p class='ocr_par' dir='ltr' id='par_1_107' title="bbox 1986 4600 2222 4671">
     <span class='ocr_line' id='line_1_107' title="bbox 1986 4600 2222 4671; baseline 0.004 -18"><span class='ocrx_word' id='word_1_766' title='bbox 1986 4600 2222 4671; x_wconf 85' lang='lat' dir='ltr'>cipiunt.</span> 
     </span>
    </p>
   </div>
   <div class='ocr_carea' id='block_1_108' title="bbox 2056 4685 3679 4757">
    <p class='ocr_par' dir='ltr' id='par_1_108' title="bbox 2056 4685 3679 4757">
     <span class='ocr_line' id='line_1_108' title="bbox 2056 4685 3679 4757; baseline 0 -17"><span class='ocrx_word' id='word_1_767' title='bbox 2056 4689 2216 4742; x_wconf 74' lang='lat' dir='ltr'>Vans.</span> <span class='ocrx_word' id='word_1_768' title='bbox 2253 4690 2339 4742; x_wconf 90' lang='grc'>30.</span> <span class='ocrx_word' id='word_1_769' title='bbox 2371 4718 2440 4727; x_wconf 85' lang='grc'><strong><em>-</em></strong></span> <span class='ocrx_word' id='word_1_770' title='bbox 2485 4689 2716 4742; x_wconf 88' lang='lat' dir='ltr'>Domini.</span> <span class='ocrx_word' id='word_1_771' title='bbox 2770 4688 2895 4756; x_wconf 87' lang='lat' dir='ltr'>(ID.)</span> <span class='ocrx_word' id='word_1_772' title='bbox 2951 4687 3080 4757; x_wconf 84' lang='lat' dir='ltr'>Ejus</span> <span class='ocrx_word' id='word_1_773' title='bbox 3122 4686 3334 4740; x_wconf 90' lang='lat' dir='ltr'>scilicet</span> <span class='ocrx_word' id='word_1_774' title='bbox 3371 4685 3469 4756; x_wconf 91' lang='lat' dir='ltr'>qui</span> <span class='ocrx_word' id='word_1_775' title='bbox 3517 4702 3679 4740; x_wconf 80' lang='lat' dir='ltr'>man-</span> 
     </span>
    </p>
   </div>
   <div class='ocr_carea' id='block_1_109' title="bbox 1986 4775 3681 4847">
    <p class='ocr_par' dir='ltr' id='par_1_109' title="bbox 1986 4775 3681 4847">
     <span class='ocr_line' id='line_1_109' title="bbox 1986 4775 3681 4847; baseline -0.001 -18"><span class='ocrx_word' id='word_1_776' title='bbox 1986 4775 2117 4829; x_wconf 89' lang='lat' dir='ltr'>data</span> <span class='ocrx_word' id='word_1_777' title='bbox 2148 4776 2289 4846; x_wconf 91' lang='lat' dir='ltr'>legis</span> <span class='ocrx_word' id='word_1_778' title='bbox 2322 4782 2604 4847; x_wconf 83' lang='lat' dir='ltr'>operatur,</span> <span class='ocrx_word' id='word_1_779' title='bbox 2637 4780 2767 4841; x_wconf 88' lang='lat' dir='ltr'>etc.,</span> <span class='ocrx_word' id='word_1_780' title='bbox 2814 4790 2982 4843; x_wconf 88' lang='lat' dir='ltr'>usque</span> <span class='ocrx_word' id='word_1_781' title='bbox 3027 4776 3101 4829; x_wconf 88' lang='lat' dir='ltr'>ad</span> <span class='ocrx_word' id='word_1_782' title='bbox 3147 4775 3281 4846; x_wconf 91' lang='lat' dir='ltr'>quia</span> <span class='ocrx_word' id='word_1_783' title='bbox 3310 4789 3482 4847; x_wconf 91' lang='lat' dir='ltr'>quam</span> <span class='ocrx_word' id='word_1_784' title='bbox 3514 4775 3681 4829; x_wconf 88' lang='lat' dir='ltr'>retri-</span> 
     </span>
    </p>
   </div>
   <div class='ocr_carea' id='block_1_110' title="bbox 1986 4863 3112 4934">
    <p class='ocr_par' dir='ltr' id='par_1_110' title="bbox 1986 4863 3112 4934">
     <span class='ocr_line' id='line_1_110' title="bbox 1986 4863 3112 4934; baseline 0 -17"><span class='ocrx_word' id='word_1_785' title='bbox 1986 4863 2277 4918; x_wconf 91' lang='lat' dir='ltr'>butionem</span> <span class='ocrx_word' id='word_1_786' title='bbox 2311 4869 2633 4934; x_wconf 88' lang='lat' dir='ltr'>exspectare</span> <span class='ocrx_word' id='word_1_787' title='bbox 2681 4864 2885 4918; x_wconf 90' lang='lat' dir='ltr'>debeat</span> <span class='ocrx_word' id='word_1_788' title='bbox 2915 4864 3112 4917; x_wconf 88' lang='lat' dir='ltr'>nescit.</span> 
     </span>
    </p>
   </div>
   <div class='ocr_carea' id='block_1_111' title="bbox 2056 4951 3678 5021">
    <p class='ocr_par' dir='ltr' id='par_1_111' title="bbox 2056 4951 3678 5021">
     <span class='ocr_line' id='line_1_111' title="bbox 2056 4951 3678 5021; baseline -0.001 -16"><span class='ocrx_word' id='word_1_789' title='bbox 2056 4953 2218 5005; x_wconf 73' lang='lat' dir='ltr'>Vens.</span> <span class='ocrx_word' id='word_1_790' title='bbox 2281 4954 2367 5006; x_wconf 86' lang='lat'>31.</span> <span class='ocrx_word' id='word_1_791' title='bbox 2426 4980 2495 4991; x_wconf 91' lang='lat'><strong>—-</strong></span> <span class='ocrx_word' id='word_1_792' title='bbox 2556 4953 2618 5007; x_wconf 88' lang='lat' dir='ltr'>Si</span> <span class='ocrx_word' id='word_1_793' title='bbox 2672 4954 2815 5021; x_wconf 81' lang='lat' dir='ltr'>quis.</span> <span class='ocrx_word' id='word_1_794' title='bbox 2875 4952 2997 5021; x_wconf 76' lang='lat'>(11).)</span> <span class='ocrx_word' id='word_1_795' title='bbox 3052 4951 3372 5005; x_wconf 89' lang='lat' dir='ltr'>Secundum</span> <span class='ocrx_word' id='word_1_796' title='bbox 3429 4952 3678 5006; x_wconf 86' lang='lat' dir='ltr'>litteram</span> 
     </span>
    </p>
   </div>
   <div class='ocr_carea' id='block_1_112' title="bbox 1985 5038 3679 5109">
    <p class='ocr_par' dir='ltr' id='par_1_112' title="bbox 1985 5038 3679 5109">
     <span class='ocr_line' id='line_1_112' title="bbox 1985 5038 3679 5109; baseline -0.001 -14"><span class='ocrx_word' id='word_1_797' title='bbox 1985 5041 2168 5095; x_wconf 90' lang='lat' dir='ltr'>multa</span> <span class='ocrx_word' id='word_1_798' title='bbox 2210 5040 2452 5094; x_wconf 89' lang='lat' dir='ltr'>obscura</span> <span class='ocrx_word' id='word_1_799' title='bbox 2505 5042 2562 5093; x_wconf 90' lang='lat' dir='ltr'>et</span> <span class='ocrx_word' id='word_1_800' title='bbox 2602 5039 2931 5093; x_wconf 88' lang='lat' dir='ltr'>insolubilia</span> <span class='ocrx_word' id='word_1_801' title='bbox 2981 5038 3269 5106; x_wconf 81' lang='lat' dir='ltr'>legislator</span> <span class='ocrx_word' id='word_1_802' title='bbox 3319 5038 3679 5109; x_wconf 89' lang='lat' dir='ltr'>interposuit,</span> 
     </span>
    </p>
   </div>
   <div class='ocr_carea' id='block_1_113' title="bbox 1985 5126 3683 5198">
    <p class='ocr_par' dir='ltr' id='par_1_113' title="bbox 1985 5126 3683 5198">
     <span class='ocr_line' id='line_1_113' title="bbox 1985 5126 3683 5198; baseline -0.001 -15"><span class='ocrx_word' id='word_1_803' title='bbox 1985 5134 2109 5194; x_wconf 90' lang='lat' dir='ltr'>etc.,</span> <span class='ocrx_word' id='word_1_804' title='bbox 2157 5144 2324 5197; x_wconf 86' lang='lat' dir='ltr'>usque</span> <span class='ocrx_word' id='word_1_805' title='bbox 2352 5128 2430 5183; x_wconf 89' lang='lat' dir='ltr'>ad</span> <span class='ocrx_word' id='word_1_806' title='bbox 2460 5130 2516 5182; x_wconf 93' lang='lat' dir='ltr'>et</span> <span class='ocrx_word' id='word_1_807' title='bbox 2558 5142 2731 5197; x_wconf 86' lang='lat' dir='ltr'>poma</span> <span class='ocrx_word' id='word_1_808' title='bbox 2776 5126 3045 5180; x_wconf 90' lang='lat' dir='ltr'>arborum</span> <span class='ocrx_word' id='word_1_809' title='bbox 3095 5126 3406 5181; x_wconf 88' lang='lat' dir='ltr'>secundum</span> <span class='ocrx_word' id='word_1_810' title='bbox 3453 5133 3683 5198; x_wconf 90' lang='lat' dir='ltr'>tempus</span> 
     </span>
    </p>
   </div>
   <div class='ocr_carea' id='block_1_114' title="bbox 1987 5233 2175 5272">
    <p class='ocr_par' dir='ltr' id='par_1_114' title="bbox 1987 5233 2175 5272">
     <span class='ocr_line' id='line_1_114' title="bbox 1987 5233 2175 5272; baseline 0 -1"><span class='ocrx_word' id='word_1_811' title='bbox 1987 5233 2175 5272; x_wconf 92' lang='lat' dir='ltr'>suum.</span> 
     </span>
    </p>
   </div>
   <div class='ocr_carea' id='block_1_115' title="bbox 2060 5312 3679 5383">
    <p class='ocr_par' dir='ltr' id='par_1_115' title="bbox 2060 5312 3679 5383">
     <span class='ocr_line' id='line_1_115' title="bbox 2060 5312 3679 5383; baseline 0 -17"><span class='ocrx_word' id='word_1_812' title='bbox 2060 5315 2221 5369; x_wconf 74' lang='lat' dir='ltr'>Vens.</span> <span class='ocrx_word' id='word_1_813' title='bbox 2256 5317 2345 5368; x_wconf 89' lang='lat'>32.</span> <span class='ocrx_word' id='word_1_814' title='bbox 2398 5341 2470 5353; x_wconf 96' lang='lat'><strong>—</strong></span> <span class='ocrx_word' id='word_1_815' title='bbox 2516 5313 2628 5368; x_wconf 87' lang='lat' dir='ltr'>Sub</span> <span class='ocrx_word' id='word_1_816' title='bbox 2671 5312 2914 5381; x_wconf 82' lang='lat' dir='ltr'>pastoris</span> <span class='ocrx_word' id='word_1_817' title='bbox 2960 5313 3137 5378; x_wconf 82' lang='lat' dir='ltr'>virga.</span> <span class='ocrx_word' id='word_1_818' title='bbox 3189 5312 3310 5381; x_wconf 74' lang='lat'>(11).)</span> <span class='ocrx_word' id='word_1_819' title='bbox 3361 5312 3524 5383; x_wconf 89' lang='lat' dir='ltr'>Virga</span> <span class='ocrx_word' id='word_1_820' title='bbox 3552 5328 3679 5366; x_wconf 90' lang='lat' dir='ltr'>cru-</span> 
     </span>
    </p>
   </div>
   <div class='ocr_carea' id='block_1_116' title="bbox 1985 5398 3679 5470">
    <p class='ocr_par' dir='ltr' id='par_1_116' title="bbox 1985 5398 3679 5470">
     <span class='ocr_line' id='line_1_116' title="bbox 1985 5398 3679 5470; baseline -0.002 -13"><span class='ocrx_word' id='word_1_821' title='bbox 1985 5402 2085 5469; x_wconf 89' lang='lat' dir='ltr'>cis,</span> <span class='ocrx_word' id='word_1_822' title='bbox 2117 5406 2250 5470; x_wconf 90' lang='lat' dir='ltr'>etc.,</span> <span class='ocrx_word' id='word_1_823' title='bbox 2276 5416 2444 5470; x_wconf 89' lang='lat' dir='ltr'>usque</span> <span class='ocrx_word' id='word_1_824' title='bbox 2473 5400 2548 5454; x_wconf 89' lang='lat' dir='ltr'>ad</span> <span class='ocrx_word' id='word_1_825' title='bbox 2579 5404 2634 5453; x_wconf 91' lang='lat' dir='ltr'>et</span> <span class='ocrx_word' id='word_1_826' title='bbox 2661 5399 2731 5454; x_wconf 90' lang='lat' dir='ltr'>ab</span> <span class='ocrx_word' id='word_1_827' title='bbox 2762 5398 2861 5452; x_wconf 92' lang='lat' dir='ltr'>illo</span> <span class='ocrx_word' id='word_1_828' title='bbox 2910 5398 3048 5464; x_wconf 90' lang='lat' dir='ltr'>solo,</span> <span class='ocrx_word' id='word_1_829' title='bbox 3084 5399 3183 5470; x_wconf 92' lang='lat' dir='ltr'>qui</span> <span class='ocrx_word' id='word_1_830' title='bbox 3213 5404 3432 5454; x_wconf 88' lang='lat' dir='ltr'>sanctos</span> <span class='ocrx_word' id='word_1_831' title='bbox 3471 5400 3679 5455; x_wconf 88' lang='lat' dir='ltr'>discer-</span> 
     </span>
    </p>
   </div>
   <div class='ocr_carea' id='block_1_117' title="bbox 1985 5492 2563 5561">
    <p class='ocr_par' dir='ltr' id='par_1_117' title="bbox 1985 5492 2563 5561">
     <span class='ocr_line' id='line_1_117' title="bbox 1985 5492 2563 5561; baseline -0.009 -14"><span class='ocrx_word' id='word_1_832' title='bbox 1985 5492 2089 5555; x_wconf 89' lang='lat' dir='ltr'>nit,</span> <span class='ocrx_word' id='word_1_833' title='bbox 2121 5494 2563 5561; x_wconf 87' lang='lat' dir='ltr'>cognoscuntur.</span> 
     </span>
    </p>
   </div>
  </div>
