4038 6180
283 282 385 333 379

896 281 1286 336 WALAFRIDI
1326 285 1569 338 STRABI
1612 286 1805 339 FULD.
1848 284 2018 340 MON.
2059 287 2208 344 OPP.
2255 290 2426 343 PARS
2466 291 2504 343 Ι.
2548 319 2616 328 -—
2655 291 3104 346 THEOLOGICA.
3677 292 3774 348 380

351 402 512 454 Vens.
563 403 648 454 33.
700 432 765 439 —-
814 403 930 456 Non
985 403 1212 468 eligetur
1256 419 1368 470 nec,
1419 410 1521 458 etc.
1581 405 1724 470 Quia
1781 405 1971 461 nullus
2001 422 2048 475 Α
2086 410 2250 463 illum
2299 411 2590 478 inducere,
2623 411 2680 466 et
2721 413 2831 466 Deo
2875 413 3036 483 quasi
3086 415 3381 468 meliorem
3427 411 3770 471 consecrare.

277 493 362 542 est
389 489 488 558 qui
514 487 706 558 respui
755 490 953 559 possit,
987 495 1044 544 et
1091 492 1242 562 quod
1291 491 1471 562 magis
1517 492 1845 562 eligendum
1899 495 1972 548 sit

272 593 388 631 non
419 582 505 630 est
532 582 729 631 vestra
760 578 1136 632 discretionis.

345 666 411 718 Si
452 667 574 734 quis
617 669 928 735 mutaverit,
980 673 1084 720 etc.
1137 668 1360 739 (lsi(;u.)
1398 669 1604 722 Paulus
1652 673 1708 722 et
1758 671 1968 723 Barna-

278 754 378 807 bas
405 753 712 823 aliquando
759 754 1167 821 dissenserunt,
1215 761 1301 809 etc
1331 798 1346 821 ,
1398 772 1568 825 usque
1595 757 1670 810 ad
1716 758 1970 812 scribens

283 843 352 896 ad
387 842 748 895 Timotheum
780 843 894 896 ait:
929 845 1222 898 Assumens
1258 848 1518 908 Marcum,
1552 846 1720 900 deduc
1750 851 1918 900 tecum
1946 864 1964 900 :

277 935 355 983 est
383 933 524 984 enim
554 933 696 984 mihi
722 932 876 984 utilis
900 934 957 983 in
985 935 1345 986 ministerium
1375 933 1455 1003 (II
1475 936 1610 987 Tim.
1647 935 1736 1001 ιν).

350 1019 790 1085 Sanctiﬁcabilur
843 1022 1083 1086 Domino,
1160 1025 1264 1074 etc.
1322 1022 1451 1091 (10.)
1509 1023 1648 1076 Cum
1707 1021 1968 1075 omnium

279 1121 477 1158 cursus
525 1106 750 1159 divinus
797 1107 888 1166 sit.
940 1112 996 1160 et
1043 1109 1209 1174 altus,
1263 1114 1318 1162 et
1357 1125 1619 1179 superna
1671 1126 1968 1163 conversa-

278 1193 423 1248 tioni
479 1195 793 1264 proximus,
855 1197 1066 1250 frustra
1148 1197 1365 1252 conatis
1422 1199 1574 1252 hunc
1630 1198 1964 1264 subducere,

2153 500 2314 554 Vens.
2379 501 2474 556 3i.
2538 531 2599 540 —
2665 504 2784 556 Haec
2839 508 2964 555 sunt
3016 506 3284 571 praecepta
3333 519 3452 573 qua
3499 506 3777 559 mandavit

2080 593 2185 642 etc.
2223 591 2354 659 (ln.)
2391 589 2660 659 Discipuli
2704 591 2876 643 nostri
2907 591 3134 660 quando
3167 597 3299 644 sunt
3329 593 3586 661 perfecti.
3638 595 3775 649 nihil

2077 677 2258 731 nostri
2285 682 2457 748 egent
2501 678 2854 748 magisterii:
2909 679 3034 732 ideo
3069 680 3142 732 ait
3192 681 3626 734 immundorum
3658 683 3770 751 pri-

2077 765 2366 835 mogenita
2417 782 2539 819 esse
2588 765 2942 829 redimenda,
2993 767 3337 820 mundorum
3393 784 3526 820 vero
3560 784 3773 839 nequa-

2079 869 2274 924 quam,
2309 853 2404 908 sed
2453 869 2557 906 nec
2605 853 2846 906 Domino
2876 862 3221 920 consecrata,
3271 871 3376 907 nec
3407 873 3472 908 ea
3515 873 3644 926 qua
3675 875 3771 911 no-

2077 942 2304 995 vissime
2382 946 2514 994 sunt
2584 941 2777 995 dicta:
2858 943 3111 1012 perfecta
3183 943 3337 996 enim
3393 943 3770 1000 demonstrata

2077 1036 2229 1098 sunt,
2283 1031 2419 1101 quia
2476 1031 2852 1085 intentionem
2909 1031 3158 1084 divinam
3223 1032 3618 1101 calestemque
3672 1049 3763 1102 ge-

2079 1127 2233 1173 runt.

1586 1452 1932 1537 LIBER
1987 1447 2468 1536 NUMERI.

1202 1634 1478 1688 Hebraice
1505 1635 1850 1687 VAIEDABBER
1888 1632 2111 1703 (13171),
2140 1630 2200 1684 id
2223 1634 2341 1684 est:
2373 1645 2436 1682 ετ
2473 1643 2708 1682 LOCUTUS
2746 1643 2854 1681 EST.

921 1915 1315 1971 ΡΒᾸΞΡΑΤΙΟ.

353 1994 519 2049 Liber
546 1997 668 2061 iste,
705 2002 761 2052 et
802 2001 1000 2054 ordine
1047 2002 1298 2057 historia
1329 2008 1384 2057 et
1425 2004 1716 2075 mysterio,
1765 2007 1968 2075 quarto

278 2083 400 2136 loco
429 2085 665 2152 ponitur
717 2086 777 2140 in
807 2087 951 2158 lege.
986 2090 1198 2144 Ordine
1245 2092 1520 2157 historia,
1560 2094 1695 2164 quia
1721 2093 1780 2147 in
1811 2093 1968 2147 Levi-

277 2167 411 2234 tico,
443 2169 542 2238 qui
575 2169 774 2224 tertius
803 2178 907 2242 est,
957 2175 1146 2245 agitur
1175 2177 1245 2230 de
1277 2178 1675 2232 utensibilibus
1706 2179 1969 2232 taberna-

278 2255 409 2317 culi,
445 2261 501 2310 et
525 2257 592 2311 de
625 2260 824 2314 ordine
856 2263 1175 2318 Levitarum
1205 2269 1261 2319 et
1301 2267 1558 2320 sacriﬁcii
1587 2284 1598 2320 :
1634 2267 1724 2320 hic
1779 2273 1969 2321 autem

279 2343 347 2397 de
398 2345 752 2402 dedicatione
800 2351 1150 2406 tabernaculi
1199 2355 1409 2424 agitur,
1457 2355 1593 2424 quid
1641 2355 1854 2408 scilicet
1900 2357 1968 2409 de

281 2431 504 2498 Levitis,
582 2436 720 2506 quid
786 2437 855 2491 de
921 2441 1261 2496 utensilibus
1326 2443 1678 2496 tabernaculi
1742 2448 1968 2514 portare

279 2520 565 2576 debeant:
615 2527 884 2595 mysterio
935 2528 1041 2582 hoc
1097 2530 1434 2584 ostenditur.
1492 2531 1772 2586 Excubare
1823 2533 1970 2586 circa

277 2607 708 2664 tabernaculum
763 2613 1109 2684 depositum,
1141 2623 1204 2670 ut
1231 2617 1458 2684 dicitur,
1490 2619 1666 2672 ternis
1710 2620 1970 2674 tribubus

279 2693 337 2746 in
389 2695 630 2766 singulis
677 2701 933 2768 quartis:
974 2719 1078 2772 per
1125 2704 1277 2774 quod
1325 2705 1626 2776 signantur
1673 2707 1969 2760 duodecim

278 2785 522 2850 apostoli
575 2801 680 2856 per
742 2789 1224 2859 quadripartitum
1279 2793 1474 2847 orbem
1529 2795 1699 2848 ﬁdem
1761 2801 1969 2849 sancta

278 2871 568 2926 Trinitatis
600 2875 874 2933 docuisse.
916 2879 1021 2934 Sed
1052 2881 1222 2935 etiam
1268 2882 1417 2936 inter
1464 2884 1676 2954 ﬁguras
1722 2885 1968 2956 quadra-

277 2963 407 3012 tura
452 2962 596 3016 nihil
656 2965 876 3020 ﬁrmius
922 2974 1022 3034 est,
1087 2971 1437 3041 quaternarii
1492 2989 1722 3044 quoque
1781 2973 1969 3043 operis

276 3048 548 3116 perfectio
577 3057 1029 3112 commendatur.
1078 3059 1289 3122 Quarto
1319 3061 1410 3115 die
1450 3061 1595 3114 facta
1625 3070 1753 3115 sunt
1799 3062 1967 3115 lumi-

275 3135 438 3233 naria
470 3137 618 3206 (Gen.
657 3141 715 3210 ι),
748 3148 948 3212 quarta
989 3151 1125 3199 atas
1169 3148 1273 3202 sub
1326 3148 1517 3202 David-
1542 3149 1651 3202 fuit
1693 3150 1967 3204 robustis-

278 3231 443 3289 sima,
477 3233 678 3296 quarta
705 3231 877 3283 etiam
909 3239 1045 3285 atas
1076 3233 1326 3288 hominis
1354 3234 1678 3294 fortissima,
1721 3238 1968 3303 quatuor

277 3315 501 3365 tantum
528 3316 739 3385 recepti
770 3324 904 3372 sunt
933 3320 1034 3390 qui
1074 3321 1424 3390 scripserunt
1467 3322 1782 3391 Evangelia.
1819 3323 1971 3374 Inter

275 3399 424 3452 dona
469 3401 709 3472 Spiritus
737 3406 915 3459 sancti
961 3408 1250 3475 fortitudo,
1279 3414 1335 3463 et
1360 3409 1510 3463 inter
1550 3410 1968 3480 panitentiales

277 3489 547 3557 psalmos,
581 3493 832 3548 Miserere
871 3498 994 3559 mei,
1036 3497 1203 3565 Deus,
1257 3504 1494 3568 quartus
1521 3504 1624 3562 est,
1667 3499 1868 3569 inquo
1899 3498 1968 3552 de

277 3576 601 3632 humilitate
660 3583 781 3649 (per
839 3598 1012 3653 quam
1067 3601 1262 3638 sumus
1306 3586 1498 3656 fortes)
1556 3587 1763 3657 agitur.
1816 3587 1970 3641 Inter

279 3664 516 3720 nomina
561 3667 788 3722 Domini
834 3677 1104 3740 quartum
1147 3677 1250 3739 est,
1283 3673 1461 3741 fortis,
1500 3675 1832 3744 pracedunt
1864 3676 1968 3729 ad-

280 3750 576 3819 mirabilis,
625 3755 997 3824 consiliarius,
1049 3761 1227 3830 Deus;
1277 3762 1537 3833 sequitur
1579 3765 1744 3817 Pater
1790 3764 1968 3818 futuri

278 3841 490 3905 saculi,
528 3843 794 3914 princeps
844 3847 997 3916 pacis
1041 3848 1170 3918 (Isa.
1239 3851 1336 3920 1x),
1370 3856 1428 3904 et
1474 3851 1701 3905 similia.
1752 3853 1812 3904 ln
1864 3853 1968 3906 hoc

278 3943 506 3998 quoque
533 3930 680 3984 libro
711 3949 907 3986 eorum
942 3936 1039 4005 qui
1067 3945 1441 3992 numerantur
1470 3939 1740 3993 fortitudo
1772 3944 1967 3993 osten-

279 4016 454 4079 ditur,
494 4017 626 4071 dum
656 4018 715 4072 hi
763 4021 864 4090 qui
911 4027 1074 4078 atate
1105 4029 1163 4079 et
1209 4026 1416 4080 virtute
1446 4027 1595 4080 bello
1642 4031 1775 4080 sunt
1825 4027 1964 4096 apti,

278 4106 568 4158 numerari
585 4106 880 4176 jubentur.

353 4193 568 4247 Dicitur
625 4194 772 4248 liber
845 4198 1096 4262 Numeri,
1167 4199 1301 4270 quia
1348 4200 1409 4254 in
1469 4217 1535 4254 eo
1590 4205 1968 4255 numerantur

278 4280 543 4334 Israelita
569 4298 582 4346 ;
615 4287 735 4336 tum
761 4283 913 4350 inde,
948 4291 1070 4340 tum
1102 4287 1238 4356 quia
1279 4288 1607 4343 mansiones
1637 4307 1671 4343 a
1701 4291 1965 4344 Ramesse

277 4384 457 4438 usque
487 4369 552 4421 ad
585 4371 909 4426 Iordanem.
952 4373 1055 4428 Sed
1090 4377 1221 4442 quia
1246 4379 1427 4430 omnia
1458 4381 1514 4430 in
1545 4380 1722 4444 ﬁgura
1752 4381 1965 4432 conlin-

275 4457 471 4524 gebant
510 4457 624 4512 illis
656 4458 706 4520 (Ι
735 4461 851 4515 Cor.
885 4463 955 4527 χ).
998 4467 1052 4515 et
1079 4463 1163 4516 lex
1193 4469 1316 4517 erat
1363 4465 1566 4519 umbra
1612 4466 1958 4532 futurorum,
1991 4479 2033 4531 ι)

274 4541 355 4596 ita
383 4545 622 4614 legenda
669 4552 754 4600 est
803 4549 1040 4603 historia
1071 4555 1132 4604 ut
1167 4567 1285 4606 non
1331 4553 1624 4607 amittatur
1669 4554 1960 4624 allegoria.

277 4633 570 4686 Numerati
599 4641 734 4687 sunt
762 4636 1028 4691 Israelita
1060 4639 1186 4705 soli,
1218 4656 1334 4694 non
1366 4642 1635 4712 proselyti
1666 4647 1722 4695 et
1763 4642 1964 4695 alieni-

274 4735 436 4790 gena
468 4721 566 4792 qui
595 4728 758 4776 erant
785 4725 934 4778 inter
964 4725 1126 4781 illos:
1160 4745 1276 4782 non
1321 4734 1518 4783 tamen
1567 4746 1784 4795 omnes,
1828 4730 1965 4800 quia

277 4825 380 4863 nec
411 4811 575 4880 pueri
608 4827 711 4866 nec
740 4813 989 4882 femina,
1023 4817 1115 4870 sed
1148 4823 1366 4872 tantum
1399 4818 1505 4871 viri
1536 4817 1631 4888 qui
1667 4819 1783 4888 apti
1814 4819 1962 4872 bello

277 4903 458 4950 erant.
495 4901 714 4954 Etenim
745 4903 920 4956 alieni
950 4921 982 4956 a
1014 4906 1147 4969 Deo,
1188 4906 1489 4976 gentilium
1533 4906 1842 4976 spurcitia;
1875 4908 1962 4962 vel

277 4985 608 5040 crudelitate
653 4989 902 5057 Iudaica,
959 4993 1045 5046 vel
1101 4993 1270 5046 etiam
1331 4993 1634 5047 Christiani
1682 4994 1964 5064 puerilem

275 5072 562 5126 levitatem
612 5077 697 5129 vel
747 5079 1045 5133 mollitiem
1115 5081 1425 5134 femineam
1468 5082 1762 5146 habentes,
1815 5083 1965 5138 inter

234 5158 424 5240 Itilius
479 5161 577 5214 Dei
622 5179 738 5217 non
785 5173 1179 5222 numerantur.
1227 5170 1348 5223 Non
1397 5176 1531 5224 sunt
1576 5172 1856 5224 numerati
1905 5173 1962 5225 in

276 5248 551 5318 Egypto:
586 5251 678 5304 sed
726 5259 1028 5324 postquam
1081 5257 1430 5311 transierunt
1479 5275 1634 5312 mare
1682 5260 1961 5325 Rubrum,

276 5340 408 5402 post
458 5336 784 5392 columnam
832 5341 982 5410 ignis
1036 5344 1094 5396 in
1149 5345 1441 5412 mansione
1491 5347 1653 5415 juxta
1706 5351 1963 5399 montem

277 5421 447 5476 Sina:
499 5424 634 5493 quia
679 5433 974 5482 manentes
1027 5430 1087 5484 in
1135 5432 1384 5485 tenebris
1434 5437 1798 5502 peccatorum
1846 5449 1963 5486 non

277 5513 409 5564 sunt
437 5513 560 5575 Dei,
599 5513 697 5568 sed
727 5516 950 5572 mundti
977 5517 1270 5588 baptismo.
1289 5524 1346 5574 et
1388 5521 1592 5576 armati
1621 5537 1824 5575 manus
1853 5521 1958 5577 im-

2009 1918 2049 1972 B
2087 1913 2388 1983 positione.
2426 1911 2742 1966 Mansiones
2780 1911 2984 1965 merito
3020 1911 3318 1966 duodecim
3351 1917 3775 1982 computantur,

2079 2013 2113 2051 a
2143 1999 2329 2068 prima
2359 2017 2488 2071 qua
2518 2001 2625 2054 fuit
2655 2001 2715 2053 in
2745 2001 3010 2054 Ramesse
3039 2015 3218 2069 usque
3251 1999 3319 2053 ad
3349 2001 3675 2064 Iordanem,
3709 2005 3771 2053 ut

2078 2103 2183 2156 per
2219 2089 2326 2142 hoc
2351 2089 2608 2159 signetur
2649 2105 2753 2142 nos
2800 2105 2903 2155 per
2930 2092 3012 2141 tot
3042 2089 3254 2158 gradus
3281 2089 3556 2142 virtutum
3589 2103 3776 2141 ascen-

2079 2175 2212 2229 dere
2265 2176 2327 2230 in
2379 2179 2608 2241 coelum,
2667 2183 2808 2248 quot
2873 2176 3338 2247 generationibus
3392 2177 3650 2231 Christus
3707 2177 3775 2230 ab

2077 2263 2364 2318 Abraham
2395 2265 2688 2319 descendit
2721 2265 2786 2319 ad
2821 2265 3074 2319 Mariam.

2157 2355 2403 2410 Intentio
2434 2355 2604 2424 Moysi
2638 2354 2698 2407 in
2727 2353 2834 2407 hoc
2857 2359 3028 2424 opere
3060 2358 3144 2406 est
3174 2353 3560 2408 Christianum
3593 2371 3775 2424 popu-

2077 2447 2198 2500 lum
2226 2449 2282 2498 et
2319 2444 2442 2514 ejus
2494 2443 2834 2512 profectum,
2883 2448 2938 2496 et
2981 2458 3275 2496 ascensum
3304 2459 3338 2496 a
3374 2447 3525 2496 terra
3550 2442 3614 2496 in
3662 2459 3778 2496 ca—

2078 2535 2195 2588 lum
2214 2549 2317 2604 per
2338 2532 2531 2595 Israel,
2561 2535 2616 2584 et
2635 2547 2736 2601 per
2761 2531 3063 2584 duodecim
3095 2531 3418 2584 mansiones
3445 2531 3772 2600 designare.

2077 2624 2184 2677 Per
2234 2620 2408 2674 Israel
2455 2619 2609 2672 enim
2663 2619 2866 2672 Christi
2921 2620 3219 2689 populum,
3292 2635 3396 2688 per
3443 2635 3780 2690 progressus

2077 2708 2445 2763 mansionum
2476 2707 2762 2776 profectus
2795 2706 3068 2760 virtutum
3101 2705 3476 2776 signiﬁcatur.

2147 2798 2296 2851 Ordo
2328 2795 2458 2849 libri
2501 2795 2630 2847 talis
2662 2807 2782 2847 est:
2814 2794 3002 2865 primo
3048 2795 3218 2848 duces
3249 2795 3470 2864 populi,
3501 2800 3558 2848 et
3591 2811 3778 2864 popu-

2078 2885 2198 2938 lum
2255 2884 2402 2937 circa
2453 2883 2885 2936 tabernaculum
2942 2887 3271 2936 numeratos
3326 2898 3428 2952 per
3484 2883 3780 2952 quadrum

2077 2973 2336 3027 collocat.
2371 2971 2609 3033 Levitas,
2643 2988 2675 3024 a
2704 2987 2945 3024 numero
2974 2975 3259 3039 exceptos,
3286 2970 3358 3023 ad
3388 2970 3779 3024 ministerium

2076 3058 2432 3115 tabernaculi
2481 3059 2761 3112 destinat:
2808 3058 3013 3111 deinde
3062 3058 3495 3112 tabernaculum
3546 3058 3779 3112 dedica-

2077 3154 2191 3214 tur,
2225 3153 2282 3202 et
2332 3147 2534 3200 modus
2583 3145 2959 3211 oblationum,
2993 3151 3049 3199 et
3085 3146 3373 3216 catalogus
3409 3147 3784 3218 mansionum

2078 3241 2458 3306 computatur.
2517 3234 2731 3287 Deinde
2778 3233 3080 3304 prophetia
3123 3235 3348 3288 Balaam
3380 3251 3413 3288 a
3443 3250 3577 3306 rege
3615 3236 3783 3288 Balac

2079 3325 2148 3378 ad
2180 3323 2632 3377 maledicendum
2666 3325 2942 3394 populum
2979 3325 3078 3378 Dei
3099 3324 3402 3378 inducitur.
3434 3327 3497 3378 In
3530 3326 3650 3378 fine
3687 3341 3786 3378 sex

2077 3413 2332 3466 civitates
2372 3412 2729 3476 ordinantur,
2780 3417 2895 3465 tres
2929 3413 3094 3479 ultra,
3128 3417 3241 3465 tres
3271 3414 3411 3466 citra
3439 3414 3780 3475 Iordanem,

2076 3501 2146 3555 ad
2178 3516 2319 3570 quas
2367 3498 2699 3569 confugeret
2746 3500 2847 3569 qui
2894 3499 3095 3552 nolens
3144 3500 3482 3569 sanguinem
3527 3499 3788 3568 proximi

2075 3589 2411 3643 effunderet.
2469 3587 2675 3641 Levita
2729 3587 2882 3640 inter
2939 3588 3373 3641 tabernaculum
3429 3593 3483 3641 et
3536 3594 3788 3640 cateros

2073 3678 2222 3733 ﬁlios
2284 3677 2457 3731 Israel
2514 3677 2872 3740 excubantes,
2930 3675 3094 3729 divisi
3151 3691 3254 3744 per
3302 3676 3653 3729 Amramitas
3714 3675 3788 3728 ab

2075 3766 2314 3832 oriente,
2346 3781 2449 3837 per
2483 3765 2766 3819 Caathitas
2797 3764 2868 3818 ab
2897 3773 3107 3829 austro,
3161 3764 3486 3818 Gersonitas
3516 3765 3592 3818 ab
3633 3763 3790 3817 occi-

2075 3856 2265 3921 dente,
2299 3861 2356 3908 et
2400 3853 2688 3908 Meraritas
2721 3851 2792 3904 ab
2829 3853 3118 3922 aquilone,
3153 3851 3476 3921 significant
3504 3852 3787 3921 pralatos

2073 3941 2358 4004 Ecclesia,
2387 3941 2487 4010 qui
2515 3944 2648 3992 sunt
2686 3938 2862 3991 medii
2895 3939 3040 3991 inter
3070 3939 3363 3992 ministros
3393 3939 3786 4001 tabernaculi,

2074 4028 2282 4100 quibus
2325 4027 2387 4080 in
2435 4027 2844 4097 temporalibus
2895 4026 3232 4096 provident:
3289 4032 3345 4079 et
3394 4026 3544 4079 inter
3577 4027 3786 4088 laicos,

2075 4117 2285 4187 quibus
2321 4115 2381 4169 in
2411 4114 2802 4185 spiritualibus
2846 4119 3116 4185 prasunt.
3165 4113 3516 4178 Amramita,
3567 4113 3628 4166 id
3677 4119 3786 4177 est,

2071 4204 2253 4258 Moses
2283 4208 2338 4258 et
2377 4206 2567 4256 Aaron
2611 4207 2666 4256 et
2713 4203 2923 4256 horum
2971 4201 3098 4265 filii,
3142 4201 3454 4270 inspiciunt
3500 4206 3561 4253 et
3595 4201 3790 4253 invol-

2073 4297 2211 4346 vunt
2264 4290 2616 4345 tabernaculi
2667 4288 3006 4355 secretiora;
3055 4287 3484 4342 introducentes
3542 4287 3788 4342 Canthi-

2073 4384 2179 4443 tas,
2213 4379 2352 4433 dant
2381 4378 2462 4432 eis
2492 4378 2740 4448 propriis
2783 4376 3038 4430 humeris
3067 4377 3348 4446 portanda
3395 4377 3683 4443 involuta,
3726 4380 3790 4427 ut

2073 4467 2330 4520 videntes
2360 4483 2473 4519 non
2521 4467 2853 4519 moriantur.
2911 4465 3037 4518 Non
3065 4469 3197 4517 sunt
3227 4464 3379 4517 enim
3411 4465 3790 4533 propalanda

2074 4553 2332 4608 Ecclesia
2388 4554 2674 4623 mysteria,
2733 4553 2844 4607 nisi
2896 4552 3274 4606 summatibus
3333 4551 3489 4616 viris,
3549 4551 3613 4604 id
3679 4555 3786 4616 est,

2074 4641 2212 4696 Mosi
2263 4645 2318 4694 et
2359 4645 2569 4708 Aaron,
2625 4641 2760 4712 quia
2816 4641 3031 4694 infirmi
3089 4640 3220 4694 inde
3279 4639 3783 4694 scandalizentur.

2075 4730 2234 4783 Unde
2275 4734 2332 4783 et
2358 4729 2504 4783 liber
2552 4728 2840 4800 Evangelii
2881 4729 3209 4799 presbytero
3255 4733 3310 4780 et
3357 4727 3605 4781 diacono
3641 4745 3792 4797 por-

2071 4821 2226 4870 tatur
2272 4821 2521 4886 apertus,
2576 4818 2700 4871 aliis
2742 4833 2876 4870 vero
2923 4817 3168 4870 clausus.
3221 4815 3533 4869 Gersonita
3579 4821 3790 4870 autem

2074 4911 2130 4961 et
2157 4907 2455 4974 Merarita,
2483 4905 2583 4976 qui
2613 4910 2744 4958 sunt
2778 4904 3132 4973 indigniores
3161 4903 3452 4968 Caatbitis,
3486 4919 3614 4956 non
3639 4921 3791 4974 pro—

2073 4994 2215 5066 priis
2270 4994 2545 5062 humeris,
2596 4993 2695 5047 sed
2753 4994 2935 5046 bobus
2983 4998 3041 5046 et
3065 4993 3334 5063 plaustris
3392 5009 3492 5045 sua
3536 4996 3796 5062 portant

2074 5097 2267 5135 onera.
2323 5081 2466 5144 Quia
2515 5080 2614 5151 qui
2663 5081 2782 5134 vult
2811 5081 3004 5133 venire
3045 5085 3170 5150 post
3201 5095 3312 5142 me,
3346 5095 3436 5133 me
3471 5085 3790 5150 sequatur,

2074 5169 2237 5241 quasi
2286 5185 2388 5239 per
2434 5173 2675 5222 mortem
2719 5170 2865 5235 (Luc.
2909 5168 3003 5237 ix).
3068 5169 3132 5222 Et
3162 5172 3376 5238 quanto
3425 5167 3620 5237 magis
3653 5167 3794 5238 quis

2073 5258 2214 5324 vult,
2246 5261 2403 5310 tanto
2435 5256 2616 5324 major
2643 5255 2982 5326 persecutio.

2143 5335 2442 5400 Benedictis
2489 5340 2646 5412 ﬁliis,
2696 5345 2866 5398 Israel
2895 5348 2944 5398 et
2979 5343 3186 5411 dicetis,
3236 5347 3342 5397 etc.
3392 5342 3476 5396 Ab
3507 5342 3627 5396 hoc
3659 5344 3792 5397 loco

2074 5437 2300 5503 sumpta
2345 5436 2430 5486 est
2482 5431 2798 5486 benedictio
2847 5447 3021 5502 quam
3077 5431 3210 5485 facit
3271 5430 3597 5500 episcopus.
3658 5433 3793 5485 Duo

2075 5520 2238 5592 digiti
2265 5521 2363 5591 qui
2395 5521 2690 5575 elevantur
2709 5520 2894 5591 juncti
2923 5520 3107 5590 legem
3137 5517 3462 5590 signiﬁcant
3496 5523 3558 5572 et
3591 5535 3796 5573 sacer-
