3976 6178
153 286 231 336 381
1292 282 1544 337 GLOSSA
1586 283 1984 337 ORDINARIt.
2026 313 2091 320 —
2138 283 2264 335 LIB.
2308 283 2472 335 NUM.

3522 286 3625 337 382

152 403 369 469 dotium,
400 418 529 472 quae
551 418 659 471 per
689 403 876 455 Mosen
902 407 958 454 et
1004 406 1193 455 Aaron
1226 403 1639 471 inielligentur.
1678 404 1813 455 Tres
1850 406 1891 456 A
1922 417 2049 455 vere
2099 418 2189 455 me
2254 402 2533 471 imparem
2574 401 2769 469 judico
2833 400 2902 453 ad
2956 402 3279 454 enarranda
3326 404 3625 471 amysteria

157 507 330 544 versus
358 492 455 559 qui
483 496 810 560 sequuntur
838 492 1136 545 continent
1156 492 1312 546 illam
1344 492 1553 545 tJinam
1588 492 1827 560 petitio-

154 593 264 630 nem
288 594 412 645 quze
435 578 499 631 ﬁt
531 579 590 631 in
622 579 810 632 verbis
831 579 1103 649 episcopi.
1140 581 1356 633 Petitur
1376 581 1557 649 gratia
1584 581 1827 649 Spiritus

156 665 327 729 sancti,
381 682 515 719 vera
544 666 719 728 salus,
753 682 860 736 pax
892 671 1122 720 aeterna.
1170 668 1381 721 Deinde
1415 668 1673 738 sequitur
1705 668 1822 721 dis-

156 752 327 807 tinctio
374 768 758 821 personarum
807 770 1032 822 semper
1077 754 1164 807 his
1226 756 1450 808 verbis:
1512 757 1664 823 Quod
1714 759 1831 823 ipse

158 846 390 908 praestare
410 843 671 907 dignetur
690 845 787 909 qui
835 859 954 895 cum
993 846 1151 896 Patre
1197 849 1247 898 et
1298 845 1511 913 Spiritu
1540 850 1722 899 sancto
1752 847 1833 897 ri-

159 932 241 991 rit,
268 936 365 981 etc.
409 931 473 982 In
508 931 861 983 tabernaculi
890 930 1242 984 dedicatione
1288 932 1476 985 oblata
1526 938 1658 985 sunt
1709 949 1830 985 mu-

160 1017 287 1069 neda
303 1018 696 1085 aprimatibus
725 1018 785 1071 in
807 1035 972 1071 usum
996 1020 1249 1088 ejusdem
1273 1025 1328 1073 et
1362 1020 1829 1074 sustentationem

161 1106 488 1170 Levitarum,
543 1106 699 1175 quod
744 1107 915 1159 hodie
961 1106 1027 1159 tit
1077 1123 1203 1160 cum
1262 1107 1553 1160 dedicatur
1598 1107 1833 1159 ecclesia

159 1193 328 1260 aliqua
392 1192 553 1245 Sicut
580 1198 637 1245 et
669 1193 939 1246 laicorum
982 1195 1411 1258 consuetudine,
1445 1194 1671 1247 mulieri
1702 1211 1830 1248 cum

158 1277 519 1347 desponsatur
548 1279 686 1346 viro,
736 1281 915 1333 multa
944 1281 1093 1335 dona
1132 1281 1449 1334 offeruntur
1481 1299 1493 1335 :
1543 1286 1599 1335 et
1640 1282 1831 1335 Domi-

160 1381 249 1416 nus
274 1365 405 1417 ﬁliis
438 1366 611 1419 Israel
638 1368 699 1419 in
726 1369 980 1437 Egypto,
1015 1370 1105 1422 die
1140 1386 1254 1437 quo
1285 1369 1568 1426 educeret.
1602 1386 1832 1423 conces-

159 1452 217 1503 sit
242 1459 511 1521 argentea
542 1470 696 1507 vasa.
734 1457 799 1508 Et
838 1461 966 1524 post
1010 1473 1164 1509 mare
1198 1456 1454 1510 Rubrum
1506 1472 1621 1511 non
1670 1458 1833 1512 duxit

159 1556 237 1592 eos
265 1541 457 1593 statim
502 1547 655 1595 recta
698 1544 788 1595 via
830 1548 1025 1596 contra
1072 1546 1286 1612 hostes,
1338 1561 1411 1598 ne
1440 1546 1625 1599 territi
1678 1552 1829 1600 retro

157 1627 371 1691 abirent,
429 1630 532 1683 sed
577 1647 681 1700 per
736 1632 1126 1697 circumitum;
1192 1633 1397 1687 deinde
1453 1635 1725 1705 pracepit
1765 1651 1831 1688 ne

156 1720 385 1784 temporis
430 1734 510 1771 re.
555 1735 612 1787 p.
658 1726 696 1773 τ.
750 1721 921 1774 Cauta
964 1721 1154 1775 omnia
1194 1723 1436 1791 provisa.
1490 1724 1833 1777 Introeunti-

156 1804 246 1855 bus
275 1805 430 1857 enim
460 1806 520 1858 in
556 1808 857 1861 Ecclesiam
888 1808 1077 1878 primo
1099 1810 1271 1863 decor
1301 1812 1424 1879 ejus
1453 1812 1835 1866 ostendendus

156 1892 241 1950 est,
278 1895 335 1940 ut
359 1895 709 1960 appetatur;
736 1908 853 1945 non
886 1893 1133 1959 miseria,
1166 1899 1229 1946 ut
1259 1894 1549 1948 timeatur.

215 1975 402 2042 (ORIG.,
470 1979 611 2031 hom.
680 1996 693 2032 1
754 1983 812 2033 in
872 1982 1054 2051 Num.)
1121 1983 1337 2035 Divinis
1396 1983 1648 2036 numeris
1722 2002 1834 2038 non

158 2078 337 2117 omnes
396 2065 562 2135 digni
610 2072 762 2133 sunt,
821 2072 949 2134 etc.,
1009 2084 1176 2138 usque
1231 2071 1305 2123 ad
1356 2071 1590 2141 capillos
1636 2074 1837 2143 capitis

157 2150 466 2218 appellavit.

219 2237 328 2305 (11).)
387 2240 542 2293 Illud
602 2257 830 2311 quoque
886 2244 1329 2306 consideremus,
1371 2250 1500 2309 etc.,
1549 2262 1717 2314 usque
1765 2249 1838 2302 ad

158 2329 205 2377 et
224 2330 347 2379 tunc
373 2328 447 2380 ad
481 2345 789 2383 numerum
821 2333 979 2401 jussu
1010 2333 1108 2386 Dei
1139 2335 1385 2403 populus
1414 2335 1728 2390 adducitur.

218 2414 348 2468 Vide
378 2432 523 2485 ergo
538 2423 753 2487 quanta
776 2419 878 2472 tibi
900 2422 1265 2485 transeunda,
1289 2428 1500 2492 quanta
1521 2425 1833 2487 toleranda,

158 2507 277 2570 quot
330 2505 708 2574 profectibus,
758 2512 898 2577 quot
938 2509 1371 2575 tentationibus,
1438 2517 1578 2581 quot
1626 2515 1837 2582 praeliis

158 2590 348 2644 scilicet
391 2593 799 2662 pugnandum,
847 2600 988 2666 quot
1015 2596 1383 2665 vincendum,
1436 2604 1500 2652 ut
1550 2601 1837 2669 pertineas

156 2677 216 2729 ad
243 2679 500 2733 divinum
540 2698 867 2749 numerum,
900 2688 956 2737 et
994 2684 1147 2738 inter
1177 2691 1367 2739 sancta
1405 2688 1587 2741 tribus
1641 2706 1837 2742 nume-

156 2766 299 2831 reris,
360 2773 421 2821 et
491 2771 675 2837 pOssis
722 2772 982 2840 .visitari,
1060 2778 1116 2825 et
1173 2790 1275 2842 per
1346 2775 1441 2827 Dei
1520 2777 1836 2829 sacerdotes

153 2857 326 2908 Aaron
346 2862 405 2908 et
442 2858 633 2911 Mosen
662 2875 1037 2913 numerorum
1072 2862 1333 2915 censibus
1366 2864 1589 2917 ascribi.
1648 2866 1834 2917 Susci-

156 2942 349 3008 pienda
377 2949 466 2997 est
497 2945 603 2998 tibi
633 2947 820 3015 primo
843 2948 932 3001 lex
966 2950 1085 3012 Dei,
1121 2950 1207 3002 lex
1239 2950 1481 3020 Spiritus
1511 2953 1651 3021 ejus,
1684 2953 1827 3006 otfe-
1857 2962 1895 3016 C

152 3031 313 3084 renda
352 3034 653 3099 sacriﬁcia,
689 3037 983 3106 explenda)
1024 3038 1467 3108 puriﬁcationes,
1508 3042 1835 3110 peragenda

152 3120 326 3172 omnia
362 3137 499 3191 qua;
534 3123 769 3191 spiritus
804 3125 985 3179 docet.

213 3208 412 3274 (0816.,
475 3211 644 3278 ibid.)
703 3213 867 3266 Ratio
930 3230 1160 3284 quoque
1214 3215 1491 3281 tribuum,
1547 3217 1833 3273 distinctio

152 3296 431 3363 ordinum,
503 3299 743 3353 societas
776 3302 1146 3367 familiarum,
1197 3307 1326 3369 etc.,
1394 3320 1562 3373 usque
1635 3307 1709 3359 ad
1781 3314 1836 3361 et

152 3390 304 3439 erunt
346 3387 686 3457 hujusmodi
735 3390 964 3444 ordines
1006 3391 1068 3443 in
1096 3391 1508 3445 resurrectione
1572 3400 1833 3449 mortuo-

152 3488 286 3537 rum,
320 3476 427 3546 qui
460 3476 518 3528 in
552 3478 660 3531 hoc
689 3477 832 3531 libro
864 3479 1206 3549 ﬁgurantur.

212 3563 357 3616 Illud
390 3580 646 3635 quoque,
701 3566 852 3636 quod
902 3567 1149 3636 quadam
1181 3568 1539 3622 connexione
1580 3570 1836 3626 tribuum

149 3660 461 3705 castrorum
491 3653 701 3721 positio
742 3659 800 3707 et
830 3656 1156 3708 metationis
1196 3657 1336 3709 ordo
1369 3657 1724 3723 describitur,
1756 3660 1836 3712 si-

148 3738 373 3807 gniﬁcat
405 3741 660 3810 aliquem
690 3746 898 3795 statum
918 3742 977 3795 in
1006 3743 1423 3797 resurrectione
1452 3750 1833 3800 mortuorum.

147 3824 297 3887 Quod
326 3837 445 3883 tres
477 3830 544 3881 ad
577 3829 854 3883 orientem
898 3831 1266 3899 collocantur,
1303 3837 1415 3885 tres
1471 3834 1540 3886 ad
1573 3834 1838 3887 occiden-

149 3919 273 3977 tem,
306 3922 429 3970 tres
451 3917 523 3970 ad
557 3918 876 3979 meridiem.
918 3925 975 3972 et
999 3925 1115 3973 tres
1143 3920 1359 3974 ultima)
1380 3921 1448 3974 ad
1486 3923 1838 3991 aquilonem,

149 4003 238 4071 qui
283 4004 469 4057 durus
527 4004 734 4057 dicitur
775 4010 977 4059 ventus
1008 4008 1193 4075 (Eccli.
1229 4010 1416 4075 mu);
1453 4010 1606 4078 quod
1666 4011 1837 4063 etiam

151 4092 323 4145 tribus
351 4092 527 4160 Juda,
568 4109 698 4162 qua)
738 4095 945 4163 regalis
989 4100 1070 4148 est
1108 4095 1489 4163 (Eccli.xL1v),
1540 4097 1607 4149 ad
1651 4098 1839 4151 orien-

150 4184 256 4234 tem
287 4182 585 4249 statuitur,
621 4198 685 4236 ex
723 4198 837 4252 qua
876 4184 1152 4237 Dominus
1195 4189 1352 4236 ortus
1395 4189 1498 4248 est,
1534 4200 1648 4237 non
1704 4190 1840 4253 puto

150 4269 397 4323 otiosum
433 4288 449 4321 :
482 4270 635 4339 quod
667 4274 722 4323 et
756 4270 1006 4322 Issachar
1031 4270 1447 4340 huicjungitur
1485 4277 1542 4324 et
1569 4272 1837 4339 Zabulon,

150 4361 201 4409 et
224 4358 381 4428 quod
419 4362 477 4410 et
506 4358 565 4409 in
586 4360 830 4427 quatuor
858 4360 1046 4425 partes
1066 4356 1248 4409 trinus
1278 4358 1382 4411 iste
1402 4373 1674 4410 numerus
1704 4358 1845 4411 ordi~

150 4450 333 4499 natur.
421 4446 559 4509 Quae
629 4444 884 4514 quamvis
915 4444 1271 4513 positionum
1310 4462 1542 4498 suarum
1600 4447 1843 4499 diversas

151 4533 401 4587 habeant
461 4531 788 4602 qualitates,
856 4547 1053 4585 omnes
1105 4536 1300 4585 tamen
1352 4532 1504 4585 intra
1553 4533 1844 4587 Trinitatis

149 4637 459 4675 numerum
508 4619 873 4674 continentur
903 4637 916 4673 :
950 4624 1006 4673 et
1061 4620 1213 4689 quod
1241 4636 1345 4689 per
1392 4625 1539 4674 totas
1571 4622 1672 4675 has
1705 4638 1839 4691 qua-

150 4716 274 4765 tuor
318 4714 523 4780 partes
570 4708 629 4761 in
682 4724 863 4762 unum
918 4724 1225 4762 numerum
1276 4708 1579 4779 colligitur,
1642 4711 1843 4764 eadem

145 4798 395 4852 Trinitas
470 4812 717 4866 semper,
802 4796 938 4865 quia
1009 4796 1219 4849 scilicet
1272 4798 1376 4850 sub
1434 4814 1551 4851 uno
1608 4798 1842 4851 nomine

148 4887 345 4952 Patris,
382 4890 444 4939 et
487 4884 633 4951 Filii,
677 4891 732 4938 et
778 4884 1022 4954 Spiritus
1049 4886 1226 4938 sancti
1280 4892 1585 4940 censentur
1644 4903 1843 4940 omnes

147 4976 261 5043 qui,
295 4992 369 5029 ex
424 4977 673 5044 quatuor
718 4973 980 5043 partibus
1012 4972 1165 5027 orbis
1216 4974 1523 5040 venientes,
1576 4975 1843 5029 invocant

150 5078 361 5117 nomen
398 5062 650 5127 Domini,
672 5062 1068 5115 recumbentes
1096 5078 1225 5116 cum
1256 5063 1563 5131 Abraham,
1593 5065 1745 5117 Isaac
1787 5068 1843 5117 et

149 5152 310 5206 Iacob
358 5152 423 5203 in
474 5166 653 5220 regno
705 5151 805 5203 Dei
854 5152 1067 5219 (Matth.
1122 5152 1264 5219 VIII).
1327 5152 1455 5204 Ilaec
1500 5151 1843 5221 generaliter

154 5240 422 5308 diximus,
456 5240 708 5297 volentes
737 5239 909 5307 hujus
939 5238 1069 5293 libri
1104 5239 1515 5293 continentiam
1547 5239 1840 5309 mysticam

152 5326 403 5381 breviter
494 5325 1029 5396 comprehendere:
1092 5330 1148 5379 et
1219 5331 1481 5395 suscepta
1548 5316 1842 5380 occasione

154 5415 549 5485 unusquisque
562 5414 629 5468 in
660 5414 895 5484 reliquis
921 5413 1187 5476 similem,
1221 5418 1320 5467 aut
1348 5414 1394 5467 si
1425 5415 1515 5467 cui
1546 5416 1672 5485 plus
1696 5417 1843 5468 Deus

154 5504 383 5563 revelat,
408 5502 761 5572 superiorem
791 5506 1172 5575 prosequatur
1191 5501 1520 5572 imaginem.
1548 5503 1662 5573 Ego
1689 5501 1842 5561 enim

1939 490 2066 543 libri
2129 492 2528 549 Numerorum,
2579 490 2760 541 multo
2815 495 3004 542 autem
3045 490 3377 544 inferiorem
3423 491 3490 543 ad
3532 492 3629 545 illa

1936 595 2062 648 quae
2095 579 2380 631 concludit
2414 577 2835 631 Deuteronomii
2870 578 3155 631 volumen.

2009 666 2165 733 (RM).
2200 668 2257 718 in
2289 668 2470 733 Num.)
2509 667 2889 719 Numerorum
2920 665 3051 719 libri
3085 666 3385 736 multiplici
3420 672 3628 737 myste-

1938 753 2151 805 riorum
2195 753 2533 806 obscuritate
2580 754 2902 806 involutum
2938 755 3129 807 Patres
3158 755 3484 808 ostendunt.
3540 755 3625 808 Ibi

1939 842 2089 893 enim
2121 857 2394 894 numerus
2434 843 2682 895 ﬁliorum
2713 843 2881 895 Israel
2916 842 3147 911 mystice
3181 843 3541 907 describitur,
3576 850 3631 895 et

1940 930 2293 998 singularum
2349 931 2601 984 tribuum
2642 936 2823 983 castra
2868 931 3016 982 circa
3075 930 3503 984 tabernaculum
3553 936 3630 983 te-

1940 1018 2192 1071 stimonii
2222 1019 2291 1071 ad
2321 1019 2561 1071 formam
2594 1020 2843 1072 ecclesize
2877 1020 3152 1079 locantur.
3186 1018 3267 1071 Ibi
3314 1019 3630 1071 Levitarum

1940 1106 1998 1157 in
2031 1106 2407 1158 ministerium
2443 1106 2788 1173 distributio,
2828 1112 2883 1157 et
2913 1107 3126 1160 oblatio
3160 1107 3485 1177 principum
3542 1122 3629 1159 se-

1941 1193 2191 1246 cundum
2269 1194 2727 1247 convenientiam
2800 1200 3305 1248 sacramentorum.
3380 1195 3631 1248 Tandem

1940 1280 2201 1333 omnium
2248 1280 2609 1333 mansionum
2666 1281 2735 1333 ab
2778 1284 3014 1351 {Egypto
3072 1298 3249 1350 usque
3292 1282 3362 1335 ad
3422 1287 3632 1335 terram

1940 1368 2333 1438 promissionis
2407 1370 2696 1438 catalogus
2746 1374 3100 1433 numeratur,
3156 1376 3216 1423 ut
3282 1374 3632 1423 monstretur

1940 1456 2187 1526 qualiter
2255 1457 2323 1510 de
2375 1459 2613 1526 .riﬁgypto
2683 1456 2921 1526 spiritali
2996 1457 3229 1526 egressi,
3303 1473 3407 1526 per
3472 1472 3629 1509 mare

1944 1545 2199 1598 Rubrum
2266 1551 2321 1598 et
2383 1561 2642 1598 eremum
2697 1545 2991 1614 praesentis
3044 1546 3233 1598 saeculi
3256 1558 3633 1614 properemus

1945 1632 2014 1685 ad
2045 1634 2387 1702 promissam
2420 1633 2667 1703 patriam
2698 1633 2755 1685 in
2787 1632 2961 1685 ccelis.

2016 1722 2138 1791 (11).)
2170 1723 2335 1775 Juxta
2373 1723 2547 1774 ﬁnem
2602 1721 2776 1774 Exodi
2808 1720 3080 1789 scriptum
3131 1724 3233 1784 est,
3281 1724 3411 1785 etc.,
3466 1735 3633 1787 usque

1944 1810 2018 1862 ad
2047 1810 2181 1879 quia
2229 1811 2413 1877 legem
2446 1810 2541 1862 dat
2577 1809 2647 1862 ad
2679 1808 3113 1861 instructionem
3165 1806 3540 1869 credentium,
3572 1805 3634 1859 id

1944 1901 2031 1949 est
2057 1896 2442 1965 spiritualium
2475 1896 2880 1949 Israelitarum.

2015 1984 2163 2052 ([511).
2212 1986 2270 2035 in
2311 1985 2489 2047 Nam,
2543 1988 2683 2037 tom.
2739 1986 2819 2050 γ.)
2876 1984 3029 2037 Licer
3087 1982 3319 2037 Numeri
3379 1981 3631 2052 appella-

1944 2076 2056 2135 tur,
2088 2075 2217 2135 etc.,
2249 2086 2418 2138 usque
2450 2071 2523 2123 ad
2563 2087 2691 2140 quae
2719 2072 2890 2140 pleno
2921 2069 3148 2140 gurgite
3178 2070 3365 2125 ﬂuens
3397 2069 3630 2139 spiritus

1946 2158 2123 2211 sancti
2145 2157 2328 2228 gratia
2351 2158 2709 2211 redundavit.

2018 2246 2147 2313 (l1).)
2182 2246 2372 2299 Prima
2407 2247 2623 2299 mansio
2651 2250 2751 2309 est,
2782 2249 2912 2311 etc.,
2969 2258 3138 2312 usque
3187 2244 3261 2297 ad
3296 2249 3352 2298 et
3401 2243 3634 2297 baculos

1946 2336 2007 2388 in
2037 2337 2302 2392 manibus
2327 2341 2603 2389 tenentes.

2019 2426 2149 2493 (11).)
2199 2425 2454 2478 Secunda
2500 2424 2742 2485 mansio,
2799 2427 2930 2488 etc.,
2962 2436 3131 2490 usque
3172 2422 3247 2474 ad
3288 2426 3343 2474 et
3378 2421 3447 2474 ad
3502 2437 3630 2474 san-

1946 2516 2093 2565 ctam
2126 2518 2336 2565 terram
2367 2512 2679 2565 viventium
2709 2511 3162 2564 accelerandum.

2016 2600 2144 2667 (11).)
2206 2600 2393 2653 Tertia
2436 2599 2680 2665 mansio,
2712 2604 2841 2665 etc.,
2890 2613 3059 2666 usque
3094 2596 3168 2649 ad
3197 2600 3258 2648 ut
3295 2596 3530 2649 ducibus
3561 2597 3631 2648 ad

1946 2691 2154 2740 terram
2187 2684 2581 2754 promissionis
2608 2684 3031 2754 perveniamus.
3382 2701 3387 2705 -

2020 2777 2137 2841 (In)
2179 2776 2387 2838 Quarta
2431 2774 2674 2839 mansio,
2716 2778 2844 2835 etc.,
2902 2787 3071 2839 usque
3099 2771 3174 2823 ad
3205 2770 3433 2823 Mariam
3481 2785 3629 2838 prm-

1946 2862 2230 2915 cinentem
2262 2862 2319 2913 in
2347 2860 2653 2930 tympanis.

2016 2951 2149 3019 ([0,)
2201 2949 2408 3012 Quinta
2449 2954 2551 3014 est,
2599 2953 2726 3013 etc.,
2777 2962 2948 3016 usque
3002 2946 3077 2999 ad
3130 2945 3338 3025 iterum
3389 2944 3633 2997 suavitas

1945 3044 2363 3109 compensetur.

2017 3128 2147 3193 (11).)
2169 3126 2333 3179 Sexta
2362 3130 2447 3178 est
2478 3124 2720 3192 mansio,
2752 3130 2884 3191 etc.,
2918 3139 3087 3193 usque
3107 3123 3183 3175 ad
3209 3122 3384 3175 duces
3417 3120 3630 3183 ovium,

1944 3220 2205 3285 poctores
2236 3212 2515 3282 gentium.

2016 3304 2140 3371 (I1).)
2170 3302 2422 3370 Septima
2454 3299 2674 3354 mansio
2705 3305 2805 3366 est,
2849 3305 2979 3358 etc.,
3012 3314 3181 3367 usque
3206 3299 3280 3351 ad
3336 3302 3391 3352 et
3428 3302 3634 3367 prate-

1943 3390 2053 3443 rita
2083 3385 2408 3443 discrimina
2438 3386 2573 3460 pani
2604 3390 2732 3439 ante
2763 3388 2977 3441 oculos.

2017 3478 2146 3545 (11).)
2175 3477 2397 3539 Octava,
2433 3482 2564 3539 etc.,
2619 3491 2787 3544 usque
2835 3475 2910 3528 ad
2941 3474 3158 3543 grande
3200 3471 3398 3525 odium
3447 3484 3637 3522 mere-

1947 3581 2077 3618 mur
2098 3564 2340 3616 inimici.

2019 3654 2149 3721 (l1).)
2175 3654 2351 3716 Nona,
2384 3656 2514 3715 etc.,
2535 3666 2705 3719 usque
2747 3651 2822 3703 ad
2854 3650 3165 3720 incipimus
3193 3648 3252 3700 in
3284 3648 3640 3700 sacramenta

1945 3742 2192 3811 pulsare.

2020 3828 2143 3897 (I1).)
2180 3827 2422 3895 Decima,
2453 3831 2574 3888 etc.,
2606 3842 2773 3895 usque
2800 3826 2873 3879 ad
2903 3825 3236 3895 angelorum
3278 3822 3439 3892 panis
3480 3837 3639 3874 man-

1946 3918 2203 3972 ducatur.
3523 3962 3531 3970 .

2022 4004 2139 4071 (11).)
2189 4002 2513 4068 Undecima,
2572 4008 2703 4065 etc.,
2769 4016 2936 4068 usque
2983 4001 3058 4053 ad
3115 4000 3347 4054 Cmtcrze
3399 3998 3459 4050 in
3518 3996 3639 4049 suis

1949 4093 2085 4147 locis
2114 4090 2545 4145 convenientius
2575 4094 2951 4158 exponentur.

2517 4222 2743 4277 CAPUT
2773 4223 3071 4277 PRIMUM.

2024 4359 2189 4410 Vnus.
2250 4359 2300 4409 3.
2363 4386 2433 4395 —
2474 4356 2723 4410 Omnium
2776 4357 3021 4409 virorum
3070 4354 3273 4424 (0316.,
3326 4353 3467 4405 hom.
3514 4354 3532 4403 1
3582 4353 3641 4404 in

1952 4447 2142 4513 Num.)
2203 4445 2355 4499 Alias
2405 4445 2579 4499 LXX:
2635 4444 2819 4499 Omnis
2876 4446 2974 4511 qui
3037 4443 3280 4512 procedit
3339 4443 3397 4494 in
3440 4444 3643 4493 virtute

1952 4536 2141 4601 Israel,
2201 4538 2306 4587 etc.
2358 4533 2467 4597 Qui
2513 4549 2648 4603 ergo
2678 4532 2954 4602 procedit,
3010 4538 3141 4596 etc.,
3195 4545 3363 4598 usque
3408 4529 3481 4582 ad
3534 4543 3641 4597 per

1952 4624 2122 4678 ﬁdem
2143 4622 2527 4692 evangelicam
2559 4626 2615 4675 et
2633 4620 3003 4691 apostolicam
3030 4619 3292 4673 traditur.
3320 4622 3350 4638 “

2022 4714 2184 4765 Vens.
2210 4712 2244 4764 4
2296 4741 2364 4749 -
2395 4711 2679 4778 Principes
2712 4709 2972 4772 tribuum,
3007 4712 3110 4761 etc.
3165 4706 3348 4773 (Ara,
3377 4709 3560 4772 quasi.
3612 4708 3632 4757 l

1952 4804 2012 4854 in
2040 4800 2227 4869 Num.)
2282 4799 2419 4864 Quis
2458 4804 2545 4852 est
2587 4798 2743 4869 quod
2774 4798 3026 4865 singulos
3055 4796 3124 4848 de
3156 4793 3397 4863 singulis
3450 4792 3640 4845 tribu-

1952 4886 2058 4940 bus
2090 4886 2223 4956 eligi
2244 4887 2411 4956 jubet
2438 4885 2747 4957 principes,
2777 4890 2906 4949 etc.,
2938 4898 3107 4950 usque
3143 4882 3216 4934 ad
3270 4886 3336 4933 ut
3373 4884 3646 4933 vocentur

1951 4974 2247 5048 χιλίαρχοι.

2023 5064 2184 5117 Vsus.
2211 5067 2270 5117 5.
2302 5092 2374 5102 —
2406 5066 2477 5117 De
2518 5061 2668 5115 tribu
2724 5061 2924 5115 Ruben.
2970 5059 3127 5127 (Ras.
3178 5057 3242 5112 in
3278 5058 3465 5119 Num.,
3499 5059 3638 5109 tom.

1952 5152 2044 5219 II.)
2092 5152 2377 5205 Moraliter
2440 5149 2643 5203 Ruben
2691 5147 3111 5218 primogenitus
3169 5145 3415 5211 lsraelis,
3506 5148 3636 5207 etc.,

1952 5255 2121 5309 usque
2144 5240 2218 5293 ad
2246 5254 2342 5291 cor
2370 5253 2554 5291 unum
2583 5241 2639 5289 et
2659 5236 2850 5289 anima
2881 5251 3013 5287 una.

2025 5328 2209 5394 (Rau,
2241 5326 2398 5393 ibid.)
2431 5323 2698 5393 Princeps
2728 5322 2909 5375 tribus
2941 5323 3140 5377 Ruben
3187 5339 3284 5376 eos
3331 5320 3642 5392 generalite

1954 5416 2255 5485 signiﬁcat,
2288 5417 2417 5477 etc.,
2450 5427 2617 5480 usque
2645 5412 2719 5464 ad
2761 5410 3200 5473 continentium,
3248 5410 3557 5480 virginum,
3587 5413 3643 5469 et.

1955 5503 2258 5577 utriusque
2286 5518 2451 5555 sexus
2478 5517 2674 5556 curam
2710 5516 2930 5569 gerens.
