3976 6178
255 249 361 303 383

868 247 1259 301 WALAFRIDI
1299 246 1545 301 STRABI
1586 245 1779 300 FULD.
1825 244 1986 300 MON.
2028 245 2179 301 OPP.
2222 247 2398 301 PARS
2437 248 2478 300 Ι.
2519 274 2589 284 -
2626 244 3084 301 THEOLOGICA.

3650 246 3763 301 384

326 373 487 426 Vens.
529 375 581 426 6.
608 401 679 411 --
708 373 782 426 De
812 371 959 424 tribu
987 370 1228 424 Simeon.
1268 369 1452 440 (ΗΑΒ.)
1485 369 1718 424 Simeon
1773 383 1948 439 gene-
1979 370 2021 424 Α
2133 370 2419 424 Gamaliel.
2464 367 2761 433 Gamaliel,
2792 368 3038 422 reddidit
3067 370 3207 422 mihi
3237 370 3401 437 Deus,
3433 370 3585 424 ﬁlius
3618 370 3766 425 Pha-

256 459 454 514 raliter
504 476 703 515 omnes
753 459 1102 524 obedientes,
1136 462 1265 524 etc.,
1298 473 1467 527 usque
1524 457 1597 511 ad
1645 456 1945 512 dicentes:

254 549 347 604 Ad
378 554 426 602 te
461 550 637 603 levavi
667 548 843 602 oculos
872 562 1032 613 meos,
1065 548 1168 614 qui
1213 546 1433 601 habitas
1479 546 1539 598 in
1584 546 1727 599 calis
1780 544 1945 614 (Psal.

257 638 442 706 cxxu).

329 727 491 779 Vens.
525 730 576 779 7.
610 754 676 764 -
709 727 781 778 De
811 723 958 777 tribu
990 722 1167 776 Juda.
1198 721 1322 791 (In.)
1355 723 1600 776 Possunt
1639 720 1949 792 signiﬁcari

257 814 318 868 in
347 813 494 867 Juda
540 828 739 865 omnes
788 811 888 881 qui
931 815 1083 863 recte
1134 811 1401 863 invocant
1426 809 1651 879 (nomen
1702 808 1944 871 Domini,

257 917 361 955 nec
417 915 588 953 sensu
637 914 741 952 nec
790 898 961 951 verbo
993 897 1393 951 dissentientes
1440 914 1473 949 a
1507 912 1712 950 norma
1766 894 1945 949 fidei:

253 1003 499 1058 quorum
556 986 762 1040 merito
820 987 1066 1040 Naasson
1118 985 1385 1055 princeps
1437 989 1540 1050 est,
1586 984 1684 1054 qui
1734 984 1952 1038 scilicet

257 1091 372 1128 non
395 1074 580 1127 solum
612 1074 751 1127 alios
782 1073 1143 1143 praedicando
1176 1072 1425 1132 instruit,
1459 1072 1557 1125 sed
1589 1072 1760 1125 etiam
1792 1072 1947 1125 viru-

255 1163 412 1216 lenta
476 1162 747 1215 vitiorum
794 1161 983 1231 jacula
1031 1177 1238 1231 corpus
1287 1177 1455 1214 suum
1508 1160 1838 1230 castigando
1892 1161 1951 1214 in

256 1250 565 1320 semetipso
593 1250 880 1315 interﬁcit,
914 1250 1232 1303 secundum
1263 1248 1405 1302 illud
1440 1266 1452 1302 :
1498 1250 1713 1317 Castigo
1754 1264 1950 1319 corpus

255 1353 430 1392 meum
458 1343 508 1392 et
538 1340 593 1391 in
619 1340 929 1392 servitutem
945 1338 1157 1405 redigo,
1182 1342 1288 1391 etc.
1317 1338 1371 1407 (Ι
1392 1339 1523 1391 Cor.
1561 1339 1655 1405 ιι).

272 1498 279 1505 ⁸
320 1426 656 1496 Allegorice,
685 1427 847 1491 Juda,
901 1427 970 1480 de
1024 1442 1138 1496 quo
1184 1441 1367 1496 reges,
1404 1426 1504 1497 qui
1535 1426 1951 1495 interpretatur

255 1518 517 1582 confessio
546 1516 629 1569 vel
662 1515 928 1580 laudatio,
962 1515 1055 1568 hic
1105 1515 1387 1585 populum
1444 1514 1726 1585 signiﬁcat
1774 1515 1951 1568 Eccle-

257 1603 374 1668 siae,
407 1604 569 1674 cujus
614 1609 787 1673 caput
833 1608 918 1657 est
945 1603 1034 1657 leo
1077 1603 1146 1657 de
1177 1602 1327 1657 tribu
1368 1602 1531 1667 Juda,
1564 1602 1621 1655 id
1650 1606 1753 1668 est,
1788 1600 1948 1654 Chri-

256 1694 393 1743 stus.
445 1692 580 1744 Vere
626 1691 781 1744 enim
824 1690 960 1744 ﬁdei
990 1690 1246 1745 laudatio
1276 1691 1362 1743 vel
1392 1690 1691 1754 confessio,
1724 1689 1781 1743 id
1839 1694 1943 1754 est,

253 1783 410 1832 recta
457 1778 810 1848 praedicatio,
875 1783 1098 1833 tantum
1129 1778 1191 1832 in
1240 1779 1483 1833 Ecclesia
1537 1784 1638 1832 est.
1694 1780 1948 1832 Naasson

256 1882 415 1937 ergo,
449 1867 506 1920 id
536 1871 622 1921 est
642 1869 1004 1935 serpentinus,
1036 1868 1123 1920 vel
1158 1870 1468 1934 augurium,
1519 1867 1673 1921 ﬁlius
1710 1866 1945 1919 Amina-

256 1954 386 2022 dab,
440 1953 649 2007 scilicet
701 1957 985 2023 spontanei
1028 1957 1241 2025 populi,
1295 1955 1551 2010 Salvator
1607 1954 1949 2024 intelligitur

256 2044 326 2097 de
353 2044 713 2113 patriarchis,
749 2046 863 2099 Deo
905 2044 1123 2097 devotis
1152 2043 1401 2109 famulis,
1432 2042 1677 2113 genitus,
1704 2042 1803 2114 qui
1848 2057 1950 2111 per

256 2135 499 2185 mortem
530 2149 688 2186 suam
724 2132 1001 2185 destruxit
1026 2132 1337 2186 diabolum.
1374 2132 1435 2185 Iu
1484 2136 1745 2201 serpente
1771 2130 1947 2199 enim,

256 2220 409 2273 unde
443 2220 695 2290 primum
728 2220 927 2274 mortis
962 2237 1148 2282 causa,
1180 2220 1240 2273 id
1270 2224 1352 2273 est
1371 2224 1685 2291 peccatum,
1720 2236 1947 2289 proces-

257 2312 350 2378 sit,
405 2327 561 2365 mors
608 2312 905 2382 ﬁguratur.
969 2313 1174 2367 Unde:
1223 2313 1375 2368 Sicut
1426 2313 1688 2366 exaltavit
1743 2315 1949 2379 Moyses

256 2403 553 2467 serpentem
608 2402 667 2453 in
720 2399 947 2464 deserto,
985 2401 1223 2454 exaltari
1264 2404 1468 2468 oportet
1532 2400 1702 2465 ﬁlium
1772 2400 1949 2452 homi-

254 2489 364 2554 nis,
389 2491 495 2541 etc.
533 2487 716 2557 (Joan.
749 2488 850 2557 ιιι).

335 2575 491 2629 Vsus.
567 2579 619 2630 8.
687 2606 755 2615 —
816 2580 891 2630 De
949 2576 1097 2631 tribu
1152 2576 1422 2631 Issachar.
1497 2576 1623 2644 (11).)
1694 2575 1949 2628 Issachar

258 2663 569 2717 monachos
625 2681 741 2718 non
796 2664 1109 2735 incongrue
1164 2663 1453 2733 exprimit,
1510 2664 1630 2734 qui,
1680 2664 1948 2718 omnibus

259 2752 463 2806 mundi
528 2753 775 2823 negotiis
832 2754 1056 2824 spretis,
1131 2753 1280 2807 dono
1333 2752 1452 2819 Dei,
1486 2752 1541 2806 id
1600 2758 1683 2806 est
1732 2752 1950 2823 Spiritu

259 2854 451 2901 sancto
484 2854 836 2919 protegente,
864 2850 1168 2921 praemium
1208 2854 1487 2902 internum
1528 2848 1783 2902 districta
1813 2848 1946 2913 vita,

2059 457 2277 523 dassur,
2325 457 2384 511 id
2425 461 2508 510 est
2559 457 2942 526 redemptionis
2992 458 3209 522 validae,
3256 457 3526 527 princeps
3558 464 3645 512 est
3701 458 3764 512 in

2058 545 2214 600 tribu
2248 546 2519 611 Manasse,
2562 545 2663 615 qui
2702 545 3111 615 interpretatur
3157 546 3374 605 oblitus.
3411 547 3495 599 vel
3528 548 3765 601 oblivio-

2057 649 2198 688 sus:
2249 649 2379 687 cum
2430 632 2686 687 Christus
2730 633 2928 703 (quem
2982 633 3050 686 ad
3106 633 3422 688 vocandum
3473 634 3758 704 populum

2056 723 2355 777 Judaicum
2385 723 2551 776 Pater
2572 721 2629 774 in
2656 722 2935 774 mundum
2966 721 3140 789 misit)
3169 722 3227 774 in
3262 737 3438 791 regno
3475 738 3578 774 suo
3621 737 3761 791 gen-

2058 817 2175 864 tem
2202 809 2532 863 obliviosam
2562 809 2800 862 invenit.
2833 809 3051 863 Oblitus
3088 815 3171 861 est
3202 809 3357 861 enim
3389 809 3562 863 Israel
3594 826 3757 863 crea-

2056 898 2197 951 toris
2230 897 2338 951 sui.
2384 899 2508 952 Non
2536 902 2728 951 tamen
2764 913 2963 950 omnes
2992 897 3308 967 perierunt,
3343 898 3441 951 sed
3473 914 3600 950 cum
3635 899 3752 967 ple-

2055 987 2249 1041 nitudo
2318 988 2559 1053 gentium
2614 988 2923 1047 intraverit,
2972 988 3143 1039 omnis
3199 987 3371 1040 Israel
3427 988 3605 1040 salvus
3659 989 3751 1055 ﬁet

2060 1076 2233 1144 (Rom.
2262 1072 2360 1145 ιι).

2136 1163 2295 1215 Vens.
2352 1166 2433 1216 11.
2476 1192 2543 1203 —
2588 1165 2662 1217 De
2700 1163 2847 1217 tribu
2900 1163 3201 1231 Benjamin.
3240 1161 3537 1232 Benjamin
3593 1163 3749 1215 Jeru-

2061 1250 2238 1304 salem
2270 1251 2576 1321 signiﬁcat,
2608 1268 2737 1321 qute
2768 1255 2853 1305 est
2899 1250 2955 1304 in
2985 1250 3137 1305 tribu
3172 1267 3274 1303 sua
3304 1267 3315 1303 :
3351 1251 3522 1320 fcujus
3569 1266 3753 1321 popu-

2058 1338 2166 1404 lus,
2215 1340 2527 1393 secundum
2576 1339 2939 1411 prophetiam
2969 1339 3196 1404 Rachel,
3236 1340 3510 1403 Bennoni,
3569 1339 3626 1392 id
3672 1344 3758 1392 est

2058 1425 2208 1495 ﬁlius
2250 1427 2451 1481 doloris
2502 1427 2627 1493 fuit,
2684 1427 2820 1498 quia
2867 1427 3025 1497 gravi
3069 1426 3265 1480 dolore
3322 1431 3563 1480 matrem
3615 1427 3760 1480 aﬁ'e-

2061 1515 2156 1567 cit.
2190 1515 2540 1584 Sanguinem
2571 1515 2726 1569 enim
2751 1516 3163 1586 prophetarum
3194 1514 3361 1583 fudit,
3393 1519 3450 1567 et
3477 1514 3539 1567 in
3595 1514 3757 1568 Chri-

2062 1602 2133 1655 sti
2164 1618 2358 1656 necem
2391 1603 2725 1673 conspirans
2756 1603 2871 1656 ait:
2913 1603 3149 1669 Sanguis
3188 1604 3305 1671 ejus
3355 1616 3517 1670 super
3564 1616 3662 1655 nos
3710 1606 3763 1655 et

2058 1705 2221 1758 super
2274 1691 2415 1757 ﬁlios
2470 1695 2679 1745 nostros
2734 1691 2954 1757 (Matth.
3018 1690 3213 1757 xxvu).
3266 1689 3333 1743 In
3390 1688 3762 1742 credentibus

2053 1794 2210 1846 vero,
2233 1779 2400 1848 juxta
2428 1779 2606 1848 patris
2637 1778 3020 1848 prophetiam,
3064 1779 3217 1846 ﬁlius
3270 1779 3496 1832 dextrae.
3554 1777 3764 1846 Benja-

2055 1866 2178 1919 min
2200 1882 2425 1938 quoque
2456 1866 2729 1937 gentilem
2761 1867 3039 1937 populum
3069 1870 3259 1936 potest
3290 1864 3634 1935 signiﬁcare,
3659 1864 3764 1935 qui

2055 1954 2207 2008 ﬁlius
2254 1955 2468 2008 doloris
2516 1955 2625 2009 fuit
2673 1955 3024 2010 Christianos
3083 1953 3502 2025 persequendo.
3579 1954 3764 2007 Filius

2057 2044 2230 2097 etiam
2283 2043 2495 2097 dextrae
2543 2047 2727 2113 potest
2773 2043 2904 2107 dici,
2958 2042 3018 2096 in
3061 2042 3281 2113 judicio
3339 2042 3409 2095 ad
3459 2042 3759 2095 dexteram

2058 2132 2159 2187 Dei
2188 2133 2313 2199 erit,
2354 2134 2441 2186 vel
2491 2133 2591 2204 qui
2640 2133 2893 2201 dextera,
2943 2132 2997 2186 id
3031 2136 3114 2185 est
3140 2132 3291 2186 bona
3343 2148 3538 2201 opera,
3597 2132 3755 2186 facit.

2058 2222 2239 2291 Hujus
2268 2221 2470 2291 populi
2500 2221 2742 2285 Abidan,
2774 2222 2831 2275 id
2863 2226 2947 2275 est
2971 2227 3130 2291 pater
3159 2237 3327 2287 meus,
3356 2222 3551 2291 judex,
3600 2221 3761 2275 ﬁlius

2058 2309 2356 2375 Gedeonis,
2424 2309 2522 2380 qui
2570 2308 2983 2379 interpretatur
3035 2311 3258 2363 tentatio
3306 2311 3621 2377 iniquitatis
3667 2310 3759 2363 vel

2058 2398 2420 2463 humilitatis;
2478 2397 2742 2468 princeps
2786 2400 2871 2451 est
2903 2414 2915 2451 :
2951 2398 3089 2468 quia
3139 2396 3395 2451 Christus
3424 2397 3621 2467 (quem
3654 2397 3757 2451 hu-

2057 2485 2253 2539 milem
2298 2486 2526 2539 Iudaeus
2569 2486 2782 2555 sprevit
2812 2490 2869 2538 et
2927 2485 3191 2538 diabolus
3238 2484 3436 2554 inique
3494 2485 3756 2552 tentavit)

2056 2579 2226 2642 caput
2256 2577 2339 2626 est
2368 2573 2741 2634 credentium,
2783 2578 2837 2626 et
2860 2573 3035 2643 judex
3068 2580 3339 2627 venturus
3385 2567 3645 2626 vivdrum
3701 2581 3762 2627 et

2056 2666 2438 2715 mortuorum.
2488 2661 2793 2727 Moraliter,
2850 2661 3167 2731 Benjamin,
3215 2662 3363 2729 ﬁlius
3395 2660 3621 2727 dextrae,
3687 2661 3759 2713 si-

2056 2748 2288 2819 gniﬁcat
2318 2765 2412 2801 eos
2452 2749 2551 2819 qui
2578 2749 2801 2803 fortiter
2838 2754 3098 2819 pugnant
3128 2754 3326 2802 contra
3356 2748 3641 2815 inimicos,
3696 2755 3757 2803 et

2054 2836 2277 2890 fortiter
2302 2846 2569 2908 premunt
2598 2838 2933 2891 tentationis
2963 2837 3245 2901 stimulos,
3285 2852 3389 2889 nec
3437 2835 3753 2891 femineum

258 2937 547 3007 voluptate
603 2938 957 3005 mortiﬁcata,
1010 2942 1296 3008 quaerunt,
1330 2942 1383 2990 et
1414 2953 1687 3007 pompam
1747 2937 1948 2990 mundi
1978 2927 2019 2982 C
2056 2925 2275 2995 aliquid
2310 2926 2395 2979 vel
2426 2926 2599 2980 molle
2629 2926 2688 2979 in
2717 2942 2774 2980 se
2804 2925 3089 2980 dominari
3120 2925 3480 2996 permittunt.

259 3024 560 3091 calcantes,
632 3026 873 3079 humilia
917 3026 1347 3097 amplectentes,
1404 3024 1508 3078 soli
1558 3026 1672 3079 Deo
1725 3026 1949 3095 placere

261 3110 521 3179 cupiunt.

325 3198 630 3251 Nathanael
650 3200 795 3267 ﬁlius
828 3200 987 3254 Suar.
1023 3198 1130 3263 Qui
1155 3198 1248 3268 pie
1292 3202 1556 3252 exercent
1601 3214 1661 3252 se
1702 3203 1767 3252 ut
1800 3214 1950 3251 mer-

261 3284 458 3338 cedem
487 3285 546 3338 in
578 3287 732 3341 caelis
764 3286 1062 3356 accipiant,
1097 3302 1297 3340 eorum
1325 3286 1591 3356 princeps
1620 3290 1706 3339 est
1742 3287 1949 3340 Natha-

260 3373 410 3438 nael,
445 3372 503 3427 id
532 3379 617 3427 est
654 3376 787 3429 Deus
818 3390 961 3428 meus
1000 3374 1086 3453 vel
1137 3373 1336 3427 donum
1386 3374 1499 3437 Dei,
1560 3374 1733 3427 Filius
1784 3375 1947 3440 Suar,

262 3461 321 3514 id
352 3466 438 3514 est
476 3461 671 3532 pusilli
718 3460 947 3526 Christi,
980 3460 1195 3515 scilicet
1223 3460 1323 3530 qui
1372 3460 1523 3513 inter
1547 3459 1811 3514 homines
1842 3477 1949 3531 pu-

264 3540 423 3594 sillus
450 3541 717 3611 apparuit
745 3558 757 3596 :
796 3542 913 3612 ipse
944 3541 1101 3596 enim
1128 3542 1237 3595 dux
1270 3548 1327 3595 et
1352 3541 1472 3611 ipsc
1502 3556 1737 3594 merces.

334 3631 494 3684 Vens.
529 3633 581 3685 9.
626 3660 696 3669 —
747 3633 825 3686 De
877 3632 1023 3685 tribu
1067 3631 1323 3685 Zabulon.
1373 3629 1498 3701 (ιο.)
1548 3630 1799 3685 Zabulon
1858 3648 1952 3701 pa-

262 3718 467 3772 tientes
508 3718 737 3789 ﬁgurat,
767 3725 897 3786 etc.,
925 3734 1092 3789 usque
1129 3718 1204 3773 ad
1259 3724 1457 3774 contra
1487 3718 1785 3773 haeretieos
1839 3720 1949 3773 sci-

263 3805 397 3860 licet
420 3810 475 3860 et
506 3806 913 3862 schismaticos.

322 3894 481 3948 Vens.
519 3898 601 3949 10.
636 3925 703 3935 -
750 3899 979 3967 Joseph.
1014 3896 1170 3951 Idem
1215 3896 1445 3967 Joseph,
1489 3901 1649 3967 pater
1709 3897 1951 3952 duarum

264 3980 521 4036 tribuum
554 4024 568 4050 ,
617 3984 904 4039 Christum
974 3985 1277 4056 signiﬁcat,
1345 3986 1570 4039 Patrem
1607 3987 1951 4056 populorum

264 4068 509 4124 duorum
570 4074 626 4124 et
667 4072 917 4141 lapidem
974 4073 1330 4142 angularem.
1403 4073 1669 4143 Ephraim
1738 4074 1948 4141 minor,

266 4157 519 4212 Manasse
574 4159 962 4230 primogenito
995 4162 1281 4231 praelatus,
1339 4161 1616 4231 gentilem
1673 4164 1952 4232 populum

264 4244 499 4299 Iudaico
532 4247 853 4314 praelatum.
903 4249 1061 4302 Unde
1095 4265 1107 4301 :
1151 4250 1324 4303 Amen
1357 4249 1476 4303 dico
1520 4249 1691 4316 vobis,
1724 4266 1830 4305 non
1869 4252 1953 4305 in-

263 4334 387 4386 veni
416 4336 625 4387 tantam
638 4333 798 4402 ﬁdem
820 4336 880 4388 in
911 4336 1087 4389 Israel
1108 4334 1327 4402 (Matth.
1360 4339 1493 4404 vui).

332 4422 598 4476 Elisama.
648 4421 889 4476 Elisama
926 4423 1211 4477 Christum
1241 4422 1538 4492 signiﬁcat,
1592 4423 1661 4477 de
1693 4439 1806 4494 quo
1863 4423 1953 4478 di-

267 4507 462 4579 citur;
494 4511 689 4564 Factus
718 4516 795 4564 est
814 4511 1060 4565 obediens
1082 4512 1238 4565 Patri
1264 4526 1432 4579 usque
1453 4510 1527 4564 ad
1561 4517 1802 4577 mortem,
1844 4517 1951 4566 etc.

274 4578 499 4667 (Philip.
563 4598 645 4669 ιι).
681 4598 789 4662 Qui
839 4598 907 4653 de
958 4614 1018 4653 se
1059 4598 1175 4653 ait:
1230 4578 1355 4665 Qud
1408 4600 1600 4653 audivi
1636 4600 1704 4653 ab
1751 4616 1808 4655 eo
1846 4601 1954 4655 haec

265 4686 454 4753 loquor
488 4688 547 4740 in
576 4687 774 4741 mundo
820 4687 1007 4757 (Joan.
1046 4686 1180 4757 vm).
1214 4686 1318 4740 Hic
1349 4690 1433 4739 est
1461 4687 1613 4741 ﬁlius
1659 4688 1951 4749 Ammiud,

268 4773 325 4827 id
368 4779 453 4827 est
504 4777 699 4845 populi
742 4776 952 4845 inclyti,
995 4775 1064 4830 de
1121 4775 1294 4847 stirpe
1336 4774 1548 4830 scilicet
1577 4792 1798 4847 regum,
1852 4793 1952 4848 pa-

266 4861 643 4917 triarcharum
674 4869 729 4917 et
755 4864 1189 4935 prophetarum.

339 4950 522 5019 (ΗΑΒ.)
592 4952 835 5007 Elisama
879 4952 1140 5023 princeps
1202 4951 1263 5004 in
1312 4951 1461 5005 tribu
1515 4954 1804 5023 Ephraim,
1873 4954 1955 5008 si-

264 5036 498 5105 gniﬁcat
530 5055 628 5092 eos
674 5041 774 5111 qui
820 5046 1033 5095 attente
1074 5039 1307 5095 verbum
1363 5039 1459 5093 Dei
1512 5041 1755 5096 audiunt
1778 5042 1951 5097 corde

270 5125 421 5179 bono
445 5128 500 5178 et
531 5126 774 5195 optimo,
807 5134 864 5182 et
888 5130 1133 5183 fructum
1167 5128 1413 5183 aﬁ'erunt
1442 5128 1501 5181 in
1542 5129 1834 5198 patientia.

339 5215 636 5278 Manasses,
701 5220 807 5269 etc.
858 5216 1178 5282 Obliviosus,
1238 5233 1303 5271 ea
1374 5216 1587 5271 scilicet
1645 5234 1764 5287 qua
1816 5221 1958 5271 retro

271 5305 398 5356 sunt
425 5300 740 5357 obliviscens
770 5308 821 5356 et
865 5306 925 5357 in
954 5307 1231 5359 anteriora
1259 5321 1314 5359 se
1342 5305 1639 5361 extendens
1671 5322 1683 5358 :
1718 5309 1779 5359 ut
1811 5306 1956 5359 acci-

266 5393 393 5460 piat
447 5404 698 5445 caronam
740 5393 864 5445 vita
892 5408 1057 5461 quam
1107 5394 1368 5449 retribuet
1407 5394 1553 5447 Deus
1605 5392 1959 5460 diligentibus

272 5492 328 5533 se
354 5477 583 5547 (Philip.
618 5494 706 5543 Ill;
737 5479 867 5533 Jac.
907 5479 966 5547 ι).

2135 3015 2292 3069 Vens.
2329 3017 2411 3068 l2.
2446 3042 2511 3055 —
2556 3018 2627 3069 De
2661 3014 2808 3067 tribu
2858 3015 3001 3067 Dan.
3059 3015 3178 3067 Dan
3208 3013 3493 3080 iudicium,
3542 3013 3627 3066 vel
3652 3014 3752 3081 ju-

2058 3102 2265 3157 dicans.
2299 3102 2365 3156 Hi
2391 3108 2523 3156 sunt
2558 3102 2658 3173 qui
2695 3102 2891 3156 omnia
2923 3102 3161 3155 discrete
3188 3104 3387 3171 agunt,
3433 3100 3532 3170 qui
3580 3100 3754 3155 Abie-

2058 3206 2173 3255 zer,
2224 3190 2281 3244 id
2336 3195 2419 3243 est
2457 3192 2689 3256 fratrem
2733 3190 3062 3258 adjutorem,
3110 3188 3214 3241 sibi
3264 3188 3581 3257 principem
3614 3205 3753 3241 con-

2059 3280 2349 3334 stituunt:
2409 3278 2547 3349 quia
2594 3279 2907 3332 secundum
2964 3280 3196 3332 Patrum
3232 3276 3490 3345 regulam
3558 3276 3758 3329 omnia

2055 3367 2287 3432 faciunt,
2324 3368 2409 3421 vel
2444 3367 2637 3419 omnia
2654 3355 2806 3420 bona
2839 3383 2939 3419 sua
2962 3367 3078 3419 Deo
3110 3364 3389 3419 tribuunt.

2127 3457 2303 3525 (Rau,
2324 3456 2419 3509 ubi
2436 3455 2651 3525 supra.)
2675 3456 2816 3520 Dan,
2850 3460 2979 3520 etc.,
3007 3469 3177 3523 usque
3205 3453 3281 3507 ad
3301 3453 3370 3507 ad
3413 3451 3751 3505 societatem
3830 3476 3839 3493 ι

2056 3544 2328 3617 spiritalis
2348 3544 2547 3615 gratia:
2575 3545 2899 3597 hortantur.

2131 3635 2291 3687 Vens.
2353 3636 2431 3687 13.
2466 3662 2535 3672 —
2584 3636 2655 3686 De
2682 3633 2831 3686 tribu
2868 3634 3024 3687 Aser.
3060 3633 3190 3701 (1ο.)
3224 3634 3380 3694 Aser,
3414 3635 3545 3695 etc.,
3586 3644 3763 3697 usque

2058 3721 2132 3776 ad
2151 3721 2497 3775 retribuetur
2526 3720 2679 3774 enim
2711 3719 2789 3772 eis
2814 3719 2873 3773 in
2895 3719 3308 3773 resurrectione
3326 3719 3634 3788 justorum.

2130 3811 2295 3864 Vnus.
2332 3811 2415 3863 14.
2448 3838 2517 3850 -
2561 3810 2640 3863 De
2670 3809 2817 3861 tribu
2856 3809 3001 3861 Gad.
3037 3808 3158 3877 (Ιο.)
3218 3806 3559 3877 Allegorice,
3612 3809 3756 3867 etc.,

2056 3914 2225 3967 usque
2276 3898 2351 3952 ad
2407 3898 2601 3952 unde:
2659 3899 2852 3951 Gallus
2904 3900 3201 3951 succinctus
3252 3897 3428 3950 lumbo
3489 3900 3539 3949 et
3579 3897 3748 3957 aries,

2057 4002 2149 4041 nec
2174 3992 2252 4041 est
2275 4002 2375 4042 rea:
2405 3989 2503 4056 qui
2520 3986 2745 4041 resistat
2775 3986 3018 4056 ei(Prov.
3052 3984 3200 4053 xxx).

2130 4076 2291 4129 Vens.
2352 4078 2432 4141 15,
2482 4104 2554 4115 —
2583 4078 2662 4131 De
2693 4073 2842 4129 tribu
2876 4074 3184 4142 Nephthali.
3234 4072 3555 4143 Nephthali,
3617 4076 3748 4137 etc.,

2059 4177 2228 4231 usque
2258 4163 2332 4217 ad
2350 4163 2521 4232 iunde
2554 4165 2727 4217 :Jam
2770 4177 2877 4217 non
2904 4162 3085 4215 dicam
3107 4176 3200 4215 vos
3237 4176 3414 4215 servos
3464 4160 3558 4214 sed
3608 4163 3755 4213 ami-

2063 4266 2167 4314 cos,
2211 4255 2318 4304 etc.
2356 4252 2530 4317 (Joan.
2564 4254 2677 4317 xv).

2136 4339 2297 4392 Vens.
2358 4341 2440 4393 16.
2490 4340 2689 4392 —Per
2735 4339 3097 4407 cognationes.
3158 4337 3342 4407 (AUG.,
3385 4340 3573 4406 quaest.
3623 4339 3657 4389 2
3702 4338 3765 4389 in

2064 4426 2252 4494 Num.)
2284 4426 2479 4480 Merito
2514 4427 2790 4497 qumﬁtur
2829 4442 3027 4497 quare,
3056 4430 3185 4493 etc.,
3231 4440 3399 4493 usque
3448 4425 3522 4478 ad
3576 4428 3633 4477 et
3662 4440 3764 4476 no-

2063 4529 2197 4567 vum
2231 4518 2475 4584 quatuor
2500 4514 2838 4585 Evangeliis.

2134 4603 2292 4656 Vens.
2339 4605 2423 4657 18.
2470 4630 2532 4641 —
2568 4607 2617 4656 Α
2672 4604 2941 4657 vicesimo.
2996 4602 3179 4671 (1510.)
3212 4603 3255 4654 Α
3304 4600 3573 4654 vicesimo
3605 4616 3761 4652 anno

2065 4698 2456 4754 numerantur,
2500 4689 2600 4759 qui
2633 4689 2705 4743 ad
2732 4689 2948 4742 bellum
2999 4687 3314 4758 eliguntur,
3371 4687 3470 4757 qui
3528 4686 3598 4739 ab
3652 4685 3764 4739 hac

2064 4778 2230 4829 astate
2260 4779 2453 4827 contra
2492 4789 2964 4844 unumquemque
3014 4772 3284 4826 vitiorum
3317 4771 3470 4825 bella
3520 4785 3759 4824 nascun.

2063 4867 2176 4917 tur.
2206 4862 2453 4933 Ideoque
2476 4862 2547 4916 ad
2576 4878 2831 4932 pugnam
2851 4861 3164 4932 eliguntur,
3187 4866 3252 4914 ut
3280 4864 3542 4931 pugnent
3561 4862 3767 4912 contra

2065 4950 2382 5017 libidinem,
2406 4966 2478 5004 ne
2500 4950 2724 5004 luxuria
2754 4954 3117 5019 superentur.

2136 5041 2296 5095 Vens.
2333 5044 2420 5096 37.
2456 5069 2518 5081 —
2555 5042 2809 5105 Triginta
2838 5042 3076 5107 quinque
3116 5038 3310 5092 millia.
3376 5037 3513 5091 Boni
3558 5036 3763 5105 conju-

2068 5128 2205 5199 gati,
2259 5129 2394 5199 quia
2448 5130 2519 5182 ad
2577 5128 3015 5199 signiﬁcandum
3064 5125 3433 5182 tricenarium
3478 5124 3648 5178 index
3710 5130 3770 5178 et

2066 5218 2250 5288 pollex
2282 5217 2489 5271 blando
2521 5217 2715 5270 osculo
2748 5215 3178 5279 continguntur.
3215 5213 3372 5267 Unde
3403 5212 3557 5265 aliud
3595 5211 3762 5265 trice-

2065 5306 2297 5372 simum,
2340 5306 2494 5359 aliud
2523 5305 2966 5374 sexagesimum,
3000 5302 3153 5356 aliud
3184 5317 3313 5356 vero
3360 5300 3763 5354 centesimum.

2139 5394 2297 5449 Vens.
2329 5397 2418 5450 39.
2439 5423 2510 5434 —
2536 5394 2899 5462 Septingenti.
2934 5390 3297 5462 Spiritalibus
3338 5388 3504 5443 donis
3560 5404 3765 5459 prove-

2071 5479 2168 5545 cti,
2211 5486 2269 5535 et
2320 5481 2392 5536 ad
2431 5482 2693 5537 dextram
2732 5479 2832 5535 Dei
2888 5478 3134 5534 locandi.
3184 5476 3561 5533 Centenarius
3606 5476 3766 5530 enim
