3976 6178
164 283 241 335 385

1276 272 1528 328 GLOSSA
1565 272 1965 329 0RDINARIA.
2012 303 2079 312 —
2122 274 2247 328 LIB.
2291 272 2455 328 NUM.

3515 277 3617 330 386
3658 288 3659 295 ‘

157 412 379 451 numerus
426 396 651 465 primus
698 394 758 447 in
811 394 1099 447 dexteram
1144 398 1529 463 computatur,
1594 394 1798 465 pollice
1827 397 1871 451 Δ
1909 395 2305 465 probabuntur
2335 394 2522 459 electi,
2567 394 2627 447 in
2680 394 3022 448 oblivionem
3064 394 3262 448 mortis
3320 396 3619 451 tradentur

157 494 195 541 et
219 486 374 539 indice
404 484 463 536 in
493 499 765 537 coronam
787 482 967 548 ﬂexis;
1007 482 1184 536 unde:
1233 482 1368 536 Jam
1421 482 1647 535 dextera
1677 497 1811 536 com-

155 578 276 644 putat
308 587 487 625 annos.

205 664 333 731 (Rau.
374 663 431 712 in
454 661 640 720 Num.,
681 665 821 714 tom.
853 658 945 729 II.)
979 661 1041 713 In
1061 659 1214 713 tribu
1273 658 1425 725 Levi,
1460 662 1589 723 etc.,
1636 672 1806 728 usque

154 747 371 819 adquasi
413 747 673 800 humeris
721 746 930 801 laboris
982 752 1041 800 et
1116 746 1413 816 patientiae
1502 746 1807 800 Ecclesiam

154 840 358 908 portant.

206 927 459 978 Vens.51.
511 953 581 963 —
620 924 856 992 Cumque
900 922 1370 993 proﬁciscendum,
1429 926 1533 976 etc.
1606 922 1668 976 Id
1699 925 1803 983 est,

153 1028 367 1067 sermone
396 1015 454 1065 et
509 1012 773 1081 exemplo
829 1010 1152 1080 disponent,
1216 1010 1508 1081 quomodo
1566 1011 1808 1081 quisque

154 1101 443 1157 humiliatus
472 1101 534 1154 in
564 1100 822 1171 profectu
857 1099 1132 1153 virtutum
1189 1098 1502 1169 gradiatur.

207 1191 434 1257 Quisquis
482 1194 843 1248 externorum.
893 1192 999 1241 etc.
1063 1187 1250 1255 (Ama,
1310 1191 1498 1256 quaest.
1538 1188 1610 1255 3.)
1662 1187 1812 1241 Alie-

154 1280 313 1344 nigena
355 1278 452 1345 qui
500 1278 803 1340 accesserit,
863 1277 1150 1328 moriatur.
1207 1274 1306 1327 Hic
1354 1273 1680 1343 alienigena
1724 1273 1813 1326 iu-

154 1365 454 1435 telligeudus
484 1370 573 1419 est
595 1365 770 1418 etiam
827 1362 896 1416 de
926 1362 1041 1416 illis
1088 1364 1280 1427 Israel,
1337 1366 1468 1427 etc.,
1525 1376 1695 1429 usque
1741 1360 1816 1415 ad

160 1453 477 1523 utallophyli
498 1452 864 1522 appellentur
915 1451 1080 1521 quasi
1109 1451 1351 1504 aliarum
1399 1449 1652 1503 tribuum
1712 1448 1816 1503 ho-

156 1565 320 1603 mines.

207 1639 506 1704 Allegorice.
539 1636 683 1699 Quid
705 1636 775 1690 ad
828 1651 1051 1689 sacrum
1107 1635 1491 1689 ministerium
1540 1634 1813 1703 indignus

151 1726 341 1791 accedit,
387 1741 614 1794 poenam
673 1723 1141 1794 praesumptionis
1192 1740 1309 1776 non
1359 1722 1592 1776 evadit:
1652 1722 1815 1775 Nemo

150 1818 259 1865 enim
285 1814 425 1867 debet
473 1814 583 1867 sibi
634 1828 840 1866 sumere
887 1815 1157 1879 honorem,
1226 1814 1339 1865 nisi
1382 1813 1478 1879 qui
1514 1815 1737 1863 vocatur
1782 1824 1815 1861 a

151 1902 257 1969 Deo,
284 1908 539 1969 tanquam
564 1902 754 1954 Aaron
793 1901 976 1970 (Hebr.
1034 1902 1110 1969 v).
1159 1899 1315 1953 Unde
1364 1898 1547 1964 Ozias,
1605 1898 1705 1968 qui
1727 1914 1813 1949 sa-

149 1990 421 2042 cerdotium
451 1989 766 2058 usurpavit,
792 1989 949 2056 lepra
999 2002 1300 2057 percussus
1330 1992 1433 2039 est.

207 2077 343 2131 Vens.
375 2080 463 2131 52.
496 2106 567 2115 —
619 2079 997 2145 Unusquisque
1047 2091 1149 2144 per
1192 2080 1419 2137 turmas,
1476 2074 1812 2143 etc.(Oale.,

148 2166 315 2217 hom.2
342 2168 398 2218 in
448 2165 635 2234 Num.)
679 2164 1077 2234 Unusquisque
1128 2162 1442 2216 secundum
1491 2162 1654 2230 signa
1691 2177 1810 2221 sua.

149 2258 250 2317 etc.,
293 2269 456 2321 usque
502 2254 578 2306 ad
633 2253 679 2305 si
724 2253 868 2306 nihil
917 2252 1257 2322 inquietum,
1315 2251 1459 2304 nihil
1518 2251 1814 2304 inordina-

148 2346 263 2405 tam,
294 2342 433 2395 nihil
490 2341 859 2394 inhonestum
910 2340 1236 2393 inveniatur
1280 2339 1338 2392 in
1391 2337 1575 2393 nobis.

818 2526 1042 2580 CAPUT
1082 2525 1145 2578 Il.
1220 2515 1227 2525 ’

227 2697 369 2749 Vsas.
405 2700 447 2749 l.
501 2724 574 2735 -—
605 2696 940 2763 Locutusque
962 2697 1041 2747 est
1104 2695 1379 2747 Dominus.
1433 2692 1635 2757 (Ome,
1671 2691 1810 2743 hom.

148 2785 244 2835 2m
291 2784 471 2849 Num.)
528 2784 693 2835 Homo
769 2780 1061 2834 secundum
1118 2778 1359 2832 ordinem
1438 2792 1615 2843 suum,
1682 2781 1811 2839 etc.,

146 2885 285 2937 usque
307 2870 380 2923 ad
406 2876 465 2924 et
494 2869 641 2922 nihil
689 2868 1002 2921 secundum
1043 2866 1303 2919 ordinem
1350 2881 1565 2934 gerere.

1843 1682 1885 1737 B

201 2959 309 3027 (ιο.)
356 2958 760 3028 Unusquisque
841 2960 1115 3020 nostrum,
1195 2959 1323 3019 etc.,
1379 2969 1547 3022 usque
1620 2952 1694 3006 ad
1742 2967 1881 3023 nec

146 3052 350 3116 propter
387 3062 527 3101 eum
559 3061 770 3098 nomen
803 3043 902 3097 Dei
933 3043 1384 3111 blasphemetur.

199 3135 301 3199 (ιο.)
332 3134 641 3189 Secundum
676 3148 779 3187 sua
834 3134 1014 3199 signa,
1066 3135 1171 3183 elc.
1229 3130 1445 3193 Quibus
1476 3128 1689 3182 scilicet
1714 3144 1814 3181 cu-

138 3218 311 3290 jusqus
335 3220 662 3292 proprietas
695 3219 1045 3290 designatur,
1087 3223 1217 3282 etc.,
1258 3232 1428 3284 usque
1477 3217 1551 3269 ad
1602 3220 1817 3286 quanto

143 3309 296 3378 magis
325 3310 536 3379 reliqui
562 3309 820 3362 homines
851 3307 1083 3377 propria
1126 3305 1289 3375 signa
1343 3306 1401 3358 in
1432 3304 1681 3357 motibus
1706 3303 1818 3357 aui-

145 3410 340 3450 morum
371 3403 428 3450 et
452 3397 665 3451 animae
686 3395 991 3449 virtutibus
1022 3395 1269 3464 gerunt?

200 3486 428 3541 Vens.2.
479 3515 552 3525 —
608 3488 708 3539 Per
754 3499 949 3552 gyrum
1006 3483 1363 3548 tabernaculi,
1419 3486 1525 3534 etc.
1577 3481 1734 3550 (llas.
1761 3482 1822 3533 in

143 3573 295 3637 Num.)
336 3574 500 3627 Circa
544 3573 999 3635 tabernaculum,
1059 3577 1190 3637 etc.,
1260 3584 1428 3637 usque
1472 3569 1547 3622 ad
1576 3585 1820 3639 quorum

141 3662 377 3728 precibus
407 3667 465 3715 et
496 3660 755 3714 doctrina
808 3659 1067 3712 munitur
1108 3657 1367 3711 Ecclesia.

199 3748 345 3803 Vens.
382 3752 441 3803 9.
486 3778 558 3788 -—
590 3750 837 3803 Universi
865 3750 960 3816 qui
1014 3748 1072 3799 in
1095 3748 1291 3800 castris
1346 3746 1531 3799 Judae.
1568 3745 1662 3799 His
1717 3744 1822 3798 tri-

140 3833 301 3890 bubus
330 3838 512 3893 Judas
543 3836 830 3908 praesidet,
867 3836 1081 3889 scilicet
1136 3833 1342 3905 regalis
1380 3834 1581 3899 tribus,
1620 3833 1689 3887 de
1711 3848 1826 3903 qua

139 3928 270 3977 ortus
299 3931 383 3980 est
414 3926 694 3991 Christus,
754 3923 993 3978 humani
1025 3922 1252 3993 generis
1283 3938 1379 3976 rex
1423 3926 1479 3975 et
1542 3922 1816 3975 salvator.

198 4013 345 4068 Vens.
384 4017 474 4069 lO.
537 4043 605 4054 —
662 4013 1025 4067 Meridianam
1090 4012 1313 4081 plagam
1371 4013 1475 4064 erit
1545 4012 1822 4079 princeps.

139 4099 246 4154 Haec
273 4102 568 4172 signiﬁcat
633 4100 928 4171 antiquam
980 4099 1078 4153 Dei
1133 4100 1383 4169 plebem,
1454 4114 1584 4169 qua:
1642 4099 1825 4152 lucem

136 4187 427 4262 Evangelii,
481 4191 571 4244 vel
626 4190 769 4259 legis
854 4188 1187 4257 suscipiens,
1260 4202 1454 4241 amore
1511 4186 1828 4241 Conditoris

137 4269 385 4333 fervebat.

197 4368 355 4422 Vens.
402 4373 494 4423 17.
540 4395 608 4408 -
653 4366 951 4421 Levabitur
1001 4368 1181 4419 autem
1234 4363 1644 4419 tabernaculum
1674 4364 1828 4416 testi-

136 4460 301 4523 monii,
332 4462 445 4511 etc.
478 4455 857 4511 Tabernaculi
886 4454 1095 4507 erectio
1153 4453 1241 4506 vel
1295 4451 1580 4522 depositio
1636 4451 1826 4505 Eccle-

138 4543 219 4597 sia:
244 4546 419 4599 situm
453 4544 759 4614 signiﬁcat,
784 4558 913 4614 qua:
942 4542 1003 4595 iu
1064 4540 1427 4595 credentibus
1470 4538 1735 4610 erigitur,
1766 4538 1829 4592 in

137 4634 468 4703 negantibus
530 4632 859 4701 deponitur,
924 4630 985 4683 iu
1032 4628 1375 4700 quibusdam
1420 4626 1713 4681 ordinibus
1739 4642 1828 4679 sa-

137 4720 227 4773 cris
254 4722 627 4786 sublimatnr,
657 4720 717 4773 in
750 4718 876 4771 aliis
898 4717 1115 4788 judicio
1179 4716 1537 4770 sacerdotum
1596 4730 1830 4768 excom-

135 4811 512 4864 municatione
562 4807 917 4863 humiliatur.

193 4898 278 4951 Ad
296 4897 683 4952 occidentalem
725 4896 947 4963 plagam
985 4898 1162 4959 erunt,
1212 4896 1316 4947 etc.
1344 4892 1509 4961 (Ras.
1543 4893 1603 4945 in
1644 4892 1827 4959 Num.,

132 4986 253 5039 tom.
283 4987 378 5053 Il.)
416 4986 689 5039 Dicamus
713 4983 899 5036 adhuc
935 4981 1151 5052 aliquid
1184 4980 1338 5051 quod
1398 4979 1632 5048 adjuvet
1659 4980 1830 5034 lecto-

139 5087 259 5141 rem,
290 5081 426 5141 etc.,
460 5088 631 5141 usque
658 5072 732 5126 ad
764 5076 823 5125 ut
869 5087 1065 5125 secure
1123 5068 1339 5140 possint
1403 5065 1663 5120 divinum
1718 5066 1827 5119 im-

136 5164 267 5230 plere
297 5163 581 5218 ofﬁcium.

190 5252 339 5306 Vens.
374 5255 468 5306 l8.
504 5280 574 5290 —
633 5247 1043 5305 Occidentalem.
1104 5247 1234 5300 Haec
1290 5246 1462 5315 plaga
1515 5248 1828 5314 utrumque

136 5340 387 5405 parietem
420 5337 782 5393 tabernaculi
814 5335 875 5389 in
904 5352 962 5390 se
992 5334 1296 5405 recipiens,
1336 5333 1396 5387 in
1438 5348 1498 5387 se
1522 5332 1826 5403 jungendo

140 5432 501 5494 consummat,
550 5431 609 5480 et
662 5423 1222 5479 consummationem
1280 5420 1543 5477 Ecclesiae
1600 5421 1661 5475 in
1711 5419 1827 5475 ﬁne

140 5517 310 5572 mundi
340 5515 659 5587 signiﬁcat,
692 5513 923 5584 quando
953 5513 1014 5565 in
1046 5512 1231 5565 fructu
1276 5511 1561 5565 bonorum
1585 5524 1823 5580 operum

1917 483 2103 554 impii,
2139 483 2207 537 ad
2250 484 2538 537 dexteram
2574 482 2675 536 Dei
2698 483 3041 537 locabuntur
3075 483 3237 553 justi.

1988 573 2152 626 Vens.
2214 575 2304 627 25.
2354 602 2424 614 —
2480 560 2573 626 Ad
2634 573 2909 641 aquilonis
2961 577 3173 640 partem
3246 575 3621 627 castramctati

1916 667 2042 717 sunt
2066 664 2170 730 ﬁlii
2216 665 2352 716 Dan.
2407 662 2535 715 Haec
2596 662 2767 730 plaga
2828 660 3110 729 signiﬁcat
3188 660 3618 715 multitudinem

1918 751 2176 820 gentium
2211 766 2390 821 usque
2419 749 2488 802 ad
2516 748 2801 801 Christum
2833 748 3041 817 frigore
3088 747 3441 802 inﬁdelitatis
3498 756 3617 803 tor-

1918 844 2171 908 pentem,
2205 839 2299 892 sed
2326 838 2568 908 repulsis
2622 836 2834 890 Iudaeis
2855 836 3071 905 judicio
3128 836 3225 889 Dei
3277 838 3338 890 in
3369 838 3618 893 Ecclesia

1918 928 2153 982 dilatata
2183 931 2456 980 aeternam
2491 924 2899 979 beatitudinem
2930 928 3232 994 exspectat.

2582 1056 2805 1112 CAPUT
2874 1058 2967 1111 Ill.

1990 1194 2152 1246 Vens.
2190 1194 2240 1245 3.
2266 1221 2333 1230 -
2371 1190 2719 1245 Sacerdotum
2770 1191 2871 1259 qui
2897 1191 3049 1243 uncti
3088 1194 3238 1257 sunt,
3289 1196 3395 1245 etc.
3457 1192 3613 1261 (Ras.

1920 1285 1981 1336 in
2010 1283 2200 1345 Num.,
2225 1285 2342 1333 tom
2364 1280 2461 1347 II.)
2508 1280 2764 1342 Quatuor
2811 1277 2894 1330 ﬁli
2924 1280 3131 1341 Aaron,
3165 1284 3294 1345 etc.,
3328 1295 3498 1348 usque
3544 1281 3619 1335 ad

1922 1370 2055 1441 igne
2086 1369 2291 1422 divinae
2321 1367 2556 1421 ultionis
2584 1371 3017 1420 consumuntur.

2022 1458 2182 1511 Vens.
2240 1459 2290 1510 6.
2353 1484 2417 1495 —
2467 1456 2671 1523 Accipe
2722 1454 2942 1509 tribum.
3002 1455 3191 1524 (Auc.,
3226 1460 3416 1523 quaest.
3474 1457 3507 1509 4
3560 1458 3621 1510 in

1921 1546 2104 1613 Num.)
2161 1546 2356 1612 Accipe
2378 1543 2585 1597 tribum
2611 1543 2760 1606 Levi,
2801 1546 2929 1600 etc.,
2968 1543 3221 1609 usquead
3256 1543 3315 1596 in
3344 1544 3470 1597 aliis
3505 1544 3619 1597 cir-

1923 1648 2285 1703 cumquaque
2317 1631 2512 1685 castris
2546 1629 2798 1684 filiorum
2832 1630 3023 1683 Israel.

1994 1724 2155 1776 Vens.
2194 1723 2375 1775 lO.—
2417 1724 2712 1775 Emternus.
2772 1719 2899 1787 (1ο.)
2946 1719 3264 1787 Alienigena
3313 1723 3411 1789 qui
3436 1723 3619 1789 tetige-

1922 1815 1999 1866 rit
2042 1812 2319 1864 moriclur.
2378 1806 2763 1871 Quaerendum
2830 1806 3117 1875 quomodo
3187 1806 3409 1872 dixerit,
3490 1816 3620 1875 etc.,

1922 1916 2091 1969 usque
2117 1899 2191 1952 ad
2211 1898 2344 1952 hinc
2364 1896 2519 1950 enim
2561 1895 2921 1965 loquebatur.

1994 1989 2155 2041 Vsus.
2202 1989 2284 2039 l2.
2327 2014 2396 2024 —
2425 1986 2537 2051 Ego
2560 1984 2661 2036 tuli
2690 1983 2926 2035 Levitas.
2971 1981 3097 2049 (10.,
3130 1988 3318 2050 quaest.
3370 1984 3446 2053 6.)
3476 1985 3624 2049 Quid

1924 2083 2009 2132 est
2040 2076 2195 2148 quod
2228 2074 2464 2139 Levitas,
2497 2076 2625 2139 etc.,
2658 2086 2825 2138 usque
2879 2069 2953 2122 ad
2991 2087 3092 2123 nec
3122 2087 3226 2140 pro
3261 2073 3346 2126 his
3382 2090 3625 2147 compu-

1924 2166 2034 2219 tari
2062 2169 2314 2235 posteros
2360 2163 2678 2217 Levitarum
2721 2160 2807 2211 vel
2860 2174 3130 2227 pecorum
3163 2175 3381 2215 eorum.

2030 2253 2210 2324 (Ome.
2262 2253 2399 2305 hom.
2458 2252 2488 2304 3
2540 2252 2599 2301 in
2669 2246 2854 2314 Num.)
2912 2248 3025 2312 Ego
3084 2254 3357 2318 assumpsi
3411 2253 3626 2306 Levitas

1924 2343 1990 2395 de
2012 2341 2186 2395 medio
2231 2340 2472 2409 ﬁliorum
2520 2337 2687 2391 Israel
2730 2350 2830 2404 pro
2881 2336 3027 2387 omni
3075 2338 3465 2405 primogenita,
3515 2344 3624 2395 etc.

1932 2430 2139 2484 Levilm
2178 2431 2546 2481 assumuntur
2568 2441 2671 2495 pro
2702 2422 3120 2493 primogenitis,
3175 2430 3303 2491 etc.,
3357 2442 3525 2495 usque
3555 2428 3629 2481 ad

1926 2525 1990 2572 ut
2026 2520 2101 2571 sit
2135 2519 2265 2587 plus
2303 2532 2407 2586 pro
2448 2512 2834 2586 primogenito
2883 2510 3117 2571 assumi,
3188 2529 3362 2583 quam
3412 2515 3627 2584 primo-

1923 2607 2183 2678 genitum
2206 2604 2377 2658 nasci.

2000 2694 2169 2747 LXX:
2232 2695 2317 2746 EJ:
2372 2690 2545 2744 medio
2594 2691 2827 2756 ﬁliorum
2866 2693 3066 2755 Israel,
3136 2696 3239 2744 etc.
3286 2691 3508 2745 Tertius
3546 2697 3631 2747 est

1928 2781 2055 2834 Levi
2084 2782 2231 2833 inter
2260 2779 2405 2832 ﬁlios
2430 2780 2620 2845 Israel,
2654 2779 2722 2832 de
2752 2796 2865 2850 quo
2897 2795 3033 2849 ergo
3082 2779 3271 2831 medio
3327 2795 3629 2835 assumun-

1924 2881 2019 2927 tur
2075 2867 2325 2922 Levitm?
2378 2866 2610 2920 Invenio
2681 2867 3036 2922 Suuamitem
3092 2867 3438 2921 tiducialiter
3508 2867 3631 2939 regi

1930 2958 2097 3010 Israel
2130 2955 2567 3025 respondentem
2593 2972 2605 3008 :
2647 2957 2709 3008 In
2743 2956 2915 3009 medio
2940 2958 3134 3025 populi
3188 2958 3294 3008 mei
3321 2972 3414 3024 ego
3445 2957 3630 3011 habito

1925 3046 2015 3115 (IV
2040 3046 2168 3115 Reg.
2191 3044 2283 3110 ιν).
2320 3044 2383 3095 Et
2404 3043 2471 3096 de
2503 3043 2723 3097 Christo
2741 3044 3023 3097 Joannem
3056 3044 3341 3097 dicentem
3373 3060 3386 3097 :
3420 3044 3631 3098 Medius

1923 3138 2157 3186 vestrum
2195 3135 2323 3196 stat,
2356 3146 2508 3198 quem
2545 3146 2636 3184 vos
2688 3134 2927 3187 nescitis.
2966 3133 3109 3185 Puto
3167 3148 3304 3202 ergo
3366 3149 3497 3186 eum
3532 3132 3632 3203 qui

1926 3236 2223 3291 nunquam
2293 3218 2659 3272 declinaverit
2727 3219 2796 3273 ad
2850 3220 3141 3274 dexteram
3198 3221 3284 3274 vel
3350 3221 3421 3274 ad
3493 3221 3631 3274 sini-

1928 3317 2122 3375 stram,
2171 3308 2281 3362 dici
2335 3324 2497 3377 posse
2555 3307 2810 3361 medium
2853 3312 3021 3375 stare,
3070 3312 3168 3376 qui
3194 3314 3470 3378 peccatum
3526 3325 3632 3363 non

1929 3400 2084 3465 fecit,
2132 3412 2221 3451 nec
2252 3398 2501 3450 inventus
2559 3401 2636 3450 est
2689 3396 2844 3451 dolus
2876 3398 2936 3450 in
2984 3412 3071 3451 ore
3131 3398 3247 3466 ejus
3293 3397 3424 3469 (lsa.
3488 3399 3628 3467 Lm).

1935 3488 1997 3540 Et
2022 3486 2156 3556 quia
2180 3500 2403 3555 semper
2435 3489 2563 3551 stat,
2600 3485 2822 3539 medius
2868 3491 3017 3539 stare
3056 3485 3283 3541 dicitur.
3342 3486 3451 3550 Qui
3496 3502 3630 3540 vero

1931 3573 2187 3626 imitator
2208 3573 2329 3642 ejus
2359 3581 2461 3638 est,
2494 3573 2639 3627 sicut
2672 3573 2998 3637 Sunamitis,
3057 3578 3203 3628 stare
3237 3575 3469 3645 quidem
3515 3591 3632 3629 non

1934 3660 2160 3728 dicitur,
2192 3659 2327 3730 quia
2379 3659 2684 3730 aliquando
2730 3664 2828 3714 aut
2856 3661 2927 3715 ad
2978 3661 3262 3715 dexteram
3308 3662 3633 3731 inclinatur,

1936 3754 2033 3802 aut
2059 3748 2129 3801 ad
2183 3746 2491 3811 sinistram,
2541 3749 2704 3803 Nemo
2765 3750 2909 3802 enim
2955 3749 3188 3802 mundus
3220 3765 3252 3802 a
3308 3750 3484 3816 sorde,
3540 3767 3634 3805 nec

1934 3839 1983 3891 si
2000 3838 2162 3890 unius
2221 3835 2332 3888 diei
2366 3837 2539 3900 fuerit
2591 3838 2709 3889 vita
2738 3836 2858 3903 ejus
2900 3835 3015 3906 (Job
3068 3838 3198 3906 xv):
3235 3837 3491 3892 habitare
3544 3844 3635 3891 ta-

1934 3940 2068 3978 men
2099 3922 2305 3977 dicitur
2343 3922 2403 3976 in
2433 3922 2622 3976 medio
2668 3923 2888 3993 populi.
2926 3923 3130 3976 Levita:
3148 3939 3283 3992 ergo
3325 3940 3632 3979 assumun-

1937 4015 2031 4063 tur
2062 4010 2131 4063 de
2162 4010 2352 4064 medio
2392 4009 2644 4063 ﬁliorum
2675 4010 2865 4062 Israel.
2894 4009 3098 4063 Levitm
3121 4010 3277 4064 enim
3323 4016 3475 4077 sunt,
3532 4011 3633 4081 qui

1938 4114 2055 4152 non
2076 4102 2468 4168 cognoverunt
2494 4098 2780 4152 dexteram
2837 4101 2893 4151 et
2950 4097 3235 4152 sinistram
3289 4116 3472 4166 suam,
3535 4100 3637 4154 sed

1938 4192 2241 4257 sequentes
2274 4187 2482 4249 Mosen,
2516 4186 2573 4241 id
2601 4192 2703 4253 est,
2736 4188 2925 4257 legem
2957 4187 3075 4253 Dei,
3110 4203 3224 4241 nou
3254 4193 3638 4258 pepercerunt

1871 4258 1916 4314 ί)
1943 4276 2094 4347 patri
2123 4277 2210 4329 vel
2234 4275 2420 4330 matri.
2457 4277 2521 4329 Et
2551 4279 2609 4329 tu
2642 4291 2776 4346 ergo
2823 4276 2891 4344 si,
2932 4277 3196 4330 veniente
3235 4277 3549 4332 tentatione
3579 4284 3636 4332 et

1937 4364 2021 4417 ira
2055 4362 2292 4433 peccati,
2313 4379 2415 4416 nec
2444 4362 2738 4417 iuclineris
2792 4362 2863 4417 ad
2908 4364 3198 4418 dexteram
3248 4365 3336 4419 vel
3391 4366 3463 4419 ad
3495 4365 3638 4419 sini-

1941 4457 2136 4517 stram,
2159 4467 2279 4505 non
2299 4450 2689 4522 prmvariceris
2717 4452 2904 4521 legem
2940 4452 3058 4518 Dei,
3104 4453 3201 4508 sed
3251 4458 3360 4508 stes
3414 4455 3634 4509 medius

1938 4540 2082 4594 ﬁxus
2139 4544 2197 4594 et
2244 4540 2478 4604 stabilis,
2544 4556 2645 4594 nec
2718 4556 2915 4594 curves
2978 4556 3166 4611 genua
3216 4546 3317 4596 tua
3380 4548 3629 4612 peccato,

1941 4644 2045 4681 nec
2067 4627 2299 4698 pecudis
2326 4632 2514 4697 caput,
2561 4628 2794 4695 scilicet,
2827 4629 3083 4683 stultitiae
3136 4630 3391 4701 sequaris
3434 4631 3635 4702 imagi-

1938 4732 2071 4770 nem
2097 4732 2110 4769 :
2137 4717 2443 4770 assumeris
2469 4717 2539 4771 dc
2570 4716 2761 4771 medio
2787 4717 3037 4772 ﬁliorum
3085 4718 3279 4785 Israel,
3309 4724 3364 4773 et
3411 4719 3472 4773 in
3522 4720 3637 4790 pri-

1939 4805 2271 4858 mitivorum
2298 4820 2541 4859 numero
2573 4804 2956 4859 collocaberis.

2006 4894 2222 4962 Aperit.
2261 4894 2384 4947 Non
2414 4894 2743 4965 quicunque
2801 4894 3025 4965 aperuit
3079 4895 3326 4961 vulvam,
3377 4894 3629 4966 primatu

1938 4982 2144 5051 dignus
2173 4985 2278 5049 est,
2310 4981 2462 5036 unde
2496 4998 2509 5035 :
2551 4983 2798 5037 Alienati
2843 4985 2970 5036 sunt
3009 4987 3314 5050 peccatores
3372 4999 3407 5036 a
3444 4985 3630 5048 vulva,

1938 5075 2257 5124 erraverunt
2314 5070 2381 5123 ab
2426 5074 2597 5135 utero,
2659 5070 2822 5123 locuti
2870 5074 2999 5124 sunt
3063 5071 3213 5135 falsa
3262 5071 3430 5142 (Psal.
3476 5074 3631 5142 Lvu).

1938 5157 2232 5222 Quomodo
2264 5158 2418 5212 enim
2448 5158 2576 5227 quis
2615 5173 2805 5211 errare
2838 5157 3026 5227 potuit
3054 5174 3088 5212 a
3150 5158 3241 5212 via
3280 5160 3402 5225 Dei,
3446 5160 3637 5215 statim

1937 5251 2003 5300 ut
2040 5247 2108 5300 de
2128 5251 2325 5300 ventre
2355 5245 2553 5300 matris
2586 5246 2805 5300 exivit?
2832 5249 2944 5301 Aut
2971 5248 3254 5319 quomodo
3292 5249 3479 5319 potuit
3498 5250 3638 5303 falsa

1939 5334 2097 5405 loqui
2127 5350 2311 5404 nuper
2324 5334 2510 5389 editus
2536 5350 2679 5406 puer
2699 5335 2726 5389 ?
2757 5335 3145 5390 Necessarium
3206 5342 3289 5391 est
3344 5353 3479 5408 ergo
3508 5354 3640 5391 ven-

1938 5426 2088 5476 trem
2117 5427 2173 5477 et
2227 5423 2452 5476 vulvam
2502 5422 2679 5477 talem
2721 5424 3013 5495 requirere
3074 5425 3165 5479 cui
3208 5425 3387 5497 possit
3441 5442 3641 5480 conve-

1906 5572 1907 5575 η
1938 5508 2060 5562 nire
2094 5525 2106 5563 :
2131 5511 2375 5565 Alienati
2420 5517 2546 5566 sunt
2566 5516 2868 5581 peccatores
2894 5529 2929 5567 a
2956 5515 3141 5583 vulva,
3162 5518 3269 5568 etc.
3302 5515 3367 5569 Et
3390 5514 3487 5569 illa
3530 5514 3639 5568 erit
