4038 6180
341 240 441 292 387

953 235 1342 289 WALAFRIDI
1383 235 1626 289 STRABI
1670 233 1872 288 FULD.
1917 219 2079 290 non.
2126 235 2225 290 PP.
2269 237 2442 291 PARS
2481 239 2520 290 ι.
2562 267 2630 275 -
2669 238 3123 293 THEOLOGICA.

3742 242 3840 293 388

342 362 523 420 vulva,
557 373 730 428 quam
751 357 935 426 aperit
954 357 1142 410 omnis
1193 355 1516 427 primitivus
1570 356 1671 426 qui
1724 354 2039 410 sanctiﬁca-
2069 359 2114 412 Α
2223 359 2384 412 Vens.
2413 363 2501 413 29.
2535 388 2602 399 --
2622 359 2716 413 Ad
2743 359 3123 413 meridianam.
3150 359 3278 424 Hac
3307 358 3590 428 significat
3617 364 3742 428 post
3766 361 3841 413 lu-

337 454 432 504 tur
470 446 729 499 Domino.
762 444 1001 513 Aperuit
1023 443 1293 497 Dominus
1323 444 1546 496 vulvam
1580 444 1686 496 Lia
1728 461 1855 514 qua
1916 447 2039 499 erat

339 536 548 599 clausa,
603 540 656 586 et
704 533 925 602 peperit
969 532 1361 601 patriarchas;
1403 531 1666 586 similiter
1723 539 1779 586 et
1826 533 2035 587 Rachel

338 629 403 676 ut
432 625 654 692 pareret
682 621 850 674 etiam
874 621 997 690 ipsa
1021 620 1182 690 cujus
1208 620 1359 672 visus
1385 626 1509 674 erat
1538 621 1838 691 perspicax
1859 626 1914 675 et
1942 621 2037 675 de-

339 727 503 765 corus
533 714 789 779 aspectus
819 709 976 776 (Gen.
1012 724 1154 773 xxxx,
1185 711 1330 775 xxx).
1367 710 1433 762 In
1470 709 1666 762 multis
1714 726 1846 762 vero
1878 709 2030 763 Scri-

338 806 520 870 ptura
557 798 691 852 locis
731 797 982 849 invenies
1016 797 1224 866 aperiri
1247 798 1460 864 vulvas,
1486 814 1730 867 quarum
1771 798 1817 851 si
1837 798 2032 868 singu-

338 890 420 942 Ias
448 904 552 957 pro
598 886 736 939 locis
788 885 1130 950 consideres,
1189 885 1444 938 invenies
1503 887 1791 956 quomodo
1843 891 2036 940 errant

336 981 658 1049 peccatores
687 992 716 1026 a
747 974 930 1039 vulva,
969 978 1024 1026 et
1051 973 1149 1026 alii
1170 973 1492 1043 aperientes
1545 976 1774 1028 vulvam
1827 974 2033 1028 sancti-

336 1067 580 1120 ticantur
609 1063 666 1115 in
700 1063 898 1116 ordine
939 1061 1377 1132 primitivorum.

405 1155 494 1207 Ea:
523 1166 646 1218 quo.
673 1150 1042 1219 (Omo.)Quia
1104 1167 1217 1204 non
1274 1152 1434 1220 prius
1501 1151 1833 1205 sanctiﬁcati
1899 1157 2032 1205 sunt

337 1237 706 1310 primogeniti
738 1238 927 1302 Israel,
958 1243 1088 1304 etc.,
1121 1253 1290 1306 usque
1317 1239 1392 1293 ad
1420 1244 1475 1293 et
1500 1238 1560 1292 in
1608 1239 2032 1309 primitivorum

334 1329 532 1382 ordine
556 1327 878 1379 collocaret.

402 1434 564 1485 Vens.
605 1435 686 1485 15.
715 1461 784 1472 —-
832 1433 1067 1487 Numera
1113 1434 1253 1501 ﬁlios
1312 1434 1460 1487 Levi.
1524 1433 1650 1502 (In.)
1720 1434 2032 1488 Reeensea-

337 1539 458 1576 mus
487 1521 777 1586 attentius,
812 1526 940 1584 etc.,
999 1536 1167 1589 usque
1229 1521 1302 1574 ad
1327 1522 1690 1592 excubiisque
1745 1521 2035 1593 perpetuis

335 1609 525 1664 divina
553 1607 868 1661 ministeria
898 1607 1208 1661 celebrant.

409 1716 569 1768 Vens.
616 1719 698 1768 17.
734 1743 803 1752 -
851 1714 986 1774 Levi
1030 1729 1131 1782 per
1184 1716 1402 1768 nomina
1453 1730 1571 1768 sua.
1625 1714 1753 1768 Levi
1811 1714 2035 1768 additus

338 1805 422 1857 vel
454 1807 796 1871 assumptus.
831 1801 928 1855 Hic
959 1807 1042 1854 est
1090 1801 1228 1855 ordo
1269 1802 1586 1868 doctorum,
1619 1803 1718 1873 qui
1767 1819 1870 1872 per
1912 1818 2037 1872 gra-

336 1893 472 1946 tiam
502 1891 597 1944 Dei
623 1891 690 1944 de
715 1890 927 1943 mundo
955 1891 1162 1943 electus
1190 1890 1258 1944 ad
1282 1891 1574 1944 servitium
1613 1892 1867 1944 divinum
1923 1907 2031 1944 ca-

337 1981 488 2034 tibus
531 1981 872 2049 angelorum
937 1979 1152 2032 unitnr.
1231 1980 1433 2032 Unde:
1496 1982 1720 2046 Egovos
1772 1980 1911 2046 elegi
1972 1979 2037 2032 de

337 2069 536 2122 mundo
565 2070 743 2131 (Joan.
779 2069 891 2136 xv).
931 2067 993 2119 Et
1025 2067 1197 2120 alibi:
1233 2069 1337 2122 Sed
1383 2072 1509 2121 sunt
1539 2055 1680 2122 sicut
1711 2068 1895 2136 angeli
1941 2070 2039 2121 Dei

340 2160 397 2210 in
426 2158 548 2210 cale
575 2157 802 2225 (Matth.
823 2155 974 2224 χιιι).

409 2266 614 2316 Gerson
648 2267 698 2314 et
727 2262 898 2316 Caath
931 2266 980 2314 et
1033 2262 1256 2315 Merari.
1314 2264 1446 2315 Tres
1479 2263 1580 2316 ﬁlii
1636 2263 1767 2316 Levi
1821 2263 2037 2332 signiﬁ-

339 2349 880 2420 cantpradicatores
929 2354 1136 2402 sancta
1189 2350 1496 2418 Trinitatis,
1566 2351 1918 2405 confessione
1946 2352 2035 2405 in-

339 2437 547 2507 signes,
599 2437 729 2501 ﬁde,
790 2452 888 2506 spe
914 2442 970 2490 et
1029 2437 1301 2490 cbaritate
1366 2439 1674 2493 mirabiles.
1742 2441 1853 2493 Nec
1905 2441 2037 2494 huic

337 2524 674 2595 expositioni
705 2540 904 2577 eorum
931 2525 1232 2578 nominum
1259 2525 1650 2595 interpretatio
1679 2528 1868 2599 aliquo
1914 2547 2035 2583 mo-

337 2614 408 2667 do
430 2617 732 2682 repugnat,
757 2612 850 2666 sed
875 2613 1031 2666 valde
1065 2615 1385 2668 concordat.
1430 2617 1840 2684 Interpretatur
1884 2618 2034 2672 enim

339 2705 546 2756 Gerson
579 2702 816 2768 advena,
843 2702 1015 2756 Caath
1045 2702 1338 2771 patientia,
1391 2705 1472 2757 vel
1509 2706 1749 2757 molares
1816 2707 2033 2761 dentes.

338 2790 538 2844 Merari
571 2805 783 2854 amara,
858 2789 943 2842 vel
993 2789 1361 2854 amaritudo;
1397 2792 1654 2846 minister
1731 2795 1884 2848 enim
1940 2797 2038 2849 Dei

2146 462 2268 500 cem
2299 447 2549 501 scientia
2616 453 2966 517 perceptam,
2999 447 3436 517 praedicatorem
3481 447 3716 501 verbum
3739 463 3833 516 pa-

2145 535 2360 589 tientia
2390 541 2447 590 et
2492 535 2680 588 solatii
2736 535 2942 589 debere
2999 552 3128 589 cum
3182 535 3522 589 discretione
3575 536 3841 606 proximis

2144 622 2497 694 impendere.
2530 624 2606 676 ub
2671 624 2952 689 Eleazaro,
3025 623 3120 678 Sid
3173 629 3259 677 est
3288 623 3386 676 Dei
3417 623 3722 693 adjutorio,
3754 639 3838 677 se-

2145 712 2396 764 cundum
2451 711 2641 764 illud:
2692 713 2816 766 Nisi
2874 714 3124 765 Dominus
3173 711 3527 781 aediﬁcaverit
3604 712 3836 778 domum,

2145 803 2202 853 in
2233 815 2429 853 vanum
2463 800 2842 853 laboraverant
2872 802 2968 868 qui
2997 799 3273 868 aediﬁcant
3325 816 3460 853 eam.

2213 888 2376 940 Vens.
2412 889 2503 941 35.
2576 917 2642 926 —
2689 889 2753 940 In
2801 887 2988 955 plaga.
3066 886 3313 940 Extremi
3393 886 3672 941 Merarita
3734 887 3832 940 sub

2143 975 2389 1029 Ithamar
2419 974 2543 1044 (qui
2597 974 3004 1044 interpretatur
3039 991 3286 1042 amarus,
3339 975 3426 1028 vel
3487 975 3581 1028 ubi
3629 976 3834 1045 palma)

2141 1064 2372 1133 plagam
2416 1062 2704 1132 aquilonis
2763 1063 2950 1115 sortiti
2996 1069 3147 1129 sunt,
3202 1063 3301 1116 ubi
3340 1063 3593 1134 glacialis
3636 1065 3833 1117 horror

2141 1152 2431 1220 perdurat.
2466 1152 2527 1204 In
2585 1167 2696 1220 quo
2753 1157 3055 1205 monentur
3104 1152 3365 1206 ECcIesia
3421 1152 3690 1219 ministri,
3759 1167 3829 1206 ne

2141 1241 2442 1294 securitate
2472 1245 2736 1310 torpeant
2764 1257 2778 1306 ;
2810 1240 2947 1310 quia
2980 1240 3110 1293 licet
3136 1257 3238 1310 per
3267 1244 3504 1310 jaunam
3563 1241 3692 1295 ﬁdei
3715 1243 3832 1311 jam

2142 1328 2202 1382 in
2262 1328 2563 1382 Ecclesiam
2609 1328 2971 1392 intraverint,
3043 1329 3240 1382 lumen
3323 1328 3575 1382 scientia
3652 1346 3839 1398 perce-

2141 1418 2351 1488 perint,
2422 1417 2703 1471 desideria
2758 1416 2944 1469 carnis
3024 1417 3512 1476 mortiﬁcaverint,
3586 1418 3836 1471 nondum

2142 1512 2335 1561 tamen
2367 1507 2434 1559 ad
2467 1503 2773 1574 perfectam
2806 1505 3165 1566 suavitatem,
3207 1505 3261 1558 id
3309 1511 3413 1570 est,
3467 1505 3537 1559 ad
3568 1512 3842 1560 aternam

2143 1595 2578 1658 beatitudinem,
2622 1598 3026 1664 pervenerunt.
3062 1593 3254 1646 Restat
3291 1593 3508 1663 aliquid
3550 1609 3842 1660 amarum;

2144 1700 2275 1737 cum
2306 1683 2401 1736 illo
2459 1682 2790 1735 certandum
2857 1687 2958 1745 est,
3015 1681 3113 1750 qui
3159 1682 3226 1734 ad
3269 1682 3597 1750 aquilonem
3651 1682 3845 1753 dirigit

2143 1773 2350 1826 solium
2381 1786 2568 1835 suum,
2600 1771 2760 1840 cujus
2789 1769 3059 1822 duritiam
3092 1769 3302 1822 molliri
3335 1769 3687 1839 impossibile
3718 1778 3798 1824 est
3825 1789 3838 1836 ;

2146 1860 2322 1914 unde:
2383 1861 2483 1914 Cor
2547 1859 2662 1925 ejus
2713 1857 3066 1910 indurabitur
3123 1859 3284 1926 quasi
3333 1859 3496 1926 lapis,
3558 1863 3660 1910 etc.
3713 1861 3836 1927 (lsa.

2143 1966 2283 2013 xw;
2332 1947 2441 2000 Job
2495 1947 2624 2015 xxx).
2684 1948 2824 2000 Cum
2898 1951 3093 1998 autem
3171 1946 3548 2015 superabitur,
3631 1946 3840 2016 adepta

2143 2035 2334 2106 palma
2363 2033 2763 2086 exsultandum
2822 2039 2906 2086 est
2961 2038 3018 2086 et
3073 2034 3409 2088 latandum.

2215 2125 2375 2176 Vens.
2407 2126 2500 2176 38.
2561 2152 2629 2161 —
2677 2122 2774 2175 Ad
2847 2121 3158 2174 orientalem
3221 2123 3467 2190 plagam.
3542 2120 3846 2176 Orientalis

2143 2213 2314 2283 plaga
2351 2217 2539 2264 ortum
2568 2209 2704 2263 ﬁdei
2730 2209 3030 2279 signiﬁcat,
3083 2209 3184 2263 ubi
3240 2211 3473 2279 Moyses,
3533 2210 3632 2279 qui
3673 2210 3846 2262 inter-

2142 2306 2402 2371 pretatur
2431 2304 2756 2368 assumptus
2786 2298 2855 2351 de
2885 2313 3054 2368 aqua,
3111 2303 3167 2352 et
3219 2302 3407 2352 Aaron
3457 2314 3623 2352 mons
3679 2298 3844 2352 forti-

2143 2389 2378 2454 tudinis,
2401 2403 2534 2441 cum
2554 2387 2684 2440 ﬁliis
2740 2387 2856 2439 suis
2895 2391 3385 2442 castrametantur.
3436 2387 3545 2448 Qui
3601 2385 3753 2440 enim
3784 2385 3847 2438 in

2148 2477 2384 2532 Ecclesia
2412 2480 2688 2546 prasunt,
2722 2475 2930 2546 quibus
2961 2477 3142 2529 claves
3192 2477 3355 2546 regni
3410 2477 3651 2530 caelestis
3682 2491 3848 2528 com-

2146 2566 2332 2620 missa
2364 2569 2495 2618 sunt
2549 2565 2768 2632 (Mat-th.
2834 2565 2936 2633 vx),
2995 2563 3206 2618 debent
3264 2565 3530 2618 introitus
3587 2565 3848 2618 ordinem

2146 2669 2507 2725 cognoscere,
2534 2659 2592 2706 et
2635 2652 2762 2705 aliis
2815 2652 3144 2721 pradicare.
3179 2652 3323 2716 Quia
3372 2657 3594 2722 oportet
3643 2669 3847 2723 quem-

2147 2760 2256 2813 que
2287 2741 2344 2794 in
2367 2742 2548 2794 lucem
2571 2739 2706 2793 ﬁdei
2737 2755 2836 2809 per
2855 2744 3074 2809 portam
3105 2740 3472 2793 confessionis
3520 2741 3592 2794 ad
3636 2757 3848 2810 aquam

2149 2830 2419 2900 baptismi
2450 2829 2684 2894 intrare,
2715 2834 2780 2881 ut
2805 2827 2874 2881 de
2901 2844 3050 2898 aqua
3080 2833 3403 2898 assumptus
3431 2829 3502 2882 sit
3542 2828 3694 2881 ﬁlius
3746 2830 3850 2882 ad-

1032 2879 1041 2886 -
1232 2879 1241 2888 .
1866 2883 1876 2894 .
2149 2879 2419 2900 η-ιν-----
2912 2879 3096 2898 κ
3146 2879 3398 2898 shire——
3753 2879 3813 2882 ρ-

341 2879 1286 2989 ῗίῗῖῗῗὲἶΠῘ-ῗθξῘ-ξῗΐξδιξῗξιξῗξῗ
1317 2881 1924 2989 “Ecognos‘cit’
1983 2889 2038 2938 et
2067 2913 2106 2968 C
2147 2919 2426 2989 optionis;
2457 2923 2514 2971 et
2569 2917 2773 2969 robore
2828 2915 3161 2969 constantia
3211 2917 3454 2987 gignens
3521 2917 3666 2970 ﬁlios
3708 2916 3851 2970 boui

338 2968 561 3038 patiens
590 2970 691 3019 est.
719 2965 964 3018 Verbum
989 2966 1085 3019 Dei
1109 2967 1280 3020 dente
1311 2968 1668 3024 discretionis
1725 2973 1902 3036 molit,
1955 2990 2036 3026 se-

340 3055 585 3110 cundum
613 3053 939 3107 auditorum
985 3054 1360 3124 capacitates;
1405 3060 1461 3109 et
1516 3057 1790 3111 saculum
1842 3058 1954 3112 sibi
1977 3076 2035 3112 a-

340 3159 563 3198 marum
591 3141 915 3205 ostendens,
982 3142 1124 3194 alios
1153 3159 1186 3195 a
1233 3145 1615 3212 voluptatibus
1663 3152 1903 3200 revocat.
1969 3147 2038 3200 Hi

339 3231 408 3285 ab
439 3246 554 3284 uno
584 3245 777 3283 mense
833 3234 1230 3294 numerantur,
1285 3231 1421 3300 quia
1475 3232 1705 3286 initium
1760 3233 1889 3286 vita
1922 3235 2036 3288 Deo

340 3315 548 3370 debent
594 3331 943 3380 consecrare,
997 3332 1068 3370 ne
1125 3324 1253 3386 post
1315 3319 1494 3371 multa
1534 3322 1744 3373 scelera
1791 3321 2038 3390 promoti

339 3403 548 3456 faciant
576 3402 973 3472 blaspliemare
1004 3419 1216 3456 nomen
1252 3405 1370 3468 Dei,
1405 3407 1554 3460 unde
1589 3423 1600 3460 :
1654 3408 1871 3476 Oportet
1924 3413 2036 3478 epi-

339 3505 554 3558 scopum
582 3488 1102 3557 irreprehensibilem
1126 3504 1254 3554 esse,
1285 3497 1391 3544 etc.
1443 3494 1485 3562 (I
1537 3497 1677 3547 Tim.
1739 3495 1841 3565 in.)

413 3596 570 3648 Vens.
607 3597 696 3648 23.
751 3623 820 3632 —
872 3596 948 3648 Hi
1011 3599 1134 3663 post
1203 3597 1605 3653 tabernaculum
1672 3602 2035 3658 metabuntur.

344 3681 617 3736 Filiorum
651 3681 777 3735 Levi
810 3682 949 3735 ordo
1000 3684 1341 3738 conveniens
1380 3689 1716 3752 ostenditur,
1769 3690 1867 3744 ubi
1899 3693 2041 3746 scili-

339 3777 427 3825 cet
447 3772 546 3843 qui
574 3771 748 3842 primi
777 3777 908 3824 sunt
933 3771 992 3826 in
1020 3773 1242 3838 ordine,
1301 3775 1535 3828 orientis
1564 3777 1793 3847 plagam
1847 3781 2040 3834 obser-

343 3865 473 3914 vent
500 3861 711 3930 Moyses
744 3864 798 3912 et
828 3864 1010 3914 Aaron
1041 3877 1169 3914 cum
1198 3861 1330 3914 ﬁliis
1387 3863 1502 3916 suis
1557 3865 1830 3920 habentes
1861 3873 2041 3922 custo-

342 3947 494 4001 diam
525 3947 831 4001 sanctuarii
861 3948 919 4001 in
946 3948 1136 4002 medio
1189 3950 1441 4004 ﬁliorum
1493 3953 1682 4008 Israel.
1747 3956 2038 4024 Caatliita,

347 4035 497 4088 unde
527 4036 740 4105 Moyses
780 4041 834 4089 et
863 4040 1050 4090 Aaron
1080 4037 1191 4091 orti
1217 4043 1369 4106 sunt,
1402 4041 1779 4096 meridianam
1813 4044 2040 4116 plagam

343 4123 659 4188 obtineant,
691 4123 796 4177 sub
842 4141 978 4178 cura
1026 4126 1274 4180 Eleazari
1329 4129 1654 4195 sacerdotis,
1714 4132 1814 4202 qui
1860 4135 2045 4203 major

344 4217 429 4265 est
456 4211 590 4264 ﬁliis
647 4215 855 4265 Aaron.
909 4214 1040 4266 Post
1083 4214 1187 4267 hos
1239 4216 1549 4270 Gersonita
1609 4193 1680 4272 ad
1729 4193 2113 4276 bccideuta-D

344 4300 455 4354 lem
475 4299 704 4368 plagam
726 4299 830 4352 sub
883 4316 1016 4368 cura
1075 4301 1358 4373 Eliasaph.
1416 4305 1714 4359 Novissimi
1767 4309 2046 4365 Merarita

341 4387 412 4440 ad
469 4386 970 4456 septentrionalem
1021 4389 1270 4457 plagam,
1327 4391 1430 4443 sub
1489 4393 1746 4446 custodia
1795 4395 2046 4449 Ithamar

344 4473 451 4529 ﬁlii
479 4479 668 4528 Aaron
700 4474 952 4527 minoris.
987 4477 1052 4529 In
1084 4477 1172 4529 his
1205 4493 1334 4530 vero
1367 4480 1661 4532 moraliter
1705 4483 2046 4550 exprimitur

345 4563 501 4634 quod
530 4562 777 4616 ministri
839 4564 1088 4617 ecclesia
1144 4565 1354 4618 debent
1410 4566 1712 4637 diligenter
1783 4571 2045 4626 ordinem

345 4667 513 4706 suum
544 4667 785 4715 servare,
814 4667 915 4704 nec
962 4652 1183 4722 majora
1237 4658 1505 4724 appetere
1557 4673 1729 4728 quam
1776 4661 2046 4730 proprius

347 4740 503 4794 locus
527 4739 796 4809 exposcit.

411 4846 574 4899 Vnus.
607 4846 692 4898 24.
725 4875 790 4884 --
819 4845 918 4898 Ad
981 4845 1302 4901 occidentem
1343 4849 1442 4902 sub
1480 4853 1730 4921 principe
1778 4854 2047 4924 Eliasaph

347 4935 460 5002 ﬁlio
489 4935 632 4988 Lael.
690 4934 796 4987 Ubi
851 4933 970 4987 dies
1028 4935 1329 5002 clauditur,
1402 4943 1556 4992 astra
1637 4940 1918 4996 occidunt.
1983 4945 2045 4997 In

348 5020 434 5072 bis
487 5020 857 5090 signiﬁcatur,
909 5021 1062 5090 quod
1123 5022 1370 5077 ministri
1422 5025 1772 5080 tabernaculi
1836 5029 2046 5084 debent

348 5109 856 5178 concupiscentiam
889 5110 1108 5180 fugere,
1141 5113 1388 5166 carnalia
1442 5114 1722 5168 desideria
1769 5116 1869 5170 Dei
1888 5117 2046 5187 adju-

347 5195 494 5249 torio
525 5196 889 5262 mortiﬁcare,
924 5198 1077 5252 diem
1106 5201 1372 5255 ultimum
1405 5208 1460 5256 et
1497 5203 1669 5257 linem
1714 5204 1925 5258 laboris
1946 5223 2041 5260 ex-

349 5287 602 5354 spectare
625 5287 688 5336 ut
741 5285 951 5338 mortui
1010 5287 1222 5341 mundo
1283 5294 1340 5342 et
1397 5289 1644 5344 viventes
1701 5292 1815 5345 Deo
1855 5293 2042 5348 dicere

346 5362 567 5434 possint
597 5363 734 5418 illud
769 5365 946 5417 :Mihi
974 5372 1150 5420 autem
1204 5368 1346 5421 absit
1405 5370 1636 5434 gloriari
1677 5373 1787 5425 nisi
1805 5373 1860 5425 in
1890 5389 2044 5429 cruce

361 5453 572 5506 Domini
600 5454 774 5505 nostri
799 5454 923 5504 Jesu
951 5454 1155 5506 Christi
1186 5453 1332 5524 (Gal.
1367 5455 1462 5523 vi).

2147 3007 2355 3078 aperis,
2389 3006 2685 3059 introitum
2736 3004 2891 3070 ﬁdei,
2928 3021 3031 3074 per
3076 3021 3249 3075 quem
3289 3005 3348 3058 in
3398 3004 3704 3058 Ecclesiam
3755 3005 3848 3058 in-

2146 3112 2374 3167 gressus
2404 3101 2508 3160 est,
2559 3094 2864 3163 diligenter
2914 3093 3214 3158 custodiat,
3256 3109 3324 3146 ne
3393 3093 3609 3147 otiosus
3649 3097 3704 3147 et
3760 3093 3846 3148 in-

2147 3183 2300 3235 utilis
2320 3181 2636 3250 adjiciatur.

2220 3271 2578 3324 Veas.39.—-
2623 3269 2836 3336 Viginti
2863 3268 2968 3322 duo
3024 3269 3222 3322 millia.
3275 3271 3418 3339 Apte
3467 3285 3707 3322 numero
3762 3271 3850 3323 vi-

2145 3356 2293 3427 ginti
2322 3357 2564 3410 duorum
2599 3357 2799 3410 Levita
2823 3356 3203 3410 iutitulantur.
3231 3358 3344 3411 Hoc
3397 3356 3552 3410 enim
3605 3373 3851 3412 numero

2147 3445 2710 3516 comprehenduntur
2758 3445 2995 3499 Hebraa
3073 3446 3382 3499 elementa:
3417 3451 3474 3499 et
3531 3447 3852 3500 secundum

2148 3535 2449 3606 quosdam,
2483 3533 2613 3585 libri
2657 3533 2868 3586 Veteris
2898 3534 3270 3588 Testamenti.
3313 3534 3551 3587 Ministri
3603 3535 3700 3588 Dei
3742 3536 3855 3589 hac

2147 3621 2574 3694 prascriptione
2604 3628 2932 3688 monentur,
2973 3622 3288 3676 secundum
3315 3622 3504 3692 legem
3533 3623 3630 3677 Dei
3661 3623 3857 3678 vivere

2149 3718 2205 3767 et
2232 3712 2455 3776 docere,
2479 3727 2584 3764 nec
2603 3712 2718 3763 ullo
2748 3711 2918 3764 modo
2939 3710 3238 3765 excedere.

2221 3798 2432 3866 (0316.,
2465 3798 2608 3850 hom.
2649 3798 2764 3849 ain
2803 3797 2988 3865 Nam.)
3047 3797 3233 3851 Multa
3289 3801 3422 3850 sunt
3477 3813 3858 3852 numerorum

2150 3886 2509 3954 differentia,
2541 3890 2666 3950 etc.,
2719 3900 2887 3952 usque
2915 3885 2990 3938 ad
3021 3884 3193 3939 etiam
3217 3885 3554 3956 mysterium
3581 3885 3852 3940 humana

2151 3973 2539 4045 generationis
2569 3973 2892 4042 exponitur.

2222 4065 2383 4117 Vens.
2403 4063 2492 4116 47.
2524 4091 2592 4103 —-
2620 4064 2864 4130 Quinque
2908 4063 3085 4116 siclos.
3148 4061 3394 4132 Mystice,
3451 4061 3711 4134 quisquis
3739 4063 3859 4116 ini-

2151 4149 2298 4204 tium
2345 4150 2782 4203 conversationis
2835 4153 2892 4203 et
2951 4150 3258 4203 voluntatis
3305 4151 3425 4203 vult
3476 4151 3588 4204 Deo
3653 4167 3858 4204 conse-

2153 4238 2613 4309 crare,:quinque
2670 4253 2869 4290 sensus
2919 4237 3172 4307 corporis
3203 4237 3370 4292 debet
3426 4238 3734 4308 diligenter
3763 4256 3860 4293 cu-

2153 4325 2388 4391 stodire,
2410 4340 2515 4379 nec
2539 4341 2642 4394 per
2666 4324 2952 4378 lasciviam
2993 4327 3054 4379 in
3085 4341 3339 4380 errorem
3399 4332 3495 4380 aut
3549 4329 3860 4381 immunda

2152 4413 2433 4467 desideria
2467 4413 2695 4466 deﬂuat.
2739 4413 2848 4467 Sed
2909 4415 3070 4484 juxta
3107 4415 3306 4468 siclum
3369 4415 3698 4480 sanctuarii,
3749 4416 3857 4486 qui

2153 4505 2235 4554 est
2264 4500 2416 4554 oboli
2437 4503 2525 4566 20,
2584 4500 2636 4554 id
2695 4505 2781 4554 est
2828 4501 3142 4556 secundum
3201 4503 3456 4574 decalogi
3505 4504 3856 4572 doctrinam,

2154 4603 2282 4657 qua
2311 4587 2372 4640 in
2403 4587 2629 4641 duobus
2649 4589 2946 4658 praceptis
2979 4589 3270 4644 charitatis
3317 4591 3596 4655 consistit,
3657 4591 3863 4644 omnia

2154 4691 2329 4745 opera
2357 4691 2461 4729 sua
2516 4676 2727 4731 referat
2767 4677 2828 4731 in
2873 4677 3110 4731 domum
3157 4680 3368 4732 summi
3443 4679 3752 4734 sacerdotis
3802 4684 3866 4733 et

2154 4763 2405 4817 ﬁliorum
2435 4764 2578 4834 ejus.

2827 4852 3051 4906 CAPUT
3092 4851 3178 4905 IV.

2224 4938 2383 4990 Vens.
2417 4938 2470 4990 2.
2543 4967 2612 4978 —
2668 4939 2809 4992 Tolle
2861 4955 3145 4993 summam.
3189 4939 3403 5010 (Οιιιῦ.)
3434 4942 3574 4996 Cum
3636 4943 3697 4997 in
3740 4949 3867 4998 tres

2154 5024 2380 5078 ordines
2409 5025 2739 5080 dividantur
2769 5025 2872 5080 ﬁlii
2894 5028 3044 5093 Levi,
3073 5033 3206 5093 etc.,
3252 5044 3422 5098 usque
3448 5031 3521 5084 ad
3574 5036 3632 5085 et
3662 5033 3869 5102 purio-

2152 5111 2309 5165 ribus
2333 5112 2589 5166 sensibus
2623 5118 2678 5166 et
2707 5114 2898 5168 liberis
2919 5131 2953 5167 a
2983 5115 3352 5170 sacularibus
3383 5117 3724 5175 indicamus.

2224 5200 2340 5269 (In)
2373 5201 2496 5254 Alia
2533 5201 2738 5266 littera,
2762 5207 2890 5270 etc.,
2940 5218 3108 5273 usque
3156 5205 3230 5258 ad
3261 5211 3324 5258 ut
3361 5205 3530 5260 faciat
3580 5224 3758 5278 opera
3802 5211 3866 5264 in

2151 5287 2517 5342 tabernaculo
2549 5289 2884 5344 testimonii.
2981 5340 2986 5344 .

2223 5377 2390 5430 Vnus.
2452 5379 2506 5431 3.
2558 5407 2627 5417 -—
2668 5379 2732 5432 In
2787 5379 2958 5434 taber.
3013 5380 3144 5451 (10.)
3190 5382 3640 5437 Tabernaculum
3690 5385 3866 5439 testi-

2149 5463 2350 5530 monii,
2385 5469 2515 5531 etc.,
2545 5481 2713 5534 usque
2741 5467 2816 5521 ad
2844 5483 2963 5523 non
2992 5469 3062 5522 ab
3109 5469 3376 5524 Israelitis
3423 5470 3517 5524 sed
3546 5487 3576 5524 a
3627 5471 3870 5527 Levitis-
