3976 6178
190 288 275 339 389
1314 282 1351 333 G
1366 279 1575 333 LOSSA
1618 278 1854 332 0RDIN1

2073 307 2144 319 —
2182 278 2313 331 LIB.
2356 278 2519 333 ΝΟΜ.

239 402 593 467 Involventque
646 413 965 479 eooarcam.
1030 398 1111 450 Ne
1166 396 1309 449 forte
1379 395 1557 465 aliqui
1618 395 1921 452 videantA
1959 395 2252 449 bernaculi
2310 396 2606 466 longitudo
2672 396 2907 465 triginta
2963 398 3168 451 cubitis
3227 404 3648 456 memorantur.

184 490 365 544 nudam
393 493 445 540 et
476 485 810 539 moriantur.
854 486 1279 537 Exterminatur
1309 482 1461 536 enim
1494 482 1593 553 qui
1638 482 1842 535 inetia-

182 580 291 632 bilia
333 578 674 628 sacramenta
727 572 1026 643 contingit,
1080 572 1186 624 nisi
1236 571 1454 624 meritis
1507 576 1563 624 et
1613 570 1849 623 scientia

182 670 229 721 in
257 664 536 718 sacerdotii
564 662 807 731 gradum
840 667 1131 730 promotus
1164 661 1363 715 fuerit.

236 755 417 820 (01110.,
463 752 601 803 hom.
648 751 680 801 4
712 752 769 801 in
798 749 983 817 Num.)
1034 749 1262 817 Septem
1312 748 1577 817 quandam
1629 746 1846 816 species

182 846 532 898 numerantur,
588 843 722 905 etc.,
771 854 937 906 usque
993 837 1067 889 ad
1116 837 1210 889 alii
1258 842 1451 888 autem
1494 835 1615 888 haec
1647 839 1846 904 operta

181 932 378 984 videant
418 928 529 979 imo
560 928 739 979 velata
771 926 832 978 in
870 924 1126 977 humeris
1158 929 1405 994 portent.

236 1018 379 1069 Vens.
431 1018 479 1066 6.
532 1041 600 1051 —
651 1014 721 1065 Et
772 1014 1028 1079 operient.
1090 1011 1213 1063 Filii
1268 1012 1454 1062 Aaron
1503 1007 1845 1073 sacerdotes,

179 1105 359 1176 quibus
399 1100 592 1153 omnia
640 1100 796 1153 nuda
829 1105 880 1152 et
910 1104 1110 1168 aperta
1141 1098 1334 1151 videre
1366 1113 1695 1151 concessum
1729 1102 1838 1149 est.

238 1193 382 1243 Vens.
434 1193 483 1241 7.
540 1218 604 1227 —
679 1190 849 1241 Panes
921 1202 1147 1254 semper.
1207 1188 1389 1255 (Aea,
1450 1189 1636 1252 quaest.
1700 1188 1729 1236 7
1796 1185 1852 1235 in

180 1280 336 1345 Num.)
388 1279 455 1330 Iit
512 1290 679 1344 panes
738 1278 834 1344 qui
886 1290 1091 1342 semper
1132 1289 1297 1342 super
1351 1288 1467 1325 eum
1512 1276 1690 1324 erunt.
1727 1272 1853 1323 Non

178 1368 348 1435 utique
393 1365 562 1417 iidem
619 1380 858 1434 semper,
906 1362 1004 1415 sed
1049 1361 1264 1415 similes
1311 1376 1534 1425 eorum,
1588 1359 1722 1428 quia
1768 1358 1854 1412 illi

181 1451 568 1515 auferebantur,
619 1456 673 1503 et
719 1455 974 1503 recentes
1005 1449 1258 1519 quotidie
1297 1449 1682 1518 ponebantur,
1716 1446 1851 1500 dum

180 1545 343 1591 tamen
374 1538 493 1590 sine
546 1538 795 1606 panibus
838 1553 1038 1590 mensa
1085 1553 1199 1589 non
1252 1537 1691 1604 relinqueretur.
1725 1534 1853 1586 Ideo

181 1626 316 1690 dixit,
355 1626 449 1695 qui
482 1642 710 1695 semper
740 1641 911 1694 super
942 1641 1066 1677 eam
1100 1628 1286 1690 erunt,
1319 1622 1375 1676 id
1403 1627 1504 1689 est,
1538 1622 1672 1691 quia
1704 1636 1849 1673 sem-

180 1731 261 1785 per
284 1730 461 1782 panes,
500 1730 615 1766 non
649 1713 782 1782 quia
813 1712 895 1764 illi
930 1728 1170 1782 semper.

238 1803 379 1854 Vens.
444 1804 529 1853 ll.
587 1830 654 1839 —
706 1801 809 1853 Nec
866 1814 969 1851 non
1010 1805 1059 1850 et
1097 1799 1290 1850 altare.
1342 1796 1464 1849 Alia
1517 1796 1743 1849 littera:
1803 1801 1854 1849 et

179 1904 314 1957 super
361 1892 533 1941 altare
576 1903 797 1940 aureum
845 1886 1161 1954 adoperient
1190 1888 1560 1938 vestimentum
1621 1886 1852 1952 hyacin-

182 1979 362 2031 thinum
389 1997 403 2029 :
433 1982 483 2030 et
535 1977 848 2045 adoperient
894 1975 1033 2028 illud
1084 1977 1407 2042 operimento
1450 1974 1667 2041 pelticeo
1718 1975 1848 2025 ian-

182 2067 323 2120 thino.
376 2069 567 2120 Posset
609 2066 716 2118 ista
767 2063 978 2117 locutio
1022 2062 1223 2127 videri,
1270 2079 1442 2132 quam
1477 2063 1629 2114 velut
1663 2060 1854 2113 absur-

182 2156 290 2207 dam
343 2160 543 2208 etnon
598 2154 882 2223 integram
925 2152 1107 2205 Latini
1162 2152 1501 2221 interpretes
1549 2150 1853 2203 transferre

183 2247 469 2308 voluerunt,
531 2242 589 2296 id
635 2248 718 2295 est
766 2258 938 2311 super
989 2241 1164 2293 altare
1225 2256 1464 2292 aureum
1522 2238 1854 2308 adoperiunt

181 2333 558 2385 vestimentum
604 2329 1063 2400 hyacinthinum,
1120 2334 1395 2398 tanquam
1428 2326 1687 2380 debuerit
1719 2325 1851 2390 dici,

183 2426 227 2470 et
252 2420 409 2471 altare
440 2434 684 2472 aureum
716 2417 1051 2485 adoperient
1078 2415 1414 2468 vestimento
1448 2413 1810 2483 hyacinthino
1838 2428 1849 2464 :

182 2524 275 2560 non
302 2508 639 2576 adoperient
688 2506 1093 2558 vestimentum
1136 2502 1585 2573 hyacinthinum.
1622 2502 1736 2554 Hoc
1770 2499 1852 2551 vi-

183 2596 321 2649 detur
365 2597 688 2666 signiﬁcare
733 2594 886 2663 quod
932 2593 1120 2662 ipsum
1168 2593 1571 2645 vestimentum
1620 2588 1852 2658 hyacin-

180 2685 378 2737 thinum
423 2683 660 2737 aliunde.
706 2680 1120 2751 adoperiretur.
1170 2680 1277 2733 Sed
1310 2677 1452 2731 mihi
1486 2678 1708 2730 videtur
1737 2692 1853 2728 non

182 2780 277 2826 tam
307 2790 481 2842 genus
534 2771 841 2824 locutionis
873 2785 1013 2834 esse,
1073 2784 1247 2838 quam
1296 2768 1677 2820 subobscurus
1718 2781 1855 2817 sen-

182 2878 287 2925 sus;
320 2865 418 2915 hoc
465 2860 625 2913 enim
664 2856 908 2927 intelligi
942 2862 1165 2926 potest:
1203 2871 1376 2924 super
1411 2855 1583 2906 altare
1616 2868 1854 2905 aureum

2026 485 2463 553 Quinquaginta,
2497 489 2601 537 etc.
2652 484 2860 553 (OBlG.)
2893 486 2953 537 In
2985 488 3092 538 hoc
3141 503 3369 556 quoque
3406 488 3550 541 libro
3584 488 3652 540 de

1953 572 2205 624 h0stium
2251 572 2468 641 spoliis,
2499 578 2631 639 etc.,
2664 587 2831 639 usque
2859 573 2934 625 ad
2968 582 3022 625 et
3049 574 3271 627 tradere
3318 575 3449 628 liliis
3479 576 3653 630 Caalh

1953 660 2233 729 portanda
2260 659 2537 723 humeris,
2589 667 2644 713 et
2677 661 2939 713 manibus
2975 663 3247 716 vehenda.

2026 748 2212 801 Omnes
2266 756 2360 815 qui
2430 748 2831 814 ingrediuntur,
2884 754 2987 803 etc.
3044 751 3249 819 (01110..
3305 754 3445 805 hom.
3512 756 3542 806 5
3596 755 3657 805 in

1952 835 2137 903 Num.)
2191 836 2406 888 Dicitur
2452 837 2519 889 de
2572 836 2795 901 Levitis,
2847 843 2977 903 etc.,
3032 855 3198 907 usque
3248 840 3321 892 ad
3362 841 3461 910 qui
3494 841 3654 893 omni

1955 938 2021 974 ex
2069 927 2225 991 parte
2278 922 2669 992 multiplicatis
2735 929 2792 977 et
2830 926 3141 994 puriticatis
3190 928 3446 980 sensibus
3492 927 3655 981 inve-

1958 1009 2111 1062 nitur
2144 1012 2447 1079 perfectus.

2029 1099 2186 1153 Vens.
2238 1102 2325 1153 35.
2362 1128 2431 1139 -
2478 1099 2572 1152 Ad
2619 1115 2821 1153 annum
2870 1105 3392 1171 quinquagesimum.
3443 1105 3653 1176 (01116.)

1959 1186 2475 1257 Quinquagesimus
2522 1194 2715 1241 autem
2773 1206 2955 1241 annus
3007 1191 3401 1245 remissionem
3464 1200 3519 1245 et
3565 1194 3654 1247 in-

1960 1276 2313 1343 dulgentiam
2354 1276 2657 1345 signiﬁcat,
2688 1282 2818 1340 etc.,
2850 1294 3018 1346 usque
3041 1280 3115 1332 ad
3136 1279 3183 1331 si
3216 1280 3457 1334 addatur
3481 1282 3652 1335 unius

1960 1362 2185 1417 decadaa
2212 1365 2647 1429 consummatio,
2682 1366 2825 1417 ﬁunt
2850 1366 3168 1435 quingenti.

2648 1452 2871 1505 CAPUT
2913 1454 2971 1503 V.

2032 1541 2193 1591 Vens.
2236 1542 2289 1592 2.
2326 1570 2395 1577 —
2426 1541 2643 1595 Omnem
2690 1541 2981 1609 leprosum.
3038 1542 3270 1598 Leorosi
3308 1548 3440 1597 sunt
3468 1545 3651 1599 haere-

1960 1627 2057 1681 tici
2108 1628 2275 1679 variis
2332 1643 2591 1680 errorum
2649 1629 2885 1681 maculis
2942 1630 3169 1698 polluti,
3215 1648 3331 1684 non
3383 1632 3655 1688 habentes

1965 1716 2305 1769 uniformem
2335 1716 2585 1769 colorem
2615 1716 2889 1770 doctrinae
2938 1718 3025 1771 vel
3076 1718 3207 1772 tidei
3240 1735 3252 1772 :
3288 1736 3389 1773 nec
3418 1721 3654 1774 abscon-

1959 1805 2102 1858 dunt
2162 1803 2531 1873 imperitiam,
2585 1804 2682 1857 sed
2742 1805 3067 1867 ostendunt.
3132 1806 3296 1859 Nulla
3352 1824 3483 1860 vero
3516 1810 3654 1862 falsa

1959 1890 2214 1944 doctrina
2243 1896 2327 1943 est
2368 1907 2497 1960 qua:
2544 1907 2659 1944 non
2701 1891 2891 1962 aliqua
2934 1908 3065 1945 vera
3115 1893 3420 1961 aliquando
3467 1896 3655 1948 admi-

1961 1983 2131 2031 sceat.
2180 1978 2324 2031 Vera
2371 1994 2508 2047 ergo
2541 1978 2697 2031 falsis
2741 1980 3015 2049 permista
3065 1980 3122 2032 in
3162 1980 3353 2051 aliqua
3402 1982 3655 2053 disputa-

1959 2066 2114 2119 tione
2161 2068 2244 2118 vel
2302 2067 2625 2120 narratione
2683 2067 3008 2136 cujuslibet,
3057 2073 3327 2137 tanquam
3380 2068 3440 2120 in
3490 2069 3657 2121 unius

1960 2154 2212 2223 corporis
2257 2157 2446 2208 colore
2492 2154 2849 2225 apparentia,
2896 2156 3219 2223 signiﬁcant
3258 2157 3496 2224 lepram,
3530 2161 3657 2209 tan-

1960 2259 2133 2312 quam
2164 2243 2308 2295 veris
2344 2243 2613 2313 falsisque
2660 2247 2917 2297 colorum
2948 2244 3098 2308 locis,
3135 2246 3389 2297 humana
3420 2260 3656 2314 Corpora

1962 2330 2296 2383 variantem.

2035 2420 2200 2473 Vens.
2254 2422 2303 2471 6.
2354 2421 2530 2472 —Vir
2575 2422 2685 2473 sive
2741 2421 2960 2474 mulier.
3004 2421 3157 2487 (Rau.
3218 2422 3276 2472 in
3310 2422 3496 2489 Num.)
3544 2422 3658 2474 Hoc

1961 2506 2207 2575 capitulo
2266 2506 2664 2571 admonemur,
2720 2513 2783 2560 ut
2839 2507 2885 2560 si
2925 2507 3065 2577 quid
3092 2519 3206 2576 ‘per
3248 2508 3656 2577 negligentiam

1961 2593 2371 2663 delinquimus,
2423 2610 2524 2664 per
2569 2594 2987 2648 confessionem
3033 2600 3088 2647 et
3129 2594 3523 2664 pmnitentiam
3574 2596 3657 2648 di-

1962 2681 2187 2732 luamus
2214 2686 2268 2734 et
2299 2681 2573 2733 damnum
2625 2681 3010 2734 restituamus.
3046 2680 3104 2734 Si
3156 2686 3346 2733 autem
3395 2682 3657 2751 proximo

1964 2769 2235 2821 damnum
2272 2769 2588 2833 intulimus,
2620 2785 2809 2822 coram
2842 2770 2936 2821 illo
2967 2768 3363 2838 poeniteamus,
3407 2776 3463 2822 et
3496 2769 3657 2822 dam-

1963 2872 2102 2909 num
2151 2858 2533 2911 restituamus.
2573 2858 2630 2910 Si
2676 2872 2808 2912 vero
2843 2873 2957 2910 non
2988 2862 3264 2926 superest,
3309 2857 3654 2922 conﬁtendo,

181 2951 494 3018 adoperient
570 2948 971 3000 vestimentum
1032 2944 1483 3014 hyacinthinum,
1547 2948 1609 2995 ut
1664 2941 1852 3011 ipsum
1891 2970 1930 3025 ε
1961 2945 2292 3012 paenitendo
2320 2950 2375 2997 et
2421 2946 2806 3015 eleemosynas
2858 2944 3171 3013 largiendo,
3206 2946 3445 2998 Domino
3494 2945 3659 2999 satis-

180 3039 557 3091 vestimentum
590 3035 1024 3106 hyacintliinum
1066 3032 1177 3085 alia
1209 3049 1268 3084 re
1300 3031 1677 3100 operiendum
1705 3044 1853 3099 prae-

180 3127 387 3193 ceperit,
421 3125 579 3195 quod
631 3123 1035 3176 vestimentum
1077 3122 1200 3190 jam
1247 3135 1418 3187 super
1466 3119 1640 3171 altare
1686 3121 1856 3182 esset,

181 3228 231 3264 ac
274 3214 315 3265 si
364 3214 617 3266 breviter
672 3217 984 3280 utrumque
1040 3208 1528 3277 complecteretur,
1581 3210 1643 3258 ut
1684 3204 1854 3259 vesti-

184 3307 350 3354 mento
396 3299 773 3371 hyacinthino
804 3299 982 3351 altare
1032 3295 1427 3367 operiendum,
1462 3300 1518 3347 et
1546 3293 1853 3346 vestimen-

182 3394 282 3440 tum
319 3388 757 3458 hyacinthinum
807 3387 920 3439 alio
969 3385 1220 3454 tegmine
1272 3382 1669 3453 operiendam.
1710 3382 1855 3435 Stlll-

176 3476 341 3544 junxit
365 3478 619 3545 denique
653 3476 801 3528 unde
843 3473 1055 3544 operiri
1086 3474 1253 3526 vellet
1283 3472 1683 3524 vestimentum
1714 3469 1857 3539 hya-

180 3566 499 3629 cinthinum,
553 3581 684 3618 cum
731 3563 974 3632 adjecit:
1004 3567 1059 3615 et
1109 3560 1439 3630 adoperient
1488 3559 1627 3613 illud
1667 3556 1857 3627 operi-

180 3659 345 3706 mento
375 3654 619 3724 pelliceo
650 3652 929 3705 ianthino.

236 3743 382 3793 Vens.
450 3744 540 3794 15.
611 3770 681 3781 ——
747 3742 889 3793 Tunc
929 3737 1211 3791 intrabunt
1260 3737 1365 3804 ﬁlii
1412 3735 1609 3788 Caath.
1654 3734 1856 3803 (01110.,

179 3829 295 3883 hom.
329 3832 403 3899 4.)
432 3829 544 3893 Qui
578 3828 711 3881 licet
753 3843 872 3880 non
902 3826 1017 3879 sint
1060 3825 1398 3886 sacerdotes,
1429 3828 1556 3888 etc.,
1588 3837 1757 3890 usque
1787 3822 1860 3874 ad

180 3918 319 3986 cujus
364 3916 767 3971 hereditatem
810 3913 1102 3984 praestabit
1144 3912 1308 3964 nobis
1353 3912 1629 3964 Dominus
1670 3915 1862 3963 noster

178 4004 315 4057 Jesus
344 4005 624 4059 Christus.

238 4094 388 4145 Vens.
441 4096 525 4147 18.
585 4121 652 4130 -—
702 4091 879 4146 Nolite
919 4088 1164 4158 perdere.
1218 4087 1417 4156 (ORIG.)
1464 4087 1639 4141 Nolite
1684 4092 1860 4140 exter-

180 4184 364 4237 minare
408 4182 624 4251 plebem
678 4182 880 4246 Caath,
938 4182 1046 4231 etc.
1113 4176 1368 4245 Intellige
1412 4176 1571 4245 prius
1614 4176 1860 4227 colloca-

178 4268 370 4323 tionem
418 4268 797 4327 tabernaculi,
848 4271 979 4335 etc.,
1032 4281 1200 4334 usque
1258 4265 1331 4317 ad
1390 4263 1616 4317 humeri
1668 4268 1859 4316 autem

178 4372 333 4427 opera
362 4358 705 4430 significant.

237 4448 387 4502 Vens.
423 4451 514 4501 20.
552 4477 619 4485 —
664 4447 791 4498 Alii
834 4445 1007 4509 nulla,
1061 4448 1167 4496 etc.
1219 4442 1427 4512 (ORIG.)
1479 4442 1541 4494 In
1589 4441 1858 4494 Ecclesia-

178 4534 311 4587 sticis
352 4551 588 4607 quoque
627 4531 1144 4598 observationibus,
1197 4537 1326 4598 etc.,
1375 4545 1542 4597 usque
1580 4528 1652 4582 ad
1699 4534 1757 4582 et
1802 4528 1863 4581 in

179 4639 303 4691 opus
334 4622 585 4693 proferri
614 4623 755 4674 ratio
786 4618 1126 4691 poposcerit.

240 4712 399 4765 Vens.
441 4715 539 4766 23.
583 4740 651 4751 —
678 4712 724 4763 Α
758 4712 1008 4776 triginta.
1066 4705 1444 4774 ’l‘ricenarius,
1484 4706 1583 4775 qui
1627 4704 1862 4777 denario

176 4802 250 4851 ter
295 4799 676 4870 multiplicato
732 4797 1114 4868 componitur,
1165 4795 1551 4865 integritatem
1622 4793 1753 4847 ﬁdei
1788 4778 1865 4847 ἐι

178 4888 571 4954 perfectionem
606 4887 796 4956 operis
827 4885 1132 4955 signiﬁcat,
1166 4884 1287 4936 sine
1318 4882 1527 4953 quibus
1559 4898 1727 4936 nemo
1773 4899 1863 4935 ac-

178 4976 357 5030 cedere
408 4977 584 5030 debet
633 4976 704 5028 ad
753 4973 945 5027 divina
998 4971 1331 5025 ministeria.
1384 4970 1590 5040 Joseph
1623 4971 1865 5023 tricena-

178 5063 280 5117 rius
308 5066 540 5135 .»Egypti
574 5063 823 5133 suscepit
874 5060 1261 5131 gubernacula
1294 5060 1444 5129 (Gen.
1472 5063 1574 5128 x1),
1609 5064 1663 5112 et
1693 5058 1865 5112 David

180 5168 428 5222 regnum,
467 5152 620 5223 quod
643 5150 1137 5221 septuagenarius,
1163 5150 1219 5201 id
1244 5155 1346 5215 est,
1378 5154 1651 5218 perpetua
1673 5147 1865 5217 quiete

184 5239 371 5310 dignus
409 5242 722 5310 complevit
778 5239 880 5310 (Ill
922 5240 1058 5306 Reg.
1096 5238 1176 5307 11).
1213 5238 1277 5290 Et
1315 5237 1569 5291 Ezechiel
1616 5236 1865 5306 prophe-

182 5329 261 5383 tia:
314 5331 469 5385 dona
518 5330 837 5400 promeruit
884 5329 1092 5397 (Ezech.
1156 5326 1214 5396 1).
1261 5327 1326 5379 Et
1382 5325 1517 5395 quia
1546 5342 1647 5395 per
1692 5325 1863 5379 ﬁdem

184 5418 398 5473 adversa
430 5419 642 5473 debent
683 5417 1092 5487 longanimiter
1120 5414 1275 5480 ferri,
1310 5419 1365 5467 et
1397 5414 1641 5484 prazmia
1688 5414 1865 5468 subli-

186 5507 333 5561 miter
394 5507 620 5577 sperari
690 5522 835 5558 arcte
910 5505 995 5557 vel
1069 5502 1266 5571 templi
1334 5501 1595 5564 altitudo,
1655 5508 1712 5557 et
1780 5508 1867 5557 ta-

1963 3032 2258 3085 faciamus.

2037 3120 2220 3189 (Ano.,
2253 3124 2383 3187 etc.,
2425 3125 2612 3187 quaest.
2642 3125 2672 3171 9
2702 3119 2764 3175 in
2792 3121 2979 3187 Num.)
3011 3120 3137 3174 Alia
3167 3120 3358 3175 littera
3385 3137 3555 3189 usque
3584 3122 3659 3176 ad

1966 3224 2093 3279 qua:
2123 3224 2225 3278 per
2253 3208 2520 3261 delictum
2560 3208 2746 3261 ablata
2776 3213 2880 3261 est.

2038 3298 2193 3350 Vens.
2238 3301 2287 3350 7.
2349 3326 2417 3336 —
2461 3296 2702 3361 Reddent
2748 3298 2942 3365 ipsum.
2997 3298 3183 3363 (Ara,
3236 3302 3423 3365 quaest.
3480 3301 3543 3352 lO
3600 3301 3659 3353 in

1966 3389 2147 3453 Num.)
2200 3385 2485 3449 Quaeritur
2545 3386 2837 3455 quomodo
2895 3384 2951 3437 in
2994 3385 3180 3439 Exodo
3234 3385 3464 3455 legitur,
3521 3392 3653 3454 etc.,

1965 3492 2134 3545 usque
2163 3476 2237 3528 ad
2275 3491 2387 3544 quo
2435 3475 2619 3527 furem
2675 3474 3149 3543 comprehensum
3200 3474 3289 3527 vel
3343 3475 3659 3530 convictum

1968 3564 2137 3634 plecti
2182 3568 2492 3631 oporteret.

2042 3654 2202 3706 Vens.
2236 3654 2294 3705 8.
2350 3681 2420 3691 -
2448 3653 2683 3719 Excepto
2733 3651 2899 3703 ariete
2948 3648 3153 3703 Arietis
3199 3649 3411 3703 oblatio
3457 3649 3661 3704 Christi

1966 3740 2291 3810 passionem
2344 3738 2645 3808 signiﬁcat,
2696 3738 2755 3791 in
2816 3753 2929 3807 qua
2985 3737 3232 3790 maxime
3299 3737 3659 3805 conﬁdimus,

1970 3828 2104 3899 quia
2146 3826 2265 3880 sine
2310 3842 2376 3878 eo
2410 3825 2551 3878 nihil
2600 3840 2917 3893 possumus.
2970 3825 3095 3894 Ipse
3146 3830 3231 3879 est
3278 3827 3536 3880 sacerdos
3566 3829 3665 3897 qui

1968 3932 2073 3969 nos
2106 3913 2259 3968 Patri
2288 3928 2391 3983 per
2437 3911 2785 3965 oblationem
2816 3911 3002 3964 carnis
3029 3927 3145 3964 suae
3173 3912 3502 3966 reconciliat
3533 3914 3663 3981 (Job

1969 4005 2099 4073 xv):
2137 4003 2264 4057 ideo
2313 4001 2397 4054 illi
2434 4015 2671 4053 munera
2720 4004 2913 4052 nostra
2965 3999 3278 4065 offerimus,
3316 4016 3429 4069 quo
3486 4001 3663 4055 inter-

1969 4092 2201 4145 cedente
2233 4089 2457 4142 veniam
2486 4103 2827 4142 mereamur.

2040 4181 2201 4232 Vens.
2264 4181 2313 4231 9.
2368 4176 2461 4231 Ad
2523 4176 2868 4230 sacerdotem.
2942 4174 3227 4230 Christum
3287 4174 3519 4240 scilicet,
3576 4171 3669 4225 cui

1900 4253 1943 4306 D
1972 4268 2221 4323 dicitur:
2258 4269 2339 4320 Tu
2378 4280 2430 4319 es
2474 4264 2725 4319 sacerdos
2773 4267 2833 4318 in
2880 4269 3132 4318 mternum
3176 4262 3467 4318 secundum
3510 4259 3667 4315 ordi-

1972 4371 2087 4408 nem
2145 4353 2527 4409 Melchisedech
2582 4353 2749 4423 (Psal.
2812 4353 2939 4424 cu).
3004 4353 3134 4422 Eius
3192 4352 3402 4413 scilicet
3451 4349 3667 4422 judicio

1972 4448 2175 4497 cuncta
2220 4458 2537 4508 reservans,
2596 4459 2668 4495 ne
2725 4441 2871 4496 forte
2921 4442 3138 4512 judicet
3191 4457 3311 4494 rem
3368 4440 3667 4503 incertam,

1970 4532 2161 4586 unde:
2221 4532 2396 4585 Nolite
2453 4536 2577 4585 ante
2632 4535 2837 4599 tempus
2883 4531 3137 4599 judicare
3185 4528 3533 4599 quoadusque
3580 4542 3666 4579 ve-

1971 4620 2090 4674 niat
2129 4622 2406 4684 Dominus,
2439 4624 2543 4672 etc.

2046 4708 2195 4777 (H.113.
2240 4710 2299 4761 in
2343 4709 2520 4775 Num.)
2574 4706 2775 4760 Farina
2822 4706 3141 4760 hordeacea
3187 4704 3480 4758 scientiam
3509 4707 3663 4755 vete-

1972 4795 2049 4849 ris
2080 4796 2220 4865 legis
2268 4795 2568 4866 signiﬁca‘t,
2598 4800 2729 4861 etc.,
2781 4809 2948 4863 usque
2978 4794 3052 4847 ad
3105 4792 3430 4848 damnanda
3478 4793 3575 4843 aut
3600 4789 3668 4841 li-

1972 4884 2225 4937 beranda
2250 4889 2588 4937 reservatur.

2045 4973 2203 5026 Vens.
2260 4977 2344 5026 15.
2394 5003 2459 5012 -
2503 4974 2621 5027 Νοη
2669 4971 2879 5037 fundet.
2927 4970 3051 5023 Non
3095 4969 3259 5023 decet
3298 4967 3423 5021 oleo
3465 4966 3671 5020 adula-

1972 5061 2144 5117 tionis
2194 5064 2281 5116 vel
2310 5062 2627 5115 indiscretaa
2658 5058 3089 5126 misericordiae,
3143 5073 3245 5110 nec
3270 5056 3437 5109 thure
3467 5072 3668 5133 super.-

1974 5152 2104 5205 tluaa
2152 5151 2335 5205 laudis
2372 5151 2461 5204 vel
2513 5148 2855 5202 inordinatae
2904 5145 3199 5211 orationis,
3246 5138 3671 5215 impoenitentes

1974 5239 2146 5305 liniri,
2199 5239 2297 5292 sed
2345 5240 2463 5292 zelo
2511 5236 2746 5307 justitize
2791 5235 3102 5288 secundum
3151 5238 3504 5305 praeceptum
3562 5233 3673 5286 Do—

1976 5328 2118 5381 mini
2146 5328 2347 5381 vitium
2378 5326 2655 5379 instanter
2685 5328 2739 5377 et
2765 5323 3021 5377 ordinate
3048 5322 3339 5393 persequi.

2045 5417 2206 5470 Vens.
2265 5419 2342 5469 l7.
2404 5445 2471 5454 —
2525 5416 2744 5482 Aquam
2802 5418 3065 5467 sanctam.
3119 5411 3252 5483 (11).)
3312 5410 3453 5465 Huic
3507 5424 3672 5480 aqua:

1975 5505 2171 5557 miscet
2222 5503 2481 5556 sacerdos
2532 5502 2847 5572 pauxillum
2891 5506 3060 5555 terrae
3104 5501 3173 5554 de
3222 5499 3551 5570 pavimento
3590 5502 3673 5550 ta-

3551 284 3653 335 390
3732 301 3743 309 ο
