3976 6178
303 284 396 335 391
919 279 1313 334 WALAFRIDI
1353 279 1600 334 STRABI
1640 279 1838 334 FULD.
1879 277 1976 334 ΜΟ

2150 278 2250 332 PP.
2296 277 2469 332 PARS
2509 277 2552 330 Ι.
2592 305 2660 314 ·-
2699 275 3156 332 THEOLOGICA.
3679 283 3775 336 392

289 400 601 468 bernacnli,
647 415 776 454 cum
820 397 1029 454 Christi
1075 397 1323 463 decreto,
1375 398 1842 453 commemoratio
1877 414 1979 469 pa-
2010 395 2224 465 Alica,
2272 413 2374 467 per
2429 412 2603 468 quam
2655 396 2717 450 in
2772 397 3074 452 Ecclesiam
3134 398 3329 463 intrat,
3390 403 3453 453 ut
3506 416 3606 470 per
3641 403 3776 458 tanti

291 490 691 553 trial-charum,
714 488 1125 558 prophetarum
1156 490 1212 538 et
1241 486 1626 555 apostolorum
1654 485 1982 540 intromissa

285 579 590 649 reperitur.

358 669 519 721 Vens.
578 668 666 720 23.
717 696 786 704 —
835 664 1146 732 Scribetque
1192 662 1440 716 sacerdos
1482 664 1542 716 in
1598 663 1794 728 libello,
1867 667 1974 717 etc.

289 755 432 820 Quia
477 754 692 808 scilicet
736 769 904 823 poena
953 757 1311 822 peccatorum
1343 751 1405 805 in
1449 751 1741 820 Scriptura
1787 758 1975 804 sancta

283 844 637 914 explanatur.
689 841 1026 912 Quicunque
1073 845 1263 894 autem
1315 855 1441 893 eam
1488 840 1581 910 pie
1637 845 1693 893 et
1735 839 1981 894 ﬁdeliter

283 930 559 996 hauserit,
611 929 890 999 supplicia
933 935 1318 998 peccatorum,
1365 943 1494 998 quae
1531 927 1594 981 in
1644 943 1710 982 ea
1741 943 1978 982 narran-

281 1023 396 1086 tur,
429 1017 832 1089 pertimescens
871 1022 928 1070 et
953 1015 1243 1070 abstinens
1275 1032 1305 1068 a
1330 1015 1595 1086 peccatis,
1623 1015 1722 1069 ﬁet
1750 1015 1803 1068 ei
1831 1031 1981 1085 aqua

284 1105 755 1180 amarissima'in
815 1105 1085 1160 salutem.
1147 1103 1254 1168 Qui
1298 1110 1492 1158 autem
1551 1104 1974 1174 contempserit,

284 1196 482 1249 inﬂato
530 1201 746 1258 ventre,
793 1198 1209 1264 computrescet
1252 1192 1441 1246 femur
1485 1191 1624 1261 ejus,
1675 1197 1731 1246 et
1781 1191 1890 1246 erit
1920 1191 1980 1245 in

288 1283 745 1339 maledictionem
777 1289 832 1336 et
862 1282 918 1335 in
950 1281 1298 1352 exemplum,
1350 1280 1485 1351 quia
1527 1281 1682 1350 justo
1707 1281 1807 1335 Dei
1827 1280 1978 1352 judi-

284 1375 372 1428 cio
423 1372 714 1444 punietur,
768 1375 824 1424 et
871 1375 1041 1424 erunt
1081 1369 1135 1424 ei
1170 1368 1232 1422 in
1277 1369 1653 1440 opprobrium
1698 1367 1982 1424 desideria

285 1480 386 1516 sua
418 1467 474 1515 ct
499 1467 667 1514 actus.

359 1551 519 1604 Vens.
567 1550 660 1602 2’s.
699 1579 767 1588 —
811 1548 970 1602 Dabit
1001 1549 1050 1600 ei
1088 1546 1282 1614 bibere,
1315 1551 1378 1600 ut
1427 1545 1820 1600 manifestatur
1848 1561 1978 1617 pec-

285 1644 474 1692 catum
521 1637 695 1704 illius,
729 1638 812 1689 vel
854 1635 946 1689 hic
977 1635 1044 1687 ad
1086 1634 1513 1699 correctionem,
1563 1634 1649 1688 vel
1677 1633 1736 1687 in
1785 1634 1978 1688 futuro

287 1725 354 1780 ad
397 1724 839 1778 damnationem.
891 1723 1042 1778 Nihil
1087 1723 1226 1776 enim
1259 1722 1542 1783 occultum,
1593 1721 1738 1789 quod
1769 1737 1872 1776 non
1901 1738 1982 1776 re-

284 1815 485 1868 veletur
533 1813 749 1883 (Matth.
799 1812 875 1881 x).
925 1811 1062 1864 Hinc
1116 1810 1390 1864 Dominus
1439 1810 1562 1864 ait:
1606 1811 1788 1865 Sermo
1827 1826 1982 1879 quem

286 1903 490 1956 locutus
539 1916 655 1954 sum
699 1899 871 1964 vobis,
921 1899 1011 1952 ille
1034 1912 1124 1952 vos
1159 1897 1436 1966 judicabit
1462 1899 1520 1950 in
1560 1899 1846 1952 novissimo
1894 1896 1983 1950 die

285 1992 458 2057 (Joan.
483 1987 601 2058 xu).

951 2119 1176 2174 CAPUT
1216 2119 1306 2173 Vl.

357 2254 517 2306 Vens.
551 2254 602 2306 3.
636 2281 704 2290 —-
733 2253 785 2303 Α
825 2251 950 2304 vino
1001 2255 1052 2303 et
1097 2249 1242 2303 omni
1289 2250 1434 2319 quod
1473 2251 1746 2305 inebriare
1785 2255 1978 2320 potest,

287 2341 423 2410 (ΗΑΒ
476 2343 535 2394 in
568 2341 748 2405 Num.)
781 2339 844 2392 In
889 2338 1228 2392 duodecima
1275 2338 1594 2402 mansione,
1641 2344 1770 2399 etc.,
1811 2354 1981 2407 usque

286 2429 360 2483 ad
386 2434 442 2482 et
461 2428 831 2498 corruptione
860 2427 1066 2481 veteris
1095 2425 1364 2496 nequitia
1391 2427 1761 2481 delectantur.

355 2516 518 2569 Vens.
555 2518 605 2568 5.
633 2544 700 2552 —
729 2514 1002 2568 Novacula
1029 2527 1134 2565 non
1182 2513 1452 2566 transibit.
1499 2513 1622 2582 (In.)
1650 2513 1710 2567 Id
1740 2517 1844 2581 est,
1875 2529 1979 2568 nec

283 2603 503 2670 dolum,
533 2617 638 2656 nec
659 2601 936 2655 malitiam
962 2599 1021 2652 in
1045 2605 1230 2653 mente
1252 2600 1538 2665 retinebit,
1568 2617 1636 2654 ne
1667 2601 1975 2671 polluatur,

285 2693 516 2758 scilicet,
567 2690 828 2744 cesaries
879 2689 1098 2758 capitis,
1154 2688 1213 2742 id
1273 2693 1374 2751 est,
1433 2689 1701 2758 cogitatio
1751 2690 1975 2745 mentis.

283 2781 393 2836 Sed
425 2779 813 2834 innocentiam
858 2781 1047 2830 teneat
1088 2792 1269 2846 usque
1299 2777 1368 2830 ad
1398 2777 1571 2831 ﬁnem
1608 2779 1764 2832 vitae.
1801 2779 1978 2832 Aliter

283 2869 438 2924 enim
478 2883 595 2921 non
645 2865 754 2920 erit
796 2869 988 2918 votum
1038 2864 1402 2934 acceptabile.
1455 2865 1560 2931 Qui
1587 2871 1764 2920 autem
1791 2881 1977 2936 perse-

281 2957 571 3020 veraverit,
599 2955 782 3008 salvus
805 2955 906 3006 erit
937 2952 1156 3019 (Matth.
1190 2951 1266 3022 x).

357 3045 516 3097 Vens.
559 3044 611 3096 6.
641 3071 710 3082 —-
751 3041 924 3109 Super
974 3046 1243 3094 mortuum
1291 3055 1396 3093 non
1437 3041 1792 3107 ingredietur.
1851 3042 1977 3114 (In.)

284 3132 346 3185 Id
395 3136 498 3196 est,
558 3135 849 3184 mortuum
907 3129 965 3181 in
1013 3128 1255 3198 peccatis
1304 3144 1420 3182 non
1474 3129 1815 3195 imitabitur,
1874 3145 1979 3184 nec

285 3217 606 3288 iniquitatis
653 3217 776 3286 ejus
824 3215 998 3268 vitam
1047 3214 1422 3284 ingredietur,
1472 3233 1545 3270 ne
1583 3217 1782 3288 perdat
1813 3219 1978 3271 labo-

281 3322 404 3360 rem
450 3321 638 3359 suum.
691 3306 808 3359 Non
853 3306 995 3356 enim
1043 3306 1140 3370 qui
1176 3304 1411 3370 inchoat,
1462 3305 1557 3358 sed
1601 3307 1698 3373 qui
1733 3321 1977 3361 consum-

280 3397 415 3462 mat,
447 3391 795 3446 coronabitur
823 3389 895 3460 (ιι
927 3391 1064 3443 Tim.
1099 3389 1178 3458 ιι).

356 3482 513 3534 Vens.
573 3484 624 3532 7.
672 3507 742 3520 -
787 3480 895 3534 Nec
937 3492 1101 3546 super
1145 3480 1344 3546 patris.
1379 3478 1496 3547 (In.)
1538 3479 1598 3532 Id
1643 3483 1745 3546 est,
1788 3481 1978 3535 nullus

279 3570 520 3624 carnalis
565 3585 698 3622 eum
729 3568 983 3622 retrahat
1031 3566 1288 3634 affectus,
1341 3567 1529 3619 omnis
1564 3583 1826 3637 persona,
1861 3585 1979 3622 om-

280 3659 368 3713 nis
427 3658 698 3728 dignitas,
753 3655 941 3709 omnis
988 3654 1457 3724 consanguinitas
1498 3654 1704 3708 Christi
1746 3657 1974 3710 servitio

274 3745 671 3816 postponcnda
701 3749 806 3798 est.
909 3751 914 3754 '

349 3834 683 3888 Consecratio
715 3833 828 3885 Dei.
863 3828 1003 3899 (In.)
1038 3829 1100 3884 Id
1153 3832 1260 3895 est,
1301 3828 1542 3898 Spiritus
1573 3830 1752 3884 sancti
1795 3830 1978 3901 gratia

275 3919 338 3974 in
365 3921 529 3974 corde
551 3921 674 3990 ejus
705 3919 912 3973 ditfusa
940 3922 1046 3986 est,
1082 3917 1233 3971 unde
1261 3933 1274 3970 :
1306 3917 1482 3973 Nolite
1505 3922 1829 3974 contristare
1856 3920 1978 3989 Spi-

273 4018 442 4070 ritum
469 4021 736 4073 sanctum.
767 4015 825 4066 in
855 4028 958 4082 quo
1005 4013 1214 4080 signati
1257 4013 1384 4065 estis
1415 4027 1592 4067 omnes
1623 4013 1840 4083 (Ephes.
1879 4013 1972 4086 ιν).

344 4103 501 4158 Vens.
536 4105 589 4158 8.
623 4131 692 4141 —
727 4102 916 4156 Omnes
964 4099 1078 4154 dies
1123 4101 1517 4169 separationis.
1558 4102 1621 4155 Id
1651 4107 1754 4169 est,
1795 4119 1974 4174 usque

272 4193 334 4246 in
392 4193 569 4246 tinem
646 4194 972 4260 perseveret
1024 4189 1147 4243 sine
1222 4190 1710 4246 contaminatione
1761 4192 1974 4264 peccati

274 4285 447 4352 atque
479 4279 690 4334 delicti.

346 4369 506 4422 Vens.
540 4370 597 4421 9.
637 4397 705 4404 —
733 4367 834 4422 Sin
865 4369 1044 4421 autem
1087 4371 1332 4420 mortuus
1375 4365 1570 4431 fuerit.
1602 4366 1731 4437 (In.)
1778 4368 1841 4422 Id
1871 4373 1974 4436 est,

280 4456 329 4509 si
386 4455 616 4510 mortali
693 4460 923 4526 peccato
979 4453 1264 4524 pollutum
1332 4452 1546 4506 imitari
1599 4452 1859 4517 voluerit,
1923 4456 1979 4506 et

277 4562 457 4616 usque
516 4545 586 4598 ad
629 4559 972 4598 consensum
1019 4542 1390 4607 descenderit,
1441 4541 1577 4595 sciat
1622 4557 1848 4596 necesse
1894 4546 1979 4594 est

275 4635 401 4705 ejus
448 4632 860 4687 continentiam
916 4647 1036 4685 esse
1093 4630 1392 4702 pollutam,
1442 4635 1499 4684 et
1545 4633 1718 4701 caput
1770 4629 1978 4684 raden-

276 4723 435 4790 dum,
491 4721 548 4776 id
594 4726 695 4787 est,
745 4726 998 4775 mentem
1051 4719 1412 4791 purgandam
1459 4737 1492 4773 ιι
1535 4735 1710 4790 prava
1761 4719 1974 4789 cogita-

275 4810 435 4865 tione
464 4814 522 4864 et
549 4809 719 4864 noxia
745 4807 1140 4863 delectatione.

346 4899 519 4954 Radet
575 4899 739 4953 illico.
797 4898 920 4967 (In.)
972 4897 1250 4967 Tempore
1326 4894 1539 4949 scilicet
1589 4891 1976 4965 compunctio—

277 4987 387 5054 nis,
419 5003 532 5058 quo
562 4986 854 5056 cognoscit
877 5001 936 5038 se
981 4984 1311 5055 deliquisse,
1365 4983 1555 5037 statim
1583 4999 1641 5038 se
1668 4982 1973 5037 emendare

276 5075 502 5130 studeat
527 5079 584 5128 et
614 5089 840 5144 semper
859 5073 1107 5127 similem
1142 5073 1368 5127 ruinam
1397 5073 1616 5126 timeat.

348 5161 509 5214 Vens.
559 5163 640 5213 10.
692 5190 760 5198 -
798 5160 949 5213 Duos
994 5164 1258 5214 turtures.
1314 5157 1442 5228 (In.)
1491 5158 1762 5211 Turtures
1811 5156 1974 5210 casti-

275 5253 470 5316 tatem,
503 5249 648 5319 pulli
690 5248 1086 5302 columbarum
1146 5245 1570 5318 simplicitatem
1627 5244 1967 5316 signiﬁcant.

275 5336 384 5402 Qui
411 5353 546 5408 ergo
579 5337 701 5391 vult
731 5337 799 5390 ad
833 5336 1307 5391 resurrectionem
1338 5335 1620 5389 bonorum
1648 5333 1967 5405 pervenire,

275 5427 477 5481 oﬁ‘erat
529 5443 662 5482 vero
717 5425 1019 5490 sacerdoti,
1082 5425 1139 5480 id
1197 5429 1299 5492 est,
1356 5423 1597 5492 Christo,
1653 5424 1969 5478 castitatem

275 5514 483 5570 mentis
538 5520 596 5570 et
643 5514 920 5584 corporis,
953 5517 1010 5568 et
1060 5511 1485 5583 simplicitatem
1514 5511 1574 5566 in
1629 5511 1742 5566 ﬁde
1773 5510 1967 5566 catho.

2090 484 2382 556 pontiﬁcis
2417 484 2855 556 opitulationem
2885 486 3159 556 expietur.

2159 575 2322 628 Vens.
2376 577 2458 628 11.
2491 603 2560 614 —
2609 575 2680 627 Et
2731 573 3128 643 deprecabitur.
3162 574 3291 644 (In.)
3341 574 3537 629 Unde:
3599 576 3778 632 Advo-

2088 666 2244 716 catus
2286 666 2466 716 noster
2511 661 2662 731 apud
2698 663 2912 716 Patrem
2959 661 3146 732 (Joan.
3203 662 3267 732 ι.)
3314 663 3412 716 Vel
3461 663 3598 733 quia
3625 664 3780 720 faciet

2089 765 2192 802 nos
2218 749 2513 819 deprecari
2559 749 2873 804 secundum
2914 750 3056 804 illud
3083 767 3096 804 :
3157 751 3402 820 Spiritus
3427 753 3666 821 postulat
3685 770 3777 823 pro

2087 837 2239 890 nobis
2268 839 2555 905 gemitibus
2583 837 3049 893 inenarrabilibus
3078 840 3246 909 (Rom.
3281 839 3420 910 vni).
3446 875 3451 880 ›

2163 926 2322 979 Vens.
2358 927 2446 978 l2.
2486 955 2548 965 —-
2587 927 2654 980 Ut
2698 925 2813 980 dies
2838 928 3070 994 priores.
3107 926 3256 980 Nihil
3288 927 3358 980 de
3388 926 3627 998 pristina
3657 944 3776 982 con-

2089 1013 2409 1067 versatione
2437 1019 2772 1084 praesumat,
2801 1014 2901 1068 sed
2928 1013 2988 1068 in
3019 1014 3140 1068 sola
3176 1015 3274 1068 Dei
3303 1015 3489 1086 gratia
3520 1016 3767 1082 conﬁdat,

2089 1102 2249 1172 cujus
2284 1102 2430 1156 dono
2459 1101 2703 1172 percipit
2732 1101 2955 1156 veniam
2982 1107 3036 1156 et
3063 1103 3323 1173 requiem
3358 1104 3765 1174 sempiternam.

2159 1190 2371 1244 Polluta
2441 1195 2519 1244 est
2591 1192 2966 1259 sanctiﬁcatio,
3034 1191 3226 1245 unde:
3306 1193 3437 1248 Cum
3507 1207 3770 1247 conversus

2086 1279 2260 1345 fuerit
2284 1283 2468 1347 justus
2500 1295 2533 1332 a
2549 1279 2775 1348 justitia
2819 1295 2923 1333 sua
2959 1284 3011 1334 et
3044 1282 3233 1346 fecerit
3261 1282 3627 1350 iniquitatem,
3671 1297 3773 1334 om-

2087 1383 2180 1423 nes
2202 1370 2431 1437 iustitiae
2459 1371 2572 1438 ejus
2603 1369 2858 1422 oblivioni
2888 1369 3174 1422 tradentur
3204 1369 3416 1438 (Ezech.
3449 1369 3626 1437 xvm).

2160 1456 2284 1509 Ista
2341 1460 2419 1510 est
2473 1458 2560 1509 (ea:
2631 1459 3065 1510 consecrationis.
3133 1458 3444 1527 Postquam
3502 1457 3779 1527 legislator

2094 1543 2427 1597 Nazarmum
2503 1544 2772 1598 instruxit
2833 1545 3121 1615 quomodo
3181 1545 3512 1608 mundetur,
3572 1546 3619 1598 si
3664 1547 3779 1616 ejus

2090 1632 2434 1685 consecratio
2487 1648 2658 1701 super
2685 1638 2912 1686 mortuo
2957 1633 3262 1703 polluatur,
3309 1633 3467 1687 addit
3497 1635 3778 1705 quomodo

2088 1724 2222 1790 post
2265 1719 2611 1790 completum
2653 1727 2849 1774 votum
2887 1737 2944 1774 se
2990 1727 3295 1790 praesentet
3344 1722 3609 1785 Domino,
3657 1739 3780 1776 cum

2091 1807 2380 1861 oblatione
2433 1807 2643 1878 gratias
2689 1807 3036 1874 redditurus,
3091 1809 3322 1878 mystice
3372 1809 3622 1863 innuens
3652 1823 3778 1864 con-

2089 1895 2327 1950 tinentis
2356 1896 2529 1948 vitam
2561 1912 2689 1948 cum
2723 1895 3010 1949 oblatione
3041 1897 3228 1967 operis
3260 1902 3315 1952 et
3343 1898 3624 1952 munditia
3653 1915 3778 1952 cor-

2089 1983 2175 2038 dis
2204 1983 2262 2037 in
2290 1983 2403 2037 ﬁne
2433 1983 2583 2038 bono
2615 1983 2855 2038 Domino
2881 1983 3239 2054 placituram.

2162 2072 2324 2125 Vens.
2373 2073 2456 2126 14.
2490 2102 2556 2111 -
2603 2074 2825 2142 Agnum
2873 2074 3204 2127 anniculum.
3253 2074 3412 2128 Hunc
3459 2074 3646 2142 oﬁ‘ert,
3686 2076 3782 2146 qui

2087 2164 2268 2214 totam
2299 2175 2459 2230 spem
2489 2175 2648 2214 suam
2680 2160 2742 2214 in
2773 2161 2895 2231 ejus
2936 2162 3330 2216 immolatione
3361 2164 3541 2233 ponit,
3574 2165 3643 2218 de
3673 2181 3783 2235 quo

2088 2248 2331 2302 dicitur:
2364 2250 2496 2302 Ecce
2532 2263 2704 2315 agnus
2736 2250 2852 2316 Dei,
2883 2263 2996 2302 ecce
3025 2251 3123 2318 qui
3160 2251 3300 2304 tollit
3325 2256 3550 2319 peccata
3596 2253 3785 2306 mundi

2087 2335 2261 2407 (Joan.
2297 2335 2368 2404 ι.)
2414 2335 2573 2389 Hunc
2600 2335 2661 2389 in
2703 2335 3098 2391 holocaustum
3129 2338 3314 2407 offert,
3361 2354 3492 2392 cum
3522 2355 3629 2410 pro
3669 2341 3787 2410 ejus

2091 2440 2286 2479 amore
2311 2439 2508 2478 carnes
2548 2425 2940 2479 mortiﬁcando
2968 2429 3150 2480 totam
3186 2427 3361 2480 vitam
3391 2442 3556 2481 suam
3587 2429 3788 2484 ardore

2090 2511 2380 2565 charitatis
2406 2511 2698 2565 incensam
2728 2512 2972 2566 Domino
3003 2517 3317 2567 consecrat.

2165 2599 2353 2669 (Αυῦη
2385 2603 2572 2668 quaest.
2628 2602 2692 2653 l2
2722 2601 2779 2652 in
2808 2597 2994 2669 Num.)
3041 2599 3168 2653 Alia
3218 2601 3424 2667 littera,
3458 2605 3592 2666 etc.,
3623 2617 3790 2671 usque

2090 2689 2164 2743 ad
2189 2694 2246 2743 et
2272 2689 2380 2742 hoc
2423 2687 2766 2742 sacriﬁcium
2812 2688 3092 2753 salutaris,
3143 2691 3298 2760 quod
3344 2691 3507 2760 prius
3547 2690 3786 2757 dixerat,

2089 2777 2146 2830 in
2181 2777 2447 2830 salutare.

2158 2864 2343 2935 (ΗΑΒ.)
2398 2868 2628 2935 Agnum
2653 2865 2819 2920 offert
2849 2865 2907 2919 in
2946 2865 3364 2938 holocaustum,
3413 2870 3509 2941 qui
3546 2872 3662 2925 Deo
3693 2887 3788 2924 ex-

2088 2953 2246 3007 hibet
2276 2951 2703 3022 simplicitatem
2727 2953 2930 3021 cordis,
2965 2969 3097 3008 cum
3125 2955 3430 3010 devotione
3457 2957 3748 3011 claritatis
3773 2974 3786 3023 ;

2086 3056 2270 3108 ovem,
2304 3056 2431 3110 quae
2469 3039 2813 3094 innocentiae
2857 3042 3181 3111 exemplum
3227 3045 3513 3112 ostendit;
3547 3045 3786 3100 arietem

2090 3145 2220 3184 vero
2263 3127 2557 3200 paciﬁcam
2601 3128 2870 3197 hostiam,
2905 3145 3034 3183 cum
3064 3145 3122 3184 se
3152 3131 3211 3184 in
3248 3133 3339 3186 via
3397 3133 3498 3188 Dei
3528 3134 3676 3190 bene
3707 3151 3792 3189 re-

2085 3217 2187 3288 git,
2222 3222 2278 3271 et
2307 3233 2535 3271 carnem
2567 3216 2839 3270 rebellem
2869 3217 3075 3272 anima:
3106 3218 3350 3290 imperio
3382 3222 3635 3293 subjicit.

2157 3308 2227 3360 Et
2257 3321 2428 3359 ovem.
2478 3304 2654 3360 Ovem
2705 3304 2872 3359 offert
2915 3322 3022 3375 pro
3053 3313 3305 3376 peccato,
3358 3311 3458 3381 qui
3499 3312 3792 3366 Christum

2084 3393 2446 3448 innocentem
2503 3410 2608 3463 pro
2666 3399 2896 3464 peccato
2949 3394 3192 3450 humani
3245 3398 3473 3468 generis
3544 3399 3794 3455 ﬁdeliter

2085 3482 2266 3536 credit
2302 3482 2578 3537 oblatum.

2154 3572 2228 3625 Et
2256 3571 2495 3623 arietem.
2547 3570 2660 3623 Hoc
2710 3568 2774 3623 ﬁt
2812 3586 2941 3624 cum
2972 3570 3162 3641 ipsum
3205 3587 3327 3626 esse
3379 3574 3639 3641 conlidit,
3693 3575 3794 3646 qui

2084 3673 2188 3728 per
2218 3658 2703 3728 dispensationem
2749 3659 2935 3713 carnis
2992 3660 3243 3715 caelestia
3281 3667 3338 3716 et
3371 3665 3664 3718 terrestria
3697 3681 3797 3734 pa-

2085 3745 2344 3814 ciﬁcavit,
2396 3762 2676 3800 evacuans
2722 3763 2953 3801 omnem
3005 3747 3394 3819 principatum
3437 3755 3493 3806 et
3535 3758 3793 3823 potesta-

2087 3839 2246 3901 tem;
2291 3850 2461 3906 quem
2514 3835 2662 3889 Deus
2713 3835 2998 3903 exaltavit,
3055 3842 3113 3891 et
3157 3837 3391 3893 donavit
3439 3840 3523 3894 illi
3575 3858 3794 3897 nomen

2085 3923 2240 3994 quod
2269 3929 2355 3977 est
2386 3939 2559 3994 super
2587 3939 2757 3978 omne
2787 3941 3021 3993 nomen,
3055 3931 3160 3980 etc.

2155 4011 2314 4065 Vens.
2344 4015 2428 4066 l5.
2458 4040 2522 4052 —
2550 4015 2620 4066 Et
2636 4013 2869 4079 lagana:
2897 4017 3148 4068 veterem
3167 4015 3353 4085 legem
3371 4014 3640 4087 aSpiritu
3666 4035 3793 4073 san-

2083 4103 2171 4153 cto
2205 4099 2474 4154 dictatam
2507 4106 2564 4154 et
2593 4105 2968 4172 temperatam
3001 4101 3070 4156 ad
3104 4103 3409 4158 utilitatem
3448 4105 3788 4162 humanam.

2160 4186 2375 4255 Absque
2427 4190 2728 4254 fermento:
2772 4189 2909 4260 quia
2964 4190 3275 4261 spiritualis
3323 4193 3508 4263 gratia
3555 4195 3618 4249 in
3667 4197 3795 4265 lege

2003 4253 2046 4307 D
2084 4277 2139 4328 et
2167 4275 2228 4328 in
2252 4253 2555 4346 E—vangelio
2587 4282 2736 4331 recte
2775 4253 3230 4348 intellig-antibus
3250 4253 3428 4350 patet.

2157 4363 2317 4417 Vens.
2386 4367 2470 4419 16.
2516 4393 2588 4404 -—
2642 4367 2770 4435 Quae
2815 4365 3017 4434 offeret.
3078 4367 3339 4422 Meritum
3395 4373 3453 4423 et
3505 4369 3792 4437 laborem,

2087 4449 2362 4521 cujusque
2411 4451 2864 4517 meditationem,
2921 4457 2977 4508 et
3028 4453 3482 4510 observationem
3535 4457 3682 4530 legis
3734 4459 3796 4512 in

2085 4543 2396 4609 conspectu
2427 4540 2526 4594 Dei
2556 4541 2977 4596 remunerando
3025 4549 3398 4613 praesentaus,
3450 4545 3690 4614 scilicet,
3725 4547 3798 4602 ad

2084 4625 2410 4697 ingressum
2459 4628 2591 4683 vita:
2633 4629 2894 4697 caelestis,
2931 4635 3159 4702 peracto
3201 4632 3338 4686 boni
3391 4634 3581 4704 operis
3607 4642 3795 4690 certa-

2084 4715 2259 4784 mine,
2295 4717 2576 4786 perducit.

2155 4805 2311 4857 Vens.
2352 4808 2442 4859 l7.
2477 4834 2546 4846 —
2573 4807 2812 4861 Arietem
2857 4822 2980 4862 vero
3004 4823 3024 4862 :
3055 4807 3296 4878 dignum
3343 4809 3557 4865 scilicet
3602 4816 3798 4868 osten-

2082 4891 2223 4946 deus
2253 4893 2512 4947 mercede
2559 4893 2772 4964 quietis
2801 4899 3120 4965 perpetuae,
3150 4901 3426 4968 tanquam
3460 4897 3794 4971 principem

2084 4979 2172 5033 sui
2195 4980 2280 5034 vel
2307 4979 2548 5034 aliorum
2575 5000 2591 5046 ;
2616 4986 2673 5034 et
2692 4981 2894 5036 ducem
2916 4983 3221 5053 optimum,
3254 4985 3431 5056 quise
3448 4986 3593 5040 bene
3617 4989 3792 5054 rexit,

2083 5073 2140 5122 et
2166 5068 2328 5122 duxit
2356 5068 2414 5121 in
2457 5069 2660 5122 semita
2699 5070 3106 5125 mandatorum
3161 5072 3276 5140 Dei,
3329 5075 3645 5130 secundum
3683 5076 3791 5130 do-

2083 5156 2326 5211 ctrinam
2359 5156 2784 5228 Scripturarum
2809 5163 2868 5213 et
2895 5159 3140 5230 gratiam
3178 5161 3562 5232 spiritualium
3599 5164 3794 5219 chari-

2081 5250 2351 5300 smatum.

2153 5334 2372 5404 (Gaza,
2419 5334 2522 5389 lib.
2577 5352 2637 5400 ιι,
2694 5337 2910 5406 Moral.,
2971 5353 3094 5409 cap.
3151 5340 3258 5409 39.)
3307 5338 3454 5406 Quid
3496 5344 3580 5396 est
3626 5343 3790 5414 quod

2081 5423 2332 5478 Nazartei
2376 5423 2612 5494 capillos
2638 5425 2949 5481 nutriunt?
2995 5432 3125 5494 etc.,
3157 5443 3327 5497 usque
3355 5429 3430 5484 ad
3458 5429 3790 5486 devotionis

2077 5511 2428 5583 perfectione
2455 5518 2778 5569 consumat.
