3976 6178
142 298 222 349 393
1254 293 1507 349 GLOSSA
1544 294 1950 351 ORUINAIHA.
1995 324 2060 333 --
2103 295 2232 349 LIB.
2276 295 2447 350 NUM.

3501 308 3603 360 394

192 417 335 468 Vens.
386 417 466 469 t9.
499 442 567 452 —-
617 415 692 468 Et
736 430 951 468 armum
982 419 1184 469 coctum
1214 418 1423 476 arietis,
1481 420 1798 485 tortamque.
1841 420 1884 471 Α
1915 418 2155 470 animam
2228 432 2456 471 meama
2510 433 2610 480 me,
2657 418 2753 471 sed
2799 435 2893 487 ego
2938 436 3077 491 pono
3123 437 3259 489 eam,
3310 428 3361 477 et
3411 426 3605 479 iterum

140 502 512 558 Fortitudinem
573 502 789 556 scilicet
849 503 1058 573 operis,
1107 508 1320 557 coctam
1379 507 1433 556 et
1498 504 1794 575 probatam

138 594 244 661 igne
289 590 697 655 tribulationis,
732 590 863 644 facit
916 607 1173 646 summus
1223 592 1486 646 sacerdos
1536 598 1795 647 sanctum

136 696 271 733 suum
301 679 500 733 oﬁ‘erre
532 680 647 733 Deo
683 678 856 733 Patri.

188 770 257 822 Et
283 770 556 835 laganum,
586 768 883 821 scientiam
918 766 1132 822 scilicet
1156 769 1321 840 legis,
1358 769 1510 824 dono
1550 770 1795 843 Spiritus

136 856 282 908 sancti
303 858 505 925 juvans
532 856 592 908 in
618 872 792 925 opere
826 871 1245 910 consummare.
1770 844 1786 868 ³

188 946 335 997 Vens.
373 946 461 998 20.
492 974 568 983 -—
614 944 905 998 Elevabit:
959 945 1109 998 bona
1148 944 1379 1011 scilicet,
1434 960 1561 1015 quas
1608 944 1794 999 conti-

133 1047 250 1084 nens
284 1037 569 1102 operatur,
612 1032 763 1085 Patri
816 1032 1184 1103 praesentahit
1230 1038 1286 1087 et
1331 1036 1607 1105 perpetua
1636 1049 1793 1088 mer-

130 1120 241 1173 cede
268 1119 427 1174 faciet
459 1121 838 1174 remunerari.

186 1208 496 1275 Sacerdotis,
533 1208 668 1279 quia
697 1208 765 1262 ad
799 1209 921 1278 ejus
953 1208 1195 1279 gloriam
1235 1208 1483 1279 pertinet
1513 1208 1790 1280 quidquid

133 1297 399 1351 Nazarieus
437 1298 586 1351 bene
627 1297 808 1351 voluit
856 1301 913 1351 et
941 1313 1113 1367 opere
1161 1298 1577 1351 consummavit
1610 1314 1624 1352 :
1676 1300 1796 1367 Ipse

128 1388 243 1438 enim
288 1391 362 1440 cst
409 1389 508 1454 qui
554 1390 813 1455 operatur
859 1387 917 1440 in
957 1386 1112 1440 nobis
1165 1391 1215 1440 et
1260 1386 1393 1440 velle
1447 1390 1498 1439 et
1539 1389 1795 1456 perﬁcere

132 1476 319 1544 (Philip.
352 1475 430 1541 η).
684 1462 685 1465 “

186 1566 295 1617 Post
323 1565 449 1628 hac,
490 1562 545 1616 id
576 1567 681 1624 est,
714 1565 846 1632 post
875 1566 1083 1615 rectam
1120 1561 1521 1628 intentionem,
1578 1561 1786 1616 discre—

128 1656 219 1704 tam
244 1652 699 1722 promissionem,
734 1650 926 1720 operis
948 1650 1376 1722 perfectionem,
1406 1657 1460 1704 et
1512 1652 1788 1704 mercedis

130 1739 530 1792 retributionem
543 1782 554 1792 .
1352 1748 1359 1757 ’

181 1826 354 1880 Bibere
394 1842 406 1880 :
438 1828 612 1897 plene
648 1830 703 1879 et
745 1826 921 1880 libere
950 1825 1181 1879 haurire
1213 1824 1505 1895 spirituale
1547 1825 1784 1887 donum,

121 1915 281 1968 unde:
317 1918 574 1970 Torrente
597 1916 897 1984 voluptatis
921 1919 1025 1967 tua:
1051 1915 1268 1983 potabis
1288 1929 1371 1969 eos
1403 1915 1569 1981 (Psal.
1603 1920 1782 1979 xxxv).

178 2004 318 2059 Vens.
348 2006 436 2057 ‘22.
503 2034 568 2045 —
604 2005 941 2073 Locutusque
977 2009 1079 2057 est.
1133 2004 1311 2055 Moses
1359 2004 1568 2071 legem,
1597 2008 1784 2056 Aaron

122 2091 491 2158 sacerdotium,
544 2097 600 2146 et
645 2091 749 2145 ﬁlii
784 2093 905 2162 ejus
960 2091 1217 2144 ordinem
1254 2091 1511 2145 Ecclesiae
1563 2092 1787 2161 signiﬁ-

121 2184 242 2234 cant.
295 2182 467 2234 Docet
520 2197 657 2251 ergo
712 2180 985 2234 Dominus
1037 2194 1141 2250 per
1192 2180 1373 2249 legem
1428 2180 1784 2234 sacerdotum

120 2269 364 2335 ordinem,
398 2270 700 2341 quomodo
731 2269 1011 2340 populum
1044 2268 1448 2339 praedicatione
1482 2268 1783 2336 aediﬁcent,

122 2358 369 2427 frequenti
396 2358 661 2412 oratione
694 2363 751 2410 et
776 2357 1172 2410 benedictione
1202 2357 1561 2410 conﬁrment.

176 2446 334 2512 (Ras,
365 2447 462 2500 ubi
489 2446 707 2515 supra.)
741 2446 920 2500 Moses
938 2444 1327 2515 multiplicem
1372 2445 1545 2499 habet
1601 2444 1781 2515 signi-

124 2534 406 2589 ﬁcationem
452 2541 588 2602 etc.,
638 2550 806 2603 usque
855 2534 929 2587 ad
978 2534 1114 2587 dum
1160 2534 1589 2587 tabernaculum
1626 2550 1782 2587 com-

122 2626 229 2693 plet,
267 2625 433 2694 erigit
464 2628 524 2677 et
554 2623 738 2693 ungit.

177 2713 313 2766 Vens.
362 2714 454 2767 24.
515 2742 583 2751 ——
633 2711 937 2765 Benedicat.
990 2710 1113 2781 (In)
1174 2711 1494 2764 Notandum
1549 2710 1686 2782 quia
1724 2711 1781 2765 in

119 2801 199 2852 hac
230 2801 628 2855 benedictione
670 2816 877 2852 nomen
921 2799 1145 2853 Domini
1173 2800 1340 2852 tertio
1372 2799 1684 2865 inducitur,
1721 2806 1782 2853 ut

116 2896 274 2943 sancta
308 2890 563 2944 Trinitas
596 2887 948 2957 intelligatur
979 2903 1009 2939 a
1036 2903 1147 2957 quo
1171 2891 1228 2940 et
1276 2903 1380 2957 per
1409 2904 1579 2958 quem
1611 2892 1667 2940 et
1720 2889 1778 2941 in

1909 518 2059 558 sumo
2085 520 2202 558 eam
2233 506 2411 571 (Joan.
2446 506 2523 576 κ).

1976 592 2147 645 Vens.
2182 596 2234 645 2.
2268 623 2329 630 —
2383 595 2658 662 Principes
2702 595 2871 649 Israel
2911 600 2962 649 et
3017 599 3222 667 capita,
3278 604 3383 653 etc.
3443 600 3604 671 (Rau.

1905 681 1963 731 in
1987 680 2169 749 Num.)
2204 680 2568 746 Patriarchaa,
2621 684 2919 753 prophetas
2952 689 3009 738 et
3041 686 3301 756 apostoli,
3335 692 3465 754 etc.,
3506 704 3605 742 us-

1905 783 2011 836 que
2043 768 2117 821 ad
2138 770 2237 838 ﬁet
2265 770 2378 823 illis
2403 785 2436 822 a
2462 772 2627 823 Patre
2650 786 2782 824 meo.

1975 856 2136 909 Vens.
2186 858 2235 910 3.
2302 886 2372 897 —
2424 858 2531 912 Sea:
2583 860 2857 927 plaustra.
2919 859 3103 931 (ΗΑΒ.)
3165 862 3419 917 Plaustra
3476 880 3603 935 quas

1904 942 2059 996 ﬁliiae
2083 944 2251 997 Israel
2286 944 2492 998 Levitis
2522 945 2591 998 ad
2619 946 3041 1003 subvectionem
3062 950 3416 1005 tabernaculi
3442 953 3604 1007 obtu-

1902 1030 2109 1093 lerunt,
2170 1032 2511 1102 temporalia
2569 1034 2768 1089 solatia
2817 1036 3167 1107 signiﬁcant,
3227 1056 3356 1111 qua:
3412 1041 3601 1097 devoti

1905 1120 2109 1189 populi
2153 1122 2625 1190 praedicatoribus
2654 1131 3049 1195 compensant,
3099 1131 3165 1180 ut
3211 1128 3333 1182 sine
3362 1145 3497 1183 cura
3545 1135 3603 1184 et

1904 1209 2318 1277 impedimento
2339 1209 2531 1263 divino
2548 1216 2751 1265 vacent
2778 1214 3075 1284 obsequio.
3105 1216 3174 1269 Ut
3203 1220 3259 1269 et
3288 1216 3387 1287 qui
3423 1218 3601 1271 Evan-

1905 1297 2117 1366 gelium
2164 1297 2528 1363 annuntiant,
2586 1298 2654 1352 de
2687 1300 3023 1371 Evangelico
3072 1303 3304 1357 vivant:
3346 1306 3414 1358 Si
3453 1308 3602 1362 enim

1903 1387 2160 1438 seminent
2206 1386 2544 1454 spiritualia,
2584 1402 2691 1441 non
2720 1392 2798 1441 est
2829 1404 3085 1457 magnum
3137 1390 3188 1444 si
3232 1395 3437 1445 metunt
3476 1396 3601 1446 tem-

1900 1473 2119 1541 poralia
2152 1474 2195 1542 (Ι
2222 1473 2341 1528 Cor.
2377 1472 2477 1542 Ix).

1975 1557 2233 1611 Plaustra
2281 1564 2431 1613 recte
2462 1559 2571 1613 ﬁde
2618 1566 2675 1614 et
2704 1562 3108 1637 misericordiae
3150 1564 3350 1619 affectu
3398 1572 3601 1622 ornata

1906 1650 1965 1698 ut
1998 1646 2111 1698 Deo
2141 1640 2535 1717 sint'accepta,
2575 1648 2878 1703 duodecim
2908 1656 3040 1705 sunt
3074 1651 3246 1707 boves
3277 1671 3289 1709 :
3322 1655 3421 1725 qui
3442 1656 3597 1710 enim

1900 1734 1957 1786 in
1992 1734 2265 1805 obsequio
2309 1742 2634 1790 sanctorum
2671 1738 2935 1793 laborant
2964 1740 3069 1793 sub
3103 1741 3243 1811 jugo
3274 1744 3597 1812 apostolicae

1899 1822 2171 1877 doctrinae
2224 1824 2419 1878 omnia
2476 1825 2716 1880 honeste
2773 1833 2830 1881 et
2882 1828 3143 1883 ordinate
3208 1830 3441 1885 faciunt.
3499 1833 3595 1885 Vel

1899 1912 2091 1977 boves,
2122 1912 2384 1967 doctores
2411 1915 2739 1985 accipimus,
2771 1916 2869 1986 qui
2919 1917 2977 1969 in
3010 1934 3145 1987 agro
3179 1919 3406 1973 Domini
3436 1920 3598 1990 digni

1900 2006 2232 2068 operantur.
2284 2001 2359 2054 De
2392 2002 2601 2071 quibus
2630 2003 2837 2056 dicitur
2867 2020 2880 2057 :
2917 2007 3032 2059 Non
3081 2007 3338 2072 alligabis
3372 2023 3427 2060 os
3450 2008 3597 2063 bovis

1898 2091 2211 2142 triturantis
2242 2089 2427 2158 (Deut.
2485 2106 2629 2155 xxv;
2666 2093 2688 2144 ι
2724 2094 2860 2144 Tim.
2895 2093 2967 2161 v).
3019 2093 3129 2156 Qui
3170 2096 3324 2147 enim
3374 2102 3597 2165 aposto-

1897 2176 2064 2229 licam
2096 2192 2360 2230 normam
2389 2177 2627 2232 vivendo
2661 2180 3098 2250 etpraedicaudo
3125 2190 3465 2238 conservant
3494 2185 3594 2239 du-

1898 2263 1977 2333 pli
2009 2264 2222 2318 honore
2255 2264 2577 2319 honorandi
2612 2273 2761 2320 sunt.

1972 2355 2143 2407 Unum
2186 2353 2384 2417 bovem,
2428 2359 2534 2407 etc.
2569 2355 2691 2425 (10.)
2724 2355 2865 2419 Quia
2910 2356 3099 2410 unitas
3130 2357 3286 2425 ﬁdei,
3335 2367 3467 2428 etc.,
3498 2376 3591 2416 us-

1897 2457 1997 2509 que
2025 2442 2099 2495 ad
2147 2441 2214 2495 ad
2272 2442 2702 2497 tabernaculum
2758 2444 2855 2498 Dei
2908 2461 3035 2499 cum
3068 2446 3261 2501 debito
3318 2449 3590 2521 obsequio

1895 2546 2204 2599 properare
2232 2530 2459 2585 debere.

1965 2620 2125 2673 Vens.
2176 2621 2226 2672 9.
2264 2649 2329 2659 —
2375 2621 2533 2674 Filiis
2583 2626 2699 2676 aut.
2749 2622 2864 2678 Cat.
2900 2623 3083 2692 (ΗΑΒ.)
3135 2624 3407 2695 Superius
3461 2626 3592 2680 scri-

1894 2714 2054 2777 ptum
2083 2712 2187 2773 est,
2222 2713 2350 2773 etc.,
2386 2724 2555 2777 usque
2582 2709 2656 2762 ad
2695 2726 2798 2763 nec
2848 2710 2957 2781 ipsi
2990 2713 3088 2782 qui
3121 2713 3331 2768 habere
3369 2715 3589 2786 aliquid

1893 2795 2148 2848 exercitii
2179 2801 2232 2849 et
2262 2796 2602 2850 eruditionis
2633 2797 2870 2851 videtur.

1962 2884 2127 2938 Vens.
2178 2886 2260 2937 10.
2309 2912 2375 2923 -
2409 2885 2726 2939 Obtuleruut
2755 2885 2911 2939 duces
2944 2890 3000 2939 in
3064 2886 3454 2944 dedicationem
3504 2892 3588 2946 al-

115 2994 205 3046 quo
232 2979 411 3032 omnia
454 2979 607 3031 bona
639 2981 772 3029 sunt
819 2975 1064 3046 petenda
1101 2978 1156 3029 et
1213 2974 1588 3045 impetranda,
1651 2976 1786 3048 quia
1822 2974 1860 3028 C
1895 2974 2032 3025 turis
2088 2972 2176 3025 die
2233 2988 2361 3041 qua.
2400 2973 2799 3043 Unusquisque
2842 2990 2946 3043 pro
3004 2991 3166 3045 posse
3209 2993 3332 3045 suo,
3391 2979 3584 3040 ﬁdem.

112 3082 164 3117 ex
191 3067 298 3137 ipso
334 3074 390 3120 et
421 3082 531 3137 per
564 3065 753 3134 ipsum
784 3070 841 3118 et
872 3064 933 3117 in
959 3064 1083 3132 ipso
1117 3068 1249 3117 sunt
1279 3064 1490 3119 omnia.

169 3156 226 3207 Et
275 3156 569 3209 custodiat.
624 3154 750 3225 (Ιο.)
822 3153 1279 3206 Benedictionem
1341 3169 1513 3223 quam
1578 3169 1775 3225 perce-

113 3244 239 3312 pisti,
294 3261 393 3298 sua
452 3248 756 3297 conservet
813 3241 1041 3311 gratia:
1090 3243 1215 3297 Nisi
1272 3244 1527 3296 Dominus
1596 3248 1779 3296 custo-

114 3329 246 3384 dierit
301 3334 601 3397 civitatem,
659 3333 877 3398 frustra
938 3330 1139 3398 vigilat
1203 3332 1301 3399 qui
1367 3330 1602 3383 custodit
1662 3346 1779 3384 eam

111 3419 243 3483 (Psal.
266 3420 463 3489 cxxvl).

166 3508 309 3561 Vens.
353 3512 445 3563 25.
480 3538 549 3547 ——
579 3508 858 3563 Ostendat.
894 3504 1153 3561 Ostensio
1184 3505 1375 3559 vultus
1426 3506 1525 3559 Dei
1580 3505 1775 3577 propi-

112 3595 242 3649 tiatio
272 3602 374 3663 est,
437 3602 497 3651 et
531 3612 679 3649 verae
723 3594 921 3649 salutis
954 3594 1241 3659 ostensio;
1290 3595 1441 3647 unde
1476 3611 1489 3647 :
1552 3595 1781 3650 Ostende

109 3686 274 3747 faciem
303 3690 477 3751 tuam,
506 3690 554 3738 et
580 3687 724 3739 salvi
767 3685 967 3738 erimus
997 3683 1162 3752 (Psal.
1197 3682 1422 3751 Lxxvn).

164 3772 304 3828 Vens.
354 3778 446 3828 26.
502 3803 573 3816 —
603 3774 911 3837 Convertat,
948 3776 1051 3824 etc.
1097 3770 1404 3825 Conversio
1458 3771 1646 3823 vultus
1702 3772 1775 3824 si-

110 3862 310 3927 gniﬁcat
348 3861 828 3927 misericordiam,
864 3858 1083 3912 aversio
1114 3858 1292 3920 iram;
1329 3858 1477 3912 unde
1512 3875 1523 3912 :
1560 3861 1778 3928 Respice

109 3950 151 3999 in
190 3967 261 4004 me
302 3958 349 4005 et
384 3954 639 4005 miserere
668 3951 771 4003 mei
799 3949 970 4019 (Psal.
1012 3946 1216 4014 cxvm).
1264 3948 1328 4000 Et
1366 3946 1503 4001 alibi
1537 3964 1549 4001 :
1601 3948 1778 4013 Quare

106 4043 270 4093 avertis
321 4040 523 4109 faciem
581 4042 750 4101 tuam,
810 4041 859 4089 et
915 4035 1242 4089 Oblivisceris
1290 4036 1486 4104 inopiae
1536 4036 1777 4091 nostra?

106 4126 239 4185 (Psal.
283 4128 461 4197 mu.)
508 4124 848 4195 Rogandum
902 4128 987 4177 est
1021 4138 1156 4193 ergo
1191 4127 1252 4175 ut
1281 4124 1442 4191 cujus
1496 4123 1773 4177 auxilium

106 4216 383 4270 avertimus
412 4233 444 4269 a
470 4214 636 4268 nobis
672 4212 982 4283 peccando,
1012 4227 1115 4281 per
1144 4210 1413 4281 pietatem
1457 4227 1618 4264 suam
1650 4213 1771 4265 vul-

104 4309 202 4357 tum
246 4322 412 4359 suum
442 4318 621 4373 super
648 4318 752 4355 nos
798 4301 1123 4354 illuminare
1164 4299 1451 4367 dignetur,
1482 4303 1545 4353 ut
1575 4316 1677 4354 nos
1704 4301 1772 4355 ab

104 4393 318 4447 inimicis
349 4408 584 4457 eruens,
606 4389 822 4444 tribuat
852 4394 1189 4460 perpetuam
1223 4403 1444 4457 pacem.

161 4480 304 4535 Vens.
339 4484 426 4536 27.
451 4510 522 4520 -—
583 4478 937 4533 Invocabunt.
976 4476 1099 4546 (10.)
1140 4475 1506 4529 Sacerdotum
1550 4480 1633 4529 est
1671 4492 1772 4528 no-

104 4582 209 4623 men
236 4569 469 4625 Domini
500 4569 763 4622 invocare
795 4583 807 4621 :
845 4564 1073 4621 Domini
1113 4570 1325 4623 autem.
1355 4562 1508 4634 quod
1540 4563 1771 4632 petitur,

106 4658 365 4723 perﬁcere.
404 4660 588 4713 Nemo
620 4673 756 4728 ergo
788 4655 909 4711 sibi.
926 4654 1139 4709 tribuat
1166 4654 1321 4725 quod
1364 4652 1483 4707 sola
1531 4652 1774 4707 Trinitas

102 4746 173 4799 cui
205 4748 322 4802 vult
344 4751 604 4819 prestat.

743 4877 968 4931 CAPUT
1008 4876 1124 4930 VII.

156 5011 304 5067 Vens.
358 5017 405 5065 1.
456 5043 524 5051 -
572 5013 793 5066 Factum
822 5016 899 5064 est
929 5014 1129 5075 autem,
1182 5012 1312 5071 etc.,
1347 5007 1769 5061 tabernaculum.

106 5094 227 5152 illae.
258 5102 313 5154 in
356 5102 549 5163 Num,
582 5105 720 5153 tom.
766 5100 855 5166 ll.)
888 5097 1196 5150 Ecclesiam
1228 5095 1313 5148 vel
1361 5095 1656 5166 perfectos,
1714 5094 1770 5147 in

106 5187 274 5250 quibus
328 5196 591 5243 aromata
635 5187 911 5240 virtutum
957 5189 1011 5239 et
1057 5184 1381 5238 orationum
1448 5183 1769 5247 adolentur,

105 5275 163 5324 rel
201 5275 618 5330 humanitatem
695 5273 942 5329 Christi:
998 5271 1056 5325 in
1104 5287 1217 5343 qua
1276 5268 1521 5324 hostiam
1566 5275 1770 5322 nostra:

106 5361 488 5435 redemptionis
536 5362 689 5416 Patri
753 5361 1030 5415 exhibuit.
1092 5361 1219 5430 Ipse
1276 5358 1431 5412 enim
1487 5357 1768 5420 sacerdos,

109 5444 197 5514 ipse
223 5452 433 5514 hostia,
477 5456 533 5505 et
562 5453 738 5504 altare
762 5469 778 5515 ;
828 5449 962 5520 quia
992 5449 1051 5502 in
1081 5451 1357 5519 potestate
1405 5451 1650 5500 mortem
1681 5450 1770 5499 te-

112 5549 217 5593 nens
243 5539 488 5610 propria
516 5539 807 5592 voluntate
860 5537 1123 5608 suscepit.
1160 5535 1358 5591 Unde:
1418 5535 1580 5590 Nemo
1632 5534 1772 5587 tollit

342 5614 622 5677 PATROL.
678 5610 887 5675 CXIII.

1884 3060 2224 3124 doctrinam,
2258 3064 2314 3113 et
2372 3062 2764 3130 operationem
2799 3061 3004 3115 bonam
3056 3063 3125 3117 ad
3174 3066 3491 3135 profectum
3532 3075 3590 3123 et

1885 3148 2160 3202 honorem
2195 3147 2453 3202 Ecclesiae
2493 3149 2662 3203 debet
2699 3148 2921 3203 oﬁ'erre.

1960 3239 2185 3291 Unctum
2233 3243 2327 3301 est,
2358 3238 2675 3291 oblationem
2721 3253 2875 3292 suam
2914 3244 3038 3293 ante
3066 3242 3256 3297 altare.
3307 3244 3585 3316 Tempore

1883 3324 2318 3391 incarnationis,
2367 3326 2596 3395 quando
2642 3331 2770 3395 post
2799 3328 3279 3385 resurrectionem
3300 3337 3357 3385 et
3385 3350 3583 3387 ascen-

1884 3414 2103 3466 sionem
2131 3419 2502 3484 susceperuut
2531 3414 2797 3485 discipuli
2840 3415 3084 3486 Spiritus
3117 3420 3295 3473 sancti
3347 3421 3581 3476 effusio-

1886 3518 2014 3555 nem
2049 3502 2193 3572 (Act.
2223 3506 2304 3570 ιι).

1956 3590 2119 3643 Vens.
2184 3592 2267 3643 11.
2323 3618 2391 3630 -
2423 3590 2597 3644 Duces
2625 3606 2723 3660 per
2758 3592 3000 3657 singulos
3050 3593 3163 3647 dies
3204 3595 3435 3663 offerant
3470 3613 3581 3651 mu-

1881 3693 2035 3731 nera.
2102 3678 2509 3732 Praedicatores
2574 3680 2712 3732 recti
2765 3679 2983 3733 itineris
3041 3682 3233 3747 duces,
3285 3684 3384 3755 qui
3444 3686 3577 3742 licet

1884 3766 2145 3821 eamdem
2176 3766 2308 3820 ﬁdei
2341 3766 2676 3832 doctrinam,
2711 3771 2766 3820 et
2786 3767 2919 3821 boni
2942 3768 3129 3838 operis
3155 3773 3352 3827 eadem
3387 3790 3579 3829 exem-

1882 3856 1978 3925 pla
2017 3855 2280 3921 oﬁ‘erant,
2318 3871 2422 3923 pro
2462 3854 2791 3909 diversitate
2821 3860 3015 3910 tamen
3046 3856 3156 3910 loci
3208 3866 3263 3913 et
3310 3864 3581 3932 temporis

1882 3944 2198 3998 oblationes
2229 3943 2600 3996 distribuunt.

1957 4030 2116 4083 Vens.
2175 4033 2257 4084 13.
2315 4058 2385 4070 -
2439 4030 2795 4084 Acetabulum
2834 4034 3167 4097 argenteum.
3200 4032 3333 4089 Haec
3364 4036 3577 4092 habent

1883 4133 1945 4170 os
1974 4124 2304 4188 augustum,
2364 4122 2419 4171 et
2464 4116 2783 4187 angustiam
2831 4118 3032 4172 litteras
3065 4119 3227 4191 legis,
3262 4127 3319 4176 et
3373 4124 3577 4179 obscu-

1884 4205 2107 4260 ritatem
2138 4206 2550 4278 prophetarum
2583 4206 2923 4276 signiﬁcant.

1957 4294 2121 4348 Varia
2175 4309 2303 4347 vasa
2337 4293 2626 4348 offerenda
2682 4293 2957 4349 libamina
3011 4295 3177 4364 facta,
3230 4298 3399 4352 variae
3446 4307 3581 4355 sunt

1885 4383 2280 4437 distinctiones
2329 4382 2487 4436 verbi
2542 4398 2643 4453 pro
2683 4383 2838 4437 varia
2878 4385 3185 4455 capacitate
3230 4387 3573 4444 auditorum.

1883 4471 2064 4524 Aliter
2088 4469 2241 4523 enim
2282 4468 2590 4539 sapientes,
2623 4470 2788 4523 aliter
2820 4470 3194 4541 insipientes;
3235 4475 3399 4528 aliter
3428 4475 3578 4530 divi-

1884 4565 1986 4627 tes,
2022 4559 2190 4612 aliter
2227 4574 2546 4629 pauperes;
2606 4558 2771 4612 aliter
2800 4560 2942 4625 sani,
2984 4561 3151 4614 aliter
3202 4562 3416 4618 inﬁrmi
3475 4565 3575 4619 do-

1883 4647 2046 4702 cendi
2076 4652 2237 4713 sunt;
2275 4647 2441 4700 aliter
2472 4647 2628 4700 rudis
2658 4647 2904 4718 populus
2934 4648 3257 4704 Iudaeorum
3291 4652 3393 4705 sub
3450 4669 3577 4708 um-

1882 4736 1984 4790 bra
2032 4736 2194 4806 legis,
2245 4735 2412 4789 aliter
2472 4735 2829 4790 Christianus
2884 4735 2944 4789 in
2988 4738 3227 4792 veritate
3286 4741 3576 4811 Evangelii

1881 4824 2025 4895 legis
2064 4824 2335 4894 mysteria
2366 4823 2670 4893 explanata
2699 4824 3077 4895 conspiciens,
3118 4826 3179 4880 in
3223 4827 3407 4883 virum
3439 4846 3575 4901 per-

1881 4912 2096 4966 fectum
2126 4912 2472 4967 nutriendus
2493 4917 2595 4965 est.

1952 5003 2113 5055 Vens.
2175 5004 2260 5055 19.
2306 5031 2376 5041 -
2428 5002 2678 5055 Phialam
2732 5005 3043 5068 argenteam
3115 5003 3314 5060 habens
3358 5011 3576 5077 septua-

1881 5092 2033 5159 ginta
2092 5091 2271 5158 siclos,
2317 5094 2424 5144 etc.
2478 5088 2798 5159 Spiritualis
2846 5088 3076 5144 scientia
3130 5092 3189 5145 in
3240 5093 3363 5164 lege
3413 5102 3470 5151 et
3516 5097 3575 5151 in

1881 5178 2185 5249 Evangelia
2218 5182 2322 5240 est,
2360 5193 2489 5248 qua:
2526 5176 2809 5247 spirituali
2863 5179 3044 5247 gratia
3098 5180 3455 5238 ministrante
3505 5188 3575 5241 ad

1881 5268 2122 5322 salutem
2156 5266 2455 5321 hominum
2513 5266 2719 5335 scripta
2768 5269 2823 5319 et
2860 5266 3080 5337 prolata
3125 5275 3229 5338 est,
3275 5271 3410 5326 hinc
3469 5274 3577 5329 rite

1882 5354 2221 5409 sacriﬁcium
2252 5355 2335 5420 ﬁt,
2371 5354 2509 5423 quia
2548 5354 2691 5407 nihil
2740 5358 2857 5407 tam
2906 5356 3200 5426 acceptum
3236 5360 3370 5425 Deo,
3403 5378 3576 5433 quam

1881 5443 2174 5498 meditatio
2203 5442 2344 5513 legis
2365 5458 2493 5497 cum
2526 5442 2890 5496 exsecutione
2922 5445 3132 5514 operis.

1954 5533 2141 5599 (Ram,
2184 5533 2243 5586 in
2274 5534 2414 5598 Num
2443 5574 2456 5597 ,
2512 5536 2631 5585 tom
2663 5570 2675 5582 .
2712 5531 2800 5599 Il.)
2858 5533 3051 5588 Phiala
3100 5535 3379 5673 priuis3de
3431 5539 3574 5595 vitro
