3976 6178
334 243 436 298 395

948 243 1340 302 WALAFRIDI
1378 247 1624 301 STRABI
1663 247 1864 303 FULD.
1911 248 2071 305 ΜΟΝ.
2111 249 2262 307 OPP.
2305 249 2479 306 PARS
2517 250 2558 305 ἰ.
2600 280 2667 288 -
2706 249 3158 306 THEOLOGICA.

3720 214 3861 308 396-

331 365 497 432 facta,
540 369 673 431 etc.,
700 380 869 438 usque
895 365 972 420 ad
1001 365 1058 420 in
1091 365 1245 420 Novo
1274 367 1636 421 Testamento
1666 366 2023 422 manifestius
2059 370 2106 424 Α
2131 369 2282 424 enim
2326 376 2388 426 ut
2424 371 2665 442 praelati,
2721 370 2955 437 subditi,
3011 375 3069 426 et
3111 371 3456 442 puenitentes
3501 375 3698 430 omnia
3739 392 3829 432 se-

331 454 497 508 datus
532 459 636 508 est.

399 544 561 597 Vsus.
603 545 690 598 20.
745 572 813 583 -
861 544 1252 598 Mortariolum.
1299 542 1483 613 (ΗΑΒ.)
1536 543 1646 597 Cor
1704 544 2017 599 electorum

329 632 521 686 divina
550 632 829 702 sapientia
864 632 1120 702 plenum,
1180 631 1484 686 continens
1523 638 1781 686 aromata
1830 632 2017 687 virtu-

326 726 474 788 tum,
529 720 680 775 unde
739 720 988 774 dicitur:
1067 721 1205 786 Quia
1257 720 1631 776 multitudinis
1687 722 2018 777 credentium

325 812 441 861 erat
478 821 568 861 cor
589 823 756 861 unum
786 811 835 860 et
857 809 1042 860 anima
1071 822 1182 860 una
1213 807 1354 876 (Act.
1389 809 1483 876 ιν).

394 894 492 948 Ea:
534 894 709 948 decem
755 896 902 949 siclis
952 900 1057 949 etc.
1112 893 1236 965 (11).)
1311 895 1456 960 Quia
1501 911 1631 951 cum
1680 895 2016 968 impletione

322 983 518 1038 decem
566 982 968 1036 mandatorum
1029 984 1260 1037 odorem
1313 984 1587 1038 doctrina:
1633 989 1689 1039 et
1743 985 2017 1040 orationis

322 1069 612 1136 emittunt,
673 1075 737 1124 ut
785 1069 1085 1124 denarium
1139 1075 1367 1125 internae
1415 1071 1546 1125 vitae
1595 1072 1850 1143 accipere
1893 1090 2013 1128 me-

320 1162 574 1212 reantur.

389 1247 552 1301 Vans.
585 1249 674 1301 2t.
706 1277 775 1288 --
813 1249 1003 1303 Bovem
1047 1248 1112 1303 de
1157 1253 1419 1316 armento,
1473 1254 1580 1303 etc.
1613 1249 1732 1319 (1ο.)
1767 1250 1895 1304 Haec
1926 1248 2011 1304 di-

320 1351 508 1389 versas
544 1322 836 1405 personas,
877 1343 1008 1404 etc.,
1037 1352 1204 1404 usque
1239 1337 1313 1390 ad
1343 1341 1598 1391 nostram
1641 1338 1814 1392 vitam
1862 1354 2011 1392 sem-

315 1439 421 1493 per
456 1423 518 1477 in
545 1425 781 1478 meliora
807 1425 1115 1479 reformare
1155 1429 1520 1480 certaremus.

389 1513 595 1566 Bovem
623 1513 808 1579 offert,
847 1513 945 1584 qui
980 1514 1178 1568 utilem
1205 1515 1263 1567 in
1305 1515 1548 1568 Ecclesia
1581 1514 1680 1569 Dei
1738 1515 2010 1586 proximis

2128 459 2378 514 cundum
2423 459 2683 514 Ecclesiae
2732 461 3046 514 doctrinam
3093 461 3319 528 faciant,
3366 467 3648 532 quatenus
3677 464 3832 518 obla-

2128 546 2205 608 tio
2259 564 2459 602 eorum
2520 549 2692 602 ritum
2723 553 2779 602 et
2825 549 3085 602 ordinem
3119 555 3306 602 teneat
3349 551 3740 621 paciﬁcorum,
3768 559 3833 608 ut

2129 634 2230 689 Dei
2261 636 2507 705 gratiam
2541 643 2909 702 mereantur"
2943 653 3057 691 non
3085 637 3380 692 offensam.

2197 724 2355 779 Vnus.
2382 727 2470 780 89.
2501 754 2573 766 —
2603 727 2855 796 Cumque,
2881 731 2988 782 etc.
3025 727 3236 797 (Gaza,
3278 727 3374 780 lib.
3419 743 3589 782 xxxiu
3626 731 3826 784 Morai.

2125 827 2250 882 cap.
2292 815 2380 869 21.
2410 819 2548 867 tom.
2589 814 2686 881 II.)
2720 814 2865 878 Quid
2906 820 2991 869 est
3020 815 3170 886 quod
3205 815 3442 886 Moyses,
3488 823 3619 884 etc.,
3657 833 3830 886 usque

2123 900 2199 954 ad
2218 906 2274 955 et
2299 902 2591 972 quomodo
2615 904 2858 974 benigne
2889 903 3182 958 descendit
3200 905 3269 959 ad
3319 904 3541 972 intima,
3565 909 3825 961 valenter

2124 991 2367 1045 recurrit
2385 993 2454 1045 ad
2489 1007 2734 1045 summa.

2193 1081 2269 1133 De
2313 1081 2718 1149 propitiatorio.
2764 1079 2909 1145 Quia
2938 1096 3040 1152 per
3070 1079 3314 1152 gratiam
3358 1080 3568 1138 divinae
3621 1084 3813 1156 propi-

2120 1165 2374 1221 tiationis
2420 1172 2551 1238 post
2611 1169 2838 1238 culpam
2877 1169 3361 1240 praevaricationis
3403 1171 3626 1242 aperuit
3654 1172 3813 1227 nobis

2122 1254 2271 1310 Deus
2299 1255 2450 1310 viam
2487 1255 2762 1311 veritatis.

2190 1345 2337 1400 Inter
2373 1343 2506 1399 duos
2536 1345 2812 1399 cherubin.
2845 1344 2988 1410 Quia
3018 1362 3120 1416 per
3164 1346 3483 1418 angelicam
3512 1347 3817 1418 visionem,

2122 1447 2237 1486 non
2277 1432 2336 1486 in
2368 1449 2467 1487 sua
2503 1433 2818 1488 substantia
2859 1434 3123 1506 apparuit
3164 1436 3310 1489 Deus
3363 1436 3574 1507 Moysi;
3608 1439 3762 1493 unde
3801 1457 3815 1492 ι

2118 1520 2232 1574 Leu:
2274 1519 2532 1575 ordinata
2574 1537 2674 1590 per
2725 1523 2940 1589 angelos
2992 1524 3050 1576 in
3103 1539 3268 1577 manu
3297 1524 3612 1579 mediatoris
3660 1527 3816 1595 (Gai.

317 1601 570 1655 laborem
619 1603 925 1673 impendit:
980 1603 1237 1671 arietem,
1274 1603 1374 1674 qui
1428 1620 1485 1657 se
1538 1609 1595 1658 et
1627 1603 1768 1659 alios
1817 1605 1873 1658 in
1916 1605 2005 1658 via
2036 1649 2078 1704 Β
2120 1624 2176 1661 ιιι
2208 1610 2248 1679 ).
2282 1609 2378 1662 Vel
2426 1609 2562 1680 quia
2609 1626 2713 1680 per
2760 1617 3070 1680 utrumque
3096 1612 3534 1679 ,Testamentum
3561 1630 3821 1670 consona

309 1689 547 1758 justitias
579 1691 804 1761 dirigit;
837 1708 1050 1762 agnum
1091 1693 1442 1759 anniculum,
1472 1691 1594 1764 [qui
1622 1691 1864 1764 simplex
1922 1699 2007 1747 est

317 1782 374 1832 et
416 1779 711 1834 innocens.
766 1779 894 1833 Hth
925 1779 1118 1834 omnia
1164 1779 1225 1834 in
1255 1780 1652 1836 holocaustum
1683 1797 1786 1852 pro
1830 1781 2007 1836 solius

317 1866 414 1919 Dei
471 1883 665 1920 amore
708 1872 764 1921 et
791 1865 1077 1921 desiderio
1128 1873 1358 1922 aeternae
1412 1868 1561 1924 vitae.
1617 1869 1846 1924 Hircum
1901 1888 2004 1941 pro

314 1961 544 2024 peccato
601 1954 766 2009 otfert
829 1958 928 2025 qui
982 1972 1083 2026 pro
1141 1957 1384 2027 peccatis
1443 1957 1559 2010 suis
1627 1957 1903 2028 paenitere
1951 1965 2008 2012 et

317 2059 480 2097 orare
527 2059 644 2096 non
677 2042 914 2097 desistit.
949 2045 1011 2097 ln
1061 2043 1400 2098 sacriﬁcium
1437 2044 1808 2114 pacificorum
1842 2046 2008 2101 oﬂ‘ert

317 2133 460 2186 duos
487 2133 675 2197 boves,
719 2133 818 2203 qui
849 2148 977 2186 cum
1011 2132 1177 2186 bouis
1201 2132 1471 2204 operibus
1495 2132 1698 2204 implet
1718 2133 1830 2188 duo
1860 2150 2002 2204 prte-

315 2226 478 2291 cepta
545 2220 856 2288 charitatis,
909 2220 1008 2274 Dei
1080 2220 1294 2275 scilicet
1367 2221 1756 2287 dilectionem,
1811 2228 2004 2276 custo-

314 2308 523 2363 diendo
564 2310 827 2364 mandata
859 2310 1010 2380 ejus;
1061 2314 1117 2364 et
1146 2309 1396 2380 proximi
1425 2310 1776 2364 consulendo
1808 2327 2003 2366 neces-

313 2397 595 2464 sitatibus,
655 2397 716 2452 in
763 2397 970 2470 quibus
1014 2404 1135 2452 tota
1197 2398 1284 2452 lex
1335 2399 1548 2468 pendet
1594 2403 1652 2452 et
1685 2399 1999 2470 pr0phetm.

313 2485 488 2540 Offert
518 2491 710 2540 autem
739 2490 944 2540 arietes
982 2487 1259 2557 quinque,
1295 2487 1482 2540 hircos
1511 2486 1790 2558 quinque,
1826 2504 2004 2558 agnos

315 2574 612 2628 anniculos
651 2575 929 2646 quinque,
961 2576 1094 2646 quia
1126 2574 1384 2646 quinque
1414 2591 1613 2629 sensus
1661 2576 1914 2646 corporis
1944 2577 2002 2630 in

312 2662 401 2715 via
431 2663 679 2717 veritatis
731 2663 954 2718 fortiter
995 2663 1170 2732 ducit,
1204 2666 1260 2718 et
1306 2681 1337 2717 a
1371 2663 1615 2734 peccatis
1676 2666 2000 2735 compescit.

309 2756 366 2803 et
404 2750 783 2823 simplicitatis
811 2753 1101 2822 exemplar
1130 2752 1416 2823 proponit.

378 2840 534 2894 Vsus.
585 2843 672 2895 85.
719 2869 787 2880 -—
831 2842 943 2894 Duo
989 2840 1187 2905 millia,
1231 2845 1337 2894 etc.
1375 2838 1562 2910 (ΗΑΒ.)
1610 2839 1674 2893 In
1723 2838 1870 2893 vasis
1909 2854 1998 2892 ar—

304 2928 544 2997 genteis,
576 2935 708 2996 etc.,
741 2944 910 2998 usque
947 2929 1021 2982 ad
1050 2929 1184 2982 illuc
1216 2943 1332 2982 non
1362 2926 1710 2998 pervenitur.

377 3017 538 3072 Vens.
611 3019 699 3072 86.
766 3046 834 3057 —
905 3018 1225 3072 Mortariola
1288 3032 1455 3070 aurea
1509 3015 1806 3070 duodecim.
1871 3017 1993 3086 (ιο.)

304 3105 559 3168 Quorum
592 3105 818 3176 singula
870 3105 1050 3159 denos
1086 3106 1249 3159 siclos
1278 3105 1506 3168 habent,
1550 3109 1606 3158 et
1652 3103 1821 3161 simul
1870 3121 1993 3158 om-

304 3195 400 3248 nia
445 3194 570 3247 auri
608 3200 839 3247 centum
871 3193 1075 3264 viginti
1105 3193 1290 3256 siclos,
1347 3192 1517 3246 corda
1567 3192 1880 3246 electorum
1925 3192 1995 3246 si-

303 3282 580 3351 gniﬁcant
619 3282 914 3336 scientiam
947 3283 1088 3352 legis
1120 3281 1177 3334 in
1223 3281 1492 3335 omnibus
1528 3295 1752 3334 servare
1784 3296 1994 3334 secun—

305 3371 442 3424 dum
491 3370 858 3441 apostolicam
906 3369 1246 3424 doctrinam.
1302 3368 1614 3422 Duodecies
1658 3368 1812 3421 enim
1863 3369 1992 3424 deni

303 3464 532 3512 centum
575 3458 777 3528 viginti
830 3458 1065 3523 faciunt,
1107 3474 1220 3528 quo
1267 3472 1506 3511 numero
1545 3457 1836 3527 primitiva
1894 3459 1992 3511 Ec-

301 3548 470 3601 clesia
537 3547 597 3601 in
671 3547 988 3602 Jerusalem
1034 3545 1309 3616 Spiritum
1379 3545 1730 3616 paracletum
1790 3547 1995 3618 accipit

305 3636 450 3706 (Act.
479 3635 561 3705 ιι).
599 3635 756 3690 Unde
785 3634 1051 3688 subditur
1092 3649 1106 3688 :

371 3724 630 3791 Pondere,
717 3729 824 3778 etc.
896 3722 1022 3794 (Ιυ.)
1071 3721 1467 3777 Sanctuarium
1523 3721 1674 3776 enim
1751 3723 1992 3778 Ecclesia

301 3818 407 3880 est,
443 3813 604 3884 cujus
643 3812 902 3882 regulam
946 3810 1081 3866 ﬁdei
1123 3815 1180 3866 et
1212 3810 1608 3881 intelligentia
1665 3817 1986 3882 sequentes,

300 3902 494 3956 omnia
548 3917 677 3972 qua:
712 3901 774 3955 in
822 3901 946 3972 lege
993 3905 1050 3954 et
1078 3900 1376 3970 prophetis
1422 3899 1628 3970 scripta
1667 3905 1798 3954 sunt
1827 3901 1990 3955 nobis

297 3990 545 4045 salubria
588 4007 708 4045 esse
761 3989 1064 4044 credimus.
1109 3987 1399 4057 Quidquid
1447 3993 1641 4041 autem
1671 3993 1830 4041 extra
1888 3988 1986 4042 Ec-

295 4081 482 4135 clesiae
513 4083 792 4134 unitatem
823 4079 1063 4132 sentitur
1108 4085 1164 4131 et
1194 4075 1536 4148 intelligitur
1563 4080 1662 4130 aut
1708 4082 1982 4143 servatur,

297 4169 502 4222 animus
527 4167 958 4222 damnationem
991 4166 1161 4237 parit.

2115 1713 2250 1750 voce
2303 1698 2373 1752 ad
2433 1698 2605 1752 tidem
2642 1699 2890 1752 veritatis
2937 1714 3054 1754 non
3102 1700 3317 1766 erudit;
3353 1703 3458 1769 vel,
3515 1703 3651 1772 quia
3715 1721 3822 1775 per

2118 1786 2585 1856 Filium,(quiin
2639 1787 2830 1842 medio
2887 1787 3133 1842 duorum
3189 1789 3687 1845 Testamentorum
3753 1793 3820 1846 in

2114 1888 2282 1928 carne
2345 1876 2628 1944 apparuit,
2684 1877 2902 1929 locutus
2949 1881 3034 1930 est
3088 1877 3255 1930 Pater
3301 1876 3550 1931 humano
3575 1882 3810 1950 generi.

2794 2004 3020 2057 CAPUT
3061 2004 3204 2058 νιιι.

2187 2137 2345 2188 Vsus.
2403 2135 2554 2186 2.-
2616 2134 2827 2204 Septem
2881 2135 3146 2188 lucernas.
3201 2135 3426 2206 Septem
3483 2137 3634 2192 dona
3675 2137 3818 2211 Spi-

2112 2224 2256 2277 ritus
2287 2223 2485 2277 sancti.
2521 2240 2647 2294 qua:
2681 2225 2738 2277 in
2798 2224 3018 2277 Christo
3053 2242 3279 2295 semper
3340 2234 3678 2282 manserunt
3732 2233 3820 2299 et,

2111 2307 2172 2361 in
2202 2309 2474 2363 membris
2514 2327 2615 2381 pro
2648 2312 2934 2364 voluntate
2979 2313 3102 2383 ejus
3131 2313 3432 2366 distributa
3465 2321 3616 2368 sunt.

2183 2398 2370 2466 (BEDA,
2433 2401 2488 2451 in
2546 2400 2724 2468 Num.)
2790 2401 2979 2454 Mensa
3043 2409 3100 2455 et
3169 2401 3596 2470 candelabrum,
3670 2409 3814 2471 etc.,

2110 2499 2278 2553 usque
2302 2485 2376 2538 ad
2405 2485 2714 2553 prohibens
2744 2485 2797 2539 ei
2822 2487 3237 2542 testimonium.

2185 2571 2343 2626 Vens.
2397 2574 2447 2626 3.
2482 2603 2549 2612 —
2605 2575 2778 2642 Super
2826 2575 3228 2631 candelabrum.
3291 2575 3598 2646 Christum,
3658 2579 3822 2633 scili-

2111 2664 2216 2726 cet,
2252 2659 2700 2730 primogenitum
2733 2663 2803 2716 de
2854 2663 3040 2717 radice
3070 2665 3242 2731 Jesse,
3298 2681 3463 2734 super
3513 2682 3666 2734 quem
3717 2684 3819 2720 re-

2110 2750 2314 2817 quievit
2367 2752 2596 2818 spiritus
2647 2754 2927 2820 sapientiae
2954 2759 3003 2806 et
3026 2755 3343 2819 intellectus,
3396 2756 3626 2823 Spiritus
3673 2771 3815 2810 con-

2108 2837 2225 2890 silii
2245 2842 2295 2891 et
2321 2838 2672 2904 fortitudinis
2705 2841 2836 2908 (Isa.
2876 2839 2987 2910 xi).

2035 2933 2075 2988 ο
2177 2925 2339 2979 Vens.
2386 2927 2437 2979 4.
2491 2955 2559 2966 -
2602 2927 2690 2980 Ea:
2741 2943 2898 2982 auro.
2959 2927 3102 2992 Quia
3173 2928 3429 2983 Christus
3484 2929 3819 3002 specialiter

2103 3011 2378 3067 immunis
2407 3030 2441 3067 a
2493 3021 2743 3086 peccato,
2777 3020 2833 3070 et
2878 3016 3148 3087 operibus
3181 3017 3420 3089 justitia:
3469 3020 3813 3091 praeclarus,

2103 3105 2162 3155 et
2195 3101 2450 3156 membra
2479 3103 2600 3173 ejus
2630 3103 3018 3160 innocentiam
3047 3111 3106 3160 et
3147 3106 3455 3178 justitiam,
3512 3115 3816 3180 quantum

2103 3191 2294 3244 valent
2323 3190 2641 3259 imitantur,
2675 3191 2734 3246 in
2761 3192 2955 3248 futuro
2980 3194 3368 3265 perficiantur.

2173 3279 2402 3333 Ductiti.
2449 3279 2592 3344 Quia
2643 3281 2900 3336 Christus
2954 3299 3020 3337 ex
3075 3284 3448 3355 conceptione
3492 3289 3548 3340 et
3588 3285 3812 3340 nativi-

2101 3368 2215 3420 tate
2247 3365 2531 3436 perfectus
2563 3368 2710 3422 Deus
2749 3372 2805 3421 et
2843 3367 3015 3423 homo
3046 3369 3281 3436 exstitit,
3342 3371 3673 3440 passionum
3707 3373 3814 3427 do-

2099 3454 2248 3508 lores
2290 3454 2527 3526 pertulit
2574 3453 2647 3525 (ιι
2706 3458 2844 3510 Tim.
2888 3458 2986 3526 ιιι),
3037 3463 3095 3511 et
3124 3459 3203 3511 sic
3235 3459 3308 3513 ad
3362 3461 3814 3516 resurrectionis

2101 3542 2340 3612 gloriam
2391 3543 2669 3614 pervenit,
2724 3549 2780 3598 et
2809 3561 3014 3600 omnes
3067 3547 3168 3617 qui
3214 3548 3306 3617 pie
3353 3548 3552 3602 volunt
3605 3549 3810 3605 vivere

2099 3631 2160 3684 in
2190 3632 2314 3701 ipso
2357 3632 2522 3703 quasi
2551 3632 2846 3687 metallum
2869 3633 3128 3688 feriendo
3168 3635 3464 3689 dilatatum
3512 3653 3616 3705 per
3653 3654 3800 3707 pas-

2100 3718 2275 3773 sionis
2303 3721 2679 3775 contumelias
2718 3721 2790 3776 ad
2817 3721 3267 3777 immortalitatis
3305 3725 3546 3794 gratiam
3574 3741 3794 3795 perve-

2098 3808 2284 3862 niunt.

2166 3897 2363 3966 Stipes.
2396 3895 2654 3951 Christus
2683 3896 2915 3966 scilicet,
2945 3897 3014 3952 de
3045 3914 3159 3970 quo
3191 3901 3510 3970 procedunt
3563 3903 3804 3972 calami,

2095 3985 2231 4054 quia
2260 3984 2331 4038 ab
2381 3985 2503 4055 ipso
2533 3985 2817 4055 accipiunt
2842 3986 2983 4056 justi
3033 3987 3312 4060 quidquid
3345 3989 3559 4045 habent
3611 3991 3799 4059 boni;

2096 4073 2246 4128 unde
2280 4089 2294 4128 :
2321 4074 2447 4129 Sine
2474 4089 2556 4128 me
2580 4075 2722 4129 nihil
2746 4077 2972 4144 potestis
3003 4078 3185 4143 facere
3225 4078 3415 4146 (Joan.
3438 4079 3550 4150 xv).

2171 4161 2326 4214 Vsus.
2361 4162 2412 4214 6.
2454 4189 2522 4200 —
2556 4162 2693 4214 Tolle
2731 4161 2941 4216 Levitas
2969 4162 3034 4216 de
3071 4179 3170 4218 me.
3217 4164 3467 4234 Mystice.
3515 4166 3798 4223 Ordinem

367 4257 531 4311 Vens.
581 4257 670 4310 87.
725 4284 795 4295 —
847 4225 1031 4322 Boves,
1088 4257 1195 4307 etc.
1252 4251 1376 4321 (lu.)
1428 4252 1603 4306 Boves
1675 4251 1880 4306 arietes
1927 4257 1984 4306 et
2015 4225 2057 4279 Β
2095 4248 2534 4303 ecclesiasticum
2573 4248 2823 4317 instruit,
2856 4253 3145 4322 quomodo
3185 4225 3291 4307 rite
3328 4254 3680 4326 provehatur
3719 4258 3798 4312 ed

293 4343 430 4414 agni
479 4341 836 4398 duodenario
875 4357 1116 4396 numero
1172 4339 1588 4410 comprehensi,
1620 4339 1750 4394 illos
1807 4339 1983 4411 signi-

292 4433 485 4499 iicant,
517 4431 618 4503 qui
645 4431 736 4486 vel
788 4429 849 4484 in
892 4429 1080 4484 ofﬁcio
1113 4428 1386 4495 doctoris,
1435 4429 1522 4482 vel
1559 4427 1621 4482 in
1657 4428 1983 4499 principatu

291 4521 530 4591 alicujus
583 4518 835 4584 honoris,
908 4518 997 4572 vel
1051 4516 1386 4588 simpliciter
1443 4515 1713 4584 viventes,
1787 4515 1982 4571 omnia

288 4608 602 4664 secundum
670 4606 992 4662 doctrinam
1052 4605 1422 4678 apostolicam
1478 4609 1534 4660 et
1583 4604 1975 4676 propheticam

289 4714 456 4770 agere
489 4697 746 4752 student.

358 4789 533 4854 Hirci,
583 4789 688 4840 etc.
751 4783 882 4856 (11).)
938 4782 1007 4838 Hi
1066 4787 1200 4838 sunt
1259 4781 1360 4853 qui
1414 4779 1816 4852 paenitentiam
1861 4787 1978 4836 stu-

286 4877 424 4931 dent
448 4875 760 4930 secundum
786 4874 1048 4944 regulam
1071 4871 1393 4942 apostolicae
1419 4869 1550 4924 ﬁdei
1573 4869 1866 4940 perficere.

357 4965 517 5019 Vens.
571 4966 658 5018 88.
713 4992 785 5005 —
830 4963 1013 5026 Boves,
1072 4966 1177 5014 etc.
1231 4959 1356 5030 (Ιο.)
1417 4959 1480 5012 In
1528 4957 1618 5012 his
1664 4957 1975 5028 spiritualis

282 5052 517 5117 scientia
544 5068 673 5106 cum
715 5051 999 5106 bonorum
1047 5064 1286 5119 operum
1344 5045 1690 5118 perfectione
1746 5046 1975 5117 signiti-

280 5147 460 5202 catur,
495 5140 630 5211 quia
679 5139 880 5210 viginti
925 5144 1174 5208 quatuor
1224 5136 1381 5190 horis
1430 5151 1629 5190 cursus
1682 5133 1796 5189 diei
1845 5151 1970 5206 per-

280 5229 472 5299 agitur
500 5244 513 5282 :
549 5229 740 5282 lumen
763 5228 1016 5282 scientiae
1046 5232 1106 5280 et
1135 5225 1272 5281 ﬁdei
1311 5223 1470 5280 omni
1513 5223 1836 5280 Christiano
1868 5239 1968 5280 ne-

277 5317 586 5370 cessarium
611 5331 731 5370 esse
757 5314 1103 5385 significant.

347 5405 668 5474 Sexaginta.
721 5402 1152 5474 Sexagenarius,
1201 5401 1258 5457 id
1304 5406 1407 5468 est,
1449 5401 1654 5457 sexties
1698 5400 1967 5456 denarius

275 5494 688 5566 perfectionem
755 5492 1158 5547 mandatorum
1232 5494 1530 5546 monstrat.
1592 5491 1828 5546 Necesse
1883 5493 1970 5544 est

2094 4337 2431 4408 dignitatem
2455 4338 2772 4392 sacerdotii.

2166 4427 2324 4480 Vens.
2373 4429 2423 4480 7.
2473 4455 2540 4466 —
2589 4427 2730 4480 Piios
2777 4427 2960 4481 carnis
2999 4441 3127 4482 suae.
3178 4427 3393 4497 (Carm,
3426 4427 3524 4483 lib.
3585 4445 3617 4482 v
3666 4431 3797 4485 Mo-

2088 4515 2219 4581 ral.,
2251 4531 2375 4584 cap.
2432 4513 2545 4584 23.)
2599 4514 2704 4568 Pili
2762 4514 2948 4569 carnis
2986 4519 3123 4570 sunt
3169 4517 3441 4588 quaelibet
3494 4517 3795 4588 superﬂua

2087 4601 2354 4656 humana:
2375 4603 2581 4671 carnis,
2603 4606 2731 4671 etc.,
2764 4618 2932 4674 usque
2960 4603 3034 4658 ad
3080 4619 3211 4658 cum
3235 4605 3639 4677 speculationis
3670 4608 3795 4663 alta

2088 4697 2478 4762 penetramus.

2155 4781 2432 4834 Laverint.
2493 4779 2904 4849 Mundaverint,
2963 4779 3177 4837 scilicet
3205 4798 3402 4854 opera,
3433 4787 3497 4838 ut
3524 4784 3583 4838 in
3637 4802 3794 4840 con-

2088 4873 2281 4938 spectu
2318 4867 2416 4921 Dei
2447 4867 2520 4922 sit
2575 4884 2772 4922 eorum
2803 4868 3157 4924 conversatio
3189 4870 3424 4938 munda,
3477 4876 3534 4926 et
3585 4887 3791 4926 coram

2083 4956 2418 5011 hominibus
2442 4957 2983 5029 irreprehensihilis.

2153 5046 2323 5101 Vens.
2353 5048 2404 5100 8.
2438 5076 2504 5087 —
2536 5045 2755 5100 Bovem.
2793 5045 3156 5102 Mediatorem
3187 5047 3289 5103 Dei
3326 5053 3386 5103 et
3415 5048 3720 5104 hominum
3769 5068 3784 5105 :

2079 5136 2242 5204 cujus
2289 5135 2685 5190 immolatione
2734 5141 2964 5206 peccata
3002 5142 3195 5191 nostra
3265 5136 3451 5191 deleta
3505 5143 3656 5191 sunt.
3714 5139 3788 5193 In

2079 5230 2322 5296 utroque
2365 5225 2506 5278 bove
2540 5224 2853 5278 incarnatio
2909 5224 3032 5295 ejus
3083 5224 3452 5295 signiﬁcatur.
3517 5225 3637 5279 Una
3694 5233 3790 5282 est

2079 5311 2236 5366 enim
2292 5313 2479 5383 passio
2529 5312 2754 5380 Christi,
2800 5312 2898 5366 sed
2951 5311 3066 5367 duo
3102 5313 3267 5368 nobis
3320 5313 3651 5384 impetravit
3680 5330 3787 5369 ex-

2074 5399 2392 5472 piationem
2458 5401 2670 5456 scilicet
2723 5418 2756 5456 a
2805 5401 3048 5473 peccatis
3118 5407 3175 5456 et
3233 5402 3783 5472 sanctiﬁcationem,

2075 5492 2142 5544 ut
2169 5505 2271 5544 nos
2301 5489 2530 5544 offerret
2563 5489 2676 5544 Deo
2725 5490 3095 5559 Mortiﬁcatos,
3139 5489 3358 5558 quidem
3396 5505 3578 5558 carne,
3627 5494 3784 5546 uivi-
