4038 6180
148 266 218 313 39:
1288 257 1540 314 GLOSSA
1579 257 1814 314 OBDIN

2041 288 2108 297 —
2148 259 2278 315 LIB.
2320 259 2483 314 ΝΟΜ.

3515 272 3617 323 398

142 389 282 449 {acutos
310 389 491 437 autem
537 384 762 451 spiritu.
815 381 976 436 Unde
1025 380 1270 435 Paulus:
1318 380 1425 436 Sed
1451 382 1626 436 abluti
1665 386 1797 437 estis
1824 386 1864 439 A
1906 381 2179 452 praecepit
2206 397 2302 435 eos
2323 381 2762 452 dispensationis
2812 398 2931 439 suae
2972 388 3143 440 testes
3172 402 3293 441 esse
3347 403 3528 460 usque
3550 391 3620 445 ad

145 471 207 526 sed
229 474 549 540 sanctiﬁcati
577 471 704 524 estis
759 471 819 523 in
886 472 1098 524 nomine
1148 469 1369 524 Domini
1411 470 1551 524 Jesu
1604 473 1652 541 (Ι
1681 473 1801 529 Cor.

147 560 478 628 v1).Possuut
538 564 727 613 autem
787 574 892 629 per
947 558 1053 612 hos
1101 557 1245 612 duos
1316 556 1509 622 boves,
1560 574 1806 630 quorum

148 664 415 719 unustpro
472 654 724 718 peccato,
785 648 929 701 alter
983 646 1221 700 offertur
1275 646 1334 699 in
1386 645 1803 714 holocaustum,

146 738 550 791 duaaactionum
609 736 823 808 species
899 734 1162 807 exprimi,
1219 750 1462 806 quarum
1517 752 1628 790 una
1677 752 1807 807 quas

148 827 255 879 male
276 826 576 895 gessimus,
596 841 700 896 per
733 824 1077 896 paenitentia
1109 824 1426 878 lamentum
1471 824 1757 879 abluimus
1792 844 1807 890 ;

143 916 279 968 altera
314 915 601 969 bonorum
661 929 901 983 operum
933 916 990 966 et
1030 911 1307 966 virtutum
1360 912 1634 966 fructibus
1672 928 1809 982 gra-

146 1004 243 1057 tiam
277 1002 381 1057 Dei
414 1008 469 1057 et
494 1002 797 1073 praemium
827 999 1195 1054 beatitudinis
1236 1014 1653 1069 promeremur.

191 1093 569 1147 Libamentum.
626 1090 1053 1145 Sacramentum
1098 1087 1398 1158 passionis,
1479 1088 1634 1159 quod
1693 1087 1809 1158 spi-

143 1181 257 1234 ritali
287 1180 531 1234 scientia
558 1179 912 1233 intellectum
968 1182 1140 1247 atque
1181 1181 1510 1243 tractatum,
1542 1176 1811 1231 ﬁdelibus

145 1271 549 1325 saluberrimum
580 1275 636 1323 et
667 1270 777 1323 Deo
798 1266 1188 1339 gratissimum
1237 1272 1340 1320 est.
1384 1266 1443 1320 Si
1504 1270 1693 1319 tamen
1725 1269 1807 1318 ta-

142 1360 256 1414 libus
296 1358 582 1430 mysteriis
637 1355 1017 1427 percipiendis
1071 1355 1331 1409 minister
1386 1353 1613 1408 Domini
1660 1353 1812 1407 intus

144 1449 358 1519 forisque
382 1464 439 1501 se
473 1446 753 1500 mundum
782 1449 837 1498 et
878 1443 1119 1513 dignum
1175 1442 1505 1512 prmbuerit.

194 1539 338 1592 Vens.
367 1540 418 1591 9.
452 1567 521 1576 —
552 1538 620 1590 Et
666 1532 992 1603 applicabis.
1034 1531 1407 1603 Applicantur
1464 1529 1666 1585 Levites
1713 1546 1807 1584 co-

142 1640 234 1678 ram
261 1625 631 1679 tabernaculo
659 1622 903 1687 foederis,
936 1637 1066 1675 cum
1107 1621 1271 1674 electi
1318 1620 1385 1673 ad
1442 1619 1694 1674 ofticium
1725 1620 1811 1674 al-

140 1715 248 1767 taris
298 1713 616 1768 secundum
668 1712 1037 1783 apostolicam
1114 1709 1432 1763 doctrinam
1489 1709 1810 1780 perducuno

140 1803 468 1874 tur:quaiu
527 1818 723 1856 verum
779 1799 1212 1854 tabernaculum
1260 1798 1508 1852 intratur
1574 1799 1620 1865 (Ι
1672 1800 1808 1852 Tim.

140 1904 216 1954 111),
244 1893 285 1945 si
308 1893 477 1962 juxta
501 1890 821 1945 doctrinam
870 1893 926 1943 et
955 1890 1216 1958 exempla
1281 1892 1610 1940 sanctorum
1665 1886 1812 1940 bene

138 1981 457 2050 inceperim,
484 1984 539 2033 et
568 1995 746 2049 usque
777 1977 846 2031 ad
901 1978 1076 2031 tinem
1127 1974 1635 2047 perseveraverint.

197 2070 335 2123 Vens.
373 2071 458 2123 10.
493 2097 561 2109 —
592 2069 804 2121 Ponent
840 2068 965 2134 ﬁlii.
999 2066 1143 2129 Quia
1195 2079 1487 2118 assensum
1553 2062 1810 2116 devotio-

141 2158 205 2210 nis
231 2173 338 2212 suae
371 2156 638 2211 electioni
695 2155 904 2209 debent
933 2154 1210 2225 praebere,
1269 2158 1325 2207 et
1372 2152 1443 2207 ad
1505 2150 1814 2223 imperium

142 2261 303 2300 eorum
330 2245 501 2301 bonis
525 2244 794 2315 operibus
834 2243 1065 2297 instare.

197 2337 341 2391 Vsus.
375 2340 459 2390 H.
511 2336 646 2389 —A
688 2334 818 2401 ﬁliis
858 2332 1047 2385 lsrael.
1100 2329 1279 2401 (Βεο.)
1333 2329 1446 2384 Sub
1500 2329 1814 2384 multorum

146 2422 671 2479 utilicettestimonio
703 2427 759 2475 et
787 2420 1117 2490 cognitione
1163 2419 1425 2473 facienda
1476 2423 1564 2472 est
1591 2418 1813 2483 electio,

144 2520 192 2565 ut
218 2512 549 2569 examinatio
578 2511 752 2581 digna
781 2510 1117 2575 celebretur,
1150 2513 1213 2562 ut
1271 2524 1442 2562 nemo
1498 2507 1814 2577 reprehen-

138 2603 244 2655 dere
271 2602 468 2674 possit.
534 2600 753 2655 Debent
811 2598 965 2653 enim
1014 2597 1408 2652 testimonium
1451 2596 1662 2651 habere
1711 2595 1816 2650 bo-

138 2706 250 2744 uum
269 2692 441 2745 etiam
468 2690 541 2745 ab
574 2690 663 2745 bis
694 2689 793 2761 qui
815 2688 952 2743 foris
973 2692 1126 2742 sunt.

190 2779 331 2834 Vitas.
390 2783 477 2833 t2.
532 2808 599 2819 -—
659 2780 857 2833 [.evitae
905 2791 1136 2846 quoque,
1197 2778 1304 2829 etc.
1363 2773 1508 2839 Quia
1563 2772 1817 2827 ministri

136 2868 336 2923 Domini
367 2868 610 2939 proprio
632 2868 824 2922 labore
858 2867 1020 2922 initia
1060 2865 1343 2919 bonorum
1402 2879 1637 2934 operum
1700 2864 1812 2918 Do-

1919 470 2185 524 ultimum
2227 476 2393 525 terra:
2422 470 2571 541 (Act.
2607 473 2668 541 1).

1988 558 2107 628 (1η.)
2176 560 2324 613 Bcne
2393 565 2583 613 autem
2643 560 2798 621 luna.
2868 566 2996 627 etc.,
3061 578 3230 633 usque
3288 566 3363 620 ad
3413 567 3619 623 merito

1917 646 2341 717 quintadecima
2360 648 2613 717 paschali
2634 648 2845 719 gaudio
2882 650 3200 721 adaptatur.

1986 734 2119 806 (11).)
2150 735 2246 789 His
2276 736 2508 807 quidem
2564 737 2786 808 paschae
2833 740 2921 793 vel
2952 740 3126 811 phase
3155 758 3188 795 a
3214 743 3339 813 lege
3397 761 3622 801 assum-

1916 821 2027 892 ptis
2058 822 2302 889 indiciis,
2338 824 2591 878 hmredes
2621 825 2758 879 Novi
2824 827 3175 883 Testamenti
3233 831 3406 885 etiam
3468 833 3620 888 diem

1920 910 2269 965 Dominicam
2308 914 2685 982 annectimus,
2710 914 2845 985 quia
2876 922 2934 970 et
2987 917 3318 974 conditione
3370 921 3620 991 primiti-

1918 998 2166 1053 vaslucis
2231 1001 2473 1067 excellit,
2531 1007 2588 1055 et
2651 1003 2948 1074 triumpho
2990 1006 3299 1062 Dominica:
3373 1026 3623 1066 resurre-

1919 1087 2145 1142 ctionis.

1989 1176 2110 1246 (11).)
2142 1177 2370 1247 Septem
2404 1194 2634 1250 quoque
2666 1180 2785 1234 dies
2835 1181 2986 1235 lunas
3080 1199 3248 1254 usque
3293 1186 3369 1241 ad
3417 1188 3616 1259 quasi:

1921 1264 2075 1329 Quod
2094 1268 2193 1319 uni
2218 1266 2353 1332 dico,
2407 1268 2651 1322 omnibus
2690 1269 2809 1324 dico
2870 1272 3063 1339 (Marc.
3099 1272 3239 1344 x111).

1992 1351 2123 1423 (11).)
2154 1354 2218 1407 In
2274 1353 2511 1408 nomine
2560 1371 2756 1427 quoqu
2785 1373 2815 1411 e
2862 1360 3107 1429 paschae,
3166 1366 3309 1430 etc.,
3365 1362 3625 1434 usquead

1922 1456 2024 1510 per
2058 1441 2319 1511 singulos
2351 1442 2561 1513 gradus
2612 1444 2884 1514 spiritalis
2940 1450 3214 1504 transitus
3266 1452 3528 1524 largitori
3563 1454 3625 1507 il-

1920 1527 2033 1581 lius
2062 1529 2241 1583 vicem
2282 1531 2602 1585 tendamus.

1995 1617 2116 1685 (10.)
2182 1618 2275 1672 Vel
2336 1618 2396 1673 in
2459 1627 2744 1676 crescente
2807 1624 2879 1677 ad
2944 1624 3205 1682 homines
3282 1629 3436 1695 luna,
3492 1635 3622 1696 etc.,

1924 1720 2097 1776 usque
2126 1707 2201 1761 ad
2219 1708 2627 1763 convenienter
2645 1709 2914 1781 intelligi.

2024 1796 2184 1849 Vens.
2221 1798 2273 1849 6.
2330 1832 2383 1843 —
2422 1799 2553 1852 Ecce
2599 1804 2778 1853 autem
2832 1801 3054 1869 quidam
3110 1805 3398 1872 immundi,
3464 1821 3628 1876 super

1923 1885 2109 1937 anima
2163 1885 2414 1947 hominis,
2467 1890 2572 1940 etc.
2652 1890 2833 1955 (AUG.,
2916 1896 3105 1960 quaest,
3188 1896 3250 1947 t5
3320 1896 3378 1949 in
3440 1896 3625 1956 Num.)

1926 1973 2183 2041 Cumque
2230 1972 2456 2042 pascha!
2505 1977 2763 2046 tempore
2819 1977 3053 2049 quidam
3101 1979 3385 2035 immundi
3443 1962 3630 2037 essent

1926 2076 2100 2131 super
2122 2061 2315 2114 anima
2352 2061 2627 2129 hominis,
2666 2071 2799 2133 etc.,
2851 2083 3017 2137 usque
3038 2070 3112 2122 ad
3141 2074 3241 2123 aut
3277 2070 3419 2125 forte
3445 2072 3491 2125 si
3522 2089 3627 2144 pa-

1926 2150 2059 2204 scha
2085 2165 2203 2204 non
2234 2149 2500 2221 egissent,
2530 2150 2601 2205 ad
2631 2154 2856 2222 culpam
2888 2171 3001 2209 non
3055 2157 3387 2226 pertineret.

1997 2239 2158 2292 Vsus.
2191 2240 2244 2294 8.
2279 2268 2346 2277 —-
2376 2238 2529 2293 State
2576 2243 2637 2293 ut
2675 2242 2969 2295 consulam.
3031 2243 3246 2311 (Gaza,
3303 2245 3398 2299 lib.
3456 2261 3627 2300 xxxm

1924 2328 2140 2393 Moral.,
2192 2330 2427 2397 cap.21,
2490 2331 2627 2383 tom.
2675 2329 2782 2399 Il.)
2831 2330 3046 2401 Moyses
3096 2332 3294 2387 crebro
3335 2334 3403 2388 de
3460 2334 3629 2389 rebus

1927 2415 2116 2470 dubiis
2145 2415 2213 2469 ad
2244 2415 2677 2471 tabernaculum
2706 2418 2949 2473 recurrit
2996 2420 3212 2475 relictis
3260 2423 3459 2490 turbis,
3493 2428 3624 2490 etc.,

1926 2519 2094 2572 usque
2119 2504 2193 2559 ad
2252 2505 2389 2560 dum
2440 2506 2499 2561 in
2547 2507 2919 2564 meditatione
2977 2509 3248 2565 mentisa
3303 2511 3627 2566 carnalibus

1927 2593 2186 2649 sensibus
2219 2594 2647 2652 abstrahuntur.

1997 2684 2154 2737 Vens.
2192 2684 2274 2738 10.
2329 2714 2396 2725 -
2449 2686 2615 2739 Homo
2685 2687 2783 2754 qui
2843 2688 3022 2751 fuerit
3079 2687 3389 2743 immundus
3468 2704 3631 2759 super

1926 2776 2132 2839 anima,
2173 2778 2277 2828 etc.
2316 2774 2494 2843 (1511).)
2532 2772 2868 2843 praecipitur
2922 2778 2985 2827 ut
3030 2773 3131 2845 qui
3186 2774 3413 2846 longius
3459 2776 3628 2831 habi-

1926 2863 2144 2926 tabant,
2176 2862 2261 2915 vel
2289 2861 2571 2916 immundi
2603 2861 2662 2916 in
2712 2862 2908 2915 anima
2963 2862 3207 2929 fuerant,
3266 2863 3327 2918 in
3383 2866 3637 2921 secundo

137 2956 265 3009 mino
318 2970 651 3011 consecrare
717 2954 1007 3018 festinant,
1067 2958 1132 3008 ut
1197 2952 1312 3006 sive
1356 2951 1694 3022 poenitentia
1743 2950 1818 3004 sit
1853 2952 1892 3007 C
1931 2965 2126 3003 mense
2153 2948 2363 3019 pascha
2393 2945 2619 3016 faciant,
2678 2949 2815 3020 quia
2874 2949 3121 3004 Gentiles
3179 2966 3311 3007 cum
3367 2953 3633 3009 omnibus

132 3046 342 3113 agenda,
377 3046 497 3098 sive
556 3044 745 3098 studia
792 3043 1065 3097 virtutum
1119 3041 1455 3109 exercenda,
1512 3040 1821 3095 efﬁcaciter

132 3133 431 3199 perﬁciant.

190 3221 567 3278 V£a5.H-.—
624 3220 933 3290 Separabis.
996 3220 1119 3274 Non
1168 3218 1337 3273 debet
1397 3216 1659 3273 minister
1714 3218 1821 3272 Do-

137 3310 258 3363 mini
277 3315 584 3365 contentus
615 3326 736 3363 esse
767 3308 1034 3380 populari
1064 3307 1364 3378 disciplina
1391 3323 1404 3361 :
1470 3306 1729 3361 moribus
1761 3310 1820 3361 et

139 3397 373 3453 doctrina
396 3403 695 3470 separatus
726 3403 782 3452 et
811 3396 1135 3469 spectabilis
1182 3396 1349 3450 debet
1379 3411 1515 3449 esse.

192 3488 351 3543 Vens.
390 3493 479 3543 i7.
512 3518 579 3527 --
634 3488 797 3543 Omne
845 3488 1267 3557 primogenitum
1312 3486 1372 3538 in
1429 3490 1591 3539 terra.
1639 3484 1823 3552 (ΗΑΒ.)

135 3575 504 3648 Primogenita
558 3575 980 3647 Egyptiorum,
1026 3580 1159 3640 etc.,
1199 3588 1368 3643 usque
1421 3574 1496 3627 ad
1524 3578 1581 3628 et
1616 3572 1824 3627 divinis

131 3667 393 3732 mysteriis
426 3682 592 3719 verus
616 3665 803 3718 Levita
832 3665 1002 3734 digne
1024 3662 1202 3734 possit
1231 3663 1436 3733 aptari.

190 3753 339 3809 Vens.
394 3756 483 3809 19.
533 3781 601 3793 —-
662 3755 727 3808 Ut
792 3755 1051 3808 serviant.
1113 3751 1353 3805 Videant
1404 3751 1653 3805 ministri
1712 3753 1823 3805 Do-

131 3844 251 3896 mini
281 3859 463 3913 quam
519 3842 899 3896 necessarium
958 3841 1032 3895 sit
1089 3840 1170 3894 eis
1217 3840 1391 3895 ofﬁcii
1440 3840 1529 3894 sui
1574 3840 1825 3911 juracu-

133 3932 314 3985 stodire
348 3952 364 3998 ;
396 3947 505 3986 nec
536 3930 775 3984 terrenis
818 3929 990 3983 lucris
1020 3930 1103 3983 vel
1147 3929 1536 3999 voluptatibus
1578 3928 1824 3996 inhiare,

130 4020 317 4087 quibus
337 4020 653 4091 proprium
716 4022 801 4073 est
846 4018 1212 4073 tabernaculo
1260 4017 1563 4081 deservire,
1617 4022 1675 4071 et
1720 4032 1825 4088 pro

130 4110 325 4177 populo
375 4125 568 4175 orare,
602 4125 674 4162 ne
715 4109 788 4162 sit
822 4108 882 4161 in
938 4124 1006 4161 eo
1053 4108 1225 4177 plaga
1272 4106 1641 4176 disperdens:
1690 4105 1827 4159 alio-

129 4197 249 4265 quin
280 4204 339 4253 et
363 4215 427 4252 se
459 4201 518 4252 et
573 4198 851 4269 populum
900 4196 961 4250 in
1014 4196 1393 4267 perditionem
1444 4194 1821 4265 praecipitant,

1928 3038 2287 3095 daemonibus
2360 3035 2649 3103 fornicati,
2700 3037 2987 3093 immundi
3013 3044 3177 3094 erant
3219 3046 3337 3096 eta
3390 3043 3504 3097 Deo
3534 3059 3633 3097 re-

1930 3130 2089 3183 moti.
2113 3129 2221 3184 Sed
2292 3127 2505 3182 salubri
2560 3126 2915 3181 confessione
2986 3129 3247 3184 mandati
3311 3131 3381 3185 ad
3425 3131 3635 3186 Christi

1928 3219 2286 3274 nativitatem
2333 3216 2498 3290 quasi
2546 3215 2619 3269 ad
2676 3216 2992 3270 secundum
3074 3232 3332 3273 mensem
3390 3220 3633 3274 transire

1927 3309 2363 3381 praecipiuntur.

2003 3398 2179 3469 (ΗΑΒ.)
2213 3396 2550 3451 lmmundus
2581 3398 2668 3449 est
2695 3392 2755 3447 in
2816 3393 3029 3460 anima,
3082 3398 3213 3461 etc.,
3239 3410 3411 3466 usque
3460 3395 3536 3451 ad
3565 3397 3635 3452 ad

1931 3504 2226 3559 vesperam
2256 3486 2455 3541 mundi
2502 3500 2634 3539 cum
2690 3482 2907 3553 azymis
2936 3487 2992 3537 et
3038 3483 3272 3538 lactucis
3317 3484 3637 3556 agrestibus

1930 3593 2142 3649 agnum
2170 3576 2435 3631 comedit.

2003 3668 2162 3722 Vens.
2194 3671 2277 3722 11.
2312 3695 2380 3706 -
2408 3666 2658 3733 Azymis.
2710 3659 2896 3731 (ΒΑΗ.)
2960 3662 3174 3730 Azyma
3221 3661 3486 3731 comedit,
3538 3663 3638 3732 qui

1930 3764 2084 3815 recta
2112 3774 2285 3828 opera
2325 3757 2447 3809 sine
2500 3752 2867 3822 corruptione
2918 3764 3077 3802 vana!
3144 3748 3341 3818 glorim
3393 3749 3545 3818 facit,
3582 3757 3639 3804 et

1936 3847 2200 3901 mandata
2230 3842 2637 3898 misericordias
2678 3838 2800 3892 sine
2821 3836 3039 3908 peccati
3096 3837 3469 3892 admixtione.

2030 3933 2380 4001 Agrestibus.
2422 3929 2567 3995 Quia
2598 3943 2729 3983 cum
2798 3940 3004 3995 corpus
3064 3924 3273 3978 Christi
3325 3925 3638 3995 accipimus

1933 4039 2036 4095 pro
2066 4021 2310 4092 peccatis
2341 4016 2652 4089 compungi
2710 4015 3007 4081 debemus,
3054 4018 3120 4067 ut
3172 4013 3497 4070 amaritudo
3519 4032 3637 4087 pos-

1932 4110 2190 4167 nitentiaa
2222 4109 2506 4178 abstergat
2536 4120 2789 4160 amorem
2836 4116 3117 4174 perversae
3168 4101 3323 4158 vitae.

2004 4201 2166 4254 Vsus.
2226 4200 2309 4251 12.
2361 4224 2431 4236 -
2459 4196 2677 4251 Omnem
2730 4195 2919 4247 ritum.
2961 4190 3253 4262 Quidquid
3286 4190 3345 4246 in
3388 4192 3516 4262 lege
3545 4192 3637 4247 hi-

129 4291 173 4337 et
198 4286 406 4341 dicitur
430 4286 516 4340 eis
549 4304 567 4340 :
603 4289 797 4341 Munus
822 4301 928 4340 non
954 4288 1247 4355 suscipiam
1296 4284 1361 4338 de
1417 4298 1583 4337 manu
1638 4288 1819 4336 vestra
1849 4263 1893 4319 Ῑ)
1932 4283 2243 4338 storialiter
2296 4287 2649 4354 praeceptum
2703 4286 2809 4350 est,
2874 4279 2934 4333 in
2992 4279 3371 4335 celebratione
3418 4283 3641 4351 paschae

127 4373 384 4435 (Halach.
422 4375 486 4441 1).

184 4464 341 4517 Vens.
378 4466 474 4518 24.
522 4491 593 4502 -
637 4464 685 4516 Α
716 4463 917 4530 viginti
981 4463 1237 4531 quinque.
1293 4460 1470 4532 (ls1n.,
1532 4463 1722 4529 quaest.
1771 4461 1829 4512 in

131 4551 267 4607 Nam.
300 4558 453 4607 tom.
516 4551 599 4619 V.)
649 4554 695 4604 A
746 4550 1022 4620 vigesimo
1089 4558 1145 4604 et
1183 4549 1388 4620 quinto
1445 4564 1600 4602 anno
1665 4563 1828 4601 man-

130 4639 320 4695 dantur
354 4640 591 4706 Levitas,
619 4646 748 4708 etc.,
779 4654 947 4708 usque
973 4638 1045 4692 ad
1086 4638 1147 4692 in
1177 4638 1289 4692 illis
1336 4635 1668 4691 omnimodo
1727 4650 1829 4688 ex-

132 4730 451 4801 stinguitur,
484 4746 556 4784 ne
589 4728 915 4783 subsistant.

836 4859 1061 4914 CAPUT
1126 4859 1215 4914 IX.

191 4987 350 5041 Vsus.
410 4987 501 5040 12.
533 5013 604 5026 —
646 4986 874 5039 Faciant
917 4984 1023 5053 ﬁlii
1067 4982 1245 5038 Israel
1292 4981 1464 5050 phase
1516 4981 1574 5032 in
1604 4982 1837 5047 tempore

142 5074 652 5143 :uoquartadecima
681 5073 770 5127 die
820 5074 1018 5127 mensis
1068 5072 1253 5139 hujus,
1307 5074 1417 5123 etc.
1475 5067 1833 5136 (Ras-Ben.)

143 5159 255 5218 Cum
286 5165 348 5220 in
374 5163 568 5218 veteri
597 5164 980 5226 Testamento,
1031 5165 1171 5228 etc.,
1220 5173 1391 5227 usque
1441 5156 1514 5211 ad
1564 5156 1632 5209 Et
1665 5172 1678 5209 :
1709 5159 1837 5211 Ecce

144 5265 255 5306 uoca
284 5256 444 5320 facio
464 5254 647 5307 omnia
676 5251 875 5320 (Apoc.
909 5252 1044 5320 χχι).

200 5342 376 5412 (Βεο.)
417 5340 639 5396 Deinde
670 5339 898 5394 tertiam
953 5338 1355 5409 septimanam,
1418 5338 1549 5401 etc.,
1584 5334 1837 5401 usquead

150 5436 373 5486 extrema
415 5430 764 5485 charismate
800 5428 1041 5499 spiritali
1069 5442 1175 5498 pcr
1203 5425 1454 5495 seipsum
1512 5420 1834 5476 illustravit.

203 5517 317 5587 ila.)
361 5520 500 5590 Ipsa
546 5533 777 5589 quoque
805 5518 956 5573 lnuse
1013 5515 1328 5571 conversio.
1382 5516 1513 5577 etc.,
1561 5525 1729 5578 usque
1764 5514 1839 5567 ad

1939 4371 2182 4426 Ecclesia
2206 4371 2578 4443 spiritualiter
2611 4369 2892 4425 observat.

2007 4461 2396 4517 Observabunt.
2432 4460 2577 4525 Quia
2607 4460 2730 4530 ejus
2770 4458 2919 4513 dicta
2977 4457 3216 4512 sollicite
3268 4464 3404 4513 sunt
3454 4460 3643 4513 discu-

1938 4549 2151 4617 tienda,
2186 4553 2248 4603 ut
2275 4548 2337 4603 in
2366 4548 2639 4621 praesenti
2668 4546 2782 4602 vita
2830 4546 3203 4617 intelligendo
3265 4551 3322 4602 et
3353 4548 3645 4618 operando

1938 4642 2330 4708 penetrentur.

2012 4727 2172 4780 Vsus.
2227 4728 2310 4780 13.
2355 4754 2429 4768 -
2486 4723 2976 4781 Emterminabitur.
3039 4723 3143 4777 Eos
3207 4724 3307 4794 qui
3385 4725 3490 4779 sub
3521 4724 3647 4796 lege

1941 4820 2123 4881 erant,
2157 4813 2562 4868 comminando
2602 4812 2853 4875 instruit,
2904 4827 2976 4865 ne
3015 4816 3242 4882 tempus
3285 4813 3510 4881 pascha:
3548 4815 3650 4869 ob-
3740 4836 3755 4850 ε

1943 4916 2167 4956 servare
2211 4900 2526 4971 negligant.
2580 4899 2693 4953 Nos
2745 4913 2976 4969 quoque
3020 4898 3311 4960 admonet,
3368 4903 3429 4953 ut
3480 4900 3647 4970 spiri-

1942 4990 2094 5044 tuale
2115 4990 2322 5062 pascha
2344 5005 2447 5043 suo
2481 4992 2740 5059 tempore
2794 4986 3089 5054 faciamus,
3140 4986 3209 5040 de
3274 5003 3388 5057 quo
3440 4989 3648 5044 Paulus

1943 5079 2063 5135 ait:
2100 5081 2233 5135 Ecce
2276 5093 2418 5133 nunc
2446 5081 2653 5146 tempus
2699 5075 3046 5145 acceptabilc,
3104 5078 3207 5129 etc.
3269 5076 3346 5143 (II
3404 5078 3524 5133 Cor.
3549 5079 3642 5149 v1).

1944 5168 2087 5233 Quia
2117 5167 2380 5239 quisquis
2428 5163 2883 5236 redemptionem
2939 5162 3180 5217 humani
3240 5166 3487 5235 generis,
3520 5184 3649 5239 qua»

1946 5257 2066 5312 veri
2093 5256 2228 5327 agni
2252 5252 2708 5310 immolationem
2740 5251 2883 5306 facta
2906 5255 3011 5313 est,
3033 5251 3147 5305 tide
3198 5251 3372 5322 digna
3396 5270 3511 5310 non
3562 5272 3651 5310 ce-

1946 5344 2277 5408 lebraverit,
2311 5347 2369 5396 et
2395 5342 2570 5395 vitam
2602 5356 2764 5394 suam
2821 5340 2879 5393 in
2934 5341 3172 5394 meliora
3221 5358 3337 5395 non
3366 5352 3657 5399 converte-

1949 5434 2041 5501 rit,
2068 5438 2123 5487 et
2152 5449 2186 5486 a
2214 5430 2361 5485 vitiis
2381 5430 2453 5484 ad
2479 5432 2721 5483 virtutes
2741 5444 2858 5482 non
2890 5427 3177 5482 transierit
3232 5433 3491 5501 tempore
3540 5431 3657 5484 hu—

1942 5516 2040 5585 jus
2073 5516 2483 5571 mortalitatis:
2544 5518 2613 5570 ad
2645 5515 3076 5571 resurrectionis
3130 5517 3373 5587 gloriam
3424 5518 3482 5570 in
3544 5519 3657 5571 ﬁne
