3976 6178
345 257 446 309 399

973 253 1366 310 WALAFRIDI
1407 255 1654 312 STRABI
1695 253 1900 311 FULD.
1944 255 2111 313 MON.
2150 255 2303 312 OPP.
2347 253 2524 311 PARS
2564 255 2607 310 Ι.
2649 283 2716 293 -—
2755 251 3214 309 THEOLOGICA.
3709 261 3800 315 400

340 378 488 434 veris
518 377 830 433 cultoribus
880 376 1088 454 Christi
1133 376 1495 432 tribuendam
1533 393 1648 431 non
1705 376 2034 448 pertinebit,
2064 382 2110 434 Α
2148 378 2321 434 corda
2340 377 2668 432 auditorum
2698 375 2767 430 ad
2800 375 2898 431 Dei
2931 373 3374 430 mirericordiam
3422 377 3801 449 implorandum

343 469 440 522 sed
475 467 949 521 exterminabitur
979 483 1011 520 a
1035 466 1318 520 consortio
1376 469 1726 528 sanctorum,

415 557 580 610 Vnus.
633 557 714 610 14.
751 585 812 596 ——
846 553 1166 623 Peregrinus
1199 570 1408 624 quoque
1435 558 1484 608 et
1514 553 1726 609 advena
1760 556 1812 609 si
1832 555 2043 622 fuerint

341 645 491 716 apud
519 659 628 712 vos,
705 650 812 698 etc.
865 642 1046 714 (ΗΑΒ.)
1117 643 1375 698 Ostendit
1417 643 1632 696 nullam
1707 642 2040 698 distantiam

342 743 465 788 esse
496 747 866 803 personarum
915 731 1064 802 apud
1136 732 1332 787 Deum.
1393 731 1730 802 Quicunque
1787 731 1940 784 enim
1971 731 2039 786 ad

341 822 510 876 tidem
550 820 884 874 catholicam
938 835 1260 885 conversus,
1319 823 1374 874 et
1429 819 1636 875 Christi
1700 819 2042 890 baptismate

343 911 590 976 ablutus,
647 909 903 962 Ecclesiae
956 909 1234 961 unitatem
1278 907 1594 974 intraverit,
1651 907 2044 962 ecclesiasticis

341 999 548 1071 poterit
573 995 982 1050 communicari
1013 995 1319 1066 mysteriis.

413 1088 570 1141 Vens.
619 1088 702 1140 13.
733 1085 1029 1140 —Nubes.
1080 1084 1258 1154 (Ism.)
1309 1083 1562 1138 Christus
1611 1088 1699 1137 est
1752 1083 2038 1146 columna,

342 1176 440 1247 qui
470 1180 656 1228 rectus
699 1178 754 1227 et
800 1174 1021 1238 ﬁrmus,
1071 1172 1169 1244 qui
1221 1172 1460 1227 fulciens
1517 1171 1907 1226 inﬁrmitatem
1940 1187 2041 1226 no-

343 1272 540 1328 stram,
575 1279 678 1333 per
699 1268 923 1316 noctem
960 1263 1174 1330 lucens,
1209 1276 1312 1332 per
1360 1261 1510 1316 diem
1567 1277 1681 1314 non
1741 1262 1955 1329 lucens,
1981 1265 2044 1315 ut

342 1353 441 1424 qui
477 1369 587 1406 non
620 1351 814 1405 vident
866 1349 1097 1404 videant
1163 1355 1220 1404 et
1278 1349 1379 1420 qui
1434 1349 1631 1404 vident
1684 1348 1818 1404 caeci
1877 1349 2039 1403 fiant.

343 1441 549 1496 Christi
573 1456 803 1510 quoque
850 1443 1268 1492 sacramentum
1310 1444 1586 1510 tanquam
1633 1438 1696 1492 in
1747 1438 1839 1492 die
1872 1437 2046 1492 mani-

342 1531 550 1583 festum
583 1533 686 1592 est,
722 1529 781 1581 in
813 1543 1002 1590 carne,
1036 1527 1188 1581 velut
1216 1527 1275 1580 in
1301 1527 1452 1580 nube
1486 1543 1498 1580 :
1548 1528 1606 1581 in
1656 1525 1877 1598 judicio
1908 1541 2042 1580 vero

341 1624 614 1689 tanquam
646 1619 704 1670 in
732 1622 948 1669 terrore
977 1621 1276 1669 nocturno.
1311 1615 1454 1680 Quia
1492 1621 1629 1670 tunc
1686 1616 1794 1670 erit
1859 1615 2041 1669 tribu-

342 1707 478 1760 latio
515 1721 721 1775 magna
750 1710 1023 1773 tanquam
1069 1703 1236 1774 ignis,
1295 1709 1353 1758 et
1398 1704 1610 1758 lucebit
1639 1704 1820 1775 iustis,
1877 1709 1935 1758 et
1960 1719 2044 1756 ar-

342 1795 512 1850 debet
542 1794 768 1863 injustis
788 1791 997 1860 (Emod.
1033 1793 1156 1859 xu).

413 1883 668 1950 Mystice,
735 1879 1053 1933 incarnatio
1111 1878 1342 1945 Christi,
1390 1879 1552 1951 cujus
1620 1880 1920 1935 clementia
1965 1885 2045 1937 ta-

343 1969 715 2025 bernaculum
748 1967 1004 2022 Ecclesiae
1055 1968 1324 2038 protegit,
1378 1968 1604 2023 bonitas
1656 1972 1864 2023 statum
1922 1969 2040 2024 dis-

341 2058 524 2130 ponit,
558 2058 861 2128 prudentia
909 2056 967 2109 in
1019 2057 1106 2109 via
1163 2055 1332 2127 hujus
1361 2057 1552 2111 saeculi
1610 2058 1913 2112 transitum
1955 2059 2041 2113 di-

348 2147 508 2215 rigit.

412 2234 886 2307 (Gnec.,hom.21
943 2235 1001 2286 in
1045 2235 1451 2300 Evang.,tom.
1503 2233 1709 2304 Ill.)ln
1766 2234 1898 2305 igne
1927 2240 2040 2288 ter-

340 2341 453 2389 ror,
487 2329 618 2389 etc.,
668 2337 837 2390 usque
904 2321 978 2375 ad
1034 2327 1397 2390 peccatorum
1455 2337 1690 2375 suorum
1781 2322 2043 2376 tenebras

339 2411 776 2484 agnoscentibus
807 2411 940 2480 igne
970 2409 1058 2463 sui
1079 2409 1290 2463 amoris
1325 2409 1564 2462 infulsit.
1770 2480 1777 2486 .

415 2502 577 2555 Vens.
603 2502 691 2553 23.
729 2529 794 2539 —
822 2499 930 2552 Per
984 2497 1205 2552 verbum
1257 2497 1482 2552 Domini
1542 2497 1779 2566 ﬁgebant
1811 2500 2041 2553 tentoria

337 2587 760 2659 Signiﬁcatione
792 2585 979 2653 nubis,
1016 2599 1144 2655 qua:
1172 2588 1295 2638 erat
1313 2584 1540 2654 signum
1573 2584 1779 2640 divinae
1834 2585 2038 2639 volun-

338 2677 490 2742 tatis,
523 2677 669 2730 sicut
697 2691 800 2728 vox
833 2673 1141 2744 loquentis.

1084 2850 1306 2906 CAPUT
1345 2851 1406 2905 X.

409 3031 570 3084 Vens.
608 3031 660 3084 2.
700 3060 766 3068 ——
828 3028 941 3082 Fac
991 3027 1094 3082 tibi
1138 3027 1276 3082 duas
1333 3026 1489 3082 tubas
1545 3033 1848 3094 argenteas,
1925 3034 2034 3087 etc.

341 3121 513 3192 (Isin.,
571 3122 629 3174 in
681 3117 863 3187 Num.)
957 3118 1064 3170 Per
1119 3116 1260 3171 duas
1311 3116 1476 3170 tubas
1542 3117 1817 3171 exercitus
1873 3118 2039 3172 duci-

337 3215 452 3275 tur,
485 3213 614 3273 etc.,
646 3221 814 3274 usque
842 3204 915 3258 ad
945 3204 1270 3258 auditorum
1305 3209 1524 3258 mentes
1553 3206 1622 3259 ad
1655 3206 2036 3260 tentationum

339 3296 651 3351 certamina
681 3292 971 3347 ardentius
1001 3291 1335 3346 excitantur.

411 3384 738 3437 Vens.4.—
791 3382 858 3436 Si
914 3381 1074 3434 semel
1129 3379 1460 3447 clangueris.
1521 3380 1702 3450 (Rau,
1746 3384 1804 3436 in
1847 3382 2033 3452 Num.)

337 3472 523 3528 Semel
547 3470 698 3525 tubis
718 3470 1001 3539 clangere,
1031 3473 1162 3535 etc.,
1196 3483 1366 3538 usque
1396 3469 1471 3522 ad
1518 3473 1575 3522 et
1604 3468 1660 3522 id
1715 3469 1909 3540 ipsum
1942 3470 2036 3525 di-

339 3565 470 3614 cant
502 3574 700 3612 omnes
740 3557 798 3610 in
829 3556 1028 3609 eodem
1053 3571 1216 3608 sensu
1251 3559 1308 3608 et
1335 3554 1393 3608 in
1423 3555 1621 3609 eadem
1649 3556 1902 3613 scientia.

408 3647 572 3700 Vens.
607 3648 655 3699 5.
687 3675 757 3686 —-
785 3645 974 3698 Primi.
1008 3642 1150 3708 Quia
1188 3643 1402 3696 scilicet
1432 3643 1528 3696 lux
1587 3643 1720 3698 ﬁdei
1778 3646 2032 3715 primum

338 3734 574 3789 infulsit.
640 3732 928 3788 Ordinatis
980 3747 1116 3802 ergo
1198 3730 1489 3802 Evangelii
1541 3733 2033 3804 praedicatoribus,

337 3824 586 3894 primum
619 3822 698 3876 eis
750 3821 1003 3875 dicitur:
1047 3822 1108 3875 In
1156 3825 1301 3874 viam
1359 3823 1604 3892 gentium
1661 3838 1725 3876 ne
1764 3822 2032 3890 abicritis,

335 3913 432 3968 sed
467 3914 540 3966 ite
560 3911 634 3965 ad
659 3926 776 3964 oves
807 3925 925 3980 qua:
949 3913 1230 3980 perierunt
1261 3909 1448 3964 domus
1477 3910 1647 3964 Israel
1689 3911 1908 3980 (Matth.
1941 3911 2030 3983 x):

335 4001 546 4072 quibus
601 4000 722 4070 ipse
778 3998 1033 4054 Christus
1078 3998 1289 4051 scilicet
1337 3998 1773 4068 praesentialiter
1849 4000 2032 4053 Evan-

334 4091 546 4161 gelium
577 4087 923 4161 praedicavit.
959 4089 1092 4141 Post
1150 4086 1628 4140 resurrectionem
1684 4103 1819 4141 vero
1864 4087 2032 4142 disci-

335 4179 485 4249 pulis
511 4193 790 4249 apparens
820 4177 900 4229 ait
933 4191 946 4228 :
996 4177 1196 4229 Euntes
1244 4175 1421 4228 docete
1448 4189 1625 4229 omnes
1674 4180 1876 4241 gentes,
1921 4181 2028 4231 etc.

2151 465 2516 536 provocando
2531 505 2546 520 .

2222 553 2382 607 Vens.
2442 555 2526 607 10.
2569 582 2637 593 -
2684 550 2748 606 Si
2786 551 3005 622 quando
3063 552 3327 606 habebitis
3373 554 3600 622 epulum.
3641 555 3806 624 (ΗΑΒ.)

2153 641 2295 696 Nota
2324 641 2459 713 quia
2479 641 2542 695 in
2571 641 2838 706 adversis,
2863 647 2992 707 etc.,
3018 655 3188 709 usque
3238 641 3312 694 ad
3348 647 3404 696 et
3457 643 3580 697 alibi
3612 659 3624 697 :
3679 646 3806 698 Prc-

2150 729 2275 784 dica
2340 730 2581 796 verbum,
2670 733 2818 785 insta
2895 734 3192 799 opportune
3266 732 3574 800 impartam,
3643 736 3734 786 etc.
3773 735 3812 801 (Ι

2155 821 2292 874 Tim.
2326 820 2420 888 IV).

2222 908 2384 962 Vsus.
2445 911 2530 962 11.
2586 937 2654 949 -
2698 911 2862 962 Anno
2937 907 3187 962 secundo.
3249 907 3523 976 (menon,
3565 909 3705 975 epist.
3741 907 3806 961 ad

2155 997 2446 1058 Fabiolam,
2495 1000 2630 1050 tom.
2670 996 2737 1066 Ι.)
2796 995 3141 1050 Duodecima
3208 993 3498 1049 mansione
3559 999 3798 1048 venerunt

2151 1085 2254 1140 ﬁlii
2286 1085 2452 1139 Israel
2481 1085 2538 1138 in
2588 1086 2876 1139 desertum
2923 1084 3098 1146 Sinai.
3154 1087 3283 1148 etc.,
3340 1097 3506 1151 usque
3566 1082 3627 1136 ad
3664 1082 3794 1136 intus

2151 1179 2339 1228 autem
2369 1174 2538 1244 plena
2565 1177 2698 1226 sunt
2725 1171 2946 1226 ossibus
2975 1176 3359 1232 mortuorum,
3407 1177 3463 1224 et
3502 1169 3640 1223 omni
3657 1185 3794 1237 spur-

2150 1262 2300 1318 citia.

2222 1352 2433 1421 (Gaza,
2463 1350 2758 1404 Pastoralis
2788 1351 2950 1420 parte
2996 1365 3078 1413 ιιι,
3141 1349 3374 1402 admon.
3432 1350 3537 1417 l8)
3581 1350 3804 1404 Plerum-

2153 1451 2264 1508 que
2293 1439 2535 1493 suadere
2573 1438 2736 1492 elatis
2784 1436 2949 1491 utilia
3005 1436 3210 1491 melius
3240 1452 3548 1506 possemus,
3587 1443 3706 1505 etc.,
3733 1453 3811 1492 us-

2153 1540 2255 1593 que
2273 1526 2347 1578 ad
2374 1526 2507 1580 inde
2538 1542 2596 1580 se
2633 1525 2820 1579 verbis
2851 1524 3202 1579 exhortantis
3224 1523 3536 1578 inclinaret.

2226 1616 2382 1669 Vens.
2413 1619 2507 1671 '23.
2537 1647 2606 1655 —
2641 1618 2899 1684 Arcaque
2948 1613 3190 1680 foederis.
3248 1613 3428 1682 (ΗΑΒ.)
3480 1616 3614 1668 Area
3668 1612 3817 1666 foede-

2157 1703 2231 1756 ris
2258 1703 2508 1769 Domini,
2537 1710 2668 1771 etc.,
2697 1717 2866 1773 usque
2891 1704 2965 1756 ad
2993 1703 3192 1756 callem
3221 1702 3473 1755 veritatis
3514 1706 3567 1756 et
3607 1701 3819 1770 justitite

2154 1791 2528 1862 sequentibus
2555 1793 2932 1846 demonstrat.

2225 1881 2382 1934 Vens.
2437 1881 2524 1936 34.
2585 1909 2658 1921 -
2738 1880 2912 1935 Nubes
2972 1895 3200 1949 quoque.
3280 1877 3554 1933 Protectio
3633 1875 3823 1939 divina,

2151 1985 2282 2040 quae
2313 1967 2559 2038 Spiritus
2577 1968 2755 2022 sancti
2805 1967 2991 2038 gratia
3056 1969 3266 2021 electos
3317 1967 3388 2022 ab
3443 1966 3602 2020 initio
3644 1964 3822 2019 mundi

2153 2057 2426 2122 defendit,
2451 2063 2508 2110 et
2529 2057 2598 2111 ad
2621 2057 2869 2110 futuram
2904 2056 3155 2127 quietem
3209 2055 3472 2110 custodit.

2223 2147 2383 2200 Vens.
2417 2148 2502 2200 35.
2560 2175 2628 2186 --
2684 2147 2920 2214 Cumque
2973 2144 3290 2200 elevaretur.
3360 2143 3625 2212 Exemplo
3680 2140 3827 2194 Mosis

2150 2239 2396 2288 rectores
2461 2235 2642 2303 plebis
2696 2239 3100 2304 provocantur,
3187 2239 3252 2286 ut
3323 2248 3549 2302 semper
3621 2229 3827 2284 solliciti

2150 2323 2516 2377 commissum
2557 2323 2665 2377 sibi
2715 2337 2947 2394 gregem
2994 2322 3052 2375 in
3107 2321 3392 2392 principio
3446 2319 3649 2390 operis,
3692 2323 3744 2371 et
3777 2317 3828 2370 in

2149 2410 2664 2477 consummatione,
2702 2410 2942 2464 Domino
3003 2409 3428 2474 commendent,
3477 2413 3541 2462 ut
3586 2404 3831 2478 proprias

2149 2516 2280 2556 oves
2301 2505 2564 2571 protegat
2582 2504 2637 2553 et
2665 2498 2926 2553 inimicos
2952 2499 3218 2569 depellat.

2845 2641 3068 2696 CAPUT
3125 2641 3210 2696 XI.

2221 2769 2382 2821 Vens.
2413 2770 2459 2820 l.
2491 2795 2560 2806 —
2618 2767 2837 2819 Interea
2892 2770 3068 2819 ortum
3127 2770 3204 2820 est
3254 2781 3518 2820 murmur.
3576 2764 3757 2832 (Rea,
3786 2764 3836 2815 in

2148 2858 2336 2920 Num.,
2367 2860 2509 2910 tom.
2560 2855 2650 2919 Il.)
2699 2855 3147 2909 Murmurantem
3203 2854 3484 2924 populum
3533 2851 3681 2923 ignis
3735 2851 3838 2904 Do-

2078 2941 2118 2994 C
2149 2945 2290 3000 mini
2321 2958 2588 2999 accensus
2608 2943 2860 3009 devorat,
2889 2948 3018 3010 etc.,
3051 2958 3221 3011 usque
3267 2943 3344 2996 ad
3396 2947 3512 2996 tam
3573 2941 3629 2994 in
3660 2939 3840 2993 anima

2151 3049 2322 3106 quam
2355 3033 2416 3087 in
2441 3047 2680 3103 corpore
2717 3036 2913 3086 uretur
2938 3047 3104 3102 paena
3125 3035 3424 3102 perpetua.

2221 3123 2386 3176 Vens.
2411 3125 2462 3176 5.
2498 3151 2567 3161 —
2603 3122 2836 3189 Pepones
2885 3123 3158 3190 porrique.
3210 3121 3430 3189 (Gaza,
3473 3119 3575 3172 lib.
3618 3133 3683 3170 xx
3741 3117 3842 3171 Mo-

2147 3212 2278 3277 ral.,
2327 3227 2450 3281 cap.
2504 3209 2613 3274 19.)
2643 3209 2967 3264 Carnalium
3001 3214 3221 3263 mentes
3248 3225 3356 3280 pro
3391 3223 3590 3262 amore
3637 3204 3838 3270 saeculi,

2149 3304 2280 3364 etc.,
2302 3314 2471 3369 usque
2495 3298 2569 3352 ad
2599 3299 2693 3352 ubi
2723 3297 3029 3352 carnaliter
3059 3302 3312 3368 gemant.

2217 3387 2378 3441 Vens.
2462 3390 2543 3443 16.
2611 3389 2890 3456 Congrega
2983 3389 3122 3442 mihi
3187 3389 3564 3456 septuaginta.
3636 3383 3841 3454 (Gaza,

2146 3475 2244 3530 lib.
2280 3491 2407 3530 xxxx
2439 3477 2654 3540 Horat,
2687 3492 2810 3547 cap.
2884 3477 2995 3544 13.)
3042 3475 3198 3530 Sicut
3239 3477 3592 3546 plerumque
3615 3474 3845 3544 juvenes

2147 3564 2436 3630 dicuntur,
2469 3570 2600 3630 etc.,
2632 3579 2800 3632 usque
2826 3563 2900 3618 ad
2921 3568 3077 3636 patet
3104 3564 3241 3636 quia
3296 3570 3566 3619 senectus
3621 3559 3845 3626 mentis,

2145 3669 2260 3708 non
2282 3653 2555 3724 corporis,
2588 3654 2854 3724 eligatur.

2217 3743 2375 3796 Vens.
2441 3745 2524 3796 l7.
2556 3771 2625 3782 —
2679 3744 2745 3796 Ut
2777 3739 3113 3796 descendam.
3161 3739 3334 3810 ([510.)
3394 3741 3460 3794 In
3547 3735 3851 3794 tredecima

2146 3830 2462 3897 mansione,
2508 3836 2640 3895 etc.,
2672 3845 2840 3899 usque
2880 3829 2954 3883 ad
3001 3829 3153 3900 quod
3211 3829 3510 3900 quondam
3569 3829 3756 3883 fuerat
3795 3824 3849 3877 in

2145 3918 2334 3986 Moyse
2362 3921 2419 3970 et
2447 3916 2762 3988 prophetis.

2215 4007 2294 4060 Et
2323 4006 2572 4072 auferam
2601 4004 2667 4058 de
2712 4006 2916 4073 spiritu
2963 4009 3073 4070 tuo,
3124 4003 3459 4072 tradamque
3509 4005 3588 4058 eis
3641 4006 3703 4056 ut
3739 4015 3849 4055 sus-

2145 4098 2366 4157 tentent,
2419 4099 2526 4149 etc.
2601 4093 2790 4164 μσς..
2847 4097 3040 4164 quaest.
3106 4095 3170 4147 18
3231 4094 3290 4145 in
3350 4091 3546 4163 Num.)
3605 4090 3732 4146 Alia
3756 4089 3849 4142 lit-

2141 4188 2278 4244 tera,
2310 4187 2442 4250 etc.,
2489 4196 2658 4251 usque
2685 4181 2760 4235 ad
2807 4197 2923 4236 non
2992 4185 3055 4235 ut
3101 4180 3229 4235 ideo
3268 4181 3494 4248 Moyses
3543 4179 3740 4234 minus
3760 4176 3855 4230 ha-

333 4267 551 4339 (Matth.
579 4269 756 4332 xvnl).
819 4263 1021 4318 Tribus
1073 4279 1208 4334 ergo
1263 4263 1410 4318 Juda
1454 4279 1584 4317 cum
1641 4263 1862 4318 caeteris
1901 4281 2030 4336 qua:
2062 4262 2106 4317 D
2146 4272 2325 4327 heret.

331 4373 523 4411 secum
552 4355 620 4410 ad
665 4354 948 4409 orientem
993 4352 1346 4418 habitabant,
1374 4353 1626 4422 primum
1684 4357 1867 4408 castra
1909 4371 2030 4408 mo-

329 4447 539 4500 vebat:
603 4443 807 4498 deinde
878 4449 1097 4496 caeteras
1145 4441 1460 4495 secundum
1521 4440 1780 4496 ordinem
1837 4459 2027 4498 suum.

329 4535 472 4599 Quia
496 4533 749 4605 primum
804 4531 864 4585 in
889 4531 1084 4585 Judtea
1131 4529 1387 4600 oportuit
1440 4529 1789 4600 primitivam
1842 4531 2032 4587 Eccle-

329 4627 472 4680 siam
527 4621 798 4684 construi,
849 4625 979 4691 post
1061 4620 1130 4674 de
1205 4619 1423 4674 cunctis
1471 4619 1624 4674 orbis
1700 4620 2030 4677 nationibus

325 4719 522 4786 gentes
545 4713 613 4767 ad
642 4710 813 4765 ﬁdem
844 4708 1158 4764 convocari.

431 4803 589 4857 Vnus.
621 4805 675 4855 ‘7.
726 4831 794 4840 —
848 4797 1077 4864 Quando
1116 4802 1294 4852 autem
1356 4799 1786 4868 congregandus.
1838 4801 2026 4869 (ΗΑΒ.)

2211 4363 2370 4415 Vens.
2400 4363 2487 4414 2t.
2525 4387 2599 4400 —
2629 4359 2890 4414 Sexcenta
2918 4359 3094 4412 millia
3141 4358 3390 4428 peditum
3444 4357 3618 4427 hujus
3673 4353 3858 4426 pepuli

2138 4455 2282 4506 sunt.
2319 4451 2497 4518 (Avcu
2540 4452 2728 4519 quast.
2786 4448 2896 4518 19.)
2941 4447 3230 4512 Quaeritur
3275 4451 3476 4501 utrum
3524 4448 3637 4500 hoc
3687 4445 3857 4499 Moses

2139 4537 2450 4594 difﬁdendo
2527 4537 2736 4592 dixerit
2801 4552 2875 4590 an
2933 4534 3296 4606 quaerendo?
3355 4539 3499 4603 etc.,
3558 4549 3735 4602 usque
3792 4529 3861 4586 ad

2139 4627 2367 4700 quando
2399 4626 2682 4680 sententia
2713 4625 2814 4680 Dei
2852 4629 3045 4680 secuta
3073 4640 3189 4678 non
3221 4628 3305 4678 est
3328 4639 3464 4696 qua:
3519 4623 3857 4684 vindicaret,

2137 4716 2234 4771 sed
2264 4715 2456 4786 potius
2488 4731 2616 4786 qua:
2651 4715 2897 4768 doceret.

2195 4805 2465 4858 Vensﬁ.
2525 4834 2594 4844 -—
2669 4805 2827 4859 Venit
2887 4803 3061 4869 igitur
3109 4803 3317 4869 Moyses
3342 4806 3392 4855 et
3441 4803 3713 4855 narravit
3770 4814 3861 4868 po-

285 4870 296 4882 .
325 4894 389 4946 In
419 4888 824 4946 convocatione
848 4886 1066 4958 populi,
1094 4890 1384 4952 etc.,etc.,
1419 4903 1585 4955 usque
1610 4887 1682 4941 ad
1703 4887 1846 4942 nihil
1871 4888 2026 4942 enim
2131 4892 2261 4960 pulo
2316 4891 2481 4944 verba
2529 4891 2754 4944 Domini
2813 4903 3162 4956 congregans.
3250 4889 3459 4960 (Ouum,
3518 4890 3684 4944 Hom.
3719 4890 3751 4942 6
3808 4889 3865 4938 in

319 4980 652 5051 quaerimus,
685 4977 794 5032 nisi
831 4982 892 5030 ut
925 4981 1116 5046 pateat
1163 4975 1318 5046 quod
1362 4975 1619 5030 clausum
1661 4980 1764 5031 est.

393 5068 552 5122 Vsus.
595 5069 645 5120 8.
718 5095 788 5106 —
861 5065 992 5119 Filii
1034 5069 1230 5118 autem.
1313 5063 1741 5126 Prwdicatores,
1813 5065 2026 5119 scilicet

319 5154 556 5208 verbum
589 5153 686 5210 Dei
715 5152 1046 5223 pradicant,
1099 5157 1154 5206 et
1201 5151 1349 5206 viam
1391 5151 1632 5222 justitiaa
1667 5152 2023 5208 auditoribus

317 5243 730 5309 demonstrant,
791 5247 856 5295 nt
903 5241 964 5295 in
1022 5241 1228 5296 semita
1285 5241 1684 5295 mandatorum
1746 5241 1844 5295 Dei
1886 5242 2022 5297 boni

318 5332 507 5404 operis
535 5347 792 5403 gressum
825 5335 1056 5400 ponant,
1117 5333 1173 5384 et
1228 5330 1339 5384 iter
1389 5329 1703 5401 impiorum
1773 5329 2017 5402 fugiant.

387 5422 644 5487 Clangent
676 5419 837 5474 tubis.
898 5418 1184 5482 Subditos,
1243 5417 1455 5472 scilicet
1491 5418 1560 5474 ad
1625 5417 2020 5490 paenitentiam

2134 4981 2323 5047 Num)
2359 4977 2481 5033 Alia
2511 4977 2736 5032 littera:
2791 4977 2954 5044 Exiit,
3009 4976 3218 5048 inquit,
3266 4978 3511 5048 Moyses,
3583 4982 3718 5045 etc.,
3774 4989 3864 5029 us-

2135 5083 2236 5137 que
2265 5067 2340 5122 ad
2377 5073 2435 5121 et
2455 5066 2686 5136 similia,
2719 5072 2825 5120 etc.

2205 5157 2366 5210 Vens.
2399 5159 2489 5210 25.
2524 5185 2592 5196 —
2619 5157 2891 5222 Auferens
2928 5155 2994 5210 de
3020 5154 3384 5225 spiritu.(ln.)
3457 5154 3592 5210 Non
3648 5152 3869 5209 intelli-

2133 5244 2381 5315 gendum
2415 5248 2517 5311 est,
2553 5248 2682 5309 etc.,
2717 5259 2888 5314 usque
2913 5243 2986 5298 ad
3016 5249 3068 5297 et
3099 5243 3262 5313 origo
3313 5242 3501 5313 ipsius
3557 5242 3713 5297 nihil
3763 5241 3870 5296 da-

2134 5333 2254 5386 mni
2277 5348 2345 5386 ex
2367 5332 2721 5387 derivatione
2753 5331 2993 5402 accepit.

2201 5421 2590 5488 Requievisset.
2627 5420 2750 5489 (ln.)
2816 5423 2886 5476 Et
2941 5421 3208 5488 requievit
3258 5433 3420 5488 super
3458 5434 3553 5474 eos
3604 5421 3871 5489 spiritus,

315 5515 372 5567 tt
426 5509 496 5566 ad
544 5505 1043 5580 compunctionem
1122 5507 1503 5577 lacrymarum
1593 5507 1915 5576 excitando,
1965 5515 2022 5562 et
2129 5513 2179 5563 et
2206 5510 2665 5578 proptwtaverunt
2690 5523 2886 5574 omnes,
2920 5514 3028 5562 etc.
3065 5509 3188 5561 Non
3236 5508 3448 5577 legitur
3499 5508 3875 5580 requievisre
