3976 6178
144 346 208 399 iOI
1246 343 1497 399 GLOSSA
1535 345 1934 401 0RDINARIA.
1975 375 2041 385 —-
2086 349 2207 403 LIB.
2254 349 2426 404 NUM.
3494 359 3595 410 402

136 463 346 534 spiritus,
387 467 513 529 etc.,
548 477 717 532 usque
760 462 835 517 ad
864 462 1090 517 laudem
1124 462 1251 518 vitia
1277 480 1477 519 eorum
1508 470 1564 519 et
1594 465 1775 520 virtu-
1804 466 1852 523 A
1968 469 2124 523 Vens.
2164 472 2246 526 10.
2278 502 2345 510 -
2389 473 2565 528 Nubes
2610 490 2818 544 quoque
2868 480 3100 532 recessit.
3155 478 3284 549 (ῐο.)
3318 481 3387 534 Et
3431 482 3594 536 nubes

133 551 477 619 tesexposuit.
1897 561 2112 612 recessit
2158 559 2223 613 de
2282 560 2647 625 tabernaculo,
2710 567 2816 615 etc.
2871 564 3033 618 Prius
3103 567 3335 621 recessit
3392 569 3592 639 nubes,

183 639 465 708 (0316.)Et
503 641 767 709 requievit
810 643 868 694 in
916 642 992 695 eis
1034 644 1290 711 spiritus,
1333 646 1385 696 et
1423 644 1786 712 prophetave-
1897 651 2022 707 etc.,
2051 662 2219 715 usque
2263 648 2337 701 ad
2365 653 2419 701 et
2448 654 2717 718 appareat
2738 651 2798 703 in
2830 652 2993 705 nobis
3024 652 3181 723 lepra
3211 656 3448 725 peccati.

130 734 244 795 runt,
269 733 367 783 etc.
412 729 691 783 Continuo
722 732 991 799 operatur
1038 729 1295 799 spiritus,
1329 735 1461 798 etc.,
1494 745 1663 800 usque
1710 731 1786 784 ad
1968 736 2203 804 Cumque
2231 740 2571 805 respexisset.
2605 739 2671 806 (0
2685 754 2821 804 a1c.,
2855 741 2946 793 ubi
2975 742 3189 812 supra.)
3220 744 3343 797 Alia
3366 744 3553 798 littera
3580 763 3591 800 ε

132 833 276 889 neque
301 817 455 871 decet
486 817 725 887 Spiritus
756 817 933 871 sancti
963 818 1155 871 adesse
1184 819 1569 889 praesentiam.
1896 824 1965 877 Et
2022 826 2261 891 respexit
2308 825 2495 878 Aaron
2555 826 2631 879 ad
2678 828 2930 893 Mariam,
2990 834 3039 882 et
3094 845 3205 883 ecce
3250 833 3431 885 Maria
3479 838 3596 887 erat

186 906 321 959 Vens.
367 909 452 960 26.
508 935 568 946 -
614 909 1000 961 Remanserant
1048 912 1227 961 autem
1276 910 1333 961 in
1389 910 1608 963 castris.
1661 909 1783 962 Non
1896 914 2125 981 teprosa.
2210 913 2338 967 Vult
2421 913 2481 967 in
2557 914 2663 968 hoc
2725 916 3045 979 ostendere,
3102 923 3231 985 etc.,
3282 936 3449 989 usque
3523 923 3598 977 ad

129 994 436 1065 negligentia
481 994 735 1066 praecipit
783 995 1034 1060 Domini,
1066 995 1164 1050 sed
1210 996 1508 1050 devotione
1541 996 1780 1051 humili-
1896 1001 1965 1053 ad
2024 1001 2289 1070 perfectae
2336 1002 2643 1057 nativitatis
2688 1004 2946 1059 instituta
2994 1012 3216 1059 revocat
3254 1010 3589 1078 Apostolus:

129 1086 229 1138 tatis
268 1083 527 1152 indignos
576 1100 633 1137 se
678 1083 999 1153 judicautes
1049 1084 1412 1155 perceptione
1455 1084 1596 1138 tanti
1650 1100 1785 1138 mu-
1895 1091 2077 1143 Filioli
2139 1090 2259 1156 mei,
2330 1106 2459 1158 quos
2516 1095 2711 1146 iterum
2768 1097 3038 1161 purturio,
3104 1097 3265 1150 donec
3329 1099 3597 1163 formetur

128 1172 275 1227 neris:
303 1172 427 1226 ideo
451 1172 627 1242 judex
673 1172 931 1226 cordium
981 1173 1129 1226 Deus
1173 1172 1377 1243 dignos
1421 1188 1518 1227 eos
1559 1172 1785 1243 judica-
1895 1180 2151 1233 Christus
2184 1181 2241 1231 in
2270 1180 2441 1244 vobis,
2473 1186 2575 1234 etc.
2612 1183 2757 1249 (Gai.
2794 1184 2883 1251 1v.)

128 1261 202 1323 vit,
231 1266 281 1313 et
305 1260 567 1314 ostendit.
1966 1268 2122 1320 Vens.
2154 1297 2221 1306 —
2271 1268 2643 1338 Ctamauitque
2688 1274 2888 1339 Moyses
2927 1273 3001 1325 ad
3046 1275 3334 1328 Dominum
3367 1275 3550 1331 dicens
3578 1296 3592 1331 :

182 1351 319 1402 Vsus.
364 1351 450 1403 29.
496 1377 569 1389 -—
618 1348 783 1414 Quid,
827 1350 1028 1416 inquit,
1076 1349 1371 1404 armaturis.
1421 1350 1636 1419 (6386.,
1684 1349 1781 1403 lib.
1896 1357 2062 1423 Deus,
2119 1356 2351 1425 obsecro,
2422 1372 2559 1411 sana
2618 1375 2750 1413 eam.
2816 1362 2914 1417 Cui
2969 1363 3245 1431 respondit
3314 1367 3589 1419 Dominus.

125 1454 227 1491 11111
279 1437 490 1502 MoraL,
542 1452 665 1507 cap.
719 1438 847 1504 2’s.)
909 1436 1008 1491 Ρίᾶ
1054 1453 1217 1491 mens
1270 1442 1589 1507 pastorum,
1648 1444 1779 1503 etc.,
1896 1445 2013 1512 (11).)
2046 1444 2169 1497 Alia
2203 1444 2428 1500 littera:
2463 1449 2532 1500 Et
2574 1450 2934 1516 proclamavit
2978 1453 3181 1517 Moyses
3209 1452 3282 1504 ad
3313 1455 3596 1507 Dominum

126 1542 261 1593 υδίιυε
284 1525 353 1578 ad
380 1524 480 1595 (ιυὶ
510 1524 725 1578 bonum
754 1524 905 1593 (ἰυοά
941 1525 1139 1579 halm“
1167 1541 1281 1579 non
1314 1525 1533 1580 iDVidiL
1892 1533 2113 1588 dicens:
2151 1536 2389 1600 Domine,
2424 1551 2614 1605 precor
2652 1542 2719 1603 te,
2752 1553 2887 1591 sana
2912 1555 3048 1605 eam,
3080 1546 3182 1594 ctc.
3219 1540 3398 1604 Quem
3430 1558 3596 1610 opor-

181 1615 510 1667 Coturmcum
559 1612 979 1677 multitudinem,
1038 1614 1135 1681 qui
1179 1629 1395 1681 parum,
1456 1619 1559 1667 etc.
1621 1613 1778 1683 (ΗΑΒ.
1893 1625 2048 1678 lebat
2087 1640 2251 1678 orare
2302 1641 2405 1695 pro
2453 1626 2693 1679 sanitate
2746 1627 2943 1696 populi
2995 1627 3106 1694 sui,
3158 1629 3266 1683 nisi
3317 1630 3594 1699 Moysen?

126 1710 170 1809 '3
192 1703 357 1771 Νυτπσ)
392 1700 652 1809 ρδτηίυίδ
680 1701 924 1809 Ροῐξιξιυξ
967 1702 1316 1809 1093302119",-
1348 1707 1477 1809 im-v
1509 1718 1677 1809 ιξειιιιε
1708 1702 1781 1756 ad
1822 1754 1861 1809 Β
1903 1714 2063 1767 Forte
2121 1714 2227 1766 hoc
2283 1718 2406 1767 erat
2460 1714 2609 1784 quod
2669 1731 2797 1768 cum
2856 1717 3101 1770 Domino
3154 1718 3494 1789 loquebatur
3532 1720 3592 1773 in

128 1790 290 1842 Nostra
315 1793 499 1844 autem
525 1790 857 1843 conversatio
882 1790 940 1842 in
968 1790 1113 1843 castis
1132 1794 1208 1843 est
1239 1788 1310 1859 (ll
1344 1790 1461 1845 Cor.
1491 1792 1566 1856 x).

2024 1806 2096 1856 1te
2144 1802 2546 1856 transformato
2608 1804 2817 1871 (Matth.
2881 1806 3035 1874 xv11),
3094 1788 3292 1875 petens
3348 1810 3411 1860 ut
3465 1823 3594 1861 cum

128 1874 139 1884 ’
183 1877 319 1930 Vens.
372 1877 459 1930 34.
514 1905 584 1915 -
643 1876 902 1962 Sepulcra
958 1878 1411 1946 concupiscentia.
1480 1877 1657 1944 (1511).,

2023 1891 2194 1945 IiIlldO
2225 1891 2487 1961 gentium
2520 1892 2809 1947 introisset
2849 1894 3034 1947 omnis
3068 1894 3236 1949 Israel
3270 1895 3454 1949 salvus
3486 1895 3593 1949 ﬁe-

127 1965 279 2028 Num.,
322 1968 456 2051 tom.
500 1962 581 2030 V.)
632 1961 823 2051 Tertia
852 1961 1074 2017 decima
1106 1963 1326 2017 mansio
1360 1968 1444 2017 est
1485 1964 1546 2018 in
1592 1965 1790 2033 sepul-
1898 1961 1986 2035 έρι
2016 1983 2197 2049 (Rom,
2233 1981 2325 2051 χι),

127 2051 212 2105 cris
237 2050 717 2121 concupiscentiae,
767 2056 1088 2122 etc.,usque
1125 2053 1199 2106 ad
1242 2052 1398 2106 intus
1444 2054 1612 2124 plena
1659 2056 1792 2107 sunt
1969 2071 2133 2125 νεεδ,
2186 2072 2274 2124 14,
2331 2098 2399 2110 ...
2448 2070 2691 2139 spuisse;
2738 2073 2794 2126 in
2836 2074 3035 2139 faciem
3080 2074 3250 2134 imus_
3294 2089 3467 2129 nonne
3496 2074 3593 2128 de-

128 2142 310 2193 ossibus
333 2145 690 2193 mortuorum
719 2144 775 2193 et
798 2139 954 2193 omni
986 2140 1279 2210 spurcitia.

2023 2164 2086 2214 ἀι
2118 2160 2326 2225 saltem,
2363 2161 2467 2212 etc.
2502 2159 2741 2229 Signum
2768 2160 2993 2231 repudii
3026 2164 3108 2214 est
3137 2160 3197 2214 in
3220 2160 3431 2233 (faciem
3461 2178 3593 2215 con-

188 2230 448 2293 Venerunt,
539 2233 645 2282 etc.
734 2230 1012 2298 (HIERON.,
1083 2232 1241 2298 epist.
1307 2229 1382 2283 ad
1460 2229 1758 2283 Fabiolam.

2031 2289 2043 2302 .
2080 2248 2237 2302 Unde
2261 2246 2556 2317 proximus
2588 2248 2687 2318 qui
2720 2229 2985 2318 repudiat
3014 2230 3367 2319 conjugium,
3400 2250 3596 2304 discal-

127 2318 299 2379 Qnarta
347 2316 571 2371 decima
626 2317 867 2383 mansio,
921 2321 1050 2384 etc.,
1111 2334 1278 2386 usque
1324 2318 1399 2372 ad
1446 2318 1546 2388 qui
1571 2320 1652 2371 ait
1690 2334 1697 2387 1

2024 2354 2076 2391 ,ιε
2131 2337 2192 2390 in
2261 2336 2463 2390 faciem
2522 2336 2860 2406 conspuitur
2930 2336 3067 2391 Hinc
3138 2337 3347 2391 Isaias:
3406 2339 3594 2394 Omnes

130 2405 423 2473 Propheta!”
458 2422 470 2458 ³
530 2405 796 2475 Νυηίμίί(ι
843 2406 941 2475 συί
990 2405 1139 2460 cad“
1185 2420 1291 2459 "0"
1342 2405 1573 2474 αάῙίοίαί
1600 2410 1658 2459 u‘
1697 2421 1785 2458 νο·
1895 2431 2074 2495 gentes
2104 2427 2244 2479 sicut
2272 2430 2428 2493 gutta
2457 2405 2739 2491 situlz,iet
2767 2427 2904 2479 sicut
2930 2430 3149 2493 sputum
3178 2430 3442 2494 reputatae
3467 2431 3596 2482 sunt

127 2498 476 2592 δυξῼαίξυξνο
514 2496 674 2592 νμίησ).
751 2582 761 2592 ⁸
1084 2582 1094 2592 .
1249 2588 1257 2592 _
1666 2582 1681 2592 _
1771 2583 1782 2592 _
1895 2516 2032 2586 (lsa.
2092 2530 2178 2579 XL,
2257 2514 2546 2567 secundum
2624 2514 2787 2580 LXX).
2856 2513 3183 2567 Ostenditur
3241 2530 3376 2584 ergo
3442 2516 3595 2585 quod

180 2583 333 2679 (ιῗωι)
380 2582 864 2679 Οξλδτίδμάθοίῑηδ
917 2582 1159 2649 mnus“):
1211 2588 1337 2646 δίε-ν
1392 2598 1561 2652 usque
1607 2582 1681 2637 ad
1718 2583 1785 2637 ad
1897 2582 2071 2659 etiam
2102 2603 2196 2657 ille
2218 2602 2486 2673 populus,
2522 2602 2666 2656 sicut
2694 2607 2912 2657 caetera:
2936 2607 3135 2671 gentes
3166 2582 3389 2673 quae—ut
3418 2582 3594 2673 spiri-

130 2672 311 2726 νεηίδω
344 2671 633 2727 reduxerit
664 2687 811 2726 ⁸³⁸³³·
1896 2700 2019 2748 tum
2079 2671 2438 2763 reputantur,
2490 2690 2741 2759 abiectus
2786 2695 2887 2744 est.
2943 2690 2999 2745 Si
3062 2690 3215 2745 enim
3273 2690 3596 2745 consideres

745 2804 972 2860 CAPUT
1012 2805 1128 2860 xu.
1896 2782 2145 2853 priorem
2200 2780 2498 2844 honorem,
2556 2778 2946 2849 pontiﬁcalem
3004 2778 3288 2844 ordinem,
3346 2778 3595 2849 insignia

1157 2938 1167 2949 .
1292 2941 1300 2949 ι
1398 2935 1453 2949 Μ
1639 2939 1651 2949 _
1896 2871 2275 2931 sacerdotum,
2330 2868 2569 2922 Levitica
2608 2868 2944 2934 ministeria,
2978 2868 3336 2938 majestatem
3368 2868 3589 2938 templi,

182 2936 316 2990 Vens.
353 2940 398 2991 Ι.
432 2966 503 2979 -
558 2938 866 3007 Locutuque
895 2941 973 2991 est
1020 2938 1223 3003 Maria,
1255 2941 1359 2990 etc.
1394 2935 1595 3007 (0316.,
1631 2939 1751 2991 hom

2021 2974 2073 3012 3s
2101 2973 2228 3011 cum
2277 2956 2594 3010 cmlestibus
2620 2956 2677 3009 in
2716 2955 2881 3009 terris
2914 2955 3123 3010 habere
3153 2956 3459 3020 consortia,
3492 2955 3591 3027 qui

130 3027 217 3078 7in
255 3028 432 3095 Num.)
507 3026 710 3088 Maria,
762 3025 921 3098 plebs
963 3025 1231 3091 Iudaica;
1284 3026 1499 3096 Moyses
1545 3026 1631 3080 lex
1672 3028 1700 3080 [

2025 3046 2121 3099 ille
2173 3045 2377 3111 honor,
2428 3059 2556 3114 quas
2585 3043 2807 3113 gloria?
2860 3045 3028 3112 (Rom.
3082 3044 3154 3113 v.)
3191 3045 3352 3099 Nunc
3399 3025 3590 3098 autem

130 3112 238 3166 mini
264 3120 357 3181 est,
391 3120 524 3183 etc.,
569 3129 743 3183 usque
792 3114 867 3168 ad
896 3129 1024 3167 cum
1066 3114 1167 3168 ﬁet
1194 3129 1342 3168 unus
1371 3129 1509 3184 grex
1554 3119 1607 3167 et
1636 3131 1700 3167 ur

2020 3138 2074 3187 to
2107 3131 2376 3185 dedecore
2426 3112 2765 3184 horrescunt
2814 3132 2936 3185 sine
2980 3112 3213 3201 templo,
3251 3131 3371 3186 sine
3404 3131 3587 3198 altari,

128 3208 284 3269 pastor
314 3204 495 3269 (Joan.
531 3202 605 3273 x).
1893 3205 2015 3259 sine
2044 3201 2339 3265 sacriﬁcio,
2373 3202 2493 3255 sine
2524 3202 2826 3272 propheta,
2860 3202 2981 3257 sine
3012 3202 3345 3267 sacerdotio,
3375 3207 3433 3256 et
3468 3204 3591 3257 sine

179 3290 284 3359 (10.)
316 3292 456 3356 Quia
502 3291 879 3345 detraxerunt
923 3292 1114 3344 Aaron
1143 3294 1201 3344 et
1231 3290 1404 3345 Maria
1435 3290 1629 3361 Moysi,
1659 3307 1781 3345 cor-
1891 3291 2107 3348 cmlesti
2142 3290 2484 3345 visitatione.
2518 3291 2675 3346 Unde
2705 3296 2861 3361 patet
2890 3291 3045 3363 quod
3076 3294 3238 3362 pater
3267 3307 3591 3362 conspuens

128 3379 241 3446 rcpti
280 3386 423 3445 sunt,
479 3384 617 3446 etc.,
668 3395 835 3448 usque
887 3379 961 3433 ad
1006 3379 1165 3449 lepra
1212 3379 1368 3433 enim
1416 3380 1786 3451 consequitur
1892 3382 2141 3455 perfudit
2172 3382 2363 3436 vultus
2411 3396 2613 3435 eorum
2656 3380 2999 3452 ignominia.
3040 3380 3269 3449 Septem
3301 3395 3437 3450 ergo
3469 3378 3588 3433 die-

128 3467 456 3524 detrectantes
489 3474 549 3525 et
582 3470 897 3537 cacologos.
1890 3473 1996 3527 bus
2042 3474 2380 3542 separantur
2434 3473 2587 3524 extra
2634 3474 2836 3535 castra,
2898 3469 2955 3523 id
2993 3474 3075 3523 est
3130 3484 3232 3540 per
3283 3468 3587 3539 septimam

181 3557 284 3624 (11).)
313 3557 507 3613 Omnis
559 3556 731 3611 etiam
776 3558 874 3627 qui
908 3555 1116 3627 scripta
1169 3554 1344 3626 Moysi
1371 3556 1523 3610 male
1570 3554 1783 3611 intelli-
1891 3563 2061 3633 hujus
2111 3558 2348 3625 mundi;
2410 3558 2466 3612 in
2526 3558 2844 3628 septimana
2900 3563 3091 3612 autem
3148 3556 3373 3611 dierum
3414 3558 3589 3612 totius

126 3642 205 3709 ὅίίν
239 3650 289 3697 et
315 3644 633 3714 δρίτὶῑειιειη
688 3646 872 3715 188801
913 3644 1217 3698 carnaliter
1244 3643 1500 3714 ευδοίρὶῑ,
1536 3644 1785 3698 detrahit
1890 3656 2164 3705 creaturas
2194 3647 2430 3704 visibilis
2458 3648 2723 3702 videntur
2744 3648 3035 3720 productae
3066 3662 3185 3700 esse
3217 3648 3584 3713 substantiae;

128 3729 182 3794 οἱ,
208 3733 324 3801 quia
348 3733 415 3788 de
448 3732 640 3788 verbis
667 3732 900 3803 Spiritus
928 3732 1229 3788 carnaliter
1254 3732 1444 3786 sentit-
1891 3746 2025 3795 tunc
2056 3740 2211 3794 enim
2238 3754 2367 3811 quia
2391 3752 2505 3791 non
2533 3742 2717 3803 erant,
2752 3738 2895 3791 facta
2925 3740 3074 3790 sunt.
3113 3736 3176 3789 In
3206 3736 3587 3806 septimanam

180 3819 396 3889 Mystice,
434 3839 550 3876 non
584 3822 770 3876 solum
798 3822 983 3877 Judtﬁi
1032 3820 1310 3888 haeretici,
1357 3820 1457 3892 qni
1488 3837 1606 3875 non
1638 3822 1780 3875 ι·εεί-
1890 3829 2067 3883 totius
2115 3827 2317 3882 mundi
2365 3825 2626 3897 quaedam
2678 3830 2892 3879 secreta
2938 3830 2994 3879 et
3047 3828 3158 3881 Deo
3206 3826 3314 3878 soli
3358 3825 3589 3895 cognita

128 3905 259 3972 Ρίιιηῐ
296 3912 475 3981 legem
507 3916 568 3964 et
602 3912 925 3981 prophetas.
978 3910 1285 3965 detrahunt
1316 3910 1506 3980 Moysi.
1539 3908 1646 3973 Qui
1674 3910 1781 3963 im-
1890 3914 2313 3987 dispensatione
2361 3929 2490 3985 quae
2517 3917 2652 3967 tunc
2695 3912 2970 3982 producta
2999 3920 3149 3981 sunt,
3182 3914 3539 3984 explicantur
3570 3931 3583 3967 :

128 3994 331 4067 pingunt
374 4000 551 4054 etiam
601 3999 654 4053 ei
712 3999 865 4070 quod
911 3998 1201 4053 homicida
1255 3998 1383 4063 fuit,
1426 3998 1561 4069 quia
1609 3999 1698 4067 {Eg

2016 4020 2088 4057 .ac
2138 4002 2459 4074 septimana
2508 4002 2666 4071 (quia
2713 4006 3067 4070 sequestrata
3113 4006 3197 4055 est
3247 4001 3438 4071 Maria)
3470 4017 3586 4055 non

128 4084 274 4151 ptium
294 4087 597 4152 interfecit,
627 4092 682 4141 et
702 4088 810 4141 alia
834 4088 1015 4141 multa
1035 4086 1207 4140 etiam
1235 4086 1292 4140 in
1317 4086 1459 4139 alios
1477 4086 1782 4156 prophetas
1892 4096 2191 4147 moventur
2236 4094 2419 4145 castra
2465 4089 2715 4143 ﬁliorum
2768 4089 2962 4152 Israel,
3008 4091 3103 4144 sed
3152 4094 3303 4144 stant
3350 4090 3409 4143 in
3471 4106 3587 4143 uno

126 4170 416 4244 blasphemo
470 4194 571 4231 ore
617 4176 1000 4231 concinnant:
1037 4176 1165 4229 ideo
1196 4182 1327 4229 sunt
1373 4174 1433 4228 in
1464 4175 1655 4229 anima
1702 4174 1781 4228 le-
1891 4180 2160 4245 conclusi,
2189 4182 2246 4233 et
2293 4178 2484 4231 nullus
2515 4192 2581 4230 ex
2629 4176 2711 4231 eis
2741 4176 3023 4247 perfectus
3054 4182 3158 4244 est,
3193 4178 3375 4232 donec
3411 4193 3585 4231 mun-

125 4264 263 4329 prosi,
310 4271 365 4319 et
414 4266 728 4336 ejiciuntur
772 4265 843 4320 ab
890 4264 1127 4319 ecclesia
1170 4264 1288 4335 Dei.
1338 4264 1456 4329 Vel,
1507 4263 1780 4330 haeretici,
1814 4326 1847 4336 ﬁ
1892 4269 2125 4322 daretur
2154 4266 2325 4321 Maria
2354 4266 2572 4335 alepra
2602 4281 2719 4317 sua.

124 4326 522 4417 q11idetrahu'nt
550 4353 827 4425 proximis
1208 4332 1211 4335 ἰ
1444 4326 1451 4329 ’
1766 4326 1776 4330 ⁷
1812 4326 1853 4379 D
1962 4356 2171 4425 Septem
2216 4355 2440 4409 diebus:
2470 4326 2551 4407 ἐι
2596 4354 2828 4422 populus
2882 4367 2987 4406 non
3041 4356 3119 4407 est
3174 4356 3345 4406 motus
3384 4350 3450 4405 de
3478 4353 3586 4406 loco

177 4440 563 4509 £thiopissum.
612 4442 798 4511 (Auc.,
844 4457 963 4509 quas
1008 4445 1103 4495 est.
1139 4442 1251 4509 20.)
1284 4442 1362 4494 De
1391 4456 1564 4494 uxore
1612 4440 1785 4511 Moysi
1892 4446 2003 4499 illo.
2040 4444 2242 4514 (01110.)
2278 4441 2447 4496 Maria
2486 4440 2714 4512 quidem
2768 4439 3179 4494 interveniente
3227 4442 3411 4493 Aaron
3439 4455 3587 4509 pon-

126 4530 226 4587 etc.,
266 4544 425 4599 usque
461 4530 543 4584 ad
575 4529 721 4584 sicut
752 4530 935 4584 solent
987 4531 1244 4584 locorum
1286 4535 1343 4585 et
1386 4529 1644 4601 gentium
1677 4546 1783 4583 no-
1894 4534 2043 4587 titice
2088 4531 2332 4601 septimo
2371 4530 2464 4585 die
2510 4534 2759 4583 curatur.
2811 4530 2921 4583 Nos
2968 4535 3159 4584 autem
3208 4528 3588 4582 obtrectantes

126 4615 245 4667 mina
269 4620 607 4689 plerumque
638 4623 913 4672 vetustate
940 4618 1172 4673 mutari.
1893 4636 2073 4691 usque
2100 4620 2169 4673 ad
2217 4619 2392 4673 ﬁnem
2439 4618 2775 4687 septimanae
2826 4616 3048 4683 mundi,
3095 4616 3151 4670 id
3198 4620 3282 4668 est
3308 4631 3487 4685 usque
3519 4615 3587 4669 ad

182 4703 327 4758 Vens.
380 4710 431 4760 6.
490 4736 551 4745 —
605 4707 666 4761 Si
710 4709 859 4776 quis.
912 4708 1114 4773 (0111s.,
1159 4708 1254 4761 ubi
1308 4707 1521 4775 supra.)
1578 4706 1781 4759 Audite
1891 4707 2366 4761 resurrectionem
2397 4704 3110 4777 permanebimusleprosi,
3142 4703 3273 4769 nisi,
3301 4704 3436 4759 dum
3475 4719 3590 4773 pm-

127 4800 359 4856 quantum
436 4794 707 4849 beneﬁcii
778 4795 1081 4849 conferunt
1164 4795 1562 4860 obtrectantes,
1638 4798 1782 4860 etc.,
1893 4794 2113 4851 nitendi
2170 4800 2396 4865 tempus
2442 4800 2545 4860 est,
2580 4794 2934 4864 corrigamur
2981 4790 3239 4845 conversi
3293 4791 3363 4845 ad
3400 4792 3587 4844 Iesum

129 4893 255 4947 usque
291 4883 362 4937 ad
410 4884 500 4937 vel
533 4884 605 4938 ad
653 4883 842 4955 ipsum
898 4885 1047 4938 Deus
1096 4898 1213 4937 non
1260 4881 1516 4952 loquitur
1555 4880 1615 4934 in
1646 4881 1781 4934 eeni-
1892 4891 1947 4939 et
1977 4901 2077 4957 per
2100 4883 2499 4954 paenitentiam
2532 4884 2917 4952 supplicantes
2946 4880 3018 4935 ei.

129 4975 295 5035 gmate,
322 4973 418 5027 sed
452 4972 515 5027 in
546 4973 753 5045 specie.
2530 4972 2754 5025 CAPUT
2792 4970 2939 5024 XIII.

178 5056 319 5114 Vens.
356 5064 409 5116 8.
459 5092 521 5103 -
579 5066 881 5118 Dominum.
936 5061 1063 5131 (10.)
1105 5059 1230 5114 Alia
1276 5058 1496 5112 littera:
1545 5057 1625 5110 Et
1662 5058 1783 5123 gto-
1966 5062 2125 5116 Vens.
2148 5062 2296 5115 4.-
2323 5061 2560 5115 Pharan.
2592 5060 2751 5123 (Rau.
2778 5061 2839 5111 in
2868 5058 3055 5125 Num.)
3089 5055 3414 5110 Notandum
3435 5057 3588 5128 quod

134 5146 237 5200 νίωη
283 5150 501 5204 Domini
544 5150 711 5205 videt.
763 5148 911 5203 Vidit
966 5150 1179 5219 Moyses
1224 5146 1467 5217 gloriam
1537 5144 1779 5211 Domini,
1893 5149 2120 5204 Pbaran
2150 5162 2263 5202 non
2283 5150 2368 5201 est
2391 5145 2633 5216 speciale
2656 5159 2865 5198 nomen
2891 5142 3226 5211 mansionis,
3258 5146 3394 5211 etc.,
3422 5158 3591 5212 usque

136 5236 317 5297 quando
383 5238 821 5293 transformatus
881 5243 965 5291 est
1022 5237 1297 5291 Dominus
1347 5234 1407 5287 in
1457 5238 1671 5299 monte,
1730 5238 1784 5288 et
1892 5237 1967 5291 ad
1992 5252 2172 5308 usque
2202 5235 2273 5290 ad
2304 5233 2649 5289 tricesimam
2697 5232 3001 5286 secundam
3032 5232 3153 5286 haec
3199 5231 3587 5287 continentur.

138 5319 285 5377 aderat
318 5326 368 5380 ei
410 5328 627 5397 Moyses
678 5343 808 5381 cum
859 5328 996 5392 Elia,
1047 5330 1103 5380 et
1150 5323 1585 5396 colloquebatnr
1630 5323 1779 5392 (Luc.
1965 5328 2189 5380 Pharan
2231 5324 2639 5393 interpretatur
2667 5337 2724 5376 os
2770 5321 3002 5385 uisibile,
3036 5321 3094 5374 in
3120 5336 3235 5392 quo
3265 5324 3457 5390 potest
3502 5322 3588 5376 in-

141 5408 203 5474 II).
233 5413 351 5470 Ideo
377 5422 529 5471 recte
560 5416 752 5472 addit:
1894 5413 2077 5483 telligi
2123 5413 2273 5483 quod
2330 5412 2560 5467 Verbum
2608 5426 2731 5464 caro
2790 5412 2997 5476 factum
3045 5414 3121 5465 est
3143 5429 3162 5473 ,ι
3194 5414 3249 5463 et
3288 5408 3590 5465 invisibilis
3692 5444 3693 5447 η

188 5499 336 5563 Quare
362 5506 557 5573 igitur.
611 5504 737 5575 (11).)
767 5504 927 5569 Quod
955 5503 1027 5558 ad
1069 5519 1167 5559 eos
1200 5502 1427 5567 dicitur,
1458 5506 1587 5567 etc.,
1615 5515 1786 5571 usque
1895 5500 2130 5556 visibilis
2174 5500 2423 5553 effectus.
2481 5500 2543 5553 Et
2585 5503 2767 5570 potest
2804 5512 2869 5552 ex
2918 5498 3022 5552 hoc
3067 5497 3398 5568 signiﬁcari,
3434 5499 3588 5568 quod

145 5584 191 5634 τιά
213 5589 292 5642 sed
322 5608 420 5662 pro
453 5592 852 5664 magnitudine
899 5608 1168 5648 sensuum
1215 5607 1347 5646 eum
1376 5589 1781 5661 gloriﬁcamus.
1898 5592 2200 5660 postquam
2230 5587 2361 5642 ﬁnis
2392 5590 2449 5642 et
2486 5587 2759 5659 perfectio
2788 5587 3067 5655 omnium,
3099 5601 3229 5658 qua:
3258 5602 3393 5658 erga
3423 5585 3587 5640 illum
