4038 6180
339 247 444 302 403

967 245 1355 300 WALAFRIDI
1395 245 1642 301 STRABI
1681 245 1882 300 FULD.
1925 245 2089 301 MON.
2131 245 2285 302 OPP.
2330 244 2502 299 PARS
2550 243 2593 298 l.
2634 270 2704 280 —
2743 240 3202 298 THEOLOGICA.

3735 240 3846 294 404

333 368 617 441 pepulum
646 367 896 440 gerenda
934 370 1117 436 erant,
1148 365 1322 433 venit,
1357 370 1492 420 tunc
1517 366 1759 432 transiit,
1793 372 1851 422 et
1879 367 2037 423 venit
2071 373 2114 427 Α
2145 367 2487 440 protervitas
2533 366 2798 422 humanae
2846 364 3073 430 mentis,
3125 368 3254 430 etc.,
3305 379 3473 433 usque
3516 363 3592 417 ad
3618 362 3697 417 sic
3737 380 3846 434 pa-

337 457 409 511 ad
441 473 574 512 eum
605 473 777 529 quem
809 455 1059 510 Verbum
1103 471 1333 509 carnem
1365 454 1578 510 factum
1610 461 1742 512 ante
1772 473 1886 512 non
1914 473 2036 512 cre-

337 544 499 599 didit.

413 633 573 688 Mitte
599 637 742 688 viros
772 635 888 703 qui,
921 637 1026 688 etc.
1081 632 1263 702 (ΗΑΒ.)
1297 633 1606 688 Duodecim
1653 634 2038 706 exploratores

339 721 647 777 mittuntur
675 722 747 777 ad
776 727 1029 776 sanctam
1074 726 1308 787 terram,
1341 727 1471 790 etc.,
1512 738 1680 792 usque
1708 723 1783 778 ad
1813 727 1870 778 et
1897 723 2038 778 ciuis

339 811 464 882 ejus
492 809 795 881 piacularia
826 809 1080 881 aspersio
1109 814 1217 865 est.

412 900 574 954 Veas.
639 902 722 954 18.
778 929 846 939 -
905 898 1198 954 Ascendite
1252 898 1328 952 ad
1379 901 1739 955 meridianam
1791 902 2035 972 plagam.

336 985 528 1056 (AUG.,
579 992 768 1057 quast.
813 986 926 1057 21.)
974 987 1101 1042 Alia
1144 986 1352 1056 littera,
1403 993 1543 1055 etc.,
1572 1003 1740 1058 usque
1768 989 1842 1044 ad
1874 995 1933 1044 et
1959 989 2040 1044 ibi

339 1079 462 1129 erat
506 1075 743 1146 quidam
787 1075 1114 1144 depressior
1161 1075 1337 1144 locus,
1382 1076 1452 1132 de
1497 1092 1610 1148 qua
1652 1078 1796 1132 valle
1843 1078 2041 1133 botrus

342 1162 568 1218 ablatus
599 1168 701 1218 est.

412 1253 576 1310 Vens.
603 1253 694 1310 24.
727 1283 796 1293 -
821 1253 984 1320 Quem
1030 1256 1406 1322 portaverant,
1437 1258 1545 1308 etc.
1574 1255 1724 1321 (Ism.
1761 1256 1818 1309 in
1843 1256 2038 1321 Num.,

341 1345 491 1397 tom.
543 1343 634 1410 V.)
666 1343 897 1396 Botrum
928 1341 987 1394 in
1018 1341 1174 1410 ligno
1205 1340 1274 1394 de
1305 1345 1456 1394 terra
1503 1342 1897 1412 promissionis
1929 1344 2041 1398 duo

341 1429 650 1496 advehunt,
678 1437 810 1495 etc.,
843 1445 1011 1498 usque
1039 1430 1114 1484 ad
1145 1428 1281 1500 quia
1325 1446 1428 1484 nec
1455 1430 1711 1485 Christus
1742 1432 1866 1487 sine
1893 1433 2040 1504 lege,

342 1535 450 1574 nec
472 1520 556 1574 lex
585 1519 708 1572 sine
740 1518 961 1574 Christo
993 1533 1114 1572 esse
1145 1523 1353 1588 potest.

410 1609 566 1662 Vaas.
593 1608 684 1662 24.
737 1638 802 1647 -
855 1609 924 1662 De
965 1607 1126 1661 malis
1181 1622 1391 1676 quoque
1439 1610 1688 1676 grauatis
1732 1613 1782 1663 et
1811 1609 1876 1664 de
1901 1612 2039 1679 ﬁcis,

342 1700 456 1752 etc.
511 1696 647 1760 Quae
695 1696 881 1766 legem
927 1694 1272 1766 signiﬁcant,
1304 1695 1441 1767 quia
1469 1713 1573 1750 nec
1623 1697 1877 1753 Christus
1920 1699 2042 1752 sine

341 1785 494 1856 lege,
525 1800 629 1838 nec
658 1785 745 1838 lex
776 1785 898 1838 sine
927 1784 1167 1840 Christo.

416 1873 578 1926 Vens.
625 1875 722 1927 26.
765 1901 834 1913 —
876 1874 1264 1942 Exploratores
1316 1877 1470 1928 terra
1508 1878 1631 1944 post
1669 1875 2044 1944 quadraginta

343 1960 481 2025 dies,
531 1965 636 2014 etc.
701 1961 868 2026 (1511).,
913 1960 1073 2029 ibid.)
1126 1961 1520 2032 Exploratores
1563 1962 1664 2034 qui
1711 1964 1780 2017 ad
1831 1968 2042 2020 terram

344 2048 584 2103 uberem
618 2047 773 2102 missi
798 2053 1129 2103 terruerunt
1175 2050 1475 2119 populum,
1509 2055 1638 2120 etc.,
1669 2067 1840 2121 usque
1885 2053 1960 2107 ad
1988 2058 2046 2107 et

345 2151 602 2208 pepones
669 2136 933 2191 vitiorum
993 2141 1050 2192 et
1096 2137 1402 2193 libidinum
1450 2139 1819 2212 corruptione
1891 2157 2043 2196 mar-

345 2230 556 2279 centes.

420 2314 580 2368 Vaas.
625 2317 716 2368 27.
748 2345 815 2353 —
863 2315 934 2367 In
972 2313 1241 2369 desertum
1288 2315 1530 2384 Pharan,
1577 2316 1722 2386 quod
1748 2321 1827 2372 est
1853 2320 1914 2372 in
1942 2319 2043 2376 Ca-

345 2402 466 2458 des.
504 2402 684 2472 (ΒΑΒ.)
715 2401 971 2457 Solitudo
1001 2404 1224 2458 Pharan
1248 2404 1443 2459 decem
1475 2410 1531 2459 et
1563 2413 1690 2460 octo
1721 2407 2047 2462 mansiones

345 2491 620 2559 continet,
652 2495 795 2558 etc.,
835 2506 1005 2561 usque
1033 2491 1108 2545 ad
1136 2495 1191 2546 et
1229 2492 1609 2564 prohibentur
1651 2495 1894 2550 transire
1921 2496 2042 2550 Jor-

349 2579 574 2634 danem.

998 2702 1224 2759 CAPUT
1263 2707 1396 2759 XIV.

637 2849 668 2864 ρ

419 2846 580 2899 Vens.
637 2849 690 2899 ‘7.
723 2874 793 2886 -
853 2847 1039 2907 Terra,
1096 2850 1202 2900 etc.
1255 2846 1463 2916 (URIG.,
1519 2847 1658 2902 hom.
1697 2852 1727 2902 7
1764 2850 1824 2902 in
1851 2851 2045 2917 Num.)

353 2934 490 2998 Quae
533 2938 620 2988 est
664 2938 817 2990 terra
854 2933 980 3000 ista,
1029 2940 1221 2989 sancta
1268 2935 1502 3006 quidem
1547 2941 1605 2990 et
1634 2937 1806 3002 bona,
1852 2939 1950 2993 sed
1981 2939 2051 2993 ab
2089 2941 2128 2995 C

352 3023 546 3095 impiis
589 3022 884 3078 habitata?
933 3027 1067 3090 etc.,
1096 3039 1265 3094 usque
1303 3024 1379 3078 ad
1408 3023 1572 3078 nobis
1600 3024 2054 3096 ingredientibus

355 3112 440 3166 illi
469 3111 778 3182 pellantur,
810 3116 868 3166 et
893 3111 1331 3166 ascendentibus
1359 3111 1576 3166 cadant.

429 3201 590 3254 Vens.
637 3203 688 3255 9.
737 3229 799 3240 —
848 3201 1028 3268 Neque
1076 3202 1312 3254 timeatis
1356 3200 1616 3270 populum
1661 3205 1817 3256 terrae
1866 3202 2053 3271 hujus,

360 3291 494 3357 quia
540 3289 680 3343 sicut
721 3302 922 3356 panem
968 3289 1049 3340 ita
1089 3302 1394 3356 possumus.
1446 3289 1629 3356 (Ara,
1677 3294 1866 3358 quaest.
1899 3293 1966 3346 23
1996 3294 2057 3346 in
2117 3295 2120 3298 ’

361 3374 546 3447 Num.)
591 3375 758 3431 Caleb
798 3380 854 3429 et
897 3376 1056 3430 Jesus
1100 3376 1248 3430 Nave
1296 3375 1592 3447 loquentes
1635 3377 1708 3431 ad
1754 3379 2052 3448 populum,

361 3470 489 3531 etc.,
521 3479 692 3534 usque
741 3464 816 3518 ad
845 3462 941 3518 isti
993 3463 1298 3518 Dominum
1343 3469 1672 3534 temporum
1718 3472 2053 3536 creatorem,

362 3558 420 3609 et
445 3553 856 3620 ordiuatorem,
892 3556 949 3607 et
973 3552 1234 3607 omnium
1265 3552 1736 3624 dispensatorem.

432 3644 596 3700 Vaas.
652 3645 736 3698 12.
769 3673 837 3683 -
883 3644 1096 3698 Feriam
1144 3644 1318 3711 igitur
1354 3657 1459 3698 eos.
1509 3643 1714 3712 (0mm,
1746 3645 1886 3701 hom.
1919 3647 1951 3700 8
1999 3648 2057 3702 in

361 3734 548 3804 Num.)
600 3732 977 3788 Comminatio
1025 3732 1146 3787 haec
1189 3748 1302 3787 non
1339 3737 1422 3787 est
1452 3733 1741 3801 iracunda,
1773 3735 1873 3790 sed
1915 3751 2057 3806 pro-

364 3820 612 3894 phetica,
655 3826 784 3890 etc.,
818 3836 987 3891 usque
1013 3821 1088 3876 ad
1133 3820 1262 3876 ideo
1296 3821 1556 3891 pluribus
1603 3827 1799 3878 exorat
1823 3839 1928 3895 pro
1953 3840 2054 3896 po-

362 3911 500 3984 pulo
531 3909 651 3965 illo.

435 3999 555 4071 (10.)
583 4000 797 4054 Feriam
823 4001 1015 4068 igitur.
1047 3998 1131 4054 Fit
1176 3998 1546 4054 comminatio
1574 3999 1697 4054 haec
1725 4017 1758 4054 a
1791 4000 2054 4067 Domino,

365 4090 509 4154 etc.,
547 4100 716 4156 usque
742 4087 822 4142 ad
859 4086 1009 4158 quod
1040 4087 1217 4142 alium
1253 4088 1532 4158 populum
1560 4088 1671 4144 hoc
1709 4089 1928 4160 abjecto
1967 4105 2056 4144 re-

364 4175 610 4230 suscitet.

439 4264 597 4319 Vaas.
652 4265 741 4318 31.
790 4293 858 4302 —-
909 4264 1189 4319 Parvulos.
1250 4265 1450 4335 (0am,
1505 4265 1645 4320 hom.
1695 4266 1772 4336 8.)
1807 4265 1912 4322 Sed
1954 4268 2060 4336 filii

368 4355 608 4422 ipsorum
637 4353 734 4422 qui
779 4357 907 4407 sunt
935 4353 1021 4406 hic
1066 4367 1288 4421 mecum,
1342 4355 1648 4422 quicunque
1684 4357 1936 4421 ignorant
1966 4355 2057 4410 bo-

366 4457 496 4496 num
538 4441 622 4496 vel
665 4440 888 4502 malum.
931 4443 1036 4496 etc.
1070 4442 1261 4495 Patres
1306 4442 1491 4496 nostri
1536 4443 1768 4497 fuerunt
1810 4445 2060 4514 populus

366 4529 463 4584 ille
512 4528 689 4601 prior,
745 4533 878 4597 etc.,
917 4543 1088 4600 usque
1137 4529 1213 4584 ad
1251 4532 1302 4586 si
1341 4536 1704 4602 permanseris
1736 4534 1795 4586 in
1844 4533 2061 4588 bonita-

369 4623 439 4686 te,
467 4622 572 4673 etc.

439 4699 599 4763 Vens.
642 4708 728 4762 34.
764 4738 833 4748 —
856 4709 1049 4763 Annus
1071 4722 1176 4778 pro
1203 4707 1310 4764 die.
1345 4707 1475 4779 (Ῑο.)
1504 4708 1677 4775 Quasi
1706 4725 1810 4781 pro
1842 4709 1933 4766 die
1959 4725 2064 4780 per

369 4812 605 4865 annum,
638 4802 771 4864 etc.,
801 4811 971 4868 usque
997 4796 1072 4851 ad
1114 4797 1223 4852 nisi
1250 4797 1342 4852 cui
1372 4799 1536 4854 Pater
1563 4815 1734 4855 omne
1755 4799 2060 4872 judicium,

369 4884 604 4940 tradidit
627 4885 804 4957 (Joan.
834 4891 906 4956 v).

441 4973 526 5042 (In
563 4973 582 5044 )
633 4974 812 5046 Neget
855 4973 983 5046 quis
1033 4974 1270 5031 fortasse
1316 4973 1562 5030 bonitati
1592 4976 1692 5032 Dei
1737 4975 2060 5043 convenire,

371 5065 503 5130 etc.,
553 5077 722 5133 usque
764 5063 840 5119 ad
867 5064 964 5120 sed
1008 5065 1160 5120 ultra
1202 5080 1320 5121 non
1361 5064 1494 5120 sinit
1533 5065 1786 5121 animam
1831 5071 2063 5138 peccato

369 5151 677 5207 vulnerari.

443 5237 570 5310 (11).)
598 5239 764 5295 Aliud
809 5240 1074 5312 adjiciam
1120 5247 1253 5309 etc.,
1301 5257 1471 5314 usque
1515 5243 1591 5298 ad
1632 5246 1695 5298 ut
1723 5243 1904 5297 multo
1947 5258 2061 5297 ma-

371 5326 458 5399 gis
485 5327 841 5384 coutidamus
885 5329 1038 5402 quod
1075 5329 1380 5384 advocatus
1427 5334 1616 5385 noster
1645 5330 1806 5386 Jesus
1834 5329 2064 5385 veniam

371 5416 538 5473 nobis
563 5417 892 5488 impetrabit
913 5434 946 5471 a
975 5419 1160 5473 Patre.

444 5505 610 5563 Vsus.
642 5505 731 5562 40.
761 5536 830 5546 -
854 5508 1047 5563 Parati
1067 5521 1272 5562 sumus.
1305 5505 1447 5574 (Ras
1475 5545 1491 5574 ,
1525 5509 1584 5562 in
1613 5507 1795 5577 Num.)
1833 5509 1878 5564 Ο
1916 5508 2066 5563 mira

2143 457 2268 521 {riae
2301 454 2544 511 caelestis
2587 453 2796 525 gaudia
2824 465 2952 525 quae
2983 453 3147 508 nobis
3182 453 3465 524 promissa
3491 457 3625 506 sunt
3649 453 3844 522 perci-

2144 545 2391 618 piemus.

2811 630 3035 687 CAPUT
3074 631 3181 685 XV.

2217 757 2389 812 Vnus.
2435 755 2487 810 4.
2531 785 2598 795 —-
2627 755 2987 819 Sacri/icium,
3038 758 3143 807 etc.
3198 751 3392 807 Fidem
3431 751 3844 809 incarnationis

2145 843 2371 912 Christi,
2423 860 2551 913 quae
2580 843 2640 897 in
2689 843 2813 913 lege
2869 841 3196 912 plenissime
3257 841 3712 909 commendatur,
3754 845 3841 900 vel

2145 932 2564 988 observantiam
2597 931 2880 1001 Decalogi.

2216 1023 2371 1091 (Rau.
2399 1024 2459 1076 in
2484 1020 2672 1087 Num.)
2723 1019 2832 1074 Lex
2884 1018 3144 1090 praecipit
3173 1017 3232 1073 in
3282 1016 3515 1089 privatis
3565 1018 3836 1090 publicis-

2144 1126 2257 1182 que
2308 1108 2616 1172 sacriﬁciis,
2669 1113 2798 1176 etc.,
2849 1123 3019 1178 usque
3067 1108 3142 1162 ad
3187 1107 3324 1179 quia
3372 1113 3526 1161 sexta
3580 1123 3706 1178 pars
3756 1111 3838 1162 est

2145 1199 2356 1271 congii.

2217 1289 2346 1359 (lo.)
2403 1287 2642 1344 Jubetur
2699 1302 2834 1358 ergo
2889 1301 2994 1358 per
3049 1284 3302 1357 singulas
3360 1285 3574 1357 species
3624 1287 3842 1342 anima-

2150 1378 2312 1442 lium,
2371 1381 2502 1442 etc.,
2563 1392 2732 1447 usque
2757 1375 2831 1430 ad
2861 1374 3048 1429 omnis
3080 1375 3318 1430 stultitia
3347 1380 3402 1429 et
3443 1375 3691 1430 versutia
3732 1377 3846 1431 Deo

2151 1465 2553 1521 abominabilis
2586 1469 2687 1519 est.

2221 1555 2384 1609 Vsas.
2435 1556 2489 1608 6.
2537 1583 2608 1594 -
2636 1555 2708 1608 Et
2751 1552 2964 1606 arietes.
3018 1551 3142 1619 (In)
3189 1551 3252 1605 In
3309 1549 3601 1605 oblatione
3657 1550 3850 1606 arietis

2073 1659 2114 1714 Β
2152 1645 2280 1698 duas
2329 1643 2564 1698 decimae
2608 1642 2813 1697 simila:
2863 1641 3219 1706 olferuntur;
3271 1639 3383 1694 olei
3414 1646 3471 1694 et
3509 1641 3647 1705 viui,
3686 1641 3852 1695 tertia

2157 1750 2286 1804 pars
2313 1732 2430 1786 hin.
2466 1731 2608 1797 Quia
2655 1731 2802 1786 aries
2855 1734 3140 1784 rectorum
3181 1729 3440 1783 ordinem
3470 1731 3676 1802 signat,
3705 1731 3852 1786 bene

2154 1837 2285 1875 cum
2328 1819 2548 1874 duabus
2591 1817 2824 1872 decimis
2871 1817 3123 1884 offertur,
3157 1831 3287 1870 cum
3339 1815 3579 1888 quilibet
3621 1818 3858 1872 Decalo-

2153 1923 2292 1977 gum
2341 1906 2486 1978 legis
2534 1904 2823 1959 intellectu
2874 1909 2928 1957 et
2975 1903 3303 1974 operatione
3351 1912 3572 1971 tenens,
3613 1905 3856 1959 rectoris

2141 1994 2342 2049 ‘ol'ﬁcio
2367 1994 2699 2064 delegatur:
2733 1993 2840 2046 olei
2875 2008 3007 2046 vero
3045 1997 3218 2063 atque
3247 1991 3362 2045 viui
3394 1993 3561 2047 tertia
3590 2010 3724 2063 pars
3756 1994 3856 2047 hin

2155 2082 2477 2147 exhibetur,
2522 2080 2751 2152 quando
2794 2079 2864 2132 ab
2897 2095 2964 2132 eo
2990 2080 3236 2133 charitas
3267 2084 3324 2133 et
3353 2081 3765 2147 misericordia,
3801 2087 3860 2135 et

2155 2171 2338 2243 gratia
2390 2168 2702 2241 spiritualis
2760 2167 3035 2221 doctrinm
3089 2167 3235 2221 circa
3288 2168 3571 2239 subjectos
3621 2168 3860 2240 impen-

2157 2258 2332 2314 duum

2227 2349 2390 2402 Vens.
2437 2349 2489 2402 8.
2531 2375 2602 2388 —
2629 2344 2854 2412 Quando
2901 2359 3024 2399 vero
3071 2345 3136 2399 de
3174 2345 3337 2399 bobus
3366 2347 3560 2411 feceris
3605 2347 3864 2400 holocau-

2155 2441 2316 2502 stum,
2350 2440 2454 2491 etc.
2489 2435 2612 2505 (Iu.)
2643 2436 2704 2488 In
2737 2433 2896 2488 bovis
2925 2433 3211 2488 oblatione
3239 2440 3353 2487 tres
3383 2433 3617 2488 decimae
3649 2435 3862 2488 similae

2157 2528 2213 2578 et
2244 2523 2515 2579 medietas
2563 2523 2663 2576 hin
2695 2523 2752 2577 in
2798 2523 2923 2576 oleo
2953 2523 3040 2576 vel
3095 2521 3250 2590 vino,
3299 2528 3429 2588 etc.,
3477 2538 3644 2594 usque
3691 2523 3767 2577 ad
3798 2523 3864 2576 in

2157 2614 2372 2669 cmlesti
2414 2612 2765 2668 beatitudine
2815 2627 2918 2683 per
2966 2611 3066 2666 Dei
3096 2610 3340 2682 gratiam
3371 2611 3429 2665 in
3462 2629 3518 2665 se
3548 2612 3862 2683 perﬁcien-

2157 2698 2295 2753 dum
2328 2703 2575 2770 sperent.
3189 2743 3192 2746 .

2230 2790 2361 2846 Cum
2413 2789 2667 2842 veneritis
2708 2789 2767 2840 in
2817 2790 3031 2850 terram,
3086 2789 3189 2840 etc.
3223 2786 3404 2856 (ΗΑΒ.)
3446 2787 3584 2841 Cum
3614 2786 3871 2858 quilibet

2157 2883 2499 2949 praesentem
2554 2875 2851 2930 Ecclesium
2901 2891 3004 2945 per
3056 2874 3230 2929 ﬁdem
3287 2875 3478 2943 intrat,
3520 2881 3648 2944 etc.,
3690 2891 3872 2944 usque

2161 2967 2240 3023 ad
2268 2983 2302 3020 a
2330 2982 2444 3036 quo
2474 2969 2736 3036 speratur
2764 2963 3127 3034 perfectionis
3157 2964 3641 3034 supplementum.

2233 3055 2394 3109 Vaas.
2427 3057 2517 3109 22.
2548 3083 2618 3093 -—
2663 3053 2815 3124 Quod
2837 3056 2888 3108 si
2921 3069 3040 3122 per.
3074 3055 3258 3120 (AUG.,
3313 3058 3502 3122 quaest.
3553 3052 3664 3121 24.)
3697 3052 3871 3116 Quod

2162 3143 2495 3215 praecipitur
2544 3143 2831 3213 quomodo
2881 3147 3109 3213 peccata
3153 3141 3469 3211 expientur,
3526 3146 3658 3206 etc.,
3692 3157 3876 3211 usque

2162 3231 2236 3285 ad
2265 3247 2395 3302 quas
2423 3230 2828 3285 discernuntur
2856 3247 2890 3282 a
2919 3228 3159 3300 peccatis
3190 3228 3523 3283 volentium.

2233 3319 2396 3372 Vens.
2454 3319 2542 3373 24.
2605 3347 2666 3358 -
2739 3319 2982 3372 Vitulum
3036 3317 3240 3386 offeret.
3295 3319 3488 3386 (ΗΑΒ.)
3523 3316 3646 3371 Filii
3686 3318 3868 3373 Israel

2162 3406 2406 3461 vitulum
2452 3407 2520 3462 de
2567 3415 2828 3460 armento
2878 3406 3128 3460 otferunt
3174 3405 3233 3459 in
3263 3405 3678 3470 holocaustum,
3729 3411 3868 3470 etc.,

2162 3510 2332 3565 usque
2361 3496 2435 3550 ad
2462 3495 2758 3549 exauditus
2784 3500 2870 3548 est
2896 3508 3000 3565 pro
3024 3510 3124 3547 sua
3151 3494 3486 3549 reverentia.

2233 3585 2394 3639 Vens.
2431 3587 2518 3639 28.
2549 3613 2620 3624 —
2648 3584 2928 3640 Sacerdos.
2979 3583 3253 3648 Christus,
3310 3584 3408 3654 qui
3438 3600 3538 3655 per
3567 3585 3878 3655 proprium

2165 3673 2505 3744 sanguinem
2557 3672 2813 3727 introivit
2843 3671 3019 3726 semel
3045 3671 3105 3724 in
3135 3676 3345 3741 sancta,
3378 3678 3591 3727 aeterna
3636 3673 3876 3728 redem-

2166 3763 2360 3834 ptione
2391 3762 2620 3816 inventa
2652 3761 2832 3832 (Hebr.
2864 3761 2940 3833 v).

2237 3852 2399 3906 Vens.
2433 3851 2519 3906 30.
2552 3879 2622 3892 —
2665 3853 2872 3905 Anima
2915 3865 3059 3917 vero,
3106 3853 3213 3904 etc.
3257 3852 3436 3919 (Aea,
3486 3856 3672 3919 quaest.
3707 3855 3775 3906 25
3808 3854 3876 3906 in

2167 3940 2352 4012 Num.)
2384 3937 2509 3993 Alia
2539 3938 2766 3993 littera:
2801 3939 3002 3993 Anima
3032 3953 3359 4009 quaecunque
3375 3941 3698 4008 peccaverit,
3729 3945 3870 4006 etc.,

2166 4045 2334 4097 usque
2369 4027 2445 4082 ad
2475 4026 2624 4082 unde
2657 4043 2806 4080 nunc
2845 4027 3082 4096 longum
3113 4031 3193 4080 est
3222 4027 3531 4096 disputare.

2239 4117 2411 4186 (lsm.,
2444 4117 2502 4170 in
2533 4117 2720 4181 Num.,
2747 4119 2888 4169 tom.
2919 4116 3014 4184 V.)
3048 4115 3488 4170 Calumniantur
3514 4115 3677 4186 impii
3707 4119 3872 4188 quod

2165 4209 2283 4260 tam
2335 4204 2604 4258 atrociter
2640 4204 2804 4274 jussu
2836 4203 2932 4259 Dei
2982 4203 3052 4257 ab
3082 4203 3237 4258 omni
3277 4204 3493 4274 popu‘o
3523 4205 3871 4272 trucidatur,

2166 4293 2267 4365 qui
2297 4293 2453 4363 ligna
2495 4292 2724 4363 collegit
2761 4292 2820 4346 in
2863 4292 3119 4359 sabbato,
3175 4297 3305 4360 etc.,
3337 4307 3506 4361 usque
3551 4293 3626 4346 ad
3667 4294 3804 4364 quia
3841 4313 3877 4350 a

2170 4381 2559 4452 spiritualibus
2587 4381 2901 4452 judicatur.

2241 4471 2401 4524 Vaas.
2433 4471 2518 4524 38.
2579 4498 2649 4509 —
2699 4469 2984 4524 Fimbrias.
3046 4469 3167 4538 (Iu.,
3219 4467 3392 4537 ibid.)
3443 4468 3723 4522 Jubentur
3763 4465 3878 4522 lilii

2172 4559 2340 4613 Israel
2396 4557 2456 4612 in
2485 4562 2731 4630 quatuor
2777 4558 3023 4629 angulis,
3066 4563 3196 4624 etc.,
3244 4572 3412 4626 usque
3455 4557 3530 4611 ad
3575 4558 3754 4610 omnia
3814 4559 3880 4610 in

2170 4645 2401 4713 gloriam
2434 4646 2532 4699 Dei
2558 4645 2850 4711 faciamus.

2843 4770 3072 4826 CAPUT
3110 4769 3243 4825 XVI.

2244 4878 2404 4932 Vaas.
2439 4877 2522 4931 12.
2560 4907 2625 4916 —-
2660 4877 2883 4931 Vocaret
2937 4875 3197 4931 Dathan‘?
3229 4875 3413 4946 (Aea,
3470 4880 3658 4944 quaest.
3713 4877 3782 4929 26
3813 4879 3881 4930 in

2175 4976 2360 5045 Num.)
2383 4973 2530 5040 Quid
2580 4977 2664 5028 est
2691 4973 2841 5045 quod
2891 4974 3114 5029 Dathan
3143 4978 3201 5029 et
3244 4973 3457 5029 Abiron
3488 4973 3549 5027 in
3587 4972 3878 5027 seditione

2172 5063 2353 5119 vocati
2382 5079 2414 5118 a
2445 5064 2652 5133 Moyse,
2700 5067 2830 5127 etc.,
2881 5078 3048 5133 usque
3091 5063 3168 5117 ad
3194 5068 3256 5118 ut
3294 5079 3409 5118 non
3453 5062 3708 5117 dicerent
3753 5078 3880 5116 non

2173 5151 2567 5221 ascendemus,
2616 5150 2713 5205 sed
2746 5167 2860 5205 non
2907 5151 3287 5219 ascendimus,
3337 5151 3587 5223 quodam
3631 5151 3877 5205 locutio-

2175 5242 2262 5296 nis
2292 5256 2504 5312 genere
2517 5279 2530 5294 .

2245 5331 2371 5385 Vas.
2407 5332 2495 5384 26.
2529 5359 2597 5369 —
2646 5329 2897 5384 Reeedite
2947 5345 2981 5384 a
3011 5330 3391 5385 tabernaculis.
3443 5330 3630 5395 (Aea,
3679 5333 3875 5397 quasi.

2171 5420 2288 5488 27.)
2336 5418 2461 5473 Alia
2508 5418 2714 5485 littera,
2762 5423 2896 5486 etc.,
2938 5434 3107 5488 usque
3147 5419 3222 5472 ad
3255 5418 3393 5488 justi
3443 5419 3699 5488 fulgeant
3730 5417 3884 5471 sicut

2172 5509 2253 5562 sol
2288 5508 2346 5562 in
2378 5522 2552 5578 regno
2579 5507 2758 5562 Patris
2787 5507 2872 5561 sui
2899 5507 3112 5578 (Matth.
3149 5509 3280 5575 xm).
