4038 6180
170 314 253 365 $03
1305 310 1560 367 GLOSSA
1602 312 2003 367 ORDINABIA.
2045 340 2117 351 —
2161 312 2284 365 LIB.
2330 312 2500 365 NUM.

3556 316 3660 368 406

219 435 364 502 (lsm.
389 435 448 488 in
476 435 658 501 Num,
710 439 849 489 tom.
895 434 982 504 V.)
1031 435 1137 489 Per
1204 433 1445 502 Dathan,
1509 437 1566 488 et
1607 433 1841 500 Abiron,
1885 437 1924 490 Α
2022 434 2237 489 Dicitur
2290 434 2461 489 etiam
2519 450 2725 504 corpus
2773 437 3030 488 nostrum
3064 449 3161 487 vas
3212 432 3382 488 ﬁctile
3436 435 3525 488 vel
3569 434 3661 489 lit-

163 529 207 577 et
231 523 390 589 Core,
432 528 575 591 etc.,
626 538 794 594 usque
839 523 913 576 ad
956 522 1017 577 in
1064 527 1278 578 mterno
1338 522 1470 593 igne
1527 528 1848 594 praeparata

164 612 363 665 ultione
396 610 681 681 peribunt.

217 698 727 769 Descenderuntque.
781 698 964 767 (Ana,
1021 701 1209 767 quast.
1295 697 1408 767 ⁶29.)
1456 697 1581 751 Alia
1637 696 1844 765 littera,

162 794 271 854 etc.,
310 802 486 857 usque
514 788 588 841 ad
629 792 901 858 tauquam
942 785 1261 840 carceribus
1308 784 1479 839 inferi
1523 784 1847 856 puniendos

166 874 445 930 reservari.

218 965 373 1017 Vicus.
409 966 497 1017 37.
540 991 608 1004 —
658 964 889 1031 Praecipe
948 963 1225 1017 Eleazaro.
1276 961 1401 1031 (lo.,
1476 966 1661 1031 quasi.
1734 945 1846 1016 30.)

160 1053 264 1107 Alia
292 1052 507 1115 littera,
536 1057 667 1115 etc.,
702 1066 867 1119 usque
905 1050 979 1103 ad
1035 1051 1171 1121 quia
1219 1066 1322 1120 per
1380 1066 1477 1105 eos
1522 1050 1843 1121 exemplum

158 1143 335 1195 datum
370 1145 456 1193 est
489 1139 723 1203 caeteris,
758 1140 893 1210 quid
926 1140 1215 1193 timerent.

218 1230 393 1284 Tollat
463 1229 763 1282 thuribula.
818 1228 1021 1299 (01110.,
1082 1230 1221 1282 hom.
1279 1230 1310 1281 9
1368 1229 1425 1282 in
1469 1227 1648 1298 Num.)
1706 1228 1846 1283 Core

157 1320 384 1389 ﬁguram
427 1320 579 1370 tcnet
616 1332 816 1369 eorum
847 1316 948 1387 qui
978 1322 1173 1370 contra
1203 1316 1641 1371 ecclesiasticam
1672 1316 1844 1370 ﬁdem

156 1411 202 1458 et
248 1404 566 1459 doctrinam
626 1404 880 1458 veritatis
961 1404 1287 1474 insurgunt,
1346 1410 1477 1469 etc.,
1558 1419 1727 1473 usque
1773 1404 1847 1457 ad

152 1494 485 1547 sanctiﬁcata
516 1493 670 1547 enim
702 1498 831 1546 sunt
864 1497 919 1546 et
956 1493 1193 1546 Domino
1215 1493 1423 1546 oblata.

214 1582 336 1651 (In)
366 1583 559 1636 Potest
610 1586 667 1635 et
692 1582 802 1635 alio
852 1582 1018 1635 modo
1052 1582 1317 1651 intelligi,
1377 1585 1508 1645 etc.,
1569 1596 1739 1649 usque
1769 1579 1845 1633 ad

152 1686 254 1723 non
274 1670 430 1723 enim
464 1675 582 1723 tam
625 1670 926 1739 magniﬁce
958 1670 1014 1722 in
1047 1669 1129 1723 eis
1160 1670 1336 1722 virtus
1396 1670 1572 1723 animi
1616 1668 1848 1723 claruis-

152 1764 242 1824 set,
269 1758 381 1811 nisi
414 1759 772 1829 reliquorum
794 1758 1038 1827 ignavia!
1072 1759 1318 1812 formido
1380 1758 1671 1828 patuisset.

214 1848 365 1900 Vens.
388 1850 473 1901 38.
512 1878 578 1885 —
620 1850 695 1901 Eo
736 1848 900 1917 quod.
952 1848 1135 1915 (Ana,
1187 1852 1373 1916 quaest.
1429 1850 1494 1901 38
1540 1849 1598 1900 in
1656 1847 1844 1914 Num.)

151 1935 709 2006 Circumpositionem
746 1952 878 1989 vero
924 1936 1108 2000 altari,
1141 1940 1273 2001 etc.,
1304 1951 1474 2003 usque
1510 1936 1585 1988 ad
1617 1934 1717 2005 qui
1744 1934 1844 1988 mi-

150 2041 243 2077 nus
271 2025 581 2095 diligenter
638 2024 967 2083 intendunt.
1015 2024 1218 2078 eodem
1270 2025 1415 2078 facta
1468 2023 1668 2078 ordine
1728 2039 1842 2094 quo

149 2121 462 2168 narrantur.

207 2220 359 2274 Vens.
398 2222 484 2275 39.
521 2250 589 2259 —
614 2220 782 2275 Tulit.
834 2216 1036 2289 (Οιιιο.,
1098 2218 1237 2272 hom.
1269 2220 1316 2270 9.
1376 2219 1431 2269 in
1463 2215 1645 2285 Num.)
1679 2215 1840 2285 Apud

150 2311 323 2363 Deum
358 2309 505 2363 nihil
539 2313 625 2362 est
654 2309 921 2373 otiosum,
957 2312 1087 2371 etc.,
1116 2322 1286 2375 usque
1341 2305 1415 2359 ad
1442 2322 1571 2359 cum
1624 2305 1844 2358 univer-

147 2414 321 2451 sorum
350 2396 641 2451 cineribus
670 2396 1013 2466 disperirent
1037 2395 1065 2449 ‘l

205 2486 358 2540 Vsus.
386 2486 475 2539 40.
511 2516 579 2526 -—
636 2486 790 2541 Sicut
831 2498 1027 2554 passus
1066 2487 1161 2538 est.
1225 2482 1345 2553 (10.)
1412 2482 1659 2537 Posteris
1698 2500 1841 2553 quo-

143 2588 237 2643 que
258 2574 431 2628 datur
446 2573 795 2641 exemplum,
830 2588 900 2626 ne
930 2572 1059 2644 quis
1104 2572 1552 2643 praesumptione
1610 2572 1841 2642 superbi

140 2663 358 2734 spiritus
393 2679 512 2717 non
556 2661 665 2716 sibi
728 2678 759 2715 a
806 2662 920 2715 Deo
961 2662 1159 2716 datum
1226 2677 1433 2715 munus
1480 2660 1841 2731 pontiﬁcatus

142 2750 427 2805 invaderet
459 2770 474 2815 ;
506 2750 600 2803 sed
634 2748 718 2803 illi
744 2738 906 2803 cedat
934 2764 1106 2820 quem
1164 2747 1527 2802 nonambitio
1565 2748 1837 2811 humana,

140 2855 240 2893 non
263 2840 429 2894 favor
481 2842 806 2910 corruptus,
858 2854 962 2892 nec
1022 2836 1251 2908 largitio
1308 2836 1633 2891 damnanda
1698 2836 1837 2889 asci-

139 2929 285 2981 verit.

199 3036 355 3090 Vens.
388 3036 576 3089 43.-
626 3035 832 3103 Moyses
905 3038 956 3089 et
1010 3034 1218 3089 Aaron.
1275 3034 1399 3103 (Ιο.)
1460 3034 1524 3087 In
1575 3031 1832 3089 Sodomis
1871 3006 1911 3063 θ

137 3124 380 3195 quidem,
412 3128 547 3190 etc.,
570 3138 741 3193 usque
763 3123 838 3177 ad
880 3138 985 3194 per
1014 3139 1160 3194 quos
1186 3122 1489 3178 interitum
1529 3138 1832 3193 possumus

138 3214 386 3269 evadere.

197 3322 423 3390 Operuit
452 3321 637 3375 nubes.
662 3321 791 3390 (10.)
831 3321 954 3374 Non
984 3318 1138 3373 enim
1194 3318 1436 3389 legimus
1482 3321 1647 3370 antea
1676 3316 1828 3388 quod

138 3408 405 3465 obtexerit
440 3411 622 3464 nubes
665 3408 1121 3472 tabernaculum,
1184 3413 1289 3461 etc.
1342 3421 1512 3474 usque
1540 3406 1615 3460 ad
1646 3410 1701 3458 et
1730 3420 1828 3474 pe-

137 3497 298 3552 ricula
326 3498 508 3553 maris
537 3514 599 3552 ac
620 3498 947 3563 ﬂuminum,
971 3503 1075 3550 etc.
1112 3496 1185 3566 (II
1210 3497 1329 3552 Cor.
1361 3495 1457 3565 xx).

186 3585 336 3639 Vens.
367 3587 465 3640 41.
497 3615 566 3624 -
619 3586 891 3640 Recedite.
942 3584 1067 3655 (ln.)
1106 3584 1389 3638 .Iubentur
1434 3598 1571 3654 ergo
1614 3583 1831 3652 Moyses

136 3674 418 3738 etAaron,
468 3678 597 3741 etc.,
640 3689 807 3743 usque
856 3673 1093 3727 adsunt
1144 3672 1294 3727 enim
1361 3671 1574 3726 mortui
1629 3671 1729 3743 qui
1770 3670 1829 3724 in

136 3763 314 3832 ignem
346 3768 637 3817 aeternum
691 3763 1017 3830 mittuntur,
1046 3762 1159 3817 vivi
1213 3766 1405 3816 autem
1448 3759 1548 3831 qui
1594 3760 1832 3815 mittun-

135 3858 217 3905 tur
245 3853 315 3906 ad
347 3868 604 3921 regnum
617 3892 630 3905 .

188 3959 341 4012 Vsus.
380 3959 479 4013 48.
512 3988 582 3997 -
607 3960 674 4013 Et
702 3962 854 4011 stans
885 3959 1043 4012 inter.
1077 3956 1292 4025 (Gaza)
1322 3959 1526 4021 Aaron,
1586 3959 1651 4009 ut
1686 3954 1830 4009 iram

135 4047 224 4101 Dei
250 4049 535 4117 placaret.
568 4046 927 4101 thuribulum
978 4046 1222 4116 sumpsit
1258 4050 1426 4116 atque
1458 4044 1609 4098 inter
1648 4043 1833 4097 viven-

132 4139 286 4191 teset
312 4140 585 4191 mortuos
613 4134 788 4201 stetit,
848 4133 984 4205 quia
1045 4132 1349 4187 sacerdotis
1405 4136 1490 4187 est
1538 4130 1831 4200 negotium

135 4231 236 4284 Deo
262 4230 597 4285 orationem
644 4227 907 4291 tundere,
948 4232 1005 4281 et
1023 4243 1127 4297 pro
1168 4226 1336 4298 justis
1405 4243 1477 4281 ne
1528 4226 1732 4280 cadant
1777 4230 1834 4279 et

132 4335 222 4389 pro
240 4318 647 4389 peccatoribus
677 4322 734 4371 ut
789 4320 1109 4383 resurgant,
1180 4316 1368 4369 unde:
1428 4317 1597 4370 Intret
1654 4317 1827 4369 oratio
1859 4326 1900 4379 ι)

132 4412 403 4464 measicut
458 4422 732 4462 mcensum
786 4410 847 4460 in
882 4410 1163 4475 conspectu
1223 4411 1313 4460 tuo
1353 4405 1516 4474 (Psal.
1572 4403 1827 4473 Lxxxvn).

185 4498 356 4564 (ῐειο.)
388 4502 585 4551 Aaron
629 4495 991 4550 thuribulnm
1038 4495 1320 4566 accipiens
1366 4493 1614 4549 occurrit
1664 4508 1834 4564 quas-

136 4586 347 4653 sationi,
385 4590 451 4639 et
485 4590 641 4638 stans
689 4585 749 4638 in
810 4584 999 4638 medio
1059 4584 1318 4638 vivorum
1369 4588 1426 4638 et
1474 4587 1836 4637 mortuorum

135 4674 397 4728 lethalem
432 4672 665 4745 plagam
696 4674 920 4743 objectu
972 4689 1075 4725 suo
1130 4673 1291 4743 quasi
1348 4672 1584 4743 quidem
1639 4687 1840 4725 murus

136 4764 394 4817 excludit.
430 4764 544 4817 Iste
594 4763 855 4816 sacerdos
904 4762 1157 4816 Christus
1205 4761 1305 4832 qui
1366 4762 1592 4816 ruinam
1636 4762 1840 4815 mortis

137 4852 185 4904 in
211 4852 442 4906 mundo
494 4850 772 4921 aspiciens
818 4850 1062 4905 occurrit
1091 4867 1125 4904 a
1171 4866 1394 4904 summo
1441 4851 1603 4916 caelo,
1663 4850 1843 4905 venit-

141 4956 235 5010 que
268 4941 483 4996 obvius
514 4939 675 5009 quasi
699 4940 859 5011 gigas
889 4939 959 4995 ad
989 4939 1330 4994 currendam
1352 4939 1522 5005 viam,
1570 4939 1840 5009 stetitque

142 5029 272 5083 inter
299 5030 470 5083 vivos
505 5034 560 5081 et
592 5034 869 5092 mortuos,
901 5029 1039 5099 quia
1081 5034 1248 5082 natus
1306 5034 1363 5083 et
1418 5034 1679 5083 mortuus
1735 5033 1841 5095 est,

147 5118 321 5189 sicque
369 5117 742 5172 thuribulum
772 5118 1051 5187 passionis
1107 5118 1410 5189 accipiens,
1474 5122 1531 5173 et
1583 5117 1643 5172 in
1703 5117 1840 5171 odo-

150 5222 248 5261 rem
309 5206 612 5261 suavitatis
666 5208 1044 5279 praetendens,
1107 5209 1400 5279 suspendit
1448 5208 1599 5281 ignis
1644 5208 1844 5263 mterni

152 5298 473 5364 perniciem,
508 5300 565 5349 et
594 5296 884 5351 inimicam
920 5298 1155 5368 pertulit
1183 5304 1443 5353 mortem.

200 5406 261 5457 Et
285 5405 467 5472 plaga
509 5406 755 5457 cessavit.
809 5404 1023 5473 (0315.)
1072 5405 1195 5460 Alia
1240 5405 1444 5470 littera,
1488 5410 1617 5473 etc.,
1677 5421 1845 5475 usque

158 5492 213 5543 ad
263 5493 461 5546 luteus
492 5492 645 5546 enim
693 5496 749 5547 et
797 5497 1057 5547 terrenus
1107 5510 1306 5549 sensus
1354 5511 1471 5550 non
1522 5494 1675 5567 capit
1726 5512 1845 5568 my-

163 5580 324 5635 steria.

1957 531 2075 578 tera
2102 525 2265 594 legis,
2297 524 2356 578 in
2389 540 2455 578 eo
2508 524 2662 593 quod
2713 523 3023 593 Apostolus
3083 522 3198 577 ait:
3235 523 3500 577 Habentes
3550 525 3661 577 the-

1955 629 2177 667 saurum
2199 616 2361 667 istum
2390 614 2447 665 in
2475 614 2621 665 vasis
2672 611 2929 682 ﬁctilibus
2987 613 3065 679 (II
3108 613 3226 669 Cor.
3261 610 3333 680 v1)
3368 627 3381 664 :
3438 610 3575 681 quia
3606 610 3664 663 in

1956 718 2192 771 corpore
2223 702 2421 773 positis
2445 701 2775 755 thesaurum
2824 701 3155 770 gratiaelper
3201 699 3475 769 Spiritum
3530 714 3664 752 san-

1956 796 2109 844 ctum
2146 790 2421 844 Dominus
2460 790 2744 861 largitur;
2782 793 2837 842 et
2868 790 2925 841 in
2975 788 3333 842 sermonibus
3388 787 3526 859 legis
3564 787 3665 857 qui

1955 884 2423 943 contemnuntur,
2456 878 2593 949 quia
2642 878 2802 931 nulla
2830 882 2950 930 arte
3000 877 3373 946 grammatica
3423 876 3665 946 expositi

1957 966 2242 1034 videntur,
2266 965 2594 1019 reconditus
2624 965 2697 1019 sit
2725 967 3027 1019 thesaurus
3066 964 3359 1035 sapientia:
3401 968 3459 1017 et
3486 961 3665 1017 scien-

1960 1055 2050 1111 tim
2078 1054 2198 1108 Dei.

2616 1160 2837 1215 CAPUT
2892 1160 3056 1215 XVII.

2029 1288 2188 1341 Vens.
2220 1291 2265 1341 l.
2309 1317 2374 1325 -—
2402 1292 2451 1339 Α
2495 1288 2701 1340 cunctis
2730 1284 3093 1355 principibus.
3145 1282 3341 1338 Omnis
3396 1282 3660 1354 princeps

1957 1376 2129 1431 habet
2158 1375 2400 1447 virgam,
2442 1374 2578 1446 quia
2605 1373 2726 1428 sine
2754 1391 2819 1427 ea
2860 1374 3137 1444 populum
3169 1388 3366 1443 regere
3416 1388 3531 1425 non
3559 1387 3659 1442 po-

1956 1471 2083 1520 test.
2114 1466 2268 1520 Unde
2299 1466 2527 1527 Paulus,
2572 1462 2707 1535 quia
2745 1463 3009 1533 priuceps
3068 1461 3265 1531 pepuli
3325 1466 3467 1525 erat,
3504 1460 3655 1513 dice-

1954 1555 2070 1609 bat.
2115 1554 2255 1622 Quid
2286 1554 2469 1615 vultis,
2504 1556 2559 1606 in
2616 1556 2773 1619 virga
2820 1554 3031 1604 veniam
3062 1550 3135 1603 ad
3193 1564 3306 1615 vos,
3338 1564 3411 1602 an
3439 1550 3496 1602 in
3526 1549 3654 1601 cha-

1955 1647 2121 1699 ritate
2150 1646 2179 1699 ?
2210 1645 2255 1711 (ι
2284 1644 2405 1699 Cor.
2435 1644 2533 1710 ιν.)

2027 1734 2240 1803 (ΟΚΙΟ.)
2299 1733 2508 1788 Omnes
2568 1729 2855 1801 principes
2904 1728 3162 1782 tribuum
3206 1742 3432 1780 necesse
3474 1730 3559 1779 est
3592 1730 3655 1780 ut

1955 1823 2203 1877 habeant
2232 1821 2438 1891 virgas,
2485 1826 2803 1888 etc.,usque
2860 1818 2934 1871 ad
2982 1823 3038 1871 et
3084 1832 3213 1870 cum
3269 1815 3508 1869 nucibus
3564 1832 3651 1867 sa-

1954 1911 2330 1967 cerdotalium
2362 1925 2659 1981 pomorum
2686 1908 2907 1978 copiam
2939 1905 3241 1960 invenisse.

2024 2002 2185 2055 Vens.
2216 2004 2269 2053 5.
2326 2030 2390 2038 —
2436 1997 2772 2053 Geminabit
2817 1999 2994 2062 virga.
3057 1995 3259 2062 (Omo.,
3290 1993 3385 2046 ubi
3440 1991 3651 2062 supra.)

1955 2091 2138 2144 Unum
2172 2090 2416 2143 fructum
2447 2085 2706 2157 promisit
2741 2086 2887 2138 Deus
2918 2084 2975 2137 in
3002 2084 3163 2153 virga
3183 2089 3240 2136 et
3270 2081 3427 2136 dedit
3464 2082 3647 2151 plura,

1952 2183 2083 2242 etc.,
2126 2192 2293 2246 usque
2321 2176 2395 2229 ad
2425 2175 2520 2229 sed
2552 2190 2680 2245 quas
2709 2173 2769 2227 in
2790 2174 2912 2225 sola
2950 2171 3230 2241 sapientia
3259 2170 3646 2224 continentur.

2023 2268 2181 2320 Vens.
2209 2268 2261 2320 8.
2291 2296 2358 2305 ——
2384 2266 2603 2318 Invenit
2631 2264 2961 2330 germinasse
3015 2263 3247 2327 virgam,
3276 2266 3382 2312 etc.
3443 2259 3643 2327 (‘)RIG.,

1950 2356 2046 2409 ubi
2069 2355 2282 2425 supra.)
2327 2354 2466 2408 Cum
2522 2352 2896 2405 sacerdotium
2926 2354 3137 2413 Aaron,
3196 2355 3329 2414 etc.,
3360 2362 3528 2417 usque
3552 2347 3645 2409 ad,

1953 2446 2047 2498 sed
2080 2449 2275 2498 nostra
2324 2443 2507 2497 adhuc
2561 2456 2800 2509 corpora
2856 2455 3038 2509 usque
3126 2437 3187 2490 in
3218 2437 3393 2491 tinem
3445 2434 3647 2499 mundi

1950 2534 2220 2589 diﬁ‘erunt
2249 2549 2281 2586 a
2310 2532 2492 2602 gloria
2530 2528 2981 2584 resurrectionis.

2023 2624 2154 2691 (11).)
2184 2622 2353 2692 Virga
2384 2620 2541 2674 arida
2582 2618 2885 2689 germinat,
2954 2621 3088 2680 etc.,
3139 2629 3307 2684 usque
3353 2612 3426 2666 ad
3454 2625 3650 2680 corpo-

1950 2713 2026 2766 ris
2054 2712 2116 2766 in
2135 2709 2552 2765 resurrectione
2606 2704 2975 2775 germinabit.

2029 2803 2281 2870 Virgam.
2359 2800 2575 2866 (Cana,
2628 2796 2724 2851 lib.
2776 2812 2828 2850 IV
2894 2794 3106 2860 Moral.,
3163 2807 3287 2861 cap.
3344 2791 3454 2855 29.)
3512 2789 3645 2843 Car-

1948 2906 2081 2944 nem
2113 2888 2339 2951 Christi,
2372 2902 2501 2958 qnaa
2532 2886 2599 2940 de
2629 2885 2817 2939 radice
2850 2885 3003 2938 Jesse
3058 2880 3270 2935 succisa
3302 2884 3360 2932 et
3396 2876 3647 2932 mortiﬁ-

1947 2980 2091 3043 cata,
2123 2980 2251 3041 etc.,
2287 2989 2457 3042 usque
2501 2973 2575 3027 ad
2620 2987 2830 3026 corona
2887 2974 3222 3041 martyrum,
3273 2965 3457 3038 gratia
3511 2979 3642 3018 con-

1943 3065 2271 3122 tinentium.

2019 3151 2395 3220 Turgentibus,
2442 3153 2547 3203 etc.
2606 3148 2811 3219 (Οῐιια.)
2871 3149 2983 3203 Hac
3020 3162 3155 3201 vero
3205 3144 3445 3209 ratione,
3508 3145 3638 3203 etc.,

1942 3255 2111 3310 usque
2148 3239 2222 3293 ad
2255 3238 2353 3292 sed
2408 3237 2721 3291 secundum
2786 3237 3137 3307 Scripturam
3170 3235 3228 3289 in
3275 3233 3430 3288 mille
3477 3245 3644 3301 gene-

1941 3328 2208 3384 rationes.

2014 3418 2219 3484 (Omc.,
2247 3416 2342 3470 ubi
2371 3416 2584 3485 supra.)
2617 3417 2925 3469 Possumus
2979 3412 3150 3468 etiam
3192 3411 3270 3466 sic
3319 3408 3643 3478 intelligere

1940 3522 2163 3571 eorum,
2197 3509 2325 3571 etc.,
2359 3520 2528 3574 usque
2552 3504 2626 3557 ad
2664 3504 2762 3574 qui
2827 3507 2960 3557 sunt
3012 3501 3274 3566 charitas,
3342 3497 3641 3571 gaudium,

1941 3612 2049 3666 pax
2090 3600 2145 3649 et
2172 3597 2391 3647 craterae
2419 3593 2656 3646 virtutes
2686 3592 2824 3662 (Gal.
2876 3602 2948 3656 V).

2542 3698 2766 3753 CAPUT
2793 3697 2973 3752 XVIII.

2012 3808 2192 3877 (RAB.,
2226 3810 2282 3859 in
2336 3805 2515 3871 Nam,
2594 3808 2731 3858 tom.
2786 3802 2876 3871 II.)
2936 3803 3095 3856 Vens.
3161 3804 3207 3856 l.
3272 3799 3523 3852 -Tuet
3559 3796 3641 3850 Fi-

1942 3897 2024 3961 lii,
2052 3900 2156 3949 etc.
2181 3894 2306 3948 Alia
2332 3894 2541 3958 littera,
2571 3898 2700 3960 etc.,
2732 3907 2901 3961 usque
2961 3890 3036 3944 ad
3058 3895 3115 3944 et
3170 3887 3456 3959 pertinere
3506 3884 3643 3940 dicit

1940 3985 2013 4039 ad
2046 3983 2397 4038 sacerdotem
2411 4023 2424 4037 .

2015 4075 2189 4143 (0am.
2224 4073 2364 4126 hom.
2420 4072 2483 4124 tO
2548 4073 2606 4124 in
2643 4068 2822 4136 Num.)
2856 4067 2981 4123 Alia
3022 4066 3234 4133 littera,
3286 4067 3413 4130 etc.,
3473 4076 3643 4132 usque

1941 4164 2015 4217 ad
2046 4160 2440 4216 remissionem
2472 4162 2829 4230 peccatorum
2861 4155 3188 4229 signiﬁcari.

2013 4251 2138 4320 (Ιυ.)
2168 4247 2594 4319 Jesuspontifex
2634 4251 2848 4314 noster,
2909 4252 3035 4311 etc.,
3092 4260 3261 4316 usque
3303 4243 3378 4299 ad
3408 4240 3512 4296 scit
3540 4257 3642 4296 nos

1942 4342 2087 4395 Deus
2138 4339 2374 4393 idoneos
2412 4354 2528 4392 non
2571 4352 2692 4391 esse
2716 4334 3011 4406 martyrio.

2016 4429 2147 4497 (10.)
2192 4426 2574 4491 Quaerendum
2625 4430 2708 4479 est
2771 4424 3059 4496 quomodo
3108 4422 3289 4495 aliqui
3345 4420 3523 4477 sancti
3554 4418 3641 4473 di-

1944 4522 2164 4581 cantur,
2197 4520 2326 4581 etc.,
2361 4531 2530 4585 usque
2581 4514 2655 4568 ad
2698 4519 2922 4568 sanctus
2951 4513 3105 4567 enim
3136 4517 3235 4578 est,
3294 4512 3394 4584 qui
3450 4526 3644 4584 pecca-

1944 4612 2067 4662 tum
2098 4621 2265 4659 suum
2297 4621 2401 4676 per
2428 4603 2755 4675 pontiﬁcem
2777 4607 2952 4656 curat.

2018 4696 2177 4748 Vens.
2211 4698 2263 4748 7.
2316 4724 2383 4733 --
2436 4692 2519 4747 Tu
2554 4696 2732 4746 autem
2797 4696 2847 4746 et
2874 4693 2996 4761 ﬁlii.
3059 4692 3180 4763 (Io.,
3214 4693 3353 4747 hom.
3394 4692 3500 4761 t6.)
3522 4692 3646 4746 Alia

1947 4783 2159 4850 littera,
2184 4788 2315 4848 etc.,
2343 4797 2513 4851 usque
2532 4781 2606 4835 ad
2637 4796 2766 4852 quae
2794 4780 2841 4834 si
2871 4780 3015 4835 bene
3044 4782 3369 4836 excolamus
3393 4780 3641 4835 fructum

1947 4872 2075 4926 vita:
2106 4871 2345 4926 aﬁ‘erent
2375 4869 2555 4924 nobis.

2015 4962 2093 5014 Tu
2121 4963 2299 5013 autem
2341 4964 2391 5013 et
2418 4958 2548 5029 'ﬁlii
2580 4961 2678 5013 tui.
2721 4957 3055 5027 Allegorice.
3117 4957 3488 5013 Pertectiores
3536 4958 3645 5012 scio

1949 5049 2079 5103 licet
2129 5047 2186 5102 in
2238 5047 2497 5110 Ecclesia,
2559 5048 2737 5102 sancti
2793 5048 3066 5112 doctores,
3103 5063 3348 5119 quorum
3396 5047 3646 5102 ofﬁcium

1950 5142 2034 5192 est
2087 5142 2442 5192 sacramenta
2471 5136 2662 5191 divina
2740 5136 3002 5209 manibus
3078 5140 3451 5200 contrectare,
3517 5154 3649 5191 vasa

1952 5231 2159 5292 sancta,
2192 5226 2249 5280 id
2287 5231 2370 5280 est
2423 5227 2728 5295 Scriptura:
2786 5225 3241 5295 mysticaverba
3289 5226 3563 5281 ventilare
3594 5240 3650 5282 et

1952 5318 2024 5372 ad
2047 5318 2416 5373 intellectum
2490 5318 2797 5387 perducere
2860 5318 2929 5387 (II
3012 5320 3146 5373 Par.
3196 5318 3368 5385 xxvi).
3434 5316 3651 5370 Caetera

1952 5412 2143 5463 autem
2175 5407 2345 5461 turba
2375 5406 2684 5461 meditetur
2712 5405 3018 5475 diligenter
3054 5422 3185 5478 quae
3207 5422 3408 5477 capere
3444 5408 3649 5477 potest,
3696 5474 3700 5477 Ι

1953 5501 2008 5551 et
2033 5512 2162 5568 quas
2190 5495 2598 5567 magistrorum
2622 5494 2885 5551 discretio
2908 5495 3091 5566 jubet.

2026 5587 2233 5657 Siquis
2261 5590 2531 5653 externus,
2599 5589 2705 5641 etc.
2780 5586 2902 5640 Non
2928 5585 2997 5640 de
3073 5584 3227 5643 tribu
3285 5585 3432 5639 Levi.
3493 5583 3655 5639 Ozias
