  <div class='ocr_page' id='page_1' title='image "/cluster/home/n/w/nwhite01/storage/ocr_20150623/113/hvd.32044054759782/209.png"; bbox 0 0 4038 6180; ppageno 0'>
   <div class='ocr_carea' id='block_1_1' title="bbox 296 232 397 289">
    <p class='ocr_par' dir='ltr' id='par_1_1' title="bbox 296 232 397 289">
     <span class='ocr_line' id='line_1_1' title="bbox 296 232 397 289; baseline -0.01 0"><span class='ocrx_word' id='word_1_1' title='bbox 296 232 397 289; x_wconf 81' lang='grc'><strong>407</strong></span> 
     </span>
    </p>
   </div>
   <div class='ocr_carea' id='block_1_2' title="bbox 923 218 3179 288">
    <p class='ocr_par' dir='ltr' id='par_1_2' title="bbox 923 218 3179 288">
     <span class='ocr_line' id='line_1_2' title="bbox 923 218 3179 288; baseline -0.005 -1"><span class='ocrx_word' id='word_1_2' title='bbox 923 231 1318 288; x_wconf 80' lang='lat' dir='ltr'><strong>WALAFRIDI</strong></span> <span class='ocrx_word' id='word_1_3' title='bbox 1359 230 1607 288; x_wconf 76' lang='lat' dir='ltr'><strong>STRABI</strong></span> <span class='ocrx_word' id='word_1_4' title='bbox 1649 229 1844 285; x_wconf 79' lang='lat' dir='ltr'><strong>FULD.</strong></span> <span class='ocrx_word' id='word_1_5' title='bbox 1890 227 2054 284; x_wconf 74' lang='grc' dir='ltr'><strong>ΜΟΝ.</strong></span> <span class='ocrx_word' id='word_1_6' title='bbox 2102 226 2254 284; x_wconf 83' lang='grc' dir='ltr'><strong>ΟΡΡ.</strong></span> <span class='ocrx_word' id='word_1_7' title='bbox 2301 225 2475 282; x_wconf 78' lang='lat' dir='ltr'><strong>PARS</strong></span> <span class='ocrx_word' id='word_1_8' title='bbox 2516 226 2558 282; x_wconf 88' lang='lat' dir='ltr'><strong>l.</strong></span> <span class='ocrx_word' id='word_1_9' title='bbox 2601 255 2675 285; x_wconf 83' lang='lat'><strong>—-_</strong></span> <span class='ocrx_word' id='word_1_10' title='bbox 2708 218 3179 280; x_wconf 83' lang='lat' dir='ltr'><strong>THEOLOGICA.</strong></span> 
     </span>
    </p>
   </div>
   <div class='ocr_carea' id='block_1_3' title="bbox 3702 217 3813 272">
    <p class='ocr_par' dir='ltr' id='par_1_3' title="bbox 3702 217 3813 272">
     <span class='ocr_line' id='line_1_3' title="bbox 3702 217 3813 272; baseline 0 -1"><span class='ocrx_word' id='word_1_11' title='bbox 3702 217 3813 272; x_wconf 72' lang='grc'><strong>408</strong></span> 
     </span>
    </p>
   </div>
   <div class='ocr_carea' id='block_1_4' title="bbox 298 325 3811 420">
    <p class='ocr_par' dir='ltr' id='par_1_4' title="bbox 298 325 3811 420">
     <span class='ocr_line' id='line_1_4' title="bbox 298 325 3811 420; baseline -0.004 -14"><span class='ocrx_word' id='word_1_12' title='bbox 298 350 452 408; x_wconf 88' lang='lat' dir='ltr'><strong>enim</strong></span> <span class='ocrx_word' id='word_1_13' title='bbox 484 325 553 406; x_wconf 84' lang='lat' dir='ltr'><strong>de</strong></span> <span class='ocrx_word' id='word_1_14' title='bbox 579 350 728 405; x_wconf 82' lang='lat' dir='ltr'><strong>tribu</strong></span> <span class='ocrx_word' id='word_1_15' title='bbox 755 349 920 416; x_wconf 81' lang='lat' dir='ltr'><strong>Juda,</strong></span> <span class='ocrx_word' id='word_1_16' title='bbox 953 347 1089 420; x_wconf 83' lang='lat' dir='ltr'><strong>quia</strong></span> <span class='ocrx_word' id='word_1_17' title='bbox 1141 346 1434 418; x_wconf 82' lang='lat' dir='ltr'><strong>usurpavit</strong></span> <span class='ocrx_word' id='word_1_18' title='bbox 1489 345 1889 412; x_wconf 79' lang='lat' dir='ltr'><strong>sacerdotium,</strong></span> <span class='ocrx_word' id='word_1_19' title='bbox 1917 347 1995 401; x_wconf 82' lang='lat' dir='ltr'><strong>le-</strong></span> <span class='ocrx_word' id='word_1_20' title='bbox 2025 348 2072 402; x_wconf 94' lang='lat' dir='ltr'><strong>A</strong></span> <span class='ocrx_word' id='word_1_21' title='bbox 2109 348 2282 403; x_wconf 90' lang='lat' dir='ltr'><strong>storia</strong></span> <span class='ocrx_word' id='word_1_22' title='bbox 2309 347 2482 402; x_wconf 90' lang='lat' dir='ltr'><strong>etiam</strong></span> <span class='ocrx_word' id='word_1_23' title='bbox 2538 345 2842 418; x_wconf 82' lang='lat' dir='ltr'><strong>mysticum</strong></span> <span class='ocrx_word' id='word_1_24' title='bbox 2889 360 3117 400; x_wconf 90' lang='lat' dir='ltr'><strong>sensum</strong></span> <span class='ocrx_word' id='word_1_25' title='bbox 3171 341 3514 408; x_wconf 88' lang='lat' dir='ltr'><strong>introducat,</strong></span> <span class='ocrx_word' id='word_1_26' title='bbox 3555 339 3702 395; x_wconf 81' lang='lat' dir='ltr'><strong>sicut</strong></span> <span class='ocrx_word' id='word_1_27' title='bbox 3749 338 3811 394; x_wconf 90' lang='lat' dir='ltr'><strong>in</strong></span> 
     </span>
    </p>
   </div>
   <div class='ocr_carea' id='block_1_5' title="bbox 295 442 857 512">
    <p class='ocr_par' dir='ltr' id='par_1_5' title="bbox 295 442 857 512">
     <span class='ocr_line' id='line_1_5' title="bbox 295 442 857 512; baseline -0.005 -17"><span class='ocrx_word' id='word_1_28' title='bbox 295 456 401 512; x_wconf 86' lang='lat' dir='ltr'><strong>pra</strong></span> <span class='ocrx_word' id='word_1_29' title='bbox 427 455 726 510; x_wconf 88' lang='lat' dir='ltr'><strong>percussus</strong></span> <span class='ocrx_word' id='word_1_30' title='bbox 757 442 857 493; x_wconf 91' lang='lat' dir='ltr'><strong>est.</strong></span> 
     </span>
    </p>
   </div>
   <div class='ocr_carea' id='block_1_6' title="bbox 253 523 2004 607">
    <p class='ocr_par' dir='ltr' id='par_1_6' title="bbox 253 523 2004 607">
     <span class='ocr_line' id='line_1_6' title="bbox 253 523 2004 607; baseline -0.005 -23"><span class='ocrx_word' id='word_1_31' title='bbox 253 592 286 607; x_wconf 25' lang='grc' dir='ltr'><strong>ᾗ</strong></span> <span class='ocrx_word' id='word_1_32' title='bbox 368 529 528 583; x_wconf 75' lang='lat' dir='ltr'><strong>Vens.</strong></span> <span class='ocrx_word' id='word_1_33' title='bbox 553 531 605 583; x_wconf 91' lang='lat'><strong>8.</strong></span> <span class='ocrx_word' id='word_1_34' title='bbox 662 557 730 566; x_wconf 93' lang='lat'><strong>—</strong></span> <span class='ocrx_word' id='word_1_35' title='bbox 781 528 1010 582; x_wconf 78' lang='lat' dir='ltr'><strong>Locutus</strong></span> <span class='ocrx_word' id='word_1_36' title='bbox 1067 530 1144 580; x_wconf 88' lang='lat' dir='ltr'><strong>est</strong></span> <span class='ocrx_word' id='word_1_37' title='bbox 1164 524 1466 595; x_wconf 54' lang='lat' dir='ltr'><strong>:Dominus,</strong></span> <span class='ocrx_word' id='word_1_38' title='bbox 1531 527 1635 577; x_wconf 90' lang='lat' dir='ltr'><strong>etc.</strong></span> <span class='ocrx_word' id='word_1_39' title='bbox 1701 523 1879 593; x_wconf 60' lang='lat' dir='ltr'><strong>(Rea,</strong></span> <span class='ocrx_word' id='word_1_40' title='bbox 1947 524 2004 576; x_wconf 88' lang='lat' dir='ltr'><strong>in</strong></span> 
     </span>
    </p>
   </div>
   <div class='ocr_carea' id='block_1_7' title="bbox 296 612 2003 685">
    <p class='ocr_par' dir='ltr' id='par_1_7' title="bbox 296 612 2003 685">
     <span class='ocr_line' id='line_1_7' title="bbox 296 612 2003 685; baseline -0.005 -11"><span class='ocrx_word' id='word_1_41' title='bbox 296 619 484 681; x_wconf 78' lang='lat' dir='ltr'><strong>Num,</strong></span> <span class='ocrx_word' id='word_1_42' title='bbox 519 622 660 670; x_wconf 89' lang='lat' dir='ltr'><strong>tom.</strong></span> <span class='ocrx_word' id='word_1_43' title='bbox 693 617 788 685; x_wconf 86' lang='grc' dir='ltr'><strong>ΙΙ.)</strong></span> <span class='ocrx_word' id='word_1_44' title='bbox 805 616 929 669; x_wconf 85' lang='lat' dir='ltr'><strong>Alia</strong></span> <span class='ocrx_word' id='word_1_45' title='bbox 980 614 1185 680; x_wconf 75' lang='lat' dir='ltr'><strong>littera,</strong></span> <span class='ocrx_word' id='word_1_46' title='bbox 1225 618 1354 680; x_wconf 89' lang='lat' dir='ltr'><strong>etc.,</strong></span> <span class='ocrx_word' id='word_1_47' title='bbox 1394 627 1561 682; x_wconf 89' lang='lat' dir='ltr'><strong>usque</strong></span> <span class='ocrx_word' id='word_1_48' title='bbox 1614 612 1689 666; x_wconf 86' lang='lat' dir='ltr'><strong>ad</strong></span> <span class='ocrx_word' id='word_1_49' title='bbox 1745 612 2003 682; x_wconf 90' lang='lat' dir='ltr'><strong>quicum</strong></span> 
     </span>
    </p>
   </div>
   <div class='ocr_carea' id='block_1_8' title="bbox 299 701 2000 775">
    <p class='ocr_par' dir='ltr' id='par_1_8' title="bbox 299 701 2000 775">
     <span class='ocr_line' id='line_1_8' title="bbox 299 701 2000 775; baseline -0.003 -15"><span class='ocrx_word' id='word_1_50' title='bbox 299 720 525 775; x_wconf 84' lang='lat' dir='ltr'><strong>semper</strong></span> <span class='ocrx_word' id='word_1_51' title='bbox 573 703 903 758; x_wconf 86' lang='lat' dir='ltr'><strong>comedatur</strong></span> <span class='ocrx_word' id='word_1_52' title='bbox 949 718 1175 772; x_wconf 81' lang='lat' dir='ltr'><strong>semper</strong></span> <span class='ocrx_word' id='word_1_53' title='bbox 1222 707 1545 772; x_wconf 75' lang='lat' dir='ltr'><strong>permanet,</strong></span> <span class='ocrx_word' id='word_1_54' title='bbox 1585 701 1701 755; x_wconf 91' lang='lat' dir='ltr'><strong>imo</strong></span> <span class='ocrx_word' id='word_1_55' title='bbox 1739 705 2000 772; x_wconf 81' lang='lat' dir='ltr'><strong>augetur.</strong></span> 
     </span>
    </p>
   </div>
   <div class='ocr_carea' id='block_1_9' title="bbox 405 789 2003 853">
    <p class='ocr_par' dir='ltr' id='par_1_9' title="bbox 405 789 2003 853">
     <span class='ocr_line' id='line_1_9' title="bbox 405 789 2003 853; baseline -0.005 -4"><span class='ocrx_word' id='word_1_56' title='bbox 405 795 802 849; x_wconf 83' lang='lat' dir='ltr'><strong>Primitiarum.</strong></span> <span class='ocrx_word' id='word_1_57' title='bbox 882 789 1155 845; x_wconf 61' lang='lat' dir='ltr'><strong>Primitiae</strong></span> <span class='ocrx_word' id='word_1_58' title='bbox 1222 790 1493 844; x_wconf 90' lang='lat' dir='ltr'><strong>litterales</strong></span> <span class='ocrx_word' id='word_1_59' title='bbox 1564 795 2003 853; x_wconf 88' lang='lat' dir='ltr'><strong>consumuntur,</strong></span> 
     </span>
    </p>
   </div>
   <div class='ocr_carea' id='block_1_10' title="bbox 302 877 2007 953">
    <p class='ocr_par' dir='ltr' id='par_1_10' title="bbox 302 877 2007 953">
     <span class='ocr_line' id='line_1_10' title="bbox 302 877 2007 953; baseline -0.003 -17"><span class='ocrx_word' id='word_1_60' title='bbox 302 881 622 953; x_wconf 87' lang='lat' dir='ltr'><strong>spirituales</strong></span> <span class='ocrx_word' id='word_1_61' title='bbox 671 878 1088 933; x_wconf 90' lang='lat' dir='ltr'><strong>custodiuntur.</strong></span> <span class='ocrx_word' id='word_1_62' title='bbox 1151 878 1372 943; x_wconf 88' lang='lat' dir='ltr'><strong>Quanto</strong></span> <span class='ocrx_word' id='word_1_63' title='bbox 1425 877 1576 932; x_wconf 85' lang='lat' dir='ltr'><strong>enim</strong></span> <span class='ocrx_word' id='word_1_64' title='bbox 1636 879 1873 932; x_wconf 86' lang='lat' dir='ltr'><strong>verbum</strong></span> <span class='ocrx_word' id='word_1_65' title='bbox 1907 877 2007 933; x_wconf 89' lang='lat' dir='ltr'><strong>Dei</strong></span> 
     </span>
    </p>
   </div>
   <div class='ocr_carea' id='block_1_11' title="bbox 301 967 1466 1041">
    <p class='ocr_par' dir='ltr' id='par_1_11' title="bbox 301 967 1466 1041">
     <span class='ocr_line' id='line_1_11' title="bbox 301 967 1466 1041; baseline -0.004 -16"><span class='ocrx_word' id='word_1_66' title='bbox 301 970 548 1041; x_wconf 83' lang='lat' dir='ltr'><strong>amplius</strong></span> <span class='ocrx_word' id='word_1_67' title='bbox 577 967 908 1039; x_wconf 84' lang='lat' dir='ltr'><strong>sumpseris,</strong></span> <span class='ocrx_word' id='word_1_68' title='bbox 938 973 1100 1023; x_wconf 89' lang='lat' dir='ltr'><strong>tanto</strong></span> <span class='ocrx_word' id='word_1_69' title='bbox 1132 968 1466 1022; x_wconf 74' lang='lat' dir='ltr'><strong>abundabit.</strong></span> 
     </span>
    </p>
   </div>
   <div class='ocr_carea' id='block_1_12' title="bbox 375 1056 2005 1128">
    <p class='ocr_par' dir='ltr' id='par_1_12' title="bbox 375 1056 2005 1128">
     <span class='ocr_line' id='line_1_12' title="bbox 375 1056 2005 1128; baseline -0.002 -15"><span class='ocrx_word' id='word_1_70' title='bbox 375 1059 570 1114; x_wconf 83' lang='lat' dir='ltr'><strong>Omnia</strong></span> <span class='ocrx_word' id='word_1_71' title='bbox 623 1073 742 1128; x_wconf 61' lang='lat' dir='ltr'><strong>qua</strong></span> <span class='ocrx_word' id='word_1_72' title='bbox 807 1059 1219 1126; x_wconf 76' lang='lat' dir='ltr'><strong>sanctiﬁcantur</strong></span> <span class='ocrx_word' id='word_1_73' title='bbox 1261 1073 1295 1110; x_wconf 91' lang='lat' dir='ltr'><strong>a</strong></span> <span class='ocrx_word' id='word_1_74' title='bbox 1347 1059 1475 1124; x_wconf 83' lang='lat' dir='ltr'><strong>ﬁliis</strong></span> <span class='ocrx_word' id='word_1_75' title='bbox 1533 1056 1726 1112; x_wconf 82' lang='lat' dir='ltr'><strong>Israel.</strong></span> <span class='ocrx_word' id='word_1_76' title='bbox 1800 1056 2005 1126; x_wconf 79' lang='lat' dir='ltr'><strong>(ORIG.,</strong></span> 
     </span>
    </p>
   </div>
   <div class='ocr_carea' id='block_1_13' title="bbox 303 1145 2007 1215">
    <p class='ocr_par' dir='ltr' id='par_1_13' title="bbox 303 1145 2007 1215">
     <span class='ocr_line' id='line_1_13' title="bbox 303 1145 2007 1215; baseline -0.002 -13"><span class='ocrx_word' id='word_1_77' title='bbox 303 1148 445 1202; x_wconf 82' lang='lat' dir='ltr'><strong>hom.</strong></span> <span class='ocrx_word' id='word_1_78' title='bbox 475 1148 584 1215; x_wconf 95' lang='grc'><strong>11.)</strong></span> <span class='ocrx_word' id='word_1_79' title='bbox 615 1147 738 1200; x_wconf 90' lang='lat' dir='ltr'><strong>Alia</strong></span> <span class='ocrx_word' id='word_1_80' title='bbox 785 1145 992 1210; x_wconf 87' lang='lat' dir='ltr'><strong>littera,</strong></span> <span class='ocrx_word' id='word_1_81' title='bbox 1027 1152 1114 1200; x_wconf 91' lang='lat' dir='ltr'><strong>etc</strong></span> <span class='ocrx_word' id='word_1_82' title='bbox 1142 1187 1156 1213; x_wconf 93' lang='lat'><strong>,</strong></span> <span class='ocrx_word' id='word_1_83' title='bbox 1189 1161 1359 1215; x_wconf 83' lang='lat' dir='ltr'><strong>usque</strong></span> <span class='ocrx_word' id='word_1_84' title='bbox 1401 1146 1474 1200; x_wconf 89' lang='lat' dir='ltr'><strong>ad</strong></span> <span class='ocrx_word' id='word_1_85' title='bbox 1527 1162 1640 1200; x_wconf 82' lang='lat' dir='ltr'><strong>non</strong></span> <span class='ocrx_word' id='word_1_86' title='bbox 1692 1145 2007 1199; x_wconf 85' lang='lat' dir='ltr'><strong>sanctiﬁca-</strong></span> 
     </span>
    </p>
   </div>
   <div class='ocr_carea' id='block_1_14' title="bbox 304 1234 1350 1304">
    <p class='ocr_par' dir='ltr' id='par_1_14' title="bbox 304 1234 1350 1304">
     <span class='ocr_line' id='line_1_14' title="bbox 304 1234 1350 1304; baseline -0.001 -14"><span class='ocrx_word' id='word_1_87' title='bbox 304 1241 420 1298; x_wconf 86' lang='lat' dir='ltr'><strong>tur,</strong></span> <span class='ocrx_word' id='word_1_88' title='bbox 458 1251 561 1290; x_wconf 90' lang='lat' dir='ltr'><strong>nec</strong></span> <span class='ocrx_word' id='word_1_89' title='bbox 582 1234 730 1288; x_wconf 90' lang='lat' dir='ltr'><strong>inter</strong></span> <span class='ocrx_word' id='word_1_90' title='bbox 749 1234 1032 1304; x_wconf 80' lang='lat' dir='ltr'><strong>primitias</strong></span> <span class='ocrx_word' id='word_1_91' title='bbox 1060 1235 1350 1304; x_wconf 82' lang='lat' dir='ltr'><strong>recipitur.</strong></span> 
     </span>
    </p>
   </div>
   <div class='ocr_carea' id='block_1_15' title="bbox 379 1322 2011 1394">
    <p class='ocr_par' dir='ltr' id='par_1_15' title="bbox 379 1322 2011 1394">
     <span class='ocr_line' id='line_1_15' title="bbox 379 1322 2011 1394; baseline -0.001 -15"><span class='ocrx_word' id='word_1_92' title='bbox 379 1323 588 1394; x_wconf 59' lang='lat'><strong>(01116.)</strong></span> <span class='ocrx_word' id='word_1_93' title='bbox 623 1322 856 1376; x_wconf 84' lang='lat' dir='ltr'><strong>Videtur</strong></span> <span class='ocrx_word' id='word_1_94' title='bbox 904 1327 1093 1377; x_wconf 91' lang='lat' dir='ltr'><strong>autem</strong></span> <span class='ocrx_word' id='word_1_95' title='bbox 1147 1323 1464 1378; x_wconf 91' lang='lat' dir='ltr'><strong>secundum</strong></span> <span class='ocrx_word' id='word_1_96' title='bbox 1533 1323 1782 1378; x_wconf 86' lang='lat' dir='ltr'><strong>litteram</strong></span> <span class='ocrx_word' id='word_1_97' title='bbox 1823 1339 2011 1394; x_wconf 83' lang='lat' dir='ltr'><strong>prose-</strong></span> 
     </span>
    </p>
   </div>
   <div class='ocr_carea' id='block_1_16' title="bbox 309 1411 2011 1483">
    <p class='ocr_par' dir='ltr' id='par_1_16' title="bbox 309 1411 2011 1483">
     <span class='ocr_line' id='line_1_16' title="bbox 309 1411 2011 1483; baseline 0 -16"><span class='ocrx_word' id='word_1_98' title='bbox 309 1414 454 1483; x_wconf 87' lang='lat' dir='ltr'><strong>lytos</strong></span> <span class='ocrx_word' id='word_1_99' title='bbox 482 1411 800 1477; x_wconf 86' lang='lat' dir='ltr'><strong>excludere,</strong></span> <span class='ocrx_word' id='word_1_100' title='bbox 851 1417 982 1477; x_wconf 90' lang='lat' dir='ltr'><strong>etc.,</strong></span> <span class='ocrx_word' id='word_1_101' title='bbox 1021 1427 1188 1480; x_wconf 85' lang='lat' dir='ltr'><strong>usque</strong></span> <span class='ocrx_word' id='word_1_102' title='bbox 1222 1412 1296 1465; x_wconf 84' lang='lat' dir='ltr'><strong>ad</strong></span> <span class='ocrx_word' id='word_1_103' title='bbox 1333 1412 1433 1482; x_wconf 90' lang='lat' dir='ltr'><strong>qui</strong></span> <span class='ocrx_word' id='word_1_104' title='bbox 1460 1412 1677 1466; x_wconf 89' lang='lat' dir='ltr'><strong>faciunt</strong></span> <span class='ocrx_word' id='word_1_105' title='bbox 1732 1418 1919 1483; x_wconf 86' lang='lat' dir='ltr'><strong>patres</strong></span> <span class='ocrx_word' id='word_1_106' title='bbox 1951 1412 2011 1467; x_wconf 90' lang='lat' dir='ltr'><strong>in</strong></span> 
     </span>
    </p>
   </div>
   <div class='ocr_carea' id='block_1_17' title="bbox 315 1497 902 1557">
    <p class='ocr_par' dir='ltr' id='par_1_17' title="bbox 315 1497 902 1557">
     <span class='ocr_line' id='line_1_17' title="bbox 315 1497 902 1557; baseline -0.009 0"><span class='ocrx_word' id='word_1_107' title='bbox 315 1499 620 1557; x_wconf 86' lang='lat' dir='ltr'><strong>Ecclesiam</strong></span> <span class='ocrx_word' id='word_1_108' title='bbox 645 1497 902 1552; x_wconf 86' lang='lat' dir='ltr'><strong>introire.</strong></span> 
     </span>
    </p>
   </div>
   <div class='ocr_carea' id='block_1_18' title="bbox 383 1586 2011 1660">
    <p class='ocr_par' dir='ltr' id='par_1_18' title="bbox 383 1586 2011 1660">
     <span class='ocr_line' id='line_1_18' title="bbox 383 1586 2011 1660; baseline 0.002 -18"><span class='ocrx_word' id='word_1_109' title='bbox 383 1588 500 1660; x_wconf 80' lang='lat'><strong>(10.)</strong></span> <span class='ocrx_word' id='word_1_110' title='bbox 543 1589 654 1642; x_wconf 88' lang='lat' dir='ltr'><strong>Ter</strong></span> <span class='ocrx_word' id='word_1_111' title='bbox 698 1586 873 1641; x_wconf 89' lang='lat' dir='ltr'><strong>etiam</strong></span> <span class='ocrx_word' id='word_1_112' title='bbox 927 1586 987 1641; x_wconf 92' lang='lat' dir='ltr'><strong>in</strong></span> <span class='ocrx_word' id='word_1_113' title='bbox 1044 1603 1194 1642; x_wconf 92' lang='lat' dir='ltr'><strong>anno</strong></span> <span class='ocrx_word' id='word_1_114' title='bbox 1243 1604 1516 1660; x_wconf 87' lang='lat' dir='ltr'><strong>apparere</strong></span> <span class='ocrx_word' id='word_1_115' title='bbox 1548 1589 1783 1660; x_wconf 89' lang='lat' dir='ltr'><strong>jubetur</strong></span> <span class='ocrx_word' id='word_1_116' title='bbox 1841 1606 2011 1645; x_wconf 89' lang='lat' dir='ltr'><strong>omne</strong></span> 
     </span>
    </p>
   </div>
   <div class='ocr_carea' id='block_1_19' title="bbox 313 1675 1700 1749">
    <p class='ocr_par' dir='ltr' id='par_1_19' title="bbox 313 1675 1700 1749">
     <span class='ocr_line' id='line_1_19' title="bbox 313 1675 1700 1749; baseline 0.003 -19"><span class='ocrx_word' id='word_1_117' title='bbox 313 1675 722 1744; x_wconf 88' lang='lat' dir='ltr'><strong>masculinum,</strong></span> <span class='ocrx_word' id='word_1_118' title='bbox 753 1692 870 1730; x_wconf 91' lang='lat' dir='ltr'><strong>non</strong></span> <span class='ocrx_word' id='word_1_119' title='bbox 900 1675 1245 1731; x_wconf 84' lang='lat' dir='ltr'><strong>femininum</strong></span> <span class='ocrx_word' id='word_1_120' title='bbox 1277 1679 1471 1747; x_wconf 63' lang='lat' dir='ltr'><strong>(Exod.</strong></span> <span class='ocrx_word' id='word_1_121' title='bbox 1519 1681 1700 1749; x_wconf 84' lang='lat' dir='ltr'><strong>xxm).</strong></span> 
     </span>
    </p>
   </div>
   <div class='ocr_carea' id='block_1_20' title="bbox 382 1763 2016 1834">
    <p class='ocr_par' dir='ltr' id='par_1_20' title="bbox 382 1763 2016 1834">
     <span class='ocr_line' id='line_1_20' title="bbox 382 1763 2016 1834; baseline -0.001 -15"><span class='ocrx_word' id='word_1_122' title='bbox 382 1765 433 1819; x_wconf 84' lang='lat' dir='ltr'><strong>A</strong></span> <span class='ocrx_word' id='word_1_123' title='bbox 472 1764 626 1834; x_wconf 81' lang='lat' dir='ltr'><strong>ﬁliis,</strong></span> <span class='ocrx_word' id='word_1_124' title='bbox 657 1779 771 1817; x_wconf 92' lang='lat' dir='ltr'><strong>non</strong></span> <span class='ocrx_word' id='word_1_125' title='bbox 799 1780 833 1817; x_wconf 93' lang='lat' dir='ltr'><strong>a</strong></span> <span class='ocrx_word' id='word_1_126' title='bbox 861 1763 1105 1818; x_wconf 91' lang='lat' dir='ltr'><strong>ﬁliabus.</strong></span> <span class='ocrx_word' id='word_1_127' title='bbox 1138 1765 1262 1820; x_wconf 90' lang='lat' dir='ltr'><strong>Non</strong></span> <span class='ocrx_word' id='word_1_128' title='bbox 1292 1767 1445 1820; x_wconf 90' lang='lat' dir='ltr'><strong>enim</strong></span> <span class='ocrx_word' id='word_1_129' title='bbox 1493 1767 1672 1822; x_wconf 88' lang='lat' dir='ltr'><strong>otiose</strong></span> <span class='ocrx_word' id='word_1_130' title='bbox 1718 1766 1856 1821; x_wconf 86' lang='lat' dir='ltr'><strong>alibi</strong></span> <span class='ocrx_word' id='word_1_131' title='bbox 1913 1782 2016 1819; x_wconf 86' lang='lat' dir='ltr'><strong>no-</strong></span> 
     </span>
    </p>
   </div>
   <div class='ocr_carea' id='block_1_21' title="bbox 316 1851 2019 1921">
    <p class='ocr_par' dir='ltr' id='par_1_21' title="bbox 316 1851 2019 1921">
     <span class='ocr_line' id='line_1_21' title="bbox 316 1851 2019 1921; baseline 0.001 -14"><span class='ocrx_word' id='word_1_132' title='bbox 316 1853 500 1907; x_wconf 89' lang='lat' dir='ltr'><strong>minat</strong></span> <span class='ocrx_word' id='word_1_133' title='bbox 529 1867 659 1906; x_wconf 90' lang='lat' dir='ltr'><strong>cum</strong></span> <span class='ocrx_word' id='word_1_134' title='bbox 702 1851 837 1906; x_wconf 87' lang='lat' dir='ltr'><strong>ﬁliis</strong></span> <span class='ocrx_word' id='word_1_135' title='bbox 867 1852 1040 1906; x_wconf 90' lang='lat' dir='ltr'><strong>etiam</strong></span> <span class='ocrx_word' id='word_1_136' title='bbox 1062 1852 1231 1921; x_wconf 88' lang='lat' dir='ltr'><strong>ﬁlias,</strong></span> <span class='ocrx_word' id='word_1_137' title='bbox 1265 1855 1400 1910; x_wconf 89' lang='lat' dir='ltr'><strong>alibi</strong></span> <span class='ocrx_word' id='word_1_138' title='bbox 1434 1855 1685 1910; x_wconf 85' lang='lat' dir='ltr'><strong>ﬁliarum</strong></span> <span class='ocrx_word' id='word_1_139' title='bbox 1739 1871 1854 1909; x_wconf 91' lang='lat' dir='ltr'><strong>non</strong></span> <span class='ocrx_word' id='word_1_140' title='bbox 1885 1853 2019 1909; x_wconf 88' lang='lat' dir='ltr'><strong>facit</strong></span> 
     </span>
    </p>
   </div>
   <div class='ocr_carea' id='block_1_22' title="bbox 317 1933 2016 2014">
    <p class='ocr_par' dir='ltr' id='par_1_22' title="bbox 317 1933 2016 2014">
     <span class='ocr_line' id='line_1_22' title="bbox 317 1933 2016 2014; baseline 0.001 -18"><span class='ocrx_word' id='word_1_141' title='bbox 317 1933 670 1996; x_wconf 84' lang='lat' dir='ltr'><strong>mentionem</strong></span> <span class='ocrx_word' id='word_1_142' title='bbox 728 1943 864 2007; x_wconf 63' lang='lat' dir='ltr'><strong>Quae</strong></span> <span class='ocrx_word' id='word_1_143' title='bbox 907 1948 1100 1996; x_wconf 90' lang='lat' dir='ltr'><strong>tamen</strong></span> <span class='ocrx_word' id='word_1_144' title='bbox 1159 1944 1477 2014; x_wconf 87' lang='lat' dir='ltr'><strong>specialiter</strong></span> <span class='ocrx_word' id='word_1_145' title='bbox 1523 1960 1639 1998; x_wconf 91' lang='lat' dir='ltr'><strong>non</strong></span> <span class='ocrx_word' id='word_1_146' title='bbox 1677 1944 1749 1998; x_wconf 91' lang='lat' dir='ltr'><strong>ad</strong></span> <span class='ocrx_word' id='word_1_147' title='bbox 1799 1960 2016 2011; x_wconf 81' lang='lat' dir='ltr'><strong>sexum,</strong></span> 
     </span>
    </p>
   </div>
   <div class='ocr_carea' id='block_1_23' title="bbox 317 2031 1782 2088">
    <p class='ocr_par' dir='ltr' id='par_1_23' title="bbox 317 2031 1782 2088">
     <span class='ocr_line' id='line_1_23' title="bbox 317 2031 1782 2088; baseline 0.002 -3"><span class='ocrx_word' id='word_1_148' title='bbox 317 2032 415 2086; x_wconf 90' lang='lat' dir='ltr'><strong>sed</strong></span> <span class='ocrx_word' id='word_1_149' title='bbox 437 2032 506 2085; x_wconf 90' lang='lat' dir='ltr'><strong>ad</strong></span> <span class='ocrx_word' id='word_1_150' title='bbox 529 2031 929 2086; x_wconf 84' lang='lat' dir='ltr'><strong>discretionem</strong></span> <span class='ocrx_word' id='word_1_151' title='bbox 960 2032 1281 2087; x_wconf 88' lang='lat' dir='ltr'><strong>animarum</strong></span> <span class='ocrx_word' id='word_1_152' title='bbox 1302 2033 1600 2088; x_wconf 87' lang='lat' dir='ltr'><strong>referenda</strong></span> <span class='ocrx_word' id='word_1_153' title='bbox 1629 2038 1782 2088; x_wconf 90' lang='lat' dir='ltr'><strong>sunt.</strong></span> 
     </span>
    </p>
   </div>
   <div class='ocr_carea' id='block_1_24' title="bbox 388 2118 2020 2191">
    <p class='ocr_par' dir='ltr' id='par_1_24' title="bbox 388 2118 2020 2191">
     <span class='ocr_line' id='line_1_24' title="bbox 388 2118 2020 2191; baseline -0.001 -17"><span class='ocrx_word' id='word_1_154' title='bbox 388 2119 514 2189; x_wconf 85' lang='lat' dir='ltr'><strong>(Io.l</strong></span> <span class='ocrx_word' id='word_1_155' title='bbox 567 2119 802 2174; x_wconf 88' lang='lat' dir='ltr'><strong>Difﬁcile</strong></span> <span class='ocrx_word' id='word_1_156' title='bbox 846 2119 1102 2174; x_wconf 86' lang='lat' dir='ltr'><strong>invenies</strong></span> <span class='ocrx_word' id='word_1_157' title='bbox 1159 2125 1404 2187; x_wconf 89' lang='lat' dir='ltr'><strong>sanctos,</strong></span> <span class='ocrx_word' id='word_1_158' title='bbox 1456 2121 1664 2191; x_wconf 89' lang='lat' dir='ltr'><strong>quibus</strong></span> <span class='ocrx_word' id='word_1_159' title='bbox 1715 2121 1863 2174; x_wconf 88' lang='lat' dir='ltr'><strong>Deus</strong></span> <span class='ocrx_word' id='word_1_160' title='bbox 1904 2118 2020 2174; x_wconf 81' lang='lat' dir='ltr'><strong>exi-</strong></span> 
     </span>
    </p>
   </div>
   <div class='ocr_carea' id='block_1_25' title="bbox 321 2207 2022 2278">
    <p class='ocr_par' dir='ltr' id='par_1_25' title="bbox 321 2207 2022 2278">
     <span class='ocr_line' id='line_1_25' title="bbox 321 2207 2022 2278; baseline 0.001 -17"><span class='ocrx_word' id='word_1_161' title='bbox 321 2207 502 2262; x_wconf 87' lang='lat' dir='ltr'><strong>mium</strong></span> <span class='ocrx_word' id='word_1_162' title='bbox 528 2207 780 2277; x_wconf 63' lang='lat' dir='ltr'><strong>praebeat</strong></span> <span class='ocrx_word' id='word_1_163' title='bbox 815 2207 1209 2263; x_wconf 87' lang='lat' dir='ltr'><strong>testimonium</strong></span> <span class='ocrx_word' id='word_1_164' title='bbox 1239 2209 1386 2264; x_wconf 87' lang='lat' dir='ltr'><strong>ﬁlias</strong></span> <span class='ocrx_word' id='word_1_165' title='bbox 1417 2208 1704 2278; x_wconf 85' lang='lat' dir='ltr'><strong>genuisse,</strong></span> <span class='ocrx_word' id='word_1_166' title='bbox 1736 2208 2022 2263; x_wconf 88' lang='lat' dir='ltr'><strong>Abraham</strong></span> 
     </span>
    </p>
   </div>
   <div class='ocr_carea' id='block_1_26' title="bbox 321 2296 2024 2366">
    <p class='ocr_par' dir='ltr' id='par_1_26' title="bbox 321 2296 2024 2366">
     <span class='ocr_line' id='line_1_26' title="bbox 321 2296 2024 2366; baseline 0.001 -18"><span class='ocrx_word' id='word_1_167' title='bbox 321 2302 378 2349; x_wconf 90' lang='lat' dir='ltr'><strong>et</strong></span> <span class='ocrx_word' id='word_1_168' title='bbox 409 2296 561 2349; x_wconf 88' lang='lat' dir='ltr'><strong>Isaac</strong></span> <span class='ocrx_word' id='word_1_169' title='bbox 613 2312 729 2350; x_wconf 91' lang='lat' dir='ltr'><strong>non</strong></span> <span class='ocrx_word' id='word_1_170' title='bbox 787 2301 1112 2366; x_wconf 81' lang='lat' dir='ltr'><strong>genuerunt</strong></span> <span class='ocrx_word' id='word_1_171' title='bbox 1166 2297 1333 2351; x_wconf 89' lang='lat' dir='ltr'><strong>ﬁlias.</strong></span> <span class='ocrx_word' id='word_1_172' title='bbox 1384 2297 1548 2352; x_wconf 91' lang='lat' dir='ltr'><strong>Solus</strong></span> <span class='ocrx_word' id='word_1_173' title='bbox 1607 2297 1778 2351; x_wconf 81' lang='lat' dir='ltr'><strong>Jacob</strong></span> <span class='ocrx_word' id='word_1_174' title='bbox 1847 2312 2024 2350; x_wconf 89' lang='lat' dir='ltr'><strong>unam</strong></span> 
     </span>
    </p>
   </div>
   <div class='ocr_carea' id='block_1_27' title="bbox 321 2384 2022 2456">
    <p class='ocr_par' dir='ltr' id='par_1_27' title="bbox 321 2384 2022 2456">
     <span class='ocr_line' id='line_1_27' title="bbox 321 2384 2022 2456; baseline -0.001 -17"><span class='ocrx_word' id='word_1_175' title='bbox 321 2384 498 2439; x_wconf 80' lang='lat' dir='ltr'><strong>filiam</strong></span> <span class='ocrx_word' id='word_1_176' title='bbox 530 2385 751 2456; x_wconf 81' lang='lat' dir='ltr'><strong>genuit,</strong></span> <span class='ocrx_word' id='word_1_177' title='bbox 773 2391 830 2439; x_wconf 92' lang='lat' dir='ltr'><strong>et</strong></span> <span class='ocrx_word' id='word_1_178' title='bbox 859 2385 985 2455; x_wconf 87' lang='lat' dir='ltr'><strong>ipsa</strong></span> <span class='ocrx_word' id='word_1_179' title='bbox 1031 2385 1299 2440; x_wconf 86' lang='lat' dir='ltr'><strong>fratribus</strong></span> <span class='ocrx_word' id='word_1_180' title='bbox 1328 2391 1385 2439; x_wconf 90' lang='lat' dir='ltr'><strong>et</strong></span> <span class='ocrx_word' id='word_1_181' title='bbox 1426 2385 1758 2455; x_wconf 90' lang='lat' dir='ltr'><strong>parentibus</strong></span> <span class='ocrx_word' id='word_1_182' title='bbox 1812 2401 2022 2455; x_wconf 90' lang='lat' dir='ltr'><strong>oppro-</strong></span> 
     </span>
    </p>
   </div>
   <div class='ocr_carea' id='block_1_28' title="bbox 321 2471 2022 2537">
    <p class='ocr_par' dir='ltr' id='par_1_28' title="bbox 321 2471 2022 2537">
     <span class='ocr_line' id='line_1_28' title="bbox 321 2471 2022 2537; baseline 0.001 -12"><span class='ocrx_word' id='word_1_183' title='bbox 321 2471 512 2526; x_wconf 89' lang='lat' dir='ltr'><strong>brium</strong></span> <span class='ocrx_word' id='word_1_184' title='bbox 543 2472 668 2537; x_wconf 88' lang='lat' dir='ltr'><strong>fuit,</strong></span> <span class='ocrx_word' id='word_1_185' title='bbox 700 2478 757 2527; x_wconf 90' lang='lat' dir='ltr'><strong>et</strong></span> <span class='ocrx_word' id='word_1_186' title='bbox 805 2473 1071 2527; x_wconf 68' lang='lat' dir='ltr'><strong>vindicta:</strong></span> <span class='ocrx_word' id='word_1_187' title='bbox 1117 2473 1367 2526; x_wconf 87' lang='lat' dir='ltr'><strong>furorem</strong></span> <span class='ocrx_word' id='word_1_188' title='bbox 1418 2473 1692 2526; x_wconf 84' lang='lat' dir='ltr'><strong>fratribus</strong></span> <span class='ocrx_word' id='word_1_189' title='bbox 1748 2472 2022 2527; x_wconf 82' lang='lat' dir='ltr'><strong>incitavit.</strong></span> 
     </span>
    </p>
   </div>
   <div class='ocr_carea' id='block_1_29' title="bbox 419 2561 2026 2630">
    <p class='ocr_par' dir='ltr' id='par_1_29' title="bbox 419 2561 2026 2630">
     <span class='ocr_line' id='line_1_29' title="bbox 419 2561 2026 2630; baseline 0.001 -17"><span class='ocrx_word' id='word_1_190' title='bbox 419 2561 578 2616; x_wconf 77' lang='lat' dir='ltr'><strong>Vaas.</strong></span> <span class='ocrx_word' id='word_1_191' title='bbox 646 2565 697 2615; x_wconf 92' lang='lat'><strong>9.</strong></span> <span class='ocrx_word' id='word_1_192' title='bbox 737 2591 805 2600; x_wconf 89' lang='lat'><strong><em>—</em></strong></span> <span class='ocrx_word' id='word_1_193' title='bbox 849 2565 918 2616; x_wconf 88' lang='lat' dir='ltr'><strong>Et</strong></span> <span class='ocrx_word' id='word_1_194' title='bbox 964 2562 1059 2614; x_wconf 91' lang='lat' dir='ltr'><strong>hoc</strong></span> <span class='ocrx_word' id='word_1_195' title='bbox 1129 2563 1202 2614; x_wconf 82' lang='lat' dir='ltr'><strong>sit</strong></span> <span class='ocrx_word' id='word_1_196' title='bbox 1252 2561 1400 2614; x_wconf 84' lang='lat' dir='ltr'><strong>vobis</strong></span> <span class='ocrx_word' id='word_1_197' title='bbox 1447 2577 1515 2616; x_wconf 76' lang='lat' dir='ltr'><strong>em</strong></span> <span class='ocrx_word' id='word_1_198' title='bbox 1556 2563 1640 2616; x_wconf 89' lang='lat' dir='ltr'><strong>his</strong></span> <span class='ocrx_word' id='word_1_199' title='bbox 1685 2564 2026 2630; x_wconf 80' lang='lat' dir='ltr'><strong>sanctiﬁcan-</strong></span> 
     </span>
    </p>
   </div>
   <div class='ocr_carea' id='block_1_30' title="bbox 327 2649 2021 2721">
    <p class='ocr_par' dir='ltr' id='par_1_30' title="bbox 327 2649 2021 2721">
     <span class='ocr_line' id='line_1_30' title="bbox 327 2649 2021 2721; baseline -0.002 -16"><span class='ocrx_word' id='word_1_200' title='bbox 327 2654 417 2705; x_wconf 86' lang='lat' dir='ltr'><strong>tur</strong></span> <span class='ocrx_word' id='word_1_201' title='bbox 444 2652 648 2706; x_wconf 78' lang='lat' dir='ltr'><strong>sanctis</strong></span> <span class='ocrx_word' id='word_1_202' title='bbox 688 2650 754 2704; x_wconf 91' lang='lat' dir='ltr'><strong>de</strong></span> <span class='ocrx_word' id='word_1_203' title='bbox 798 2651 1103 2719; x_wconf 81' lang='lat' dir='ltr'><strong>sacriﬁciis,</strong></span> <span class='ocrx_word' id='word_1_204' title='bbox 1177 2655 1280 2703; x_wconf 87' lang='lat' dir='ltr'><strong>etc.</strong></span> <span class='ocrx_word' id='word_1_205' title='bbox 1325 2649 1454 2717; x_wconf 78' lang='grc'>(11).)</span> <span class='ocrx_word' id='word_1_206' title='bbox 1498 2650 1742 2721; x_wconf 87' lang='lat' dir='ltr'><strong>Spiritus</strong></span> <span class='ocrx_word' id='word_1_207' title='bbox 1795 2655 2021 2706; x_wconf 87' lang='lat' dir='ltr'><strong>sanctus</strong></span> 
     </span>
    </p>
   </div>
   <div class='ocr_carea' id='block_1_31' title="bbox 326 2739 2027 2808">
    <p class='ocr_par' dir='ltr' id='par_1_31' title="bbox 326 2739 2027 2808">
     <span class='ocr_line' id='line_1_31' title="bbox 326 2739 2027 2808; baseline -0.001 -14"><span class='ocrx_word' id='word_1_208' title='bbox 326 2740 405 2794; x_wconf 92' lang='lat' dir='ltr'><strong>ita</strong></span> <span class='ocrx_word' id='word_1_209' title='bbox 433 2745 659 2795; x_wconf 87' lang='lat' dir='ltr'><strong>sanctus</strong></span> <span class='ocrx_word' id='word_1_210' title='bbox 689 2745 792 2807; x_wconf 88' lang='lat' dir='ltr'><strong>est,</strong></span> <span class='ocrx_word' id='word_1_211' title='bbox 821 2746 954 2808; x_wconf 90' lang='lat' dir='ltr'><strong>etc.,</strong></span> <span class='ocrx_word' id='word_1_212' title='bbox 1000 2755 1169 2808; x_wconf 86' lang='lat' dir='ltr'><strong>usque</strong></span> <span class='ocrx_word' id='word_1_213' title='bbox 1213 2740 1292 2795; x_wconf 90' lang='lat' dir='ltr'><strong>ad</strong></span> <span class='ocrx_word' id='word_1_214' title='bbox 1335 2739 1504 2794; x_wconf 91' lang='lat' dir='ltr'><strong>tertio</strong></span> <span class='ocrx_word' id='word_1_215' title='bbox 1537 2745 1727 2793; x_wconf 90' lang='lat' dir='ltr'><strong>autem</strong></span> <span class='ocrx_word' id='word_1_216' title='bbox 1780 2739 1905 2793; x_wconf 91' lang='lat' dir='ltr'><strong>loco</strong></span> <span class='ocrx_word' id='word_1_217' title='bbox 1959 2755 2027 2792; x_wconf 79' lang='lat' dir='ltr'><strong>ex</strong></span> 
     </span>
    </p>
   </div>
   <div class='ocr_carea' id='block_1_32' title="bbox 328 2827 1822 2897">
    <p class='ocr_par' dir='ltr' id='par_1_32' title="bbox 328 2827 1822 2897">
     <span class='ocr_line' id='line_1_32' title="bbox 328 2827 1822 2897; baseline -0.001 -14"><span class='ocrx_word' id='word_1_218' title='bbox 328 2829 431 2884; x_wconf 91' lang='lat' dir='ltr'><strong>hoc</strong></span> <span class='ocrx_word' id='word_1_219' title='bbox 460 2829 649 2883; x_wconf 88' lang='lat' dir='ltr'><strong>fructu</strong></span> <span class='ocrx_word' id='word_1_220' title='bbox 677 2828 916 2897; x_wconf 89' lang='lat' dir='ltr'><strong>diligere</strong></span> <span class='ocrx_word' id='word_1_221' title='bbox 946 2827 1124 2881; x_wconf 88' lang='lat' dir='ltr'><strong>debeo</strong></span> <span class='ocrx_word' id='word_1_222' title='bbox 1146 2827 1320 2882; x_wconf 89' lang='lat' dir='ltr'><strong>etiam</strong></span> <span class='ocrx_word' id='word_1_223' title='bbox 1349 2827 1614 2882; x_wconf 91' lang='lat' dir='ltr'><strong>inimicos</strong></span> <span class='ocrx_word' id='word_1_224' title='bbox 1645 2843 1822 2881; x_wconf 88' lang='lat' dir='ltr'><strong>meos.</strong></span> 
     </span>
    </p>
   </div>
   <div class='ocr_carea' id='block_1_33' title="bbox 2112 436 2565 509">
    <p class='ocr_par' dir='ltr' id='par_1_33' title="bbox 2112 436 2565 509">
     <span class='ocr_line' id='line_1_33' title="bbox 2112 436 2565 509; baseline 0 -18"><span class='ocrx_word' id='word_1_225' title='bbox 2112 436 2383 509; x_wconf 67' lang='lat' dir='ltr'><strong>prassenti</strong></span> <span class='ocrx_word' id='word_1_226' title='bbox 2423 437 2565 491; x_wconf 92' lang='lat' dir='ltr'><strong>loco.</strong></span> 
     </span>
    </p>
   </div>
   <div class='ocr_carea' id='block_1_34' title="bbox 2184 517 3814 596">
    <p class='ocr_par' dir='ltr' id='par_1_34' title="bbox 2184 517 3814 596">
     <span class='ocr_line' id='line_1_34' title="bbox 2184 517 3814 596; baseline -0.006 -14"><span class='ocrx_word' id='word_1_227' title='bbox 2184 529 2260 596; x_wconf 84' lang='lat' dir='ltr'><strong>(In</strong></span> <span class='ocrx_word' id='word_1_228' title='bbox 2288 524 2305 594; x_wconf 96' lang='lat'>)</span> <span class='ocrx_word' id='word_1_229' title='bbox 2341 527 2486 582; x_wconf 89' lang='lat' dir='ltr'><strong>Utile</strong></span> <span class='ocrx_word' id='word_1_230' title='bbox 2518 530 2603 580; x_wconf 89' lang='lat' dir='ltr'><strong>est</strong></span> <span class='ocrx_word' id='word_1_231' title='bbox 2632 523 2784 579; x_wconf 92' lang='lat' dir='ltr'><strong>enim</strong></span> <span class='ocrx_word' id='word_1_232' title='bbox 2819 521 3204 577; x_wconf 85' lang='lat' dir='ltr'><strong>sacerdotibus</strong></span> <span class='ocrx_word' id='word_1_233' title='bbox 3258 517 3551 591; x_wconf 86' lang='lat' dir='ltr'><strong>Evangelii</strong></span> <span class='ocrx_word' id='word_1_234' title='bbox 3607 517 3814 572; x_wconf 82' lang='lat' dir='ltr'><strong>oﬁ&#39;erre</strong></span> 
     </span>
    </p>
   </div>
   <div class='ocr_carea' id='block_1_35' title="bbox 2110 602 3807 687">
    <p class='ocr_par' dir='ltr' id='par_1_35' title="bbox 2110 602 3807 687">
     <span class='ocr_line' id='line_1_35' title="bbox 2110 602 3807 687; baseline -0.007 -16"><span class='ocrx_word' id='word_1_235' title='bbox 2110 617 2416 687; x_wconf 88' lang='lat' dir='ltr'><strong>primitias,</strong></span> <span class='ocrx_word' id='word_1_236' title='bbox 2450 602 2578 681; x_wconf 46' lang='lat' dir='ltr'><strong>etc.,</strong></span> <span class='ocrx_word' id='word_1_237' title='bbox 2611 630 2778 676; x_wconf 78' lang='lat' dir='ltr'><strong>usque</strong></span> <span class='ocrx_word' id='word_1_238' title='bbox 2824 613 2898 668; x_wconf 89' lang='lat' dir='ltr'><strong>ad</strong></span> <span class='ocrx_word' id='word_1_239' title='bbox 2957 611 3247 682; x_wconf 87' lang='lat' dir='ltr'><strong>discipulis</strong></span> <span class='ocrx_word' id='word_1_240' title='bbox 3294 614 3489 664; x_wconf 90' lang='lat' dir='ltr'><strong>autem</strong></span> <span class='ocrx_word' id='word_1_241' title='bbox 3544 606 3756 662; x_wconf 90' lang='lat' dir='ltr'><strong>dicitur</strong></span> <span class='ocrx_word' id='word_1_242' title='bbox 3794 622 3807 660; x_wconf 88' lang='lat'><strong>:</strong></span> 
     </span>
    </p>
   </div>
   <div class='ocr_carea' id='block_1_36' title="bbox 2111 695 3805 772">
    <p class='ocr_par' dir='ltr' id='par_1_36' title="bbox 2111 695 3805 772">
     <span class='ocr_line' id='line_1_36' title="bbox 2111 695 3805 772; baseline -0.006 -12"><span class='ocrx_word' id='word_1_243' title='bbox 2111 706 2216 772; x_wconf 84' lang='lat' dir='ltr'><strong>Qui</strong></span> <span class='ocrx_word' id='word_1_244' title='bbox 2268 707 2528 760; x_wconf 80' lang='lat' dir='ltr'><strong>irascitur</strong></span> <span class='ocrx_word' id='word_1_245' title='bbox 2551 707 2724 770; x_wconf 75' lang='lat' dir='ltr'><strong>fratri</strong></span> <span class='ocrx_word' id='word_1_246' title='bbox 2747 718 2864 769; x_wconf 59' lang='lat' dir='ltr'><strong>suo,</strong></span> <span class='ocrx_word' id='word_1_247' title='bbox 2894 716 3016 755; x_wconf 84' lang='lat' dir='ltr'><strong>reus</strong></span> <span class='ocrx_word' id='word_1_248' title='bbox 3054 703 3159 754; x_wconf 83' lang='lat' dir='ltr'><strong>erit</strong></span> <span class='ocrx_word' id='word_1_249' title='bbox 3207 697 3421 767; x_wconf 83' lang='lat' dir='ltr'><strong>judicio</strong></span> <span class='ocrx_word' id='word_1_250' title='bbox 3477 695 3698 765; x_wconf 78' lang='lat' dir='ltr'><strong>(Matth.</strong></span> <span class='ocrx_word' id='word_1_251' title='bbox 3733 697 3805 763; x_wconf 89' lang='lat' dir='ltr'><strong>v).</strong></span> 
     </span>
    </p>
   </div>
   <div class='ocr_carea' id='block_1_37' title="bbox 2184 785 3811 866">
    <p class='ocr_par' dir='ltr' id='par_1_37' title="bbox 2184 785 3811 866">
     <span class='ocr_line' id='line_1_37' title="bbox 2184 785 3811 866; baseline -0.008 -16"><span class='ocrx_word' id='word_1_252' title='bbox 2184 795 2306 866; x_wconf 78' lang='lat'><strong>(10.)</strong></span> <span class='ocrx_word' id='word_1_253' title='bbox 2349 793 2604 848; x_wconf 86' lang='lat' dir='ltr'><strong>Christus</strong></span> <span class='ocrx_word' id='word_1_254' title='bbox 2634 809 2737 846; x_wconf 91' lang='lat' dir='ltr'><strong>nos</strong></span> <span class='ocrx_word' id='word_1_255' title='bbox 2770 790 3012 845; x_wconf 76' lang='lat' dir='ltr'><strong>redemit</strong></span> <span class='ocrx_word' id='word_1_256' title='bbox 3038 789 3106 844; x_wconf 90' lang='lat' dir='ltr'><strong>de</strong></span> <span class='ocrx_word' id='word_1_257' title='bbox 3136 787 3434 842; x_wconf 92' lang='lat' dir='ltr'><strong>maledicto</strong></span> <span class='ocrx_word' id='word_1_258' title='bbox 3493 785 3661 855; x_wconf 88' lang='lat' dir='ltr'><strong>legis,</strong></span> <span class='ocrx_word' id='word_1_259' title='bbox 3697 799 3811 838; x_wconf 89' lang='lat' dir='ltr'><strong>non</strong></span> 
     </span>
    </p>
   </div>
   <div class='ocr_carea' id='block_1_38' title="bbox 2115 875 3817 946">
    <p class='ocr_par' dir='ltr' id='par_1_38' title="bbox 2115 875 3817 946">
     <span class='ocr_line' id='line_1_38' title="bbox 2115 875 3817 946; baseline -0.006 -7"><span class='ocrx_word' id='word_1_260' title='bbox 2115 885 2184 940; x_wconf 88' lang='lat' dir='ltr'><strong>de</strong></span> <span class='ocrx_word' id='word_1_261' title='bbox 2208 884 2506 939; x_wconf 84' lang='lat' dir='ltr'><strong>maledicto</strong></span> <span class='ocrx_word' id='word_1_262' title='bbox 2540 882 2795 937; x_wconf 89' lang='lat' dir='ltr'><strong>mandati</strong></span> <span class='ocrx_word' id='word_1_263' title='bbox 2823 882 2908 935; x_wconf 87' lang='lat' dir='ltr'><strong>vel</strong></span> <span class='ocrx_word' id='word_1_264' title='bbox 2953 878 3288 944; x_wconf 84' lang='lat' dir='ltr'><strong>testimonii,</strong></span> <span class='ocrx_word' id='word_1_265' title='bbox 3333 877 3423 931; x_wconf 87' lang='lat' dir='ltr'><strong>vel</strong></span> <span class='ocrx_word' id='word_1_266' title='bbox 3441 875 3817 946; x_wconf 85' lang='lat' dir='ltr'><strong>judiciorum,</strong></span> 
     </span>
    </p>
   </div>
   <div class='ocr_carea' id='block_1_39' title="bbox 2115 963 3818 1042">
    <p class='ocr_par' dir='ltr' id='par_1_39' title="bbox 2115 963 3818 1042">
     <span class='ocr_line' id='line_1_39' title="bbox 2115 963 3818 1042; baseline -0.008 -14"><span class='ocrx_word' id='word_1_267' title='bbox 2115 991 2186 1028; x_wconf 91' lang='lat' dir='ltr'><strong>ne</strong></span> <span class='ocrx_word' id='word_1_268' title='bbox 2214 973 2426 1028; x_wconf 87' lang='lat' dir='ltr'><strong>scilicet</strong></span> <span class='ocrx_word' id='word_1_269' title='bbox 2482 971 2723 1042; x_wconf 86' lang='lat' dir='ltr'><strong>subjecti</strong></span> <span class='ocrx_word' id='word_1_270' title='bbox 2759 985 3010 1024; x_wconf 86' lang='lat' dir='ltr'><strong>essemus</strong></span> <span class='ocrx_word' id='word_1_271' title='bbox 3067 964 3488 1023; x_wconf 90' lang='lat' dir='ltr'><strong>circumcisioni</strong></span> <span class='ocrx_word' id='word_1_272' title='bbox 3536 963 3724 1024; x_wconf 87' lang='lat' dir='ltr'><strong>carnis</strong></span> <span class='ocrx_word' id='word_1_273' title='bbox 3761 967 3818 1016; x_wconf 89' lang='lat' dir='ltr'><strong>et</strong></span> 
     </span>
    </p>
   </div>
   <div class='ocr_carea' id='block_1_40' title="bbox 2117 1051 3811 1128">
    <p class='ocr_par' dir='ltr' id='par_1_40' title="bbox 2117 1051 3811 1128">
     <span class='ocr_line' id='line_1_40' title="bbox 2117 1051 3811 1128; baseline -0.006 -13"><span class='ocrx_word' id='word_1_274' title='bbox 2117 1063 2480 1118; x_wconf 87' lang='lat' dir='ltr'><strong>sabbatorum</strong></span> <span class='ocrx_word' id='word_1_275' title='bbox 2513 1057 2916 1124; x_wconf 83' lang='lat' dir='ltr'><strong>observationi,</strong></span> <span class='ocrx_word' id='word_1_276' title='bbox 2950 1061 3005 1111; x_wconf 91' lang='lat' dir='ltr'><strong>et</strong></span> <span class='ocrx_word' id='word_1_277' title='bbox 3058 1054 3392 1128; x_wconf 86' lang='lat' dir='ltr'><strong>hujusmodi</strong></span> <span class='ocrx_word' id='word_1_278' title='bbox 3451 1069 3581 1125; x_wconf 73' lang='lat' dir='ltr'><strong>qua:</strong></span> <span class='ocrx_word' id='word_1_279' title='bbox 3634 1051 3811 1106; x_wconf 86' lang='lat' dir='ltr'><strong>conti-</strong></span> 
     </span>
    </p>
   </div>
   <div class='ocr_carea' id='block_1_41' title="bbox 2117 1140 3814 1220">
    <p class='ocr_par' dir='ltr' id='par_1_41' title="bbox 2117 1140 3814 1220">
     <span class='ocr_line' id='line_1_41' title="bbox 2117 1140 3814 1220; baseline -0.009 -13"><span class='ocrx_word' id='word_1_280' title='bbox 2117 1158 2327 1207; x_wconf 89' lang='lat' dir='ltr'><strong>nentur</strong></span> <span class='ocrx_word' id='word_1_281' title='bbox 2355 1151 2416 1205; x_wconf 91' lang='lat' dir='ltr'><strong>in</strong></span> <span class='ocrx_word' id='word_1_282' title='bbox 2447 1152 2593 1220; x_wconf 88' lang='lat' dir='ltr'><strong>lege,</strong></span> <span class='ocrx_word' id='word_1_283' title='bbox 2636 1165 2751 1204; x_wconf 91' lang='lat' dir='ltr'><strong>non</strong></span> <span class='ocrx_word' id='word_1_284' title='bbox 2797 1148 2856 1202; x_wconf 92' lang='lat' dir='ltr'><strong>in</strong></span> <span class='ocrx_word' id='word_1_285' title='bbox 2905 1146 3190 1201; x_wconf 85' lang='lat' dir='ltr'><strong>mandatis</strong></span> <span class='ocrx_word' id='word_1_286' title='bbox 3240 1144 3453 1214; x_wconf 88' lang='lat' dir='ltr'><strong>(Galat.</strong></span> <span class='ocrx_word' id='word_1_287' title='bbox 3483 1143 3580 1211; x_wconf 86' lang='grc' dir='ltr'><strong>ιιι).</strong></span> <span class='ocrx_word' id='word_1_288' title='bbox 3631 1140 3814 1194; x_wconf 83' lang='lat' dir='ltr'><strong>Abun-</strong></span> 
     </span>
    </p>
   </div>
   <div class='ocr_carea' id='block_1_42' title="bbox 2119 1231 3817 1312">
    <p class='ocr_par' dir='ltr' id='par_1_42' title="bbox 2119 1231 3817 1312">
     <span class='ocr_line' id='line_1_42' title="bbox 2119 1231 3817 1312; baseline -0.009 -16"><span class='ocrx_word' id='word_1_289' title='bbox 2119 1243 2218 1298; x_wconf 90' lang='lat' dir='ltr'><strong>dat</strong></span> <span class='ocrx_word' id='word_1_290' title='bbox 2246 1257 2384 1312; x_wconf 92' lang='lat' dir='ltr'><strong>ergo</strong></span> <span class='ocrx_word' id='word_1_291' title='bbox 2426 1239 2648 1310; x_wconf 87' lang='lat' dir='ltr'><strong>justitia</strong></span> <span class='ocrx_word' id='word_1_292' title='bbox 2705 1241 2918 1305; x_wconf 90' lang='lat' dir='ltr'><strong>nostra,</strong></span> <span class='ocrx_word' id='word_1_293' title='bbox 2979 1236 3109 1307; x_wconf 90' lang='lat' dir='ltr'><strong>plus</strong></span> <span class='ocrx_word' id='word_1_294' title='bbox 3160 1249 3336 1306; x_wconf 90' lang='lat' dir='ltr'><strong>quam</strong></span> <span class='ocrx_word' id='word_1_295' title='bbox 3406 1231 3716 1285; x_wconf 74' lang='lat' dir='ltr'><strong>scribarum</strong></span> <span class='ocrx_word' id='word_1_296' title='bbox 3762 1231 3817 1281; x_wconf 90' lang='lat' dir='ltr'><strong>et</strong></span> 
     </span>
    </p>
   </div>
   <div class='ocr_carea' id='block_1_43' title="bbox 2121 1320 3818 1400">
    <p class='ocr_par' dir='ltr' id='par_1_43' title="bbox 2121 1320 3818 1400">
     <span class='ocr_line' id='line_1_43' title="bbox 2121 1320 3818 1400; baseline -0.01 -14"><span class='ocrx_word' id='word_1_297' title='bbox 2121 1330 2540 1400; x_wconf 75' lang='lat' dir='ltr'><strong>Pharisaeorum</strong></span> <span class='ocrx_word' id='word_1_298' title='bbox 2573 1328 2788 1396; x_wconf 80' lang='lat' dir='ltr'><strong>(Matth.</strong></span> <span class='ocrx_word' id='word_1_299' title='bbox 2837 1327 2939 1395; x_wconf 84' lang='lat' dir='ltr'><strong>v);</strong></span> <span class='ocrx_word' id='word_1_300' title='bbox 2990 1322 3152 1378; x_wconf 89' lang='lat' dir='ltr'><strong>etilli</strong></span> <span class='ocrx_word' id='word_1_301' title='bbox 3188 1322 3258 1377; x_wconf 91' lang='lat' dir='ltr'><strong>de</strong></span> <span class='ocrx_word' id='word_1_302' title='bbox 3310 1320 3589 1376; x_wconf 85' lang='lat' dir='ltr'><strong>fructibus</strong></span> <span class='ocrx_word' id='word_1_303' title='bbox 3651 1323 3818 1373; x_wconf 69' lang='lat' dir='ltr'><strong>terra:</strong></span> 
     </span>
    </p>
   </div>
   <div class='ocr_carea' id='block_1_44' title="bbox 2120 1404 3819 1490">
    <p class='ocr_par' dir='ltr' id='par_1_44' title="bbox 2120 1404 3819 1490">
     <span class='ocr_line' id='line_1_44' title="bbox 2120 1404 3819 1490; baseline -0.008 -19"><span class='ocrx_word' id='word_1_304' title='bbox 2120 1424 2347 1490; x_wconf 89' lang='lat' dir='ltr'><strong>gustare</strong></span> <span class='ocrx_word' id='word_1_305' title='bbox 2393 1433 2509 1471; x_wconf 93' lang='lat' dir='ltr'><strong>non</strong></span> <span class='ocrx_word' id='word_1_306' title='bbox 2546 1416 2778 1479; x_wconf 89' lang='lat' dir='ltr'><strong>audent,</strong></span> <span class='ocrx_word' id='word_1_307' title='bbox 2806 1414 3141 1484; x_wconf 85' lang='lat' dir='ltr'><strong>priusquam</strong></span> <span class='ocrx_word' id='word_1_308' title='bbox 3174 1409 3454 1482; x_wconf 90' lang='lat' dir='ltr'><strong>primitias</strong></span> <span class='ocrx_word' id='word_1_309' title='bbox 3512 1404 3819 1461; x_wconf 87' lang='lat' dir='ltr'><strong>sacerdoti-</strong></span> 
     </span>
    </p>
   </div>
   <div class='ocr_carea' id='block_1_45' title="bbox 2120 1501 3820 1572">
    <p class='ocr_par' dir='ltr' id='par_1_45' title="bbox 2120 1501 3820 1572">
     <span class='ocr_line' id='line_1_45' title="bbox 2120 1501 3820 1572; baseline -0.011 -8"><span class='ocrx_word' id='word_1_310' title='bbox 2120 1510 2227 1564; x_wconf 90' lang='lat' dir='ltr'><strong>bus</strong></span> <span class='ocrx_word' id='word_1_311' title='bbox 2258 1508 2517 1572; x_wconf 80' lang='lat' dir='ltr'><strong>oﬁ&#39;erant,</strong></span> <span class='ocrx_word' id='word_1_312' title='bbox 2549 1511 2606 1559; x_wconf 89' lang='lat' dir='ltr'><strong>et</strong></span> <span class='ocrx_word' id='word_1_313' title='bbox 2644 1504 2848 1559; x_wconf 88' lang='lat' dir='ltr'><strong>Levitis</strong></span> <span class='ocrx_word' id='word_1_314' title='bbox 2904 1503 3151 1557; x_wconf 86' lang='lat' dir='ltr'><strong>decimas</strong></span> <span class='ocrx_word' id='word_1_315' title='bbox 3186 1501 3451 1571; x_wconf 86' lang='lat' dir='ltr'><strong>separent</strong></span> <span class='ocrx_word' id='word_1_316' title='bbox 3485 1512 3499 1550; x_wconf 93' lang='lat'><strong>:</strong></span> <span class='ocrx_word' id='word_1_317' title='bbox 3561 1511 3677 1566; x_wconf 90' lang='lat' dir='ltr'><strong>ego</strong></span> <span class='ocrx_word' id='word_1_318' title='bbox 3734 1511 3820 1547; x_wconf 90' lang='lat' dir='ltr'><strong>au-</strong></span> 
     </span>
    </p>
   </div>
   <div class='ocr_carea' id='block_1_46' title="bbox 2127 1584 3818 1659">
    <p class='ocr_par' dir='ltr' id='par_1_46' title="bbox 2127 1584 3818 1659">
     <span class='ocr_line' id='line_1_46' title="bbox 2127 1584 3818 1659; baseline -0.009 -9"><span class='ocrx_word' id='word_1_319' title='bbox 2127 1601 2241 1650; x_wconf 90' lang='lat' dir='ltr'><strong>tem</strong></span> <span class='ocrx_word' id='word_1_320' title='bbox 2270 1596 2411 1649; x_wconf 84' lang='lat' dir='ltr'><strong>nihil</strong></span> <span class='ocrx_word' id='word_1_321' title='bbox 2451 1595 2658 1648; x_wconf 92' lang='lat' dir='ltr'><strong>horum</strong></span> <span class='ocrx_word' id='word_1_322' title='bbox 2689 1593 2920 1659; x_wconf 85' lang='lat' dir='ltr'><strong>faciens,</strong></span> <span class='ocrx_word' id='word_1_323' title='bbox 2956 1589 3233 1644; x_wconf 87' lang='lat' dir='ltr'><strong>fructibus</strong></span> <span class='ocrx_word' id='word_1_324' title='bbox 3264 1593 3430 1643; x_wconf 70' lang='lat' dir='ltr'><strong>terrae</strong></span> <span class='ocrx_word' id='word_1_325' title='bbox 3491 1585 3571 1638; x_wconf 88' lang='lat' dir='ltr'><strong>ita</strong></span> <span class='ocrx_word' id='word_1_326' title='bbox 3595 1584 3818 1646; x_wconf 82' lang='lat' dir='ltr'><strong>abutar,</strong></span> 
     </span>
    </p>
   </div>
   <div class='ocr_carea' id='block_1_47' title="bbox 2129 1673 3644 1739">
    <p class='ocr_par' dir='ltr' id='par_1_47' title="bbox 2129 1673 3644 1739">
     <span class='ocr_line' id='line_1_47' title="bbox 2129 1673 3644 1739; baseline -0.009 -1"><span class='ocrx_word' id='word_1_327' title='bbox 2129 1690 2193 1738; x_wconf 92' lang='lat' dir='ltr'><strong>ut</strong></span> <span class='ocrx_word' id='word_1_328' title='bbox 2217 1683 2478 1739; x_wconf 87' lang='lat' dir='ltr'><strong>sacerdos</strong></span> <span class='ocrx_word' id='word_1_329' title='bbox 2503 1688 2559 1737; x_wconf 90' lang='lat' dir='ltr'><strong>et</strong></span> <span class='ocrx_word' id='word_1_330' title='bbox 2589 1682 2779 1736; x_wconf 87' lang='lat' dir='ltr'><strong>Levita</strong></span> <span class='ocrx_word' id='word_1_331' title='bbox 2805 1685 2862 1735; x_wconf 92' lang='lat' dir='ltr'><strong>et</strong></span> <span class='ocrx_word' id='word_1_332' title='bbox 2893 1679 2992 1734; x_wconf 86' lang='lat' dir='ltr'><strong>Dei</strong></span> <span class='ocrx_word' id='word_1_333' title='bbox 3035 1679 3212 1732; x_wconf 89' lang='lat' dir='ltr'><strong>altare</strong></span> <span class='ocrx_word' id='word_1_334' title='bbox 3256 1693 3369 1730; x_wconf 89' lang='lat' dir='ltr'><strong>non</strong></span> <span class='ocrx_word' id='word_1_335' title='bbox 3418 1673 3644 1728; x_wconf 87' lang='lat' dir='ltr'><strong>sentiat.</strong></span> 
     </span>
    </p>
   </div>
   <div class='ocr_carea' id='block_1_48' title="bbox 2199 1759 3832 1842">
    <p class='ocr_par' dir='ltr' id='par_1_48' title="bbox 2199 1759 3832 1842">
     <span class='ocr_line' id='line_1_48' title="bbox 2199 1759 3832 1842; baseline -0.01 -15"><span class='ocrx_word' id='word_1_336' title='bbox 2199 1774 2338 1842; x_wconf 77' lang='grc' dir='ltr'>(ιο.)</span> <span class='ocrx_word' id='word_1_337' title='bbox 2389 1773 2589 1826; x_wconf 85' lang='lat' dir='ltr'><strong>Petrus</strong></span> <span class='ocrx_word' id='word_1_338' title='bbox 2628 1785 2857 1842; x_wconf 88' lang='lat' dir='ltr'><strong>quoque</strong></span> <span class='ocrx_word' id='word_1_339' title='bbox 2917 1773 2975 1822; x_wconf 88' lang='lat' dir='ltr'><strong>et</strong></span> <span class='ocrx_word' id='word_1_340' title='bbox 3021 1768 3246 1833; x_wconf 86' lang='lat' dir='ltr'><strong>Paulus,</strong></span> <span class='ocrx_word' id='word_1_341' title='bbox 3285 1772 3414 1826; x_wconf 91' lang='lat' dir='ltr'><strong>etc.,</strong></span> <span class='ocrx_word' id='word_1_342' title='bbox 3459 1778 3627 1832; x_wconf 84' lang='lat' dir='ltr'><strong>usque</strong></span> <span class='ocrx_word' id='word_1_343' title='bbox 3675 1759 3750 1813; x_wconf 87' lang='lat' dir='ltr'><strong>ad</strong></span> <span class='ocrx_word' id='word_1_344' title='bbox 3777 1763 3832 1812; x_wconf 87' lang='lat' dir='ltr'><strong>et</strong></span> 
     </span>
    </p>
   </div>
   <div class='ocr_carea' id='block_1_49' title="bbox 2128 1849 3749 1934">
    <p class='ocr_par' dir='ltr' id='par_1_49' title="bbox 2128 1849 3749 1934">
     <span class='ocr_line' id='line_1_49' title="bbox 2128 1849 3749 1934; baseline -0.009 -16"><span class='ocrx_word' id='word_1_345' title='bbox 2128 1862 2487 1934; x_wconf 86' lang='lat' dir='ltr'><strong>singularum</strong></span> <span class='ocrx_word' id='word_1_346' title='bbox 2520 1858 2894 1913; x_wconf 88' lang='lat' dir='ltr'><strong>Ecclesiarum</strong></span> <span class='ocrx_word' id='word_1_347' title='bbox 2942 1856 3104 1926; x_wconf 86' lang='lat' dir='ltr'><strong>eligit</strong></span> <span class='ocrx_word' id='word_1_348' title='bbox 3139 1861 3195 1909; x_wconf 91' lang='lat' dir='ltr'><strong>et</strong></span> <span class='ocrx_word' id='word_1_349' title='bbox 3223 1853 3387 1908; x_wconf 78' lang='lat' dir='ltr'><strong>otl&#39;ert</strong></span> <span class='ocrx_word' id='word_1_350' title='bbox 3439 1849 3749 1922; x_wconf 86' lang='lat' dir='ltr'><strong>primitias.</strong></span> 
     </span>
    </p>
   </div>
   <div class='ocr_carea' id='block_1_50' title="bbox 2201 1937 3838 2021">
    <p class='ocr_par' dir='ltr' id='par_1_50' title="bbox 2201 1937 3838 2021">
     <span class='ocr_line' id='line_1_50' title="bbox 2201 1937 3838 2021; baseline -0.01 -16"><span class='ocrx_word' id='word_1_351' title='bbox 2201 1953 2327 2021; x_wconf 84' lang='grc' dir='ltr'>(ιυ.)</span> <span class='ocrx_word' id='word_1_352' title='bbox 2358 1948 2626 2020; x_wconf 85' lang='lat' dir='ltr'><strong>Quisquis</strong></span> <span class='ocrx_word' id='word_1_353' title='bbox 2655 1947 2826 2002; x_wconf 91' lang='lat' dir='ltr'><strong>etiam</strong></span> <span class='ocrx_word' id='word_1_354' title='bbox 2857 1947 3076 2012; x_wconf 89' lang='lat' dir='ltr'><strong>doctor,</strong></span> <span class='ocrx_word' id='word_1_355' title='bbox 3130 1943 3267 2015; x_wconf 88' lang='lat' dir='ltr'><strong>quia</strong></span> <span class='ocrx_word' id='word_1_356' title='bbox 3319 1942 3502 2004; x_wconf 82' lang='lat' dir='ltr'><strong>docet,</strong></span> <span class='ocrx_word' id='word_1_357' title='bbox 3561 1937 3838 2010; x_wconf 67' lang='lat' dir='ltr'><strong>praedicat</strong></span> 
     </span>
    </p>
   </div>
   <div class='ocr_carea' id='block_1_51' title="bbox 2130 2026 3834 2106">
    <p class='ocr_par' dir='ltr' id='par_1_51' title="bbox 2130 2026 3834 2106">
     <span class='ocr_line' id='line_1_51' title="bbox 2130 2026 3834 2106; baseline -0.01 -12"><span class='ocrx_word' id='word_1_358' title='bbox 2130 2046 2185 2095; x_wconf 90' lang='lat' dir='ltr'><strong>et</strong></span> <span class='ocrx_word' id='word_1_359' title='bbox 2213 2040 2446 2094; x_wconf 90' lang='lat' dir='ltr'><strong>instruit</strong></span> <span class='ocrx_word' id='word_1_360' title='bbox 2493 2037 2805 2102; x_wconf 90' lang='lat' dir='ltr'><strong>auditores,</strong></span> <span class='ocrx_word' id='word_1_361' title='bbox 2879 2051 3080 2106; x_wconf 89' lang='lat' dir='ltr'><strong>agrum</strong></span> <span class='ocrx_word' id='word_1_362' title='bbox 3127 2031 3383 2087; x_wconf 71' lang='lat' dir='ltr'><strong>Ecclesia:</strong></span> <span class='ocrx_word' id='word_1_363' title='bbox 3432 2044 3569 2095; x_wconf 65' lang='lat' dir='ltr'><strong>suae,</strong></span> <span class='ocrx_word' id='word_1_364' title='bbox 3622 2026 3683 2081; x_wconf 90' lang='lat' dir='ltr'><strong>id</strong></span> <span class='ocrx_word' id='word_1_365' title='bbox 3729 2031 3834 2091; x_wconf 89' lang='lat' dir='ltr'><strong>est,</strong></span> 
     </span>
    </p>
   </div>
   <div class='ocr_carea' id='block_1_52' title="bbox 2131 2117 3840 2186">
    <p class='ocr_par' dir='ltr' id='par_1_52' title="bbox 2131 2117 3840 2186">
     <span class='ocr_line' id='line_1_52' title="bbox 2131 2117 3840 2186; baseline -0.011 -2"><span class='ocrx_word' id='word_1_366' title='bbox 2131 2129 2486 2184; x_wconf 89' lang='lat' dir='ltr'><strong>credentium</strong></span> <span class='ocrx_word' id='word_1_367' title='bbox 2543 2127 2708 2179; x_wconf 86' lang='lat' dir='ltr'><strong>corda</strong></span> <span class='ocrx_word' id='word_1_368' title='bbox 2769 2123 2990 2178; x_wconf 87' lang='lat' dir='ltr'><strong>videtur</strong></span> <span class='ocrx_word' id='word_1_369' title='bbox 3039 2123 3313 2176; x_wconf 83' lang='lat' dir='ltr'><strong>excolere.</strong></span> <span class='ocrx_word' id='word_1_370' title='bbox 3371 2117 3553 2172; x_wconf 86' lang='lat' dir='ltr'><strong>Habet</strong></span> <span class='ocrx_word' id='word_1_371' title='bbox 3602 2129 3840 2186; x_wconf 87' lang='lat' dir='ltr'><strong>quoque</strong></span> 
     </span>
    </p>
   </div>
   <div class='ocr_carea' id='block_1_53' title="bbox 2131 2202 3840 2279">
    <p class='ocr_par' dir='ltr' id='par_1_53' title="bbox 2131 2202 3840 2279">
     <span class='ocr_line' id='line_1_53' title="bbox 2131 2202 3840 2279; baseline -0.009 -9"><span class='ocrx_word' id='word_1_372' title='bbox 2131 2217 2368 2271; x_wconf 71' lang='lat' dir='ltr'><strong>culturae</strong></span> <span class='ocrx_word' id='word_1_373' title='bbox 2389 2232 2505 2269; x_wconf 85' lang='lat' dir='ltr'><strong>suae</strong></span> <span class='ocrx_word' id='word_1_374' title='bbox 2536 2215 2806 2279; x_wconf 87' lang='lat' dir='ltr'><strong>fructum,</strong></span> <span class='ocrx_word' id='word_1_375' title='bbox 2848 2217 2904 2266; x_wconf 90' lang='lat' dir='ltr'><strong>et</strong></span> <span class='ocrx_word' id='word_1_376' title='bbox 2953 2212 3013 2265; x_wconf 91' lang='lat' dir='ltr'><strong>in</strong></span> <span class='ocrx_word' id='word_1_377' title='bbox 3043 2211 3226 2264; x_wconf 86' lang='lat' dir='ltr'><strong>fructu</strong></span> <span class='ocrx_word' id='word_1_378' title='bbox 3287 2208 3532 2262; x_wconf 90' lang='lat' dir='ltr'><strong>electum</strong></span> <span class='ocrx_word' id='word_1_379' title='bbox 3581 2202 3840 2274; x_wconf 85' lang='lat' dir='ltr'><strong>aliquem</strong></span> 
     </span>
    </p>
   </div>
   <div class='ocr_carea' id='block_1_54' title="bbox 2131 2293 3842 2376">
    <p class='ocr_par' dir='ltr' id='par_1_54' title="bbox 2131 2293 3842 2376">
     <span class='ocr_line' id='line_1_54' title="bbox 2131 2293 3842 2376; baseline -0.009 -17"><span class='ocrx_word' id='word_1_380' title='bbox 2131 2310 2188 2359; x_wconf 89' lang='lat' dir='ltr'><strong>et</strong></span> <span class='ocrx_word' id='word_1_381' title='bbox 2241 2304 2620 2376; x_wconf 72' lang='lat' dir='ltr'><strong>praecipuum,</strong></span> <span class='ocrx_word' id='word_1_382' title='bbox 2697 2318 2870 2373; x_wconf 84' lang='lat' dir='ltr'><strong>quem</strong></span> <span class='ocrx_word' id='word_1_383' title='bbox 2931 2297 3095 2372; x_wconf 87' lang='lat' dir='ltr'><strong>quasi</strong></span> <span class='ocrx_word' id='word_1_384' title='bbox 3153 2296 3433 2370; x_wconf 89' lang='lat' dir='ltr'><strong>primitias</strong></span> <span class='ocrx_word' id='word_1_385' title='bbox 3495 2293 3719 2360; x_wconf 71' lang='lat' dir='ltr'><strong>offerat,</strong></span> <span class='ocrx_word' id='word_1_386' title='bbox 3780 2296 3842 2344; x_wconf 92' lang='lat' dir='ltr'><strong>et</strong></span> 
     </span>
    </p>
   </div>
   <div class='ocr_carea' id='block_1_55' title="bbox 2134 2383 3594 2464">
    <p class='ocr_par' dir='ltr' id='par_1_55' title="bbox 2134 2383 3594 2464">
     <span class='ocr_line' id='line_1_55' title="bbox 2134 2383 3594 2464; baseline -0.008 -17"><span class='ocrx_word' id='word_1_387' title='bbox 2134 2394 2309 2448; x_wconf 91' lang='lat' dir='ltr'><strong>alium</strong></span> <span class='ocrx_word' id='word_1_388' title='bbox 2350 2409 2453 2464; x_wconf 92' lang='lat' dir='ltr'><strong>pro</strong></span> <span class='ocrx_word' id='word_1_389' title='bbox 2482 2390 2904 2464; x_wconf 85' lang='lat' dir='ltr'><strong>primogenitis,</strong></span> <span class='ocrx_word' id='word_1_390' title='bbox 2968 2388 3142 2442; x_wconf 89' lang='lat' dir='ltr'><strong>alium</strong></span> <span class='ocrx_word' id='word_1_391' title='bbox 3183 2403 3285 2458; x_wconf 90' lang='lat' dir='ltr'><strong>pro</strong></span> <span class='ocrx_word' id='word_1_392' title='bbox 3341 2383 3594 2439; x_wconf 83' lang='lat' dir='ltr'><strong>decimis.</strong></span> 
     </span>
    </p>
   </div>
   <div class='ocr_carea' id='block_1_56' title="bbox 2205 2468 3840 2553">
    <p class='ocr_par' dir='ltr' id='par_1_56' title="bbox 2205 2468 3840 2553">
     <span class='ocr_line' id='line_1_56' title="bbox 2205 2468 3840 2553; baseline -0.01 -16"><span class='ocrx_word' id='word_1_393' title='bbox 2205 2483 2328 2553; x_wconf 79' lang='grc' dir='ltr'>(ῐυ.)</span> <span class='ocrx_word' id='word_1_394' title='bbox 2364 2482 2539 2536; x_wconf 85' lang='lat' dir='ltr'><strong>Habet</strong></span> <span class='ocrx_word' id='word_1_395' title='bbox 2593 2481 2742 2534; x_wconf 87' lang='lat' dir='ltr'><strong>forte</strong></span> <span class='ocrx_word' id='word_1_396' title='bbox 2798 2478 3004 2548; x_wconf 89' lang='lat' dir='ltr'><strong>aliquis</strong></span> <span class='ocrx_word' id='word_1_397' title='bbox 3043 2473 3458 2548; x_wconf 87' lang='lat' dir='ltr'><strong>primogenitos</strong></span> <span class='ocrx_word' id='word_1_398' title='bbox 3515 2475 3570 2525; x_wconf 91' lang='lat' dir='ltr'><strong>et</strong></span> <span class='ocrx_word' id='word_1_399' title='bbox 3598 2468 3840 2523; x_wconf 85' lang='lat' dir='ltr'><strong>inferio-</strong></span> 
     </span>
    </p>
   </div>
   <div class='ocr_carea' id='block_1_57' title="bbox 2133 2556 3843 2642">
    <p class='ocr_par' dir='ltr' id='par_1_57' title="bbox 2133 2556 3843 2642">
     <span class='ocr_line' id='line_1_57' title="bbox 2133 2556 3843 2642; baseline -0.01 -16"><span class='ocrx_word' id='word_1_400' title='bbox 2133 2588 2244 2638; x_wconf 85' lang='lat' dir='ltr'><strong>res,</strong></span> <span class='ocrx_word' id='word_1_401' title='bbox 2269 2587 2410 2642; x_wconf 87' lang='lat' dir='ltr'><strong>quos</strong></span> <span class='ocrx_word' id='word_1_402' title='bbox 2429 2586 2612 2640; x_wconf 89' lang='lat' dir='ltr'><strong>neque</strong></span> <span class='ocrx_word' id='word_1_403' title='bbox 2645 2585 2746 2639; x_wconf 88' lang='lat' dir='ltr'><strong>pro</strong></span> <span class='ocrx_word' id='word_1_404' title='bbox 2777 2566 3065 2638; x_wconf 90' lang='lat' dir='ltr'><strong>primitiis,</strong></span> <span class='ocrx_word' id='word_1_405' title='bbox 3102 2580 3287 2635; x_wconf 88' lang='lat' dir='ltr'><strong>neque</strong></span> <span class='ocrx_word' id='word_1_406' title='bbox 3331 2579 3432 2633; x_wconf 88' lang='lat' dir='ltr'><strong>pro</strong></span> <span class='ocrx_word' id='word_1_407' title='bbox 3488 2556 3843 2632; x_wconf 87' lang='lat' dir='ltr'><strong>primogeni-</strong></span> 
     </span>
    </p>
   </div>
   <div class='ocr_carea' id='block_1_58' title="bbox 2137 2654 3214 2730">
    <p class='ocr_par' dir='ltr' id='par_1_58' title="bbox 2137 2654 3214 2730">
     <span class='ocr_line' id='line_1_58' title="bbox 2137 2654 3214 2730; baseline -0.006 -16"><span class='ocrx_word' id='word_1_408' title='bbox 2137 2660 2226 2724; x_wconf 87' lang='lat' dir='ltr'><strong>tis,</strong></span> <span class='ocrx_word' id='word_1_409' title='bbox 2260 2661 2355 2714; x_wconf 91' lang='lat' dir='ltr'><strong>sed</strong></span> <span class='ocrx_word' id='word_1_410' title='bbox 2385 2676 2487 2730; x_wconf 91' lang='lat' dir='ltr'><strong>pro</strong></span> <span class='ocrx_word' id='word_1_411' title='bbox 2517 2657 2752 2712; x_wconf 91' lang='lat' dir='ltr'><strong>decimis</strong></span> <span class='ocrx_word' id='word_1_412' title='bbox 2783 2655 2959 2728; x_wconf 88' lang='lat' dir='ltr'><strong>possit</strong></span> <span class='ocrx_word' id='word_1_413' title='bbox 2990 2654 3214 2711; x_wconf 74' lang='lat' dir='ltr'><strong>offerre.</strong></span> 
     </span>
    </p>
   </div>
   <div class='ocr_carea' id='block_1_59' title="bbox 2205 2739 3844 2815">
    <p class='ocr_par' dir='ltr' id='par_1_59' title="bbox 2205 2739 3844 2815">
     <span class='ocr_line' id='line_1_59' title="bbox 2205 2739 3844 2815; baseline -0.009 -14"><span class='ocrx_word' id='word_1_414' title='bbox 2205 2749 2364 2802; x_wconf 75' lang='lat' dir='ltr'><strong>Vens.</strong></span> <span class='ocrx_word' id='word_1_415' title='bbox 2403 2747 2466 2800; x_wconf 89' lang='lat' dir='ltr'><strong>ll.</strong></span> <span class='ocrx_word' id='word_1_416' title='bbox 2520 2777 2588 2785; x_wconf 95' lang='lat'><strong>—</strong></span> <span class='ocrx_word' id='word_1_417' title='bbox 2637 2748 2767 2800; x_wconf 82' lang='lat' dir='ltr'><strong>Jure</strong></span> <span class='ocrx_word' id='word_1_418' title='bbox 2805 2749 3083 2815; x_wconf 85' lang='lat' dir='ltr'><strong>perpetuo.</strong></span> <span class='ocrx_word' id='word_1_419' title='bbox 3129 2739 3427 2806; x_wconf 87' lang='lat' dir='ltr'><strong>Quomodo</strong></span> <span class='ocrx_word' id='word_1_420' title='bbox 3459 2740 3642 2810; x_wconf 91' lang='lat' dir='ltr'><strong>potest</strong></span> <span class='ocrx_word' id='word_1_421' title='bbox 3673 2739 3844 2790; x_wconf 68' lang='lat' dir='ltr'><strong>aster-</strong></span> 
     </span>
    </p>
   </div>
   <div class='ocr_carea' id='block_1_60' title="bbox 2136 2828 3849 2905">
    <p class='ocr_par' dir='ltr' id='par_1_60' title="bbox 2136 2828 3849 2905">
     <span class='ocr_line' id='line_1_60' title="bbox 2136 2828 3849 2905; baseline -0.008 -13"><span class='ocrx_word' id='word_1_422' title='bbox 2136 2853 2275 2892; x_wconf 87' lang='lat' dir='ltr'><strong>num</strong></span> <span class='ocrx_word' id='word_1_423' title='bbox 2299 2853 2418 2890; x_wconf 91' lang='lat' dir='ltr'><strong>esse</strong></span> <span class='ocrx_word' id='word_1_424' title='bbox 2449 2835 2600 2905; x_wconf 91' lang='lat' dir='ltr'><strong>quod</strong></span> <span class='ocrx_word' id='word_1_425' title='bbox 2631 2834 2857 2887; x_wconf 87' lang='lat' dir='ltr'><strong>visibile</strong></span> <span class='ocrx_word' id='word_1_426' title='bbox 2905 2837 2990 2886; x_wconf 92' lang='lat' dir='ltr'><strong>est</strong></span> <span class='ocrx_word' id='word_1_427' title='bbox 3019 2831 3047 2886; x_wconf 86' lang='lat'><strong>?</strong></span> <span class='ocrx_word' id='word_1_428' title='bbox 3089 2833 3218 2905; x_wconf 50' lang='lat' dir='ltr'><strong>Qua:</strong></span> <span class='ocrx_word' id='word_1_429' title='bbox 3247 2832 3387 2884; x_wconf 86' lang='lat' dir='ltr'><strong>enim</strong></span> <span class='ocrx_word' id='word_1_430' title='bbox 3433 2828 3688 2905; x_wconf 55' lang='lat' dir='ltr'><strong>videnlur</strong></span> <span class='ocrx_word' id='word_1_431' title='bbox 3715 2833 3849 2879; x_wconf 87' lang='lat' dir='ltr'><strong>tem-</strong></span> 
     </span>
    </p>
   </div>
   <div class='ocr_carea' id='block_1_61' title="bbox 379 2897 3845 2988">
    <p class='ocr_par' dir='ltr' id='par_1_61' title="bbox 379 2897 3845 2988">
     <span class='ocr_line' id='line_1_61' title="bbox 379 2897 3845 2988; baseline -0.007 -16"><span class='ocrx_word' id='word_1_432' title='bbox 379 2917 518 2988; x_wconf 83' lang='lat' dir='ltr'><strong>~(ln.,</strong></span> <span class='ocrx_word' id='word_1_433' title='bbox 554 2918 698 2972; x_wconf 85' lang='lat' dir='ltr'><strong>hom.</strong></span> <span class='ocrx_word' id='word_1_434' title='bbox 757 2915 866 2986; x_wconf 87' lang='grc'><strong>11.)</strong></span> <span class='ocrx_word' id='word_1_435' title='bbox 912 2916 1193 2986; x_wconf 87' lang='lat' dir='ltr'><strong>primitias</strong></span> <span class='ocrx_word' id='word_1_436' title='bbox 1251 2916 1512 2971; x_wconf 89' lang='lat' dir='ltr'><strong>omnium</strong></span> <span class='ocrx_word' id='word_1_437' title='bbox 1559 2915 1792 2986; x_wconf 85' lang='lat' dir='ltr'><strong>frugum</strong></span> <span class='ocrx_word' id='word_1_438' title='bbox 1847 2933 2033 2972; x_wconf 90' lang='lat' dir='ltr'><strong>sacer-</strong></span> <span class='ocrx_word' id='word_1_439' title='bbox 2066 2920 2106 2975; x_wconf 88' lang='lat' dir='ltr'><strong>C</strong></span> <span class='ocrx_word' id='word_1_440' title='bbox 2140 2910 2357 2978; x_wconf 80' lang='lat' dir='ltr'><strong>poralia</strong></span> <span class='ocrx_word' id='word_1_441' title='bbox 2396 2897 2522 2962; x_wconf 74' lang='lat' dir='ltr'><strong>sunt</strong></span> <span class='ocrx_word' id='word_1_442' title='bbox 2593 2906 2643 2976; x_wconf 89' lang='grc' dir='ltr'><strong>(Ι</strong></span> <span class='ocrx_word' id='word_1_443' title='bbox 2698 2907 2816 2962; x_wconf 86' lang='lat' dir='ltr'><strong>Cor.</strong></span> <span class='ocrx_word' id='word_1_444' title='bbox 2867 2905 2942 2973; x_wconf 90' lang='lat' dir='ltr'><strong>v),</strong></span> <span class='ocrx_word' id='word_1_445' title='bbox 2997 2901 3266 2972; x_wconf 64' lang='lat' dir='ltr'><strong>primitias</strong></span> <span class='ocrx_word' id='word_1_446' title='bbox 3335 2905 3531 2954; x_wconf 89' lang='lat' dir='ltr'><strong>autem</strong></span> <span class='ocrx_word' id='word_1_447' title='bbox 3588 2897 3845 2952; x_wconf 79' lang='lat' dir='ltr'><strong>oﬁ‘erun-</strong></span> 
     </span>
    </p>
   </div>
   <div class='ocr_carea' id='block_1_62' title="bbox 330 3003 2030 3073">
    <p class='ocr_par' dir='ltr' id='par_1_62' title="bbox 330 3003 2030 3073">
     <span class='ocr_line' id='line_1_62' title="bbox 330 3003 2030 3073; baseline 0.003 -17"><span class='ocrx_word' id='word_1_448' title='bbox 330 3003 558 3058; x_wconf 87' lang='lat' dir='ltr'><strong>dotibus</strong></span> <span class='ocrx_word' id='word_1_449' title='bbox 589 3004 684 3057; x_wconf 86' lang='lat' dir='ltr'><strong>lux</strong></span> <span class='ocrx_word' id='word_1_450' title='bbox 715 3004 947 3058; x_wconf 90' lang='lat' dir='ltr'><strong>mandat</strong></span> <span class='ocrx_word' id='word_1_451' title='bbox 975 3004 1184 3071; x_wconf 70' lang='lat' dir='ltr'><strong>offerri,</strong></span> <span class='ocrx_word' id='word_1_452' title='bbox 1227 3009 1356 3071; x_wconf 92' lang='lat' dir='ltr'><strong>etc.,</strong></span> <span class='ocrx_word' id='word_1_453' title='bbox 1417 3020 1584 3073; x_wconf 86' lang='lat' dir='ltr'><strong>usque</strong></span> <span class='ocrx_word' id='word_1_454' title='bbox 1639 3005 1713 3059; x_wconf 87' lang='lat' dir='ltr'><strong>ad</strong></span> <span class='ocrx_word' id='word_1_455' title='bbox 1775 3005 2030 3061; x_wconf 88' lang='lat' dir='ltr'><strong>invenies</strong></span> 
     </span>
    </p>
   </div>
   <div class='ocr_carea' id='block_1_63' title="bbox 332 3091 1342 3162">
    <p class='ocr_par' dir='ltr' id='par_1_63' title="bbox 332 3091 1342 3162">
     <span class='ocr_line' id='line_1_63' title="bbox 332 3091 1342 3162; baseline 0.002 -18"><span class='ocrx_word' id='word_1_456' title='bbox 332 3091 482 3160; x_wconf 88' lang='lat' dir='ltr'><strong>apud</strong></span> <span class='ocrx_word' id='word_1_457' title='bbox 514 3093 703 3145; x_wconf 85' lang='lat' dir='ltr'><strong>Mosen</strong></span> <span class='ocrx_word' id='word_1_458' title='bbox 742 3092 884 3162; x_wconf 90' lang='lat' dir='ltr'><strong>legis</strong></span> <span class='ocrx_word' id='word_1_459' title='bbox 914 3091 1082 3147; x_wconf 87' lang='lat' dir='ltr'><strong>titulo</strong></span> <span class='ocrx_word' id='word_1_460' title='bbox 1108 3092 1342 3162; x_wconf 88' lang='lat' dir='ltr'><strong>signari.</strong></span> 
     </span>
    </p>
   </div>
   <div class='ocr_carea' id='block_1_64' title="bbox 405 3177 2033 3247">
    <p class='ocr_par' dir='ltr' id='par_1_64' title="bbox 405 3177 2033 3247">
     <span class='ocr_line' id='line_1_64' title="bbox 405 3177 2033 3247; baseline 0.004 -17"><span class='ocrx_word' id='word_1_461' title='bbox 405 3177 528 3247; x_wconf 80' lang='grc' dir='ltr'>(ιιι.)</span> <span class='ocrx_word' id='word_1_462' title='bbox 563 3179 664 3233; x_wconf 89' lang='lat' dir='ltr'><strong>Ubi</strong></span> <span class='ocrx_word' id='word_1_463' title='bbox 695 3194 824 3233; x_wconf 91' lang='lat' dir='ltr'><strong>vero</strong></span> <span class='ocrx_word' id='word_1_464' title='bbox 856 3179 992 3233; x_wconf 91' lang='lat' dir='ltr'><strong>dicit</strong></span> <span class='ocrx_word' id='word_1_465' title='bbox 1024 3182 1181 3238; x_wconf 74' lang='lat' dir='ltr'><strong>:Non</strong></span> <span class='ocrx_word' id='word_1_466' title='bbox 1222 3180 1447 3246; x_wconf 79' lang='lat' dir='ltr'><strong>occides,</strong></span> <span class='ocrx_word' id='word_1_467' title='bbox 1512 3181 1626 3235; x_wconf 88' lang='lat' dir='ltr'><strong>Non</strong></span> <span class='ocrx_word' id='word_1_468' title='bbox 1678 3182 2033 3245; x_wconf 82' lang='lat' dir='ltr'><strong>adulterabis,</strong></span> 
     </span>
    </p>
   </div>
   <div class='ocr_carea' id='block_1_65' title="bbox 335 3265 2036 3339">
    <p class='ocr_par' dir='ltr' id='par_1_65' title="bbox 335 3265 2036 3339">
     <span class='ocr_line' id='line_1_65' title="bbox 335 3265 2036 3339; baseline 0.003 -21"><span class='ocrx_word' id='word_1_469' title='bbox 335 3269 392 3318; x_wconf 90' lang='lat' dir='ltr'><strong>et</strong></span> <span class='ocrx_word' id='word_1_470' title='bbox 417 3265 764 3333; x_wconf 89' lang='lat' dir='ltr'><strong>hujusmodi,</strong></span> <span class='ocrx_word' id='word_1_471' title='bbox 795 3267 938 3339; x_wconf 89' lang='lat' dir='ltr'><strong>legis</strong></span> <span class='ocrx_word' id='word_1_472' title='bbox 963 3268 1197 3322; x_wconf 89' lang='lat' dir='ltr'><strong>titulum</strong></span> <span class='ocrx_word' id='word_1_473' title='bbox 1221 3284 1337 3321; x_wconf 91' lang='lat' dir='ltr'><strong>non</strong></span> <span class='ocrx_word' id='word_1_474' title='bbox 1378 3269 1681 3338; x_wconf 70' lang='lat' dir='ltr'><strong>prmmisit.</strong></span> <span class='ocrx_word' id='word_1_475' title='bbox 1723 3271 1849 3322; x_wconf 66' lang='lat' dir='ltr'><strong>Haec</strong></span> <span class='ocrx_word' id='word_1_476' title='bbox 1881 3269 2036 3323; x_wconf 91' lang='lat' dir='ltr'><strong>enim</strong></span> 
     </span>
    </p>
   </div>
   <div class='ocr_carea' id='block_1_66' title="bbox 336 3354 2035 3427">
    <p class='ocr_par' dir='ltr' id='par_1_66' title="bbox 336 3354 2035 3427">
     <span class='ocr_line' id='line_1_66' title="bbox 336 3354 2035 3427; baseline 0.002 -20"><span class='ocrx_word' id='word_1_477' title='bbox 336 3354 608 3409; x_wconf 87' lang='lat' dir='ltr'><strong>mandata</strong></span> <span class='ocrx_word' id='word_1_478' title='bbox 644 3361 798 3423; x_wconf 87' lang='lat' dir='ltr'><strong>sunt,</strong></span> <span class='ocrx_word' id='word_1_479' title='bbox 829 3361 885 3411; x_wconf 91' lang='lat' dir='ltr'><strong>et</strong></span> <span class='ocrx_word' id='word_1_480' title='bbox 913 3356 1042 3412; x_wconf 90' lang='lat' dir='ltr'><strong>ideo</strong></span> <span class='ocrx_word' id='word_1_481' title='bbox 1088 3373 1204 3410; x_wconf 92' lang='lat' dir='ltr'><strong>non</strong></span> <span class='ocrx_word' id='word_1_482' title='bbox 1253 3357 1663 3411; x_wconf 80' lang='lat' dir='ltr'><strong>exinaniantur</strong></span> <span class='ocrx_word' id='word_1_483' title='bbox 1719 3357 1871 3427; x_wconf 91' lang='lat' dir='ltr'><strong>apud</strong></span> <span class='ocrx_word' id='word_1_484' title='bbox 1915 3357 2035 3411; x_wconf 91' lang='lat' dir='ltr'><strong>dis-</strong></span> 
     </span>
    </p>
   </div>
   <div class='ocr_carea' id='block_1_67' title="bbox 337 3441 2037 3516">
    <p class='ocr_par' dir='ltr' id='par_1_67' title="bbox 337 3441 2037 3516">
     <span class='ocr_line' id='line_1_67' title="bbox 337 3441 2037 3516; baseline 0.001 -20"><span class='ocrx_word' id='word_1_485' title='bbox 337 3441 556 3513; x_wconf 88' lang='lat' dir='ltr'><strong>cipulos</strong></span> <span class='ocrx_word' id='word_1_486' title='bbox 587 3444 896 3516; x_wconf 88' lang='lat' dir='ltr'><strong>Evangelii,</strong></span> <span class='ocrx_word' id='word_1_487' title='bbox 922 3445 1020 3500; x_wconf 90' lang='lat' dir='ltr'><strong>sed</strong></span> <span class='ocrx_word' id='word_1_488' title='bbox 1066 3444 1395 3515; x_wconf 90' lang='lat' dir='ltr'><strong>implentur.</strong></span> <span class='ocrx_word' id='word_1_489' title='bbox 1430 3445 1555 3498; x_wconf 89' lang='lat' dir='ltr'><strong>Non</strong></span> <span class='ocrx_word' id='word_1_490' title='bbox 1605 3443 1759 3498; x_wconf 90' lang='lat' dir='ltr'><strong>enim</strong></span> <span class='ocrx_word' id='word_1_491' title='bbox 1807 3445 2037 3498; x_wconf 87' lang='lat' dir='ltr'><strong>manda-</strong></span> 
     </span>
    </p>
   </div>
   <div class='ocr_carea' id='block_1_68' title="bbox 339 3530 2040 3597">
    <p class='ocr_par' dir='ltr' id='par_1_68' title="bbox 339 3530 2040 3597">
     <span class='ocr_line' id='line_1_68' title="bbox 339 3530 2040 3597; baseline 0.003 -14"><span class='ocrx_word' id='word_1_492' title='bbox 339 3534 486 3597; x_wconf 87' lang='lat' dir='ltr'><strong>tum,</strong></span> <span class='ocrx_word' id='word_1_493' title='bbox 519 3531 616 3585; x_wconf 90' lang='lat' dir='ltr'><strong>sed</strong></span> <span class='ocrx_word' id='word_1_494' title='bbox 648 3531 741 3584; x_wconf 82' lang='lat' dir='ltr'><strong>lux</strong></span> <span class='ocrx_word' id='word_1_495' title='bbox 775 3531 1035 3585; x_wconf 90' lang='lat' dir='ltr'><strong>umbram</strong></span> <span class='ocrx_word' id='word_1_496' title='bbox 1072 3531 1279 3585; x_wconf 91' lang='lat' dir='ltr'><strong>habere</strong></span> <span class='ocrx_word' id='word_1_497' title='bbox 1328 3532 1649 3585; x_wconf 85' lang='lat' dir='ltr'><strong>futurorum</strong></span> <span class='ocrx_word' id='word_1_498' title='bbox 1695 3530 1900 3586; x_wconf 89' lang='lat' dir='ltr'><strong>dicitur</strong></span> <span class='ocrx_word' id='word_1_499' title='bbox 1945 3533 2040 3588; x_wconf 86' lang='lat' dir='ltr'><strong>b0-</strong></span> 
     </span>
    </p>
   </div>
   <div class='ocr_carea' id='block_1_69' title="bbox 341 3634 570 3673">
    <p class='ocr_par' dir='ltr' id='par_1_69' title="bbox 341 3634 570 3673">
     <span class='ocr_line' id='line_1_69' title="bbox 341 3634 570 3673; baseline 0.004 -1"><span class='ocrx_word' id='word_1_500' title='bbox 341 3634 570 3673; x_wconf 90' lang='lat' dir='ltr'><strong>norum.</strong></span> 
     </span>
    </p>
   </div>
   <div class='ocr_carea' id='block_1_70' title="bbox 439 3706 2036 3779">
    <p class='ocr_par' dir='ltr' id='par_1_70' title="bbox 439 3706 2036 3779">
     <span class='ocr_line' id='line_1_70' title="bbox 439 3706 2036 3779; baseline 0.002 -19"><span class='ocrx_word' id='word_1_501' title='bbox 439 3708 570 3776; x_wconf 80' lang='grc' dir='ltr'><strong>(Ιο.)</strong></span> <span class='ocrx_word' id='word_1_502' title='bbox 605 3706 928 3762; x_wconf 84' lang='lat' dir='ltr'><strong>Notandum</strong></span> <span class='ocrx_word' id='word_1_503' title='bbox 957 3723 1091 3762; x_wconf 78' lang='lat' dir='ltr'><strong>vero</strong></span> <span class='ocrx_word' id='word_1_504' title='bbox 1135 3707 1289 3779; x_wconf 92' lang='lat' dir='ltr'><strong>quod</strong></span> <span class='ocrx_word' id='word_1_505' title='bbox 1332 3708 1414 3761; x_wconf 84' lang='lat' dir='ltr'><strong>lex</strong></span> <span class='ocrx_word' id='word_1_506' title='bbox 1464 3706 1767 3778; x_wconf 87' lang='lat' dir='ltr'><strong>dupliciter</strong></span> <span class='ocrx_word' id='word_1_507' title='bbox 1812 3707 2036 3763; x_wconf 87' lang='lat' dir='ltr'><strong>dicitur.</strong></span> 
     </span>
    </p>
   </div>
   <div class='ocr_carea' id='block_1_71' title="bbox 344 3795 2038 3867">
    <p class='ocr_par' dir='ltr' id='par_1_71' title="bbox 344 3795 2038 3867">
     <span class='ocr_line' id='line_1_71' title="bbox 344 3795 2038 3867; baseline 0.001 -18"><span class='ocrx_word' id='word_1_508' title='bbox 344 3795 693 3849; x_wconf 86' lang='lat' dir='ltr'><strong>Generaliter</strong></span> <span class='ocrx_word' id='word_1_509' title='bbox 722 3797 877 3852; x_wconf 90' lang='lat' dir='ltr'><strong>enim</strong></span> <span class='ocrx_word' id='word_1_510' title='bbox 931 3797 1127 3851; x_wconf 86' lang='lat' dir='ltr'><strong>omnia</strong></span> <span class='ocrx_word' id='word_1_511' title='bbox 1164 3798 1306 3866; x_wconf 72' lang='lat' dir='ltr'><strong>haec,</strong></span> <span class='ocrx_word' id='word_1_512' title='bbox 1355 3797 1710 3865; x_wconf 88' lang='lat' dir='ltr'><strong>mandatum,</strong></span> <span class='ocrx_word' id='word_1_513' title='bbox 1756 3796 2038 3867; x_wconf 84' lang='lat' dir='ltr'><strong>justiﬁca-</strong></span> 
     </span>
    </p>
   </div>
   <div class='ocr_carea' id='block_1_72' title="bbox 342 3883 2038 3957">
    <p class='ocr_par' dir='ltr' id='par_1_72' title="bbox 342 3883 2038 3957">
     <span class='ocr_line' id='line_1_72' title="bbox 342 3883 2038 3957; baseline 0.002 -20"><span class='ocrx_word' id='word_1_514' title='bbox 342 3883 546 3952; x_wconf 85' lang='lat' dir='ltr'><strong>tiones,</strong></span> <span class='ocrx_word' id='word_1_515' title='bbox 603 3891 906 3957; x_wconf 71' lang='lat' dir='ltr'><strong>praecepta,</strong></span> <span class='ocrx_word' id='word_1_516' title='bbox 956 3885 1305 3952; x_wconf 87' lang='lat' dir='ltr'><strong>testimonia,</strong></span> <span class='ocrx_word' id='word_1_517' title='bbox 1345 3884 1563 3956; x_wconf 87' lang='lat' dir='ltr'><strong>judicia</strong></span> <span class='ocrx_word' id='word_1_518' title='bbox 1629 3884 1722 3938; x_wconf 82' lang='lat' dir='ltr'><strong>lex</strong></span> <span class='ocrx_word' id='word_1_519' title='bbox 1751 3885 2038 3941; x_wconf 89' lang='lat' dir='ltr'><strong>dicuntur.</strong></span> 
     </span>
    </p>
   </div>
   <div class='ocr_carea' id='block_1_73' title="bbox 344 3971 2043 4044">
    <p class='ocr_par' dir='ltr' id='par_1_73' title="bbox 344 3971 2043 4044">
     <span class='ocr_line' id='line_1_73' title="bbox 344 3971 2043 4044; baseline 0.002 -19"><span class='ocrx_word' id='word_1_520' title='bbox 344 3971 673 4043; x_wconf 86' lang='lat' dir='ltr'><strong>Specialiter</strong></span> <span class='ocrx_word' id='word_1_521' title='bbox 719 3977 911 4027; x_wconf 89' lang='lat' dir='ltr'><strong>autem</strong></span> <span class='ocrx_word' id='word_1_522' title='bbox 951 3973 1145 4044; x_wconf 87' lang='lat' dir='ltr'><strong>aliqua</strong></span> <span class='ocrx_word' id='word_1_523' title='bbox 1192 3988 1324 4043; x_wconf 92' lang='lat' dir='ltr'><strong>pars</strong></span> <span class='ocrx_word' id='word_1_524' title='bbox 1372 3987 1573 4026; x_wconf 88' lang='lat' dir='ltr'><strong>eorum</strong></span> <span class='ocrx_word' id='word_1_525' title='bbox 1625 3988 1756 4044; x_wconf 67' lang='lat' dir='ltr'><strong>qua:</strong></span> <span class='ocrx_word' id='word_1_526' title='bbox 1808 3972 1869 4028; x_wconf 91' lang='lat' dir='ltr'><strong>in</strong></span> <span class='ocrx_word' id='word_1_527' title='bbox 1915 3973 2043 4043; x_wconf 89' lang='lat' dir='ltr'><strong>lege</strong></span> 
     </span>
    </p>
   </div>
   <div class='ocr_carea' id='block_1_74' title="bbox 346 4060 2043 4132">
    <p class='ocr_par' dir='ltr' id='par_1_74' title="bbox 346 4060 2043 4132">
     <span class='ocr_line' id='line_1_74' title="bbox 346 4060 2043 4132; baseline 0.002 -19"><span class='ocrx_word' id='word_1_528' title='bbox 346 4060 551 4130; x_wconf 82' lang='lat' dir='ltr'><strong>scripta</strong></span> <span class='ocrx_word' id='word_1_529' title='bbox 577 4065 729 4127; x_wconf 89' lang='lat' dir='ltr'><strong>sunt,</strong></span> <span class='ocrx_word' id='word_1_530' title='bbox 762 4066 825 4114; x_wconf 93' lang='lat' dir='ltr'><strong>ut</strong></span> <span class='ocrx_word' id='word_1_531' title='bbox 849 4077 1023 4132; x_wconf 89' lang='lat' dir='ltr'><strong>supra</strong></span> <span class='ocrx_word' id='word_1_532' title='bbox 1075 4061 1243 4115; x_wconf 79' lang='lat' dir='ltr'><strong>dicta.</strong></span> <span class='ocrx_word' id='word_1_533' title='bbox 1287 4061 1637 4116; x_wconf 85' lang='lat' dir='ltr'><strong>Generaliter</strong></span> <span class='ocrx_word' id='word_1_534' title='bbox 1688 4079 1820 4117; x_wconf 87' lang='lat' dir='ltr'><strong>vero</strong></span> <span class='ocrx_word' id='word_1_535' title='bbox 1851 4062 1937 4116; x_wconf 84' lang='lat' dir='ltr'><strong>lex</strong></span> <span class='ocrx_word' id='word_1_536' title='bbox 1969 4062 2043 4116; x_wconf 89' lang='lat' dir='ltr'><strong>si-</strong></span> 
     </span>
    </p>
   </div>
   <div class='ocr_carea' id='block_1_75' title="bbox 347 4149 2047 4219">
    <p class='ocr_par' dir='ltr' id='par_1_75' title="bbox 347 4149 2047 4219">
     <span class='ocr_line' id='line_1_75' title="bbox 347 4149 2047 4219; baseline 0.003 -18"><span class='ocrx_word' id='word_1_537' title='bbox 347 4149 668 4219; x_wconf 88' lang='lat' dir='ltr'><strong>gniﬁcatur,</strong></span> <span class='ocrx_word' id='word_1_538' title='bbox 699 4165 829 4203; x_wconf 89' lang='lat' dir='ltr'><strong>cum</strong></span> <span class='ocrx_word' id='word_1_539' title='bbox 862 4149 1068 4203; x_wconf 88' lang='lat' dir='ltr'><strong>dicitur</strong></span> <span class='ocrx_word' id='word_1_540' title='bbox 1099 4166 1112 4203; x_wconf 88' lang='lat'><strong>:</strong></span> <span class='ocrx_word' id='word_1_541' title='bbox 1145 4152 1266 4204; x_wconf 88' lang='lat' dir='ltr'><strong>Non</strong></span> <span class='ocrx_word' id='word_1_542' title='bbox 1315 4153 1438 4204; x_wconf 82' lang='lat' dir='ltr'><strong>veni</strong></span> <span class='ocrx_word' id='word_1_543' title='bbox 1494 4153 1693 4206; x_wconf 74' lang='lat' dir='ltr'><strong>solvere</strong></span> <span class='ocrx_word' id='word_1_544' title='bbox 1741 4153 1923 4217; x_wconf 84' lang='lat' dir='ltr'><strong>legem,</strong></span> <span class='ocrx_word' id='word_1_545' title='bbox 1952 4152 2047 4206; x_wconf 86' lang='lat' dir='ltr'><strong>sed</strong></span> 
     </span>
    </p>
   </div>
   <div class='ocr_carea' id='block_1_76' title="bbox 347 4235 2049 4306">
    <p class='ocr_par' dir='ltr' id='par_1_76' title="bbox 347 4235 2049 4306">
     <span class='ocr_line' id='line_1_76' title="bbox 347 4235 2049 4306; baseline 0.002 -17"><span class='ocrx_word' id='word_1_546' title='bbox 347 4235 643 4305; x_wconf 79' lang='lat' dir='ltr'><strong>adimplere</strong></span> <span class='ocrx_word' id='word_1_547' title='bbox 671 4239 888 4304; x_wconf 78' lang='lat' dir='ltr'><strong>(Matth.</strong></span> <span class='ocrx_word' id='word_1_548' title='bbox 926 4238 999 4306; x_wconf 89' lang='lat' dir='ltr'><strong>v).</strong></span> <span class='ocrx_word' id='word_1_549' title='bbox 1025 4237 1093 4290; x_wconf 90' lang='lat' dir='ltr'><strong>Et</strong></span> <span class='ocrx_word' id='word_1_550' title='bbox 1129 4237 1262 4291; x_wconf 88' lang='lat' dir='ltr'><strong>alibi</strong></span> <span class='ocrx_word' id='word_1_551' title='bbox 1299 4254 1310 4290; x_wconf 90' lang='lat'>:</span> <span class='ocrx_word' id='word_1_552' title='bbox 1364 4238 1646 4292; x_wconf 78' lang='lat' dir='ltr'><strong>Plenitudo</strong></span> <span class='ocrx_word' id='word_1_553' title='bbox 1679 4240 1808 4305; x_wconf 86' lang='lat' dir='ltr'><strong>legis</strong></span> <span class='ocrx_word' id='word_1_554' title='bbox 1860 4243 1938 4293; x_wconf 89' lang='lat' dir='ltr'><strong>est</strong></span> <span class='ocrx_word' id='word_1_555' title='bbox 1966 4239 2049 4292; x_wconf 82' lang='lat' dir='ltr'><strong>di-</strong></span> 
     </span>
    </p>
   </div>
   <div class='ocr_carea' id='block_1_77' title="bbox 348 4325 2049 4398">
    <p class='ocr_par' dir='ltr' id='par_1_77' title="bbox 348 4325 2049 4398">
     <span class='ocr_line' id='line_1_77' title="bbox 348 4325 2049 4398; baseline 0.002 -21"><span class='ocrx_word' id='word_1_556' title='bbox 348 4325 499 4378; x_wconf 83' lang='lat' dir='ltr'><strong>lectio</strong></span> <span class='ocrx_word' id='word_1_557' title='bbox 528 4325 697 4394; x_wconf 84' lang='lat' dir='ltr'><strong>(Rom.</strong></span> <span class='ocrx_word' id='word_1_558' title='bbox 731 4325 872 4393; x_wconf 80' lang='lat' dir='ltr'><strong>xui).</strong></span> <span class='ocrx_word' id='word_1_559' title='bbox 904 4325 1109 4380; x_wconf 86' lang='lat' dir='ltr'><strong>Omnia</strong></span> <span class='ocrx_word' id='word_1_560' title='bbox 1176 4325 1329 4380; x_wconf 90' lang='lat' dir='ltr'><strong>enim</strong></span> <span class='ocrx_word' id='word_1_561' title='bbox 1370 4342 1500 4397; x_wconf 69' lang='lat' dir='ltr'><strong>quas</strong></span> <span class='ocrx_word' id='word_1_562' title='bbox 1555 4326 1612 4380; x_wconf 89' lang='lat' dir='ltr'><strong>in</strong></span> <span class='ocrx_word' id='word_1_563' title='bbox 1660 4327 1783 4398; x_wconf 90' lang='lat' dir='ltr'><strong>lege</strong></span> <span class='ocrx_word' id='word_1_564' title='bbox 1839 4326 2049 4398; x_wconf 87' lang='lat' dir='ltr'><strong>scripta</strong></span> 
     </span>
    </p>
   </div>
   <div class='ocr_carea' id='block_1_78' title="bbox 349 4413 1068 4482">
    <p class='ocr_par' dir='ltr' id='par_1_78' title="bbox 349 4413 1068 4482">
     <span class='ocr_line' id='line_1_78' title="bbox 349 4413 1068 4482; baseline 0.003 -18"><span class='ocrx_word' id='word_1_565' title='bbox 349 4417 481 4465; x_wconf 89' lang='lat' dir='ltr'><strong>sunt</strong></span> <span class='ocrx_word' id='word_1_566' title='bbox 515 4413 697 4482; x_wconf 87' lang='lat' dir='ltr'><strong>legem</strong></span> <span class='ocrx_word' id='word_1_567' title='bbox 725 4413 1068 4466; x_wconf 89' lang='lat' dir='ltr'><strong>nominavit.</strong></span> 
     </span>
    </p>
   </div>
   <div class='ocr_carea' id='block_1_79' title="bbox 421 4500 2046 4574">
    <p class='ocr_par' dir='ltr' id='par_1_79' title="bbox 421 4500 2046 4574">
     <span class='ocr_line' id='line_1_79' title="bbox 421 4500 2046 4574; baseline 0.004 -21"><span class='ocrx_word' id='word_1_568' title='bbox 421 4501 550 4568; x_wconf 82' lang='grc' dir='ltr'>(ιιι.)</span> <span class='ocrx_word' id='word_1_569' title='bbox 576 4500 726 4554; x_wconf 85' lang='lat' dir='ltr'><strong>Alibi</strong></span> <span class='ocrx_word' id='word_1_570' title='bbox 756 4517 985 4573; x_wconf 88' lang='lat' dir='ltr'><strong>quoque</strong></span> <span class='ocrx_word' id='word_1_571' title='bbox 1017 4519 1030 4555; x_wconf 90' lang='lat'>:</span> <span class='ocrx_word' id='word_1_572' title='bbox 1071 4503 1240 4568; x_wconf 85' lang='lat' dir='ltr'><strong>Justc,</strong></span> <span class='ocrx_word' id='word_1_573' title='bbox 1272 4502 1480 4573; x_wconf 86' lang='lat' dir='ltr'><strong>inquit,</strong></span> <span class='ocrx_word' id='word_1_574' title='bbox 1522 4507 1724 4559; x_wconf 83' lang='lat' dir='ltr'><strong>sectare</strong></span> <span class='ocrx_word' id='word_1_575' title='bbox 1763 4505 1906 4573; x_wconf 88' lang='lat' dir='ltr'><strong>quod</strong></span> <span class='ocrx_word' id='word_1_576' title='bbox 1925 4505 2046 4574; x_wconf 85' lang='lat' dir='ltr'><strong>jus-</strong></span> 
     </span>
    </p>
   </div>
   <div class='ocr_carea' id='block_1_80' title="bbox 351 4587 2048 4660">
    <p class='ocr_par' dir='ltr' id='par_1_80' title="bbox 351 4587 2048 4660">
     <span class='ocr_line' id='line_1_80' title="bbox 351 4587 2048 4660; baseline 0.004 -20"><span class='ocrx_word' id='word_1_577' title='bbox 351 4591 464 4640; x_wconf 87' lang='lat' dir='ltr'><strong>tum</strong></span> <span class='ocrx_word' id='word_1_578' title='bbox 483 4591 558 4641; x_wconf 89' lang='lat' dir='ltr'><strong>est</strong></span> <span class='ocrx_word' id='word_1_579' title='bbox 610 4587 785 4655; x_wconf 85' lang='lat' dir='ltr'><strong>(Deut.</strong></span> <span class='ocrx_word' id='word_1_580' title='bbox 825 4589 957 4656; x_wconf 75' lang='lat' dir='ltr'><strong>xw).</strong></span> <span class='ocrx_word' id='word_1_581' title='bbox 1023 4589 1086 4643; x_wconf 91' lang='lat' dir='ltr'><strong>Et</strong></span> <span class='ocrx_word' id='word_1_582' title='bbox 1134 4589 1269 4660; x_wconf 90' lang='lat' dir='ltr'><strong>quid</strong></span> <span class='ocrx_word' id='word_1_583' title='bbox 1319 4606 1462 4660; x_wconf 91' lang='lat' dir='ltr'><strong>opus</strong></span> <span class='ocrx_word' id='word_1_584' title='bbox 1507 4595 1591 4644; x_wconf 89' lang='lat' dir='ltr'><strong>est</strong></span> <span class='ocrx_word' id='word_1_585' title='bbox 1647 4591 1822 4645; x_wconf 89' lang='lat' dir='ltr'><strong>etiam</strong></span> <span class='ocrx_word' id='word_1_586' title='bbox 1870 4591 1930 4645; x_wconf 92' lang='lat' dir='ltr'><strong>in</strong></span> <span class='ocrx_word' id='word_1_587' title='bbox 1960 4592 2048 4646; x_wconf 87' lang='lat' dir='ltr'><strong>his</strong></span> 
     </span>
    </p>
   </div>
   <div class='ocr_carea' id='block_1_81' title="bbox 348 4675 1710 4749">
    <p class='ocr_par' dir='ltr' id='par_1_81' title="bbox 348 4675 1710 4749">
     <span class='ocr_line' id='line_1_81' title="bbox 348 4675 1710 4749; baseline 0.001 -19"><span class='ocrx_word' id='word_1_588' title='bbox 348 4675 682 4746; x_wconf 88' lang='lat' dir='ltr'><strong>allegoriam</strong></span> <span class='ocrx_word' id='word_1_589' title='bbox 709 4693 985 4749; x_wconf 76' lang='lat' dir='ltr'><strong>quaerere,</strong></span> <span class='ocrx_word' id='word_1_590' title='bbox 1027 4693 1157 4732; x_wconf 91' lang='lat' dir='ltr'><strong>cum</strong></span> <span class='ocrx_word' id='word_1_591' title='bbox 1182 4678 1422 4733; x_wconf 71' lang='lat' dir='ltr'><strong>aediﬁcet</strong></span> <span class='ocrx_word' id='word_1_592' title='bbox 1477 4679 1664 4734; x_wconf 87' lang='lat' dir='ltr'><strong>littera</strong></span> <span class='ocrx_word' id='word_1_593' title='bbox 1682 4678 1710 4731; x_wconf 84' lang='lat'><strong>?</strong></span> 
     </span>
    </p>
   </div>
   <div class='ocr_carea' id='block_1_82' title="bbox 422 4764 2051 4840">
    <p class='ocr_par' dir='ltr' id='par_1_82' title="bbox 422 4764 2051 4840">
     <span class='ocr_line' id='line_1_82' title="bbox 422 4764 2051 4840; baseline 0.002 -21"><span class='ocrx_word' id='word_1_594' title='bbox 422 4764 549 4835; x_wconf 79' lang='lat'><strong>(10.)</strong></span> <span class='ocrx_word' id='word_1_595' title='bbox 580 4765 783 4830; x_wconf 68' lang='lat' dir='ltr'><strong>Quaaro</strong></span> <span class='ocrx_word' id='word_1_596' title='bbox 812 4783 1038 4838; x_wconf 88' lang='lat' dir='ltr'><strong>quoque</strong></span> <span class='ocrx_word' id='word_1_597' title='bbox 1070 4765 1118 4820; x_wconf 89' lang='lat' dir='ltr'><strong>si</strong></span> <span class='ocrx_word' id='word_1_598' title='bbox 1147 4767 1358 4838; x_wconf 88' lang='lat' dir='ltr'><strong>aliqua,</strong></span> <span class='ocrx_word' id='word_1_599' title='bbox 1392 4775 1521 4835; x_wconf 84' lang='lat' dir='ltr'><strong>etc.,</strong></span> <span class='ocrx_word' id='word_1_600' title='bbox 1572 4784 1740 4838; x_wconf 87' lang='lat' dir='ltr'><strong>usque</strong></span> <span class='ocrx_word' id='word_1_601' title='bbox 1787 4771 1862 4823; x_wconf 82' lang='lat' dir='ltr'><strong>ad</strong></span> <span class='ocrx_word' id='word_1_602' title='bbox 1892 4769 2051 4840; x_wconf 86' lang='lat' dir='ltr'><strong>adje-</strong></span> 
     </span>
    </p>
   </div>
   <div class='ocr_carea' id='block_1_83' title="bbox 347 4852 2047 4927">
    <p class='ocr_par' dir='ltr' id='par_1_83' title="bbox 347 4852 2047 4927">
     <span class='ocr_line' id='line_1_83' title="bbox 347 4852 2047 4927; baseline 0.001 -21"><span class='ocrx_word' id='word_1_603' title='bbox 347 4852 425 4906; x_wconf 87' lang='lat' dir='ltr'><strong>cit</strong></span> <span class='ocrx_word' id='word_1_604' title='bbox 480 4859 671 4909; x_wconf 91' lang='lat' dir='ltr'><strong>tamen</strong></span> <span class='ocrx_word' id='word_1_605' title='bbox 730 4855 1079 4927; x_wconf 80' lang='lat' dir='ltr'><strong>Apostolus:</strong></span> <span class='ocrx_word' id='word_1_606' title='bbox 1130 4857 1248 4910; x_wconf 64' lang='lat' dir='ltr'><strong>Haec</strong></span> <span class='ocrx_word' id='word_1_607' title='bbox 1311 4861 1492 4910; x_wconf 89' lang='lat' dir='ltr'><strong>autem</strong></span> <span class='ocrx_word' id='word_1_608' title='bbox 1560 4869 1686 4910; x_wconf 79' lang='lat' dir='ltr'><strong>sunt</strong></span> <span class='ocrx_word' id='word_1_609' title='bbox 1751 4855 2047 4924; x_wconf 82' lang='lat' dir='ltr'><strong>allegorica</strong></span> 
     </span>
    </p>
   </div>
   <div class='ocr_carea' id='block_1_84' title="bbox 349 4941 607 5010">
    <p class='ocr_par' dir='ltr' id='par_1_84' title="bbox 349 4941 607 5010">
     <span class='ocr_line' id='line_1_84' title="bbox 349 4941 607 5010; baseline -0.012 -14"><span class='ocrx_word' id='word_1_610' title='bbox 349 4941 494 5010; x_wconf 85' lang='lat' dir='ltr'><strong>(Gal.</strong></span> <span class='ocrx_word' id='word_1_611' title='bbox 515 4943 607 5010; x_wconf 76' lang='grc' dir='ltr'>ιν).</span> 
     </span>
    </p>
   </div>
   <div class='ocr_carea' id='block_1_85' title="bbox 422 5031 2051 5104">
    <p class='ocr_par' dir='ltr' id='par_1_85' title="bbox 422 5031 2051 5104">
     <span class='ocr_line' id='line_1_85' title="bbox 422 5031 2051 5104; baseline 0.002 -21"><span class='ocrx_word' id='word_1_612' title='bbox 422 5031 611 5084; x_wconf 88' lang='lat' dir='ltr'><strong>Omnis</strong></span> <span class='ocrx_word' id='word_1_613' title='bbox 643 5031 859 5098; x_wconf 84' lang='lat' dir='ltr'><strong>oblatio,</strong></span> <span class='ocrx_word' id='word_1_614' title='bbox 883 5037 991 5089; x_wconf 91' lang='lat' dir='ltr'><strong>etc.</strong></span> <span class='ocrx_word' id='word_1_615' title='bbox 1025 5033 1148 5104; x_wconf 81' lang='grc' dir='ltr'><strong>(ῐυ.)</strong></span> <span class='ocrx_word' id='word_1_616' title='bbox 1199 5034 1293 5088; x_wconf 90' lang='lat' dir='ltr'><strong>Est</strong></span> <span class='ocrx_word' id='word_1_617' title='bbox 1348 5036 1540 5088; x_wconf 90' lang='lat' dir='ltr'><strong>autem</strong></span> <span class='ocrx_word' id='word_1_618' title='bbox 1595 5031 1870 5104; x_wconf 89' lang='lat' dir='ltr'><strong>sapientis</strong></span> <span class='ocrx_word' id='word_1_619' title='bbox 1915 5032 2051 5086; x_wconf 90' lang='lat' dir='ltr'><strong>scri-</strong></span> 
     </span>
    </p>
   </div>
   <div class='ocr_carea' id='block_1_86' title="bbox 353 5118 2053 5192">
    <p class='ocr_par' dir='ltr' id='par_1_86' title="bbox 353 5118 2053 5192">
     <span class='ocr_line' id='line_1_86' title="bbox 353 5118 2053 5192; baseline 0.002 -20"><span class='ocrx_word' id='word_1_620' title='bbox 353 5118 442 5172; x_wconf 69' lang='lat' dir='ltr'><strong>bas</strong></span> <span class='ocrx_word' id='word_1_621' title='bbox 469 5123 527 5173; x_wconf 90' lang='lat' dir='ltr'><strong>et</strong></span> <span class='ocrx_word' id='word_1_622' title='bbox 555 5118 704 5172; x_wconf 90' lang='lat' dir='ltr'><strong>docti</strong></span> <span class='ocrx_word' id='word_1_623' title='bbox 758 5120 826 5173; x_wconf 90' lang='lat' dir='ltr'><strong>de</strong></span> <span class='ocrx_word' id='word_1_624' title='bbox 883 5137 1061 5192; x_wconf 88' lang='lat' dir='ltr'><strong>regno</strong></span> <span class='ocrx_word' id='word_1_625' title='bbox 1104 5121 1220 5188; x_wconf 91' lang='lat' dir='ltr'><strong>Dei,</strong></span> <span class='ocrx_word' id='word_1_626' title='bbox 1253 5127 1313 5177; x_wconf 90' lang='lat' dir='ltr'><strong>ut</strong></span> <span class='ocrx_word' id='word_1_627' title='bbox 1341 5123 1480 5176; x_wconf 89' lang='lat' dir='ltr'><strong>sciat</strong></span> <span class='ocrx_word' id='word_1_628' title='bbox 1535 5121 1604 5176; x_wconf 90' lang='lat' dir='ltr'><strong>de</strong></span> <span class='ocrx_word' id='word_1_629' title='bbox 1656 5120 1744 5175; x_wconf 90' lang='lat' dir='ltr'><strong>his</strong></span> <span class='ocrx_word' id='word_1_630' title='bbox 1774 5120 2053 5176; x_wconf 87' lang='lat' dir='ltr'><strong>thesauris</strong></span> 
     </span>
    </p>
   </div>
   <div class='ocr_carea' id='block_1_87' title="bbox 352 5205 2053 5281">
    <p class='ocr_par' dir='ltr' id='par_1_87' title="bbox 352 5205 2053 5281">
     <span class='ocr_line' id='line_1_87' title="bbox 352 5205 2053 5281; baseline 0.002 -23"><span class='ocrx_word' id='word_1_631' title='bbox 352 5205 608 5277; x_wconf 89' lang='lat' dir='ltr'><strong>proferre</strong></span> <span class='ocrx_word' id='word_1_632' title='bbox 630 5221 775 5260; x_wconf 89' lang='lat' dir='ltr'><strong>nova</strong></span> <span class='ocrx_word' id='word_1_633' title='bbox 821 5211 877 5260; x_wconf 91' lang='lat' dir='ltr'><strong>et</strong></span> <span class='ocrx_word' id='word_1_634' title='bbox 911 5213 1122 5277; x_wconf 86' lang='lat' dir='ltr'><strong>vetera,</strong></span> <span class='ocrx_word' id='word_1_635' title='bbox 1176 5214 1234 5265; x_wconf 90' lang='lat' dir='ltr'><strong>et</strong></span> <span class='ocrx_word' id='word_1_636' title='bbox 1274 5209 1558 5281; x_wconf 90' lang='lat' dir='ltr'><strong>quomodo</strong></span> <span class='ocrx_word' id='word_1_637' title='bbox 1593 5208 1822 5280; x_wconf 88' lang='lat' dir='ltr'><strong>penitus</strong></span> <span class='ocrx_word' id='word_1_638' title='bbox 1892 5207 2053 5262; x_wconf 89' lang='lat' dir='ltr'><strong>litte-</strong></span> 
     </span>
    </p>
   </div>
   <div class='ocr_carea' id='block_1_88' title="bbox 356 5293 2052 5368">
    <p class='ocr_par' dir='ltr' id='par_1_88' title="bbox 356 5293 2052 5368">
     <span class='ocr_line' id='line_1_88' title="bbox 356 5293 2052 5368; baseline 0.001 -20"><span class='ocrx_word' id='word_1_639' title='bbox 356 5310 479 5348; x_wconf 85' lang='lat' dir='ltr'><strong>ram</strong></span> <span class='ocrx_word' id='word_1_640' title='bbox 500 5293 850 5349; x_wconf 85' lang='lat' dir='ltr'><strong>occidentem</strong></span> <span class='ocrx_word' id='word_1_641' title='bbox 890 5296 1117 5368; x_wconf 82' lang='lat' dir='ltr'><strong>abjiciat</strong></span> <span class='ocrx_word' id='word_1_642' title='bbox 1152 5304 1210 5353; x_wconf 92' lang='lat' dir='ltr'><strong>et</strong></span> <span class='ocrx_word' id='word_1_643' title='bbox 1240 5298 1504 5368; x_wconf 89' lang='lat' dir='ltr'><strong>spiritum</strong></span> <span class='ocrx_word' id='word_1_644' title='bbox 1547 5297 1930 5351; x_wconf 88' lang='lat' dir='ltr'><strong>viviﬁcantem</strong></span> <span class='ocrx_word' id='word_1_645' title='bbox 1965 5313 2052 5350; x_wconf 87' lang='lat' dir='ltr'><strong>re-</strong></span> 
     </span>
    </p>
   </div>
   <div class='ocr_carea' id='block_1_89' title="bbox 357 5383 2053 5456">
    <p class='ocr_par' dir='ltr' id='par_1_89' title="bbox 357 5383 2053 5456">
     <span class='ocr_line' id='line_1_89' title="bbox 357 5383 2053 5456; baseline 0.002 -19"><span class='ocrx_word' id='word_1_646' title='bbox 357 5383 550 5456; x_wconf 87' lang='lat' dir='ltr'><strong>quirat</strong></span> <span class='ocrx_word' id='word_1_647' title='bbox 573 5385 798 5455; x_wconf 86' lang='lat' dir='ltr'><strong>(Matth.</strong></span> <span class='ocrx_word' id='word_1_648' title='bbox 833 5401 959 5452; x_wconf 86' lang='lat' dir='ltr'><strong>xm;</strong></span> <span class='ocrx_word' id='word_1_649' title='bbox 981 5387 1019 5440; x_wconf 94' lang='grc' dir='ltr'><em>Ι</em></span> <span class='ocrx_word' id='word_1_650' title='bbox 1046 5388 1163 5443; x_wconf 89' lang='lat' dir='ltr'><strong>Cor.</strong></span> <span class='ocrx_word' id='word_1_651' title='bbox 1203 5387 1306 5456; x_wconf 89' lang='grc' dir='ltr'>ιιι),</span> <span class='ocrx_word' id='word_1_652' title='bbox 1365 5392 1464 5441; x_wconf 89' lang='lat' dir='ltr'><strong>aut</strong></span> <span class='ocrx_word' id='word_1_653' title='bbox 1517 5388 1819 5441; x_wconf 86' lang='lat' dir='ltr'><strong>conﬁrmet</strong></span> <span class='ocrx_word' id='word_1_654' title='bbox 1854 5385 2053 5441; x_wconf 87' lang='lat' dir='ltr'><strong>utilem</strong></span> 
     </span>
    </p>
   </div>
   <div class='ocr_carea' id='block_1_90' title="bbox 356 5472 2051 5531">
    <p class='ocr_par' dir='ltr' id='par_1_90' title="bbox 356 5472 2051 5531">
     <span class='ocr_line' id='line_1_90' title="bbox 356 5472 2051 5531; baseline 0 -3"><span class='ocrx_word' id='word_1_655' title='bbox 356 5477 414 5528; x_wconf 89' lang='lat' dir='ltr'><strong>et</strong></span> <span class='ocrx_word' id='word_1_656' title='bbox 469 5472 848 5528; x_wconf 86' lang='lat' dir='ltr'><strong>necessariam</strong></span> <span class='ocrx_word' id='word_1_657' title='bbox 917 5473 1116 5529; x_wconf 73' lang='lat' dir='ltr'><strong>litterae</strong></span> <span class='ocrx_word' id='word_1_658' title='bbox 1159 5475 1480 5530; x_wconf 88' lang='lat' dir='ltr'><strong>doctrinam</strong></span> <span class='ocrx_word' id='word_1_659' title='bbox 1513 5479 1611 5530; x_wconf 90' lang='lat' dir='ltr'><strong>aut</strong></span> <span class='ocrx_word' id='word_1_660' title='bbox 1659 5478 1924 5531; x_wconf 89' lang='lat' dir='ltr'><strong>manente</strong></span> <span class='ocrx_word' id='word_1_661' title='bbox 1963 5474 2051 5529; x_wconf 75' lang='grc' dir='ltr'>ιιι-</span> 
     </span>
    </p>
   </div>
   <div class='ocr_carea' id='block_1_91' title="bbox 2142 2989 3853 3060">
    <p class='ocr_par' dir='ltr' id='par_1_91' title="bbox 2142 2989 3853 3060">
     <span class='ocr_line' id='line_1_91' title="bbox 2142 2989 3853 3060; baseline -0.008 -10"><span class='ocrx_word' id='word_1_662' title='bbox 2142 3002 2238 3050; x_wconf 91' lang='lat' dir='ltr'><strong>tur</strong></span> <span class='ocrx_word' id='word_1_663' title='bbox 2267 2999 2477 3060; x_wconf 85' lang='lat' dir='ltr'><strong>Aaron,</strong></span> <span class='ocrx_word' id='word_1_664' title='bbox 2511 2994 2758 3048; x_wconf 87' lang='lat' dir='ltr'><strong>visibiles</strong></span> <span class='ocrx_word' id='word_1_665' title='bbox 2787 2996 2921 3046; x_wconf 89' lang='lat' dir='ltr'><strong>sunt</strong></span> <span class='ocrx_word' id='word_1_666' title='bbox 2952 3008 2966 3059; x_wconf 89' lang='lat'><strong>;</strong></span> <span class='ocrx_word' id='word_1_667' title='bbox 2999 2989 3490 3045; x_wconf 90' lang='lat' dir='ltr'><strong>circumcisionem</strong></span> <span class='ocrx_word' id='word_1_668' title='bbox 3537 3001 3767 3058; x_wconf 88' lang='lat' dir='ltr'><strong>quoque</strong></span> <span class='ocrx_word' id='word_1_669' title='bbox 3789 2989 3853 3037; x_wconf 89' lang='lat' dir='ltr'><strong>et</strong></span> 
     </span>
    </p>
   </div>
   <div class='ocr_carea' id='block_1_92' title="bbox 2144 3066 3850 3155">
    <p class='ocr_par' dir='ltr' id='par_1_92' title="bbox 2144 3066 3850 3155">
     <span class='ocr_line' id='line_1_92' title="bbox 2144 3066 3850 3155; baseline -0.008 -16"><span class='ocrx_word' id='word_1_670' title='bbox 2144 3101 2344 3155; x_wconf 88' lang='lat' dir='ltr'><strong>azyma</strong></span> <span class='ocrx_word' id='word_1_671' title='bbox 2380 3090 2438 3137; x_wconf 91' lang='lat' dir='ltr'><strong>et</strong></span> <span class='ocrx_word' id='word_1_672' title='bbox 2465 3083 2672 3154; x_wconf 90' lang='lat' dir='ltr'><strong>pascha</strong></span> <span class='ocrx_word' id='word_1_673' title='bbox 2713 3081 2953 3142; x_wconf 89' lang='lat' dir='ltr'><strong>visibile,</strong></span> <span class='ocrx_word' id='word_1_674' title='bbox 3005 3066 3234 3134; x_wconf 84' lang='lat' dir='ltr'><strong>necesse</strong></span> <span class='ocrx_word' id='word_1_675' title='bbox 3281 3081 3366 3131; x_wconf 85' lang='lat' dir='ltr'><strong>est</strong></span> <span class='ocrx_word' id='word_1_676' title='bbox 3410 3081 3690 3130; x_wconf 71' lang='lat' dir='ltr'><strong>aeternum</strong></span> <span class='ocrx_word' id='word_1_677' title='bbox 3727 3088 3850 3126; x_wconf 89' lang='lat' dir='ltr'><strong>non</strong></span> 
     </span>
    </p>
   </div>
   <div class='ocr_carea' id='block_1_93' title="bbox 2147 3161 3850 3242">
    <p class='ocr_par' dir='ltr' id='par_1_93' title="bbox 2147 3161 3850 3242">
     <span class='ocr_line' id='line_1_93' title="bbox 2147 3161 3850 3242; baseline -0.008 -15"><span class='ocrx_word' id='word_1_678' title='bbox 2147 3190 2290 3239; x_wconf 90' lang='lat' dir='ltr'><strong>esse,</strong></span> <span class='ocrx_word' id='word_1_679' title='bbox 2345 3174 2441 3226; x_wconf 90' lang='lat' dir='ltr'><strong>sed</strong></span> <span class='ocrx_word' id='word_1_680' title='bbox 2498 3171 2834 3242; x_wconf 87' lang='lat' dir='ltr'><strong>temporale.</strong></span> <span class='ocrx_word' id='word_1_681' title='bbox 2890 3167 3195 3224; x_wconf 83' lang='lat' dir='ltr'><strong>Invisibilis</strong></span> <span class='ocrx_word' id='word_1_682' title='bbox 3267 3182 3402 3236; x_wconf 90' lang='lat' dir='ltr'><strong>ergo</strong></span> <span class='ocrx_word' id='word_1_683' title='bbox 3460 3161 3850 3227; x_wconf 62' lang='lat' dir='ltr'><strong>circumcisio,</strong></span> 
     </span>
    </p>
   </div>
   <div class='ocr_carea' id='block_1_94' title="bbox 2149 3249 3854 3333">
    <p class='ocr_par' dir='ltr' id='par_1_94' title="bbox 2149 3249 3854 3333">
     <span class='ocr_line' id='line_1_94' title="bbox 2149 3249 3854 3333; baseline -0.007 -19"><span class='ocrx_word' id='word_1_684' title='bbox 2149 3277 2276 3333; x_wconf 67' lang='lat' dir='ltr'><strong>quae</strong></span> <span class='ocrx_word' id='word_1_685' title='bbox 2305 3261 2364 3316; x_wconf 90' lang='lat' dir='ltr'><strong>in</strong></span> <span class='ocrx_word' id='word_1_686' title='bbox 2392 3261 2614 3314; x_wconf 92' lang='lat' dir='ltr'><strong>occulto</strong></span> <span class='ocrx_word' id='word_1_687' title='bbox 2646 3265 2751 3325; x_wconf 87' lang='lat' dir='ltr'><strong>est,</strong></span> <span class='ocrx_word' id='word_1_688' title='bbox 2784 3262 2996 3312; x_wconf 72' lang='lat' dir='ltr'><strong>aeterna</strong></span> <span class='ocrx_word' id='word_1_689' title='bbox 3024 3261 3124 3321; x_wconf 89' lang='lat' dir='ltr'><strong>est,</strong></span> <span class='ocrx_word' id='word_1_690' title='bbox 3161 3260 3218 3310; x_wconf 90' lang='lat' dir='ltr'><strong>et</strong></span> <span class='ocrx_word' id='word_1_691' title='bbox 3259 3269 3459 3326; x_wconf 83' lang='lat' dir='ltr'><strong>azyma</strong></span> <span class='ocrx_word' id='word_1_692' title='bbox 3504 3249 3854 3306; x_wconf 88' lang='lat' dir='ltr'><strong>sinceritatis</strong></span> 
     </span>
    </p>
   </div>
   <div class='ocr_carea' id='block_1_95' title="bbox 2148 3339 3856 3420">
    <p class='ocr_par' dir='ltr' id='par_1_95' title="bbox 2148 3339 3856 3420">
     <span class='ocr_line' id='line_1_95' title="bbox 2148 3339 3856 3420; baseline -0.009 -15"><span class='ocrx_word' id='word_1_693' title='bbox 2148 3356 2205 3405; x_wconf 91' lang='lat' dir='ltr'><strong>et</strong></span> <span class='ocrx_word' id='word_1_694' title='bbox 2234 3349 2480 3404; x_wconf 88' lang='lat' dir='ltr'><strong>veritatis</strong></span> <span class='ocrx_word' id='word_1_695' title='bbox 2511 3349 2679 3420; x_wconf 81' lang='lat' dir='ltr'><strong>(Rom.</strong></span> <span class='ocrx_word' id='word_1_696' title='bbox 2741 3347 2818 3418; x_wconf 89' lang='grc' dir='ltr'>ιι).</span> <span class='ocrx_word' id='word_1_697' title='bbox 2851 3346 2940 3400; x_wconf 92' lang='lat' dir='ltr'><strong>Sic</strong></span> <span class='ocrx_word' id='word_1_698' title='bbox 2977 3349 3030 3399; x_wconf 89' lang='lat' dir='ltr'><strong>et</strong></span> <span class='ocrx_word' id='word_1_699' title='bbox 3078 3345 3201 3398; x_wconf 78' lang='lat' dir='ltr'><strong>haec</strong></span> <span class='ocrx_word' id='word_1_700' title='bbox 3224 3344 3298 3410; x_wconf 90' lang='lat' dir='ltr'><strong>ei,</strong></span> <span class='ocrx_word' id='word_1_701' title='bbox 3349 3342 3451 3413; x_wconf 90' lang='lat' dir='ltr'><strong>qui</strong></span> <span class='ocrx_word' id='word_1_702' title='bbox 3481 3356 3595 3395; x_wconf 90' lang='lat' dir='ltr'><strong>non</strong></span> <span class='ocrx_word' id='word_1_703' title='bbox 3624 3339 3686 3392; x_wconf 94' lang='lat' dir='ltr'><strong>in</strong></span> <span class='ocrx_word' id='word_1_704' title='bbox 3720 3354 3856 3392; x_wconf 88' lang='lat' dir='ltr'><strong>ma-</strong></span> 
     </span>
    </p>
   </div>
   <div class='ocr_carea' id='block_1_96' title="bbox 2153 3426 3856 3504">
    <p class='ocr_par' dir='ltr' id='par_1_96' title="bbox 2153 3426 3856 3504">
     <span class='ocr_line' id='line_1_96' title="bbox 2153 3426 3856 3504; baseline -0.008 -11"><span class='ocrx_word' id='word_1_705' title='bbox 2153 3439 2374 3498; x_wconf 85' lang='lat' dir='ltr'><strong>nifesto,</strong></span> <span class='ocrx_word' id='word_1_706' title='bbox 2415 3438 2510 3492; x_wconf 89' lang='lat' dir='ltr'><strong>sed</strong></span> <span class='ocrx_word' id='word_1_707' title='bbox 2543 3437 2603 3490; x_wconf 92' lang='lat' dir='ltr'><strong>in</strong></span> <span class='ocrx_word' id='word_1_708' title='bbox 2641 3436 2860 3490; x_wconf 88' lang='lat' dir='ltr'><strong>occulto</strong></span> <span class='ocrx_word' id='word_1_709' title='bbox 2891 3435 3141 3499; x_wconf 65' lang='lat' dir='ltr'><strong>ludasus,</strong></span> <span class='ocrx_word' id='word_1_710' title='bbox 3183 3432 3283 3504; x_wconf 86' lang='lat' dir='ltr'><strong>qui</strong></span> <span class='ocrx_word' id='word_1_711' title='bbox 3325 3430 3549 3501; x_wconf 90' lang='lat' dir='ltr'><strong>spiritu,</strong></span> <span class='ocrx_word' id='word_1_712' title='bbox 3600 3444 3718 3482; x_wconf 90' lang='lat' dir='ltr'><strong>non</strong></span> <span class='ocrx_word' id='word_1_713' title='bbox 3747 3426 3856 3482; x_wconf 80' lang='lat' dir='ltr'><strong>lit-</strong></span> 
     </span>
    </p>
   </div>
   <div class='ocr_carea' id='block_1_97' title="bbox 2150 3516 3856 3598">
    <p class='ocr_par' dir='ltr' id='par_1_97' title="bbox 2150 3516 3856 3598">
     <span class='ocr_line' id='line_1_97' title="bbox 2150 3516 3856 3598; baseline -0.008 -15"><span class='ocrx_word' id='word_1_714' title='bbox 2150 3533 2270 3583; x_wconf 90' lang='lat' dir='ltr'><strong>tera</strong></span> <span class='ocrx_word' id='word_1_715' title='bbox 2300 3529 2486 3598; x_wconf 90' lang='lat' dir='ltr'><strong>legem</strong></span> <span class='ocrx_word' id='word_1_716' title='bbox 2518 3525 2786 3590; x_wconf 89' lang='lat' dir='ltr'><strong>custodit,</strong></span> <span class='ocrx_word' id='word_1_717' title='bbox 2809 3523 3122 3577; x_wconf 88' lang='lat' dir='ltr'><strong>secundum</strong></span> <span class='ocrx_word' id='word_1_718' title='bbox 3167 3521 3504 3575; x_wconf 89' lang='lat' dir='ltr'><strong>interiorem</strong></span> <span class='ocrx_word' id='word_1_719' title='bbox 3553 3516 3856 3572; x_wconf 85' lang='lat' dir='ltr'><strong>hominem</strong></span> 
     </span>
    </p>
   </div>
   <div class='ocr_carea' id='block_1_98' title="bbox 2154 3609 3330 3688">
    <p class='ocr_par' dir='ltr' id='par_1_98' title="bbox 2154 3609 3330 3688">
     <span class='ocr_line' id='line_1_98' title="bbox 2154 3609 3330 3688; baseline -0.009 -16"><span class='ocrx_word' id='word_1_720' title='bbox 2154 3617 2407 3688; x_wconf 89' lang='lat' dir='ltr'><strong>legitima</strong></span> <span class='ocrx_word' id='word_1_721' title='bbox 2436 3621 2652 3670; x_wconf 76' lang='lat' dir='ltr'><strong>aeterna</strong></span> <span class='ocrx_word' id='word_1_722' title='bbox 2682 3613 2950 3668; x_wconf 89' lang='lat' dir='ltr'><strong>dicuntur</strong></span> <span class='ocrx_word' id='word_1_723' title='bbox 2977 3613 3048 3681; x_wconf 87' lang='grc' dir='ltr'>(Π</span> <span class='ocrx_word' id='word_1_724' title='bbox 3073 3612 3201 3665; x_wconf 85' lang='lat' dir='ltr'><strong>Cor.</strong></span> <span class='ocrx_word' id='word_1_725' title='bbox 3235 3609 3330 3680; x_wconf 84' lang='grc' dir='ltr'>ιν).</span> 
     </span>
    </p>
   </div>
   <div class='ocr_carea' id='block_1_99' title="bbox 2236 3713 3857 3788">
    <p class='ocr_par' dir='ltr' id='par_1_99' title="bbox 2236 3713 3857 3788">
     <span class='ocr_line' id='line_1_99' title="bbox 2236 3713 3857 3788; baseline -0.008 -9"><span class='ocrx_word' id='word_1_726' title='bbox 2236 3726 2397 3779; x_wconf 77' lang='lat' dir='ltr'><strong>Vens.</strong></span> <span class='ocrx_word' id='word_1_727' title='bbox 2458 3726 2540 3777; x_wconf 86' lang='lat' dir='ltr'><strong>l2.</strong></span> <span class='ocrx_word' id='word_1_728' title='bbox 2605 3752 2667 3760; x_wconf 94' lang='lat'><strong>—</strong></span> <span class='ocrx_word' id='word_1_729' title='bbox 2735 3722 2952 3776; x_wconf 87' lang='lat' dir='ltr'><strong>Omnem</strong></span> <span class='ocrx_word' id='word_1_730' title='bbox 3016 3718 3328 3786; x_wconf 84' lang='lat' dir='ltr'><strong>medullam,</strong></span> <span class='ocrx_word' id='word_1_731' title='bbox 3378 3716 3580 3788; x_wconf 80' lang='lat' dir='ltr'><strong>(Ome.)</strong></span> <span class='ocrx_word' id='word_1_732' title='bbox 3645 3713 3857 3768; x_wconf 87' lang='lat' dir='ltr'><strong>Osten-</strong></span> 
     </span>
    </p>
   </div>
   <div class='ocr_carea' id='block_1_100' title="bbox 2153 3803 3862 3879">
    <p class='ocr_par' dir='ltr' id='par_1_100' title="bbox 2153 3803 3862 3879">
     <span class='ocr_line' id='line_1_100' title="bbox 2153 3803 3862 3879; baseline -0.008 -10"><span class='ocrx_word' id='word_1_733' title='bbox 2153 3813 2341 3870; x_wconf 90' lang='lat' dir='ltr'><strong>dimus</strong></span> <span class='ocrx_word' id='word_1_734' title='bbox 2367 3811 2698 3866; x_wconf 89' lang='lat' dir='ltr'><strong>mandatum</strong></span> <span class='ocrx_word' id='word_1_735' title='bbox 2731 3810 2800 3864; x_wconf 91' lang='lat' dir='ltr'><strong>de</strong></span> <span class='ocrx_word' id='word_1_736' title='bbox 2831 3807 3099 3879; x_wconf 90' lang='lat' dir='ltr'><strong>primitiis</strong></span> <span class='ocrx_word' id='word_1_737' title='bbox 3127 3807 3378 3878; x_wconf 86' lang='lat' dir='ltr'><strong>frugum,</strong></span> <span class='ocrx_word' id='word_1_738' title='bbox 3414 3811 3545 3868; x_wconf 91' lang='lat' dir='ltr'><strong>etc.,</strong></span> <span class='ocrx_word' id='word_1_739' title='bbox 3570 3817 3742 3872; x_wconf 84' lang='lat' dir='ltr'><strong>usque</strong></span> <span class='ocrx_word' id='word_1_740' title='bbox 3779 3803 3862 3856; x_wconf 82' lang='lat' dir='ltr'><strong>ad</strong></span> 
     </span>
    </p>
   </div>
   <div class='ocr_carea' id='block_1_101' title="bbox 2153 3891 3858 3974">
    <p class='ocr_par' dir='ltr' id='par_1_101' title="bbox 2153 3891 3858 3974">
     <span class='ocr_line' id='line_1_101' title="bbox 2153 3891 3858 3974; baseline -0.009 -15"><span class='ocrx_word' id='word_1_741' title='bbox 2153 3903 2307 3959; x_wconf 88' lang='lat' dir='ltr'><strong>unde</strong></span> <span class='ocrx_word' id='word_1_742' title='bbox 2339 3917 2440 3974; x_wconf 89' lang='lat' dir='ltr'><strong>per</strong></span> <span class='ocrx_word' id='word_1_743' title='bbox 2471 3899 2741 3971; x_wconf 87' lang='lat' dir='ltr'><strong>angelum</strong></span> <span class='ocrx_word' id='word_1_744' title='bbox 2769 3898 2992 3952; x_wconf 88' lang='lat' dir='ltr'><strong>videtur</strong></span> <span class='ocrx_word' id='word_1_745' title='bbox 3032 3896 3197 3968; x_wconf 88' lang='lat' dir='ltr'><strong>quasi</strong></span> <span class='ocrx_word' id='word_1_746' title='bbox 3243 3893 3513 3966; x_wconf 68' lang='lat' dir='ltr'><strong>primitias</strong></span> <span class='ocrx_word' id='word_1_747' title='bbox 3546 3893 3660 3946; x_wconf 88' lang='lat' dir='ltr'><strong>Deo</strong></span> <span class='ocrx_word' id='word_1_748' title='bbox 3691 3891 3858 3945; x_wconf 82' lang='lat' dir='ltr'><strong>obla-</strong></span> 
     </span>
    </p>
   </div>
   <div class='ocr_carea' id='block_1_102' title="bbox 2154 3999 2264 4048">
    <p class='ocr_par' dir='ltr' id='par_1_102' title="bbox 2154 3999 2264 4048">
     <span class='ocr_line' id='line_1_102' title="bbox 2154 3999 2264 4048; baseline -0.018 0"><span class='ocrx_word' id='word_1_749' title='bbox 2154 3999 2264 4048; x_wconf 89' lang='lat' dir='ltr'><strong>tus.</strong></span> 
     </span>
    </p>
   </div>
   <div class='ocr_carea' id='block_1_103' title="bbox 2226 4084 3859 4165">
    <p class='ocr_par' dir='ltr' id='par_1_103' title="bbox 2226 4084 3859 4165">
     <span class='ocr_line' id='line_1_103' title="bbox 2226 4084 3859 4165; baseline -0.01 -12"><span class='ocrx_word' id='word_1_750' title='bbox 2226 4095 2484 4154; x_wconf 87' lang='lat' dir='ltr'><strong>Christus</strong></span> <span class='ocrx_word' id='word_1_751' title='bbox 2512 4098 2598 4149; x_wconf 88' lang='lat' dir='ltr'><strong>est</strong></span> <span class='ocrx_word' id='word_1_752' title='bbox 2626 4090 2894 4165; x_wconf 67' lang='lat' dir='ltr'><strong>primitim</strong></span> <span class='ocrx_word' id='word_1_753' title='bbox 2940 4089 3348 4160; x_wconf 89' lang='lat' dir='ltr'><strong>primitiarum.</strong></span> <span class='ocrx_word' id='word_1_754' title='bbox 3406 4084 3704 4142; x_wconf 89' lang='lat' dir='ltr'><strong>Cornelius</strong></span> <span class='ocrx_word' id='word_1_755' title='bbox 3737 4084 3859 4156; x_wconf 82' lang='lat' dir='ltr'><strong>pri-</strong></span> 
     </span>
    </p>
   </div>
   <div class='ocr_carea' id='block_1_104' title="bbox 2083 4173 3862 4256">
    <p class='ocr_par' dir='ltr' id='par_1_104' title="bbox 2083 4173 3862 4256">
     <span class='ocr_line' id='line_1_104' title="bbox 2083 4173 3862 4256; baseline -0.008 -15"><span class='ocrx_word' id='word_1_756' title='bbox 2083 4203 2125 4256; x_wconf 82' lang='grc' dir='ltr'><strong>ι)</strong></span> <span class='ocrx_word' id='word_1_757' title='bbox 2157 4186 2334 4240; x_wconf 85' lang='lat' dir='ltr'><strong>mitiae</strong></span> <span class='ocrx_word' id='word_1_758' title='bbox 2379 4183 2657 4256; x_wconf 87' lang='lat' dir='ltr'><strong>gentium.</strong></span> <span class='ocrx_word' id='word_1_759' title='bbox 2713 4180 2825 4235; x_wconf 88' lang='lat' dir='ltr'><strong>Alii</strong></span> <span class='ocrx_word' id='word_1_760' title='bbox 2899 4178 3169 4250; x_wconf 65' lang='lat' dir='ltr'><strong>primitiae</strong></span> <span class='ocrx_word' id='word_1_761' title='bbox 3249 4176 3650 4240; x_wconf 87' lang='lat' dir='ltr'><strong>Ecclesiarum,</strong></span> <span class='ocrx_word' id='word_1_762' title='bbox 3711 4173 3862 4228; x_wconf 87' lang='lat' dir='ltr'><strong>sicut</strong></span> 
     </span>
    </p>
   </div>
   <div class='ocr_carea' id='block_1_105' title="bbox 2155 4267 3279 4345">
    <p class='ocr_par' dir='ltr' id='par_1_105' title="bbox 2155 4267 3279 4345">
     <span class='ocr_line' id='line_1_105' title="bbox 2155 4267 3279 4345; baseline -0.008 -17"><span class='ocrx_word' id='word_1_763' title='bbox 2155 4275 2385 4345; x_wconf 85' lang='lat' dir='ltr'><strong>quidam</strong></span> <span class='ocrx_word' id='word_1_764' title='bbox 2406 4271 2675 4344; x_wconf 77' lang='lat' dir='ltr'><strong>primitias</strong></span> <span class='ocrx_word' id='word_1_765' title='bbox 2705 4269 2872 4332; x_wconf 71' lang='lat' dir='ltr'><strong>Asiae,</strong></span> <span class='ocrx_word' id='word_1_766' title='bbox 2905 4267 3004 4321; x_wconf 89' lang='lat' dir='ltr'><strong>alii</strong></span> <span class='ocrx_word' id='word_1_767' title='bbox 3031 4267 3279 4321; x_wconf 67' lang='lat' dir='ltr'><strong>Achaiae.</strong></span> 
     </span>
    </p>
   </div>
   <div class='ocr_carea' id='block_1_106' title="bbox 2228 4355 3864 4433">
    <p class='ocr_par' dir='ltr' id='par_1_106' title="bbox 2228 4355 3864 4433">
     <span class='ocr_line' id='line_1_106' title="bbox 2228 4355 3864 4433; baseline -0.008 -17"><span class='ocrx_word' id='word_1_768' title='bbox 2228 4361 2432 4433; x_wconf 70' lang='grc' dir='ltr'>(Οιιια.)</span> <span class='ocrx_word' id='word_1_769' title='bbox 2458 4358 2660 4414; x_wconf 87' lang='lat' dir='ltr'><strong>Aderit</strong></span> <span class='ocrx_word' id='word_1_770' title='bbox 2679 4357 3072 4429; x_wconf 88' lang='lat' dir='ltr'><strong>unusquisque</strong></span> <span class='ocrx_word' id='word_1_771' title='bbox 3106 4355 3463 4426; x_wconf 84' lang='lat' dir='ltr'><strong>angelorum,</strong></span> <span class='ocrx_word' id='word_1_772' title='bbox 3525 4355 3654 4418; x_wconf 89' lang='lat' dir='ltr'><strong>etc.,</strong></span> <span class='ocrx_word' id='word_1_773' title='bbox 3687 4365 3864 4419; x_wconf 76' lang='lat' dir='ltr'><strong>usque</strong></span> 
     </span>
    </p>
   </div>
   <div class='ocr_carea' id='block_1_107' title="bbox 2157 4439 3860 4521">
    <p class='ocr_par' dir='ltr' id='par_1_107' title="bbox 2157 4439 3860 4521">
     <span class='ocr_line' id='line_1_107' title="bbox 2157 4439 3860 4521; baseline -0.008 -16"><span class='ocrx_word' id='word_1_774' title='bbox 2157 4451 2231 4505; x_wconf 82' lang='lat' dir='ltr'><strong>ad</strong></span> <span class='ocrx_word' id='word_1_775' title='bbox 2259 4466 2388 4521; x_wconf 73' lang='lat' dir='ltr'><strong>quas</strong></span> <span class='ocrx_word' id='word_1_776' title='bbox 2427 4465 2540 4502; x_wconf 91' lang='lat' dir='ltr'><strong>non</strong></span> <span class='ocrx_word' id='word_1_777' title='bbox 2575 4446 2765 4518; x_wconf 86' lang='lat' dir='ltr'><strong>angeli</strong></span> <span class='ocrx_word' id='word_1_778' title='bbox 2797 4446 2880 4499; x_wconf 88' lang='lat' dir='ltr'><strong>vel</strong></span> <span class='ocrx_word' id='word_1_779' title='bbox 2911 4443 3208 4516; x_wconf 89' lang='lat' dir='ltr'><strong>principis,</strong></span> <span class='ocrx_word' id='word_1_780' title='bbox 3236 4443 3333 4497; x_wconf 89' lang='lat' dir='ltr'><strong>sed</strong></span> <span class='ocrx_word' id='word_1_781' title='bbox 3367 4442 3460 4496; x_wconf 90' lang='lat' dir='ltr'><strong>Dei</strong></span> <span class='ocrx_word' id='word_1_782' title='bbox 3520 4439 3712 4512; x_wconf 91' lang='lat' dir='ltr'><strong>portio</strong></span> <span class='ocrx_word' id='word_1_783' title='bbox 3746 4445 3860 4494; x_wconf 89' lang='lat' dir='ltr'><strong>est.</strong></span> 
     </span>
    </p>
   </div>
   <div class='ocr_carea' id='block_1_108' title="bbox 2229 4529 3862 4609">
    <p class='ocr_par' dir='ltr' id='par_1_108' title="bbox 2229 4529 3862 4609">
     <span class='ocr_line' id='line_1_108' title="bbox 2229 4529 3862 4609; baseline -0.007 -16"><span class='ocrx_word' id='word_1_784' title='bbox 2229 4539 2350 4609; x_wconf 65' lang='lat'><strong>(11).)</strong></span> <span class='ocrx_word' id='word_1_785' title='bbox 2390 4537 2648 4593; x_wconf 76' lang='lat' dir='ltr'><strong>Olferunt</strong></span> <span class='ocrx_word' id='word_1_786' title='bbox 2677 4550 2816 4605; x_wconf 86' lang='lat' dir='ltr'><strong>ergo</strong></span> <span class='ocrx_word' id='word_1_787' title='bbox 2843 4533 3034 4605; x_wconf 89' lang='lat' dir='ltr'><strong>angeli</strong></span> <span class='ocrx_word' id='word_1_788' title='bbox 3065 4550 3132 4588; x_wconf 76' lang='lat' dir='ltr'><strong>ex</strong></span> <span class='ocrx_word' id='word_1_789' title='bbox 3162 4531 3328 4587; x_wconf 88' lang='lat' dir='ltr'><strong>nobis</strong></span> <span class='ocrx_word' id='word_1_790' title='bbox 3367 4529 3670 4602; x_wconf 90' lang='lat' dir='ltr'><strong>primitias,</strong></span> <span class='ocrx_word' id='word_1_791' title='bbox 3720 4534 3862 4592; x_wconf 90' lang='lat' dir='ltr'><strong>etc.,</strong></span> 
     </span>
    </p>
   </div>
   <div class='ocr_carea' id='block_1_109' title="bbox 2157 4625 3864 4699">
    <p class='ocr_par' dir='ltr' id='par_1_109' title="bbox 2157 4625 3864 4699">
     <span class='ocr_line' id='line_1_109' title="bbox 2157 4625 3864 4699; baseline -0.009 -14"><span class='ocrx_word' id='word_1_792' title='bbox 2157 4644 2326 4699; x_wconf 87' lang='lat' dir='ltr'><strong>usque</strong></span> <span class='ocrx_word' id='word_1_793' title='bbox 2379 4627 2454 4682; x_wconf 87' lang='lat' dir='ltr'><strong>ad</strong></span> <span class='ocrx_word' id='word_1_794' title='bbox 2483 4631 2546 4681; x_wconf 92' lang='lat' dir='ltr'><strong>ut</strong></span> <span class='ocrx_word' id='word_1_795' title='bbox 2576 4629 2836 4696; x_wconf 86' lang='lat' dir='ltr'><strong>quaerant</strong></span> <span class='ocrx_word' id='word_1_796' title='bbox 2864 4639 2993 4695; x_wconf 62' lang='lat' dir='ltr'><strong>qua</strong></span> <span class='ocrx_word' id='word_1_797' title='bbox 3021 4637 3250 4676; x_wconf 87' lang='lat' dir='ltr'><strong>sursum</strong></span> <span class='ocrx_word' id='word_1_798' title='bbox 3279 4625 3431 4686; x_wconf 86' lang='lat' dir='ltr'><strong>sunt,</strong></span> <span class='ocrx_word' id='word_1_799' title='bbox 3459 4634 3574 4673; x_wconf 90' lang='lat' dir='ltr'><strong>non</strong></span> <span class='ocrx_word' id='word_1_800' title='bbox 3603 4633 3732 4689; x_wconf 81' lang='lat' dir='ltr'><strong>quae</strong></span> <span class='ocrx_word' id='word_1_801' title='bbox 3765 4635 3864 4671; x_wconf 88' lang='lat' dir='ltr'><strong>su-</strong></span> 
     </span>
    </p>
   </div>
   <div class='ocr_carea' id='block_1_110' title="bbox 2161 4721 2532 4789">
    <p class='ocr_par' dir='ltr' id='par_1_110' title="bbox 2161 4721 2532 4789">
     <span class='ocr_line' id='line_1_110' title="bbox 2161 4721 2532 4789; baseline -0.005 -18"><span class='ocrx_word' id='word_1_802' title='bbox 2161 4734 2262 4789; x_wconf 93' lang='lat' dir='ltr'><strong>per</strong></span> <span class='ocrx_word' id='word_1_803' title='bbox 2298 4721 2532 4771; x_wconf 88' lang='lat' dir='ltr'><strong>terram.</strong></span> 
     </span>
    </p>
   </div>
   <div class='ocr_carea' id='block_1_111' title="bbox 2233 4812 3867 4892">
    <p class='ocr_par' dir='ltr' id='par_1_111' title="bbox 2233 4812 3867 4892">
     <span class='ocr_line' id='line_1_111' title="bbox 2233 4812 3867 4892; baseline -0.007 -15"><span class='ocrx_word' id='word_1_804' title='bbox 2233 4821 2364 4892; x_wconf 80' lang='grc' dir='ltr'>(ῐο.)</span> <span class='ocrx_word' id='word_1_805' title='bbox 2418 4821 2680 4877; x_wconf 79' lang='lat' dir='ltr'><strong>Olferunt</strong></span> <span class='ocrx_word' id='word_1_806' title='bbox 2729 4817 2922 4888; x_wconf 88' lang='lat' dir='ltr'><strong>angeli</strong></span> <span class='ocrx_word' id='word_1_807' title='bbox 2996 4815 3298 4886; x_wconf 88' lang='lat' dir='ltr'><strong>primitias,</strong></span> <span class='ocrx_word' id='word_1_808' title='bbox 3364 4819 3494 4880; x_wconf 90' lang='lat' dir='ltr'><strong>etc.,</strong></span> <span class='ocrx_word' id='word_1_809' title='bbox 3552 4827 3720 4882; x_wconf 85' lang='lat' dir='ltr'><strong>usque</strong></span> <span class='ocrx_word' id='word_1_810' title='bbox 3790 4812 3867 4866; x_wconf 85' lang='lat' dir='ltr'><strong>ad</strong></span> 
     </span>
    </p>
   </div>
   <div class='ocr_carea' id='block_1_112' title="bbox 2162 4899 3864 4980">
    <p class='ocr_par' dir='ltr' id='par_1_112' title="bbox 2162 4899 3864 4980">
     <span class='ocr_line' id='line_1_112' title="bbox 2162 4899 3864 4980; baseline -0.006 -16"><span class='ocrx_word' id='word_1_811' title='bbox 2162 4909 2307 4964; x_wconf 90' lang='lat' dir='ltr'><strong>alius</strong></span> <span class='ocrx_word' id='word_1_812' title='bbox 2331 4909 2596 4980; x_wconf 90' lang='lat' dir='ltr'><strong>princeps</strong></span> <span class='ocrx_word' id='word_1_813' title='bbox 2621 4907 2936 4961; x_wconf 89' lang='lat' dir='ltr'><strong>multorum</strong></span> <span class='ocrx_word' id='word_1_814' title='bbox 2972 4919 3092 4958; x_wconf 88' lang='lat' dir='ltr'><strong>esse</strong></span> <span class='ocrx_word' id='word_1_815' title='bbox 3138 4903 3392 4974; x_wconf 89' lang='lat' dir='ltr'><strong>ponitur,</strong></span> <span class='ocrx_word' id='word_1_816' title='bbox 3448 4901 3592 4956; x_wconf 90' lang='lat' dir='ltr'><strong>alius</strong></span> <span class='ocrx_word' id='word_1_817' title='bbox 3648 4899 3864 4972; x_wconf 91' lang='lat' dir='ltr'><strong>princi-</strong></span> 
     </span>
    </p>
   </div>
   <div class='ocr_carea' id='block_1_113' title="bbox 2162 4997 2646 5070">
    <p class='ocr_par' dir='ltr' id='par_1_113' title="bbox 2162 4997 2646 5070">
     <span class='ocr_line' id='line_1_113' title="bbox 2162 4997 2646 5070; baseline -0.006 -18"><span class='ocrx_word' id='word_1_818' title='bbox 2162 4999 2321 5070; x_wconf 89' lang='lat' dir='ltr'><strong>patui</strong></span> <span class='ocrx_word' id='word_1_819' title='bbox 2341 4997 2646 5068; x_wconf 89' lang='lat' dir='ltr'><strong>subjectus.</strong></span> 
     </span>
    </p>
   </div>
   <div class='ocr_carea' id='block_1_114' title="bbox 2235 5093 3866 5181">
    <p class='ocr_par' dir='ltr' id='par_1_114' title="bbox 2235 5093 3866 5181">
     <span class='ocr_line' id='line_1_114' title="bbox 2235 5093 3866 5181; baseline -0.007 -22"><span class='ocrx_word' id='word_1_820' title='bbox 2235 5103 2531 5181; x_wconf 8' lang='lat' dir='ltr'><strong>(In.)&gt;Agri</strong></span> <span class='ocrx_word' id='word_1_821' title='bbox 2561 5101 2899 5172; x_wconf 88' lang='lat' dir='ltr'><strong>angelorum</strong></span> <span class='ocrx_word' id='word_1_822' title='bbox 2930 5099 3101 5153; x_wconf 90' lang='lat' dir='ltr'><strong>corda</strong></span> <span class='ocrx_word' id='word_1_823' title='bbox 3153 5101 3348 5152; x_wconf 89' lang='lat' dir='ltr'><strong>nostra</strong></span> <span class='ocrx_word' id='word_1_824' title='bbox 3399 5099 3552 5164; x_wconf 89' lang='lat' dir='ltr'><strong>sunt,</strong></span> <span class='ocrx_word' id='word_1_825' title='bbox 3617 5093 3866 5167; x_wconf 89' lang='lat' dir='ltr'><strong>quisque</strong></span> 
     </span>
    </p>
   </div>
   <div class='ocr_carea' id='block_1_115' title="bbox 2163 5184 3859 5261">
    <p class='ocr_par' dir='ltr' id='par_1_115' title="bbox 2163 5184 3859 5261">
     <span class='ocr_line' id='line_1_115' title="bbox 2163 5184 3859 5261; baseline -0.004 -16"><span class='ocrx_word' id='word_1_826' title='bbox 2163 5207 2365 5245; x_wconf 90' lang='lat' dir='ltr'><strong>eorum</strong></span> <span class='ocrx_word' id='word_1_827' title='bbox 2395 5207 2460 5244; x_wconf 88' lang='lat' dir='ltr'><strong>ex</strong></span> <span class='ocrx_word' id='word_1_828' title='bbox 2481 5207 2617 5261; x_wconf 89' lang='lat' dir='ltr'><strong>agro</strong></span> <span class='ocrx_word' id='word_1_829' title='bbox 2648 5205 2816 5260; x_wconf 90' lang='lat' dir='ltr'><strong>quem</strong></span> <span class='ocrx_word' id='word_1_830' title='bbox 2855 5187 2986 5243; x_wconf 91' lang='lat' dir='ltr'><strong>colit</strong></span> <span class='ocrx_word' id='word_1_831' title='bbox 3041 5187 3208 5241; x_wconf 72' lang='lat' dir='ltr'><strong>olfert</strong></span> <span class='ocrx_word' id='word_1_832' title='bbox 3258 5184 3540 5258; x_wconf 90' lang='lat' dir='ltr'><strong>primitias</strong></span> <span class='ocrx_word' id='word_1_833' title='bbox 3592 5184 3859 5239; x_wconf 88' lang='lat' dir='ltr'><strong>Domino.</strong></span> 
     </span>
    </p>
   </div>
   <div class='ocr_carea' id='block_1_116' title="bbox 2233 5273 3867 5350">
    <p class='ocr_par' dir='ltr' id='par_1_116' title="bbox 2233 5273 3867 5350">
     <span class='ocr_line' id='line_1_116' title="bbox 2233 5273 3867 5350; baseline -0.004 -17"><span class='ocrx_word' id='word_1_834' title='bbox 2233 5279 2364 5350; x_wconf 85' lang='lat' dir='ltr'><strong>(ln.)</strong></span> <span class='ocrx_word' id='word_1_835' title='bbox 2417 5278 2574 5333; x_wconf 89' lang='lat' dir='ltr'><strong>Sicut</strong></span> <span class='ocrx_word' id='word_1_836' title='bbox 2637 5277 2892 5332; x_wconf 91' lang='lat' dir='ltr'><strong>Christus</strong></span> <span class='ocrx_word' id='word_1_837' title='bbox 2955 5277 3071 5332; x_wconf 78' lang='lat' dir='ltr'><strong>Rex</strong></span> <span class='ocrx_word' id='word_1_838' title='bbox 3119 5291 3340 5346; x_wconf 88' lang='lat' dir='ltr'><strong>regum,</strong></span> <span class='ocrx_word' id='word_1_839' title='bbox 3401 5279 3529 5340; x_wconf 88' lang='lat' dir='ltr'><strong>etc.,</strong></span> <span class='ocrx_word' id='word_1_840' title='bbox 3582 5288 3753 5341; x_wconf 85' lang='lat' dir='ltr'><strong>usque</strong></span> <span class='ocrx_word' id='word_1_841' title='bbox 3791 5273 3867 5326; x_wconf 86' lang='lat' dir='ltr'><strong>ad</strong></span> 
     </span>
    </p>
   </div>
   <div class='ocr_carea' id='block_1_117' title="bbox 2163 5365 3018 5436">
    <p class='ocr_par' dir='ltr' id='par_1_117' title="bbox 2163 5365 3018 5436">
     <span class='ocr_line' id='line_1_117' title="bbox 2163 5365 3018 5436; baseline -0.005 -14"><span class='ocrx_word' id='word_1_842' title='bbox 2163 5369 2448 5424; x_wconf 86' lang='lat' dir='ltr'><strong>sufﬁceret</strong></span> <span class='ocrx_word' id='word_1_843' title='bbox 2475 5367 2640 5421; x_wconf 87' lang='lat' dir='ltr'><strong>nobis</strong></span> <span class='ocrx_word' id='word_1_844' title='bbox 2667 5366 2788 5420; x_wconf 71' lang='lat' dir='ltr'><strong>haec</strong></span> <span class='ocrx_word' id='word_1_845' title='bbox 2817 5365 3018 5436; x_wconf 87' lang='lat' dir='ltr'><strong>gratia.</strong></span> 
     </span>
    </p>
   </div>
   <div class='ocr_carea' id='block_1_118' title="bbox 2235 5469 3861 5540">
    <p class='ocr_par' dir='ltr' id='par_1_118' title="bbox 2235 5469 3861 5540">
     <span class='ocr_line' id='line_1_118' title="bbox 2235 5469 3861 5540; baseline -0.003 -15"><span class='ocrx_word' id='word_1_846' title='bbox 2235 5475 2391 5528; x_wconf 73' lang='lat' dir='ltr'><strong>Vens.</strong></span> <span class='ocrx_word' id='word_1_847' title='bbox 2429 5476 2511 5528; x_wconf 85' lang='lat' dir='ltr'><strong>l3.</strong></span> <span class='ocrx_word' id='word_1_848' title='bbox 2536 5504 2601 5512; x_wconf 90' lang='lat'><strong>—</strong></span> <span class='ocrx_word' id='word_1_849' title='bbox 2627 5474 2888 5528; x_wconf 84' lang='lat' dir='ltr'><strong>Universa</strong></span> <span class='ocrx_word' id='word_1_850' title='bbox 2931 5473 3175 5539; x_wconf 82' lang='lat' dir='ltr'><strong>frugum.</strong></span> <span class='ocrx_word' id='word_1_851' title='bbox 3245 5473 3433 5540; x_wconf 62' lang='lat' dir='ltr'><strong>(Aac,</strong></span> <span class='ocrx_word' id='word_1_852' title='bbox 3479 5472 3667 5538; x_wconf 69' lang='lat' dir='ltr'><strong>quaest.</strong></span> <span class='ocrx_word' id='word_1_853' title='bbox 3705 5470 3772 5521; x_wconf 82' lang='lat'><strong>3&#39;2</strong></span> <span class='ocrx_word' id='word_1_854' title='bbox 3804 5469 3861 5529; x_wconf 80' lang='lat' dir='ltr'><strong>in</strong></span> 
     </span>
    </p>
   </div>
  </div>
