3976 6178
171 322 264 376 409
1322 322 1572 379 GLOSSA
1613 322 2015 379 ORDINARIA.
2059 353 2126 362 ——
2172 323 2301 377 LIB.
2344 319 2515 378 NUM.
3552 322 3655 377 HO

168 444 339 509 Nam.)
408 442 798 514 Primogenita
865 443 1078 511 omnia,
1148 448 1283 514 etc.,
1352 460 1520 515 usque
1577 446 1651 499 ad
1711 463 1839 518 quas
1866 449 1911 504 Α
1951 450 2287 514 mactemus,
2319 460 2450 500 cum
2482 460 2713 499 carnem
2744 461 2778 499 a
2814 443 3044 500 lascivia
3096 440 3403 513 voluptatis
3443 442 3650 497 exstin-

171 532 415 605 primitus
448 533 837 587 sumebantur.

225 622 377 675 Vens.
434 623 517 674 15.
580 650 651 661 -
708 621 992 691 Quidquid
1044 625 1284 693 primum
1341 622 1546 694 (Οιιιο.)
1601 625 1846 679 Possunt

168 706 296 760 forte
325 706 407 760 illi
440 707 809 778 primogeniti
839 709 972 774 dici,
1028 712 1127 782 qui
1158 727 1285 766 cum
1342 712 1679 766 mulieribus
1728 728 1845 767 non

168 801 285 848 sunt
327 796 703 867 coinquinati,
735 798 819 852 vel
845 798 1015 853 etiam
1068 806 1370 871 martyres;
1409 802 1661 871 primitia
1708 818 1845 873 quo-

169 900 264 953 quc
298 884 554 939 Ecclesia:
602 892 837 958 possunt
880 888 992 941 dici
1042 888 1290 959 virgines
1320 888 1515 958 (Apoc.
1578 892 1697 958 l4);
1743 890 1843 945 de-

166 973 311 1026 cima:
333 990 481 1036 vero,
519 976 619 1045 qui
650 982 779 1046 post
823 977 1158 1048 conjugium
1192 978 1551 1032 continentes
1582 982 1734 1031 sunt.

226 1062 403 1116 Omne.
455 1062 637 1133 (ΗΑΒ.)
673 1065 735 1118 ln
789 1072 1029 1136 utroque
1062 1067 1401 1121 testamento
1445 1065 1720 1119 ministris
1766 1064 1847 1119 al-

166 1150 287 1203 taris
312 1151 631 1206 oblationes
670 1158 727 1207 et
774 1154 1011 1208 decimae
1041 1154 1109 1209 ad
1142 1155 1457 1209 necessaria
1490 1154 1842 1221 tribuuntur,

167 1255 229 1293 ne
274 1240 515 1294 terrenis
567 1242 1017 1312 possessionibus
1063 1243 1311 1298 audeant
1342 1243 1584 1310 inhiare,
1616 1259 1719 1297 nec
1760 1244 1845 1296 lu-

168 1343 311 1382 crum
343 1329 416 1381 de
470 1330 785 1384 ministerio
839 1349 1097 1402 querere
1132 1350 1144 1387 :
1178 1333 1349 1399 unde,
1403 1334 1588 1389 Gratis
1630 1334 1847 1400 accepi-

168 1419 272 1481 stis,
310 1419 488 1482 gratis
537 1418 679 1473 date.
728 1422 903 1475 Nolite
957 1423 1233 1490 possidere
1290 1438 1487 1475 aurum
1535 1436 1703 1489 neque
1746 1436 1846 1473 ar-

168 1510 388 1575 gentum,
425 1523 592 1575 neque
611 1512 895 1577 pecuniam
934 1512 1151 1578 (Matth.
1188 1514 1264 1580 χ).

229 1594 451 1663 Mystice
495 1602 689 1649 autem
722 1598 954 1651 decima:
990 1598 1408 1653 observantiam
1445 1598 1588 1670 legis
1624 1597 1844 1668 signiti-

167 1686 297 1746 cant,
347 1683 433 1735 vel
482 1682 868 1739 sinceritatem
919 1686 1262 1757 integritatis
1314 1687 1470 1752 fidei,
1508 1687 1593 1740 vel
1651 1686 1839 1757 perfe-

167 1769 396 1823 ctionem
446 1770 581 1824 boui
638 1773 849 1842 operis,
904 1790 1032 1845 quin
1073 1776 1317 1829 maxime
1370 1776 1581 1829 habere
1635 1775 1844 1829 debent

166 1857 251 1928 qui
278 1857 600 1913 ministerio
644 1860 839 1914 divino
887 1880 944 1916 se
976 1864 1267 1919 exhibent.
1301 1865 1363 1917 ln
1396 1864 1630 1918 denario
1688 1864 1843 1918 enim

167 1962 386 1999 numero
430 1953 710 2003 creaturae
765 1956 821 2003 et
852 1952 1123 2005 creatoris
1180 1952 1413 2023 cognito
1462 1952 1841 2022 comprehen-

167 2033 320 2101 ditur,
372 2036 513 2105 quia
556 2039 914 2107 septenarius
942 2041 1177 2110 respicit
1215 2043 1284 2095 ad
1320 2043 1634 2095 humanam
1675 2047 1841 2094 natu-

165 2134 292 2188 ram,
324 2125 507 2177 tribus
538 2125 747 2179 scilicet
778 2127 888 2181 vim
922 2129 1128 2182 animae
1151 2130 1612 2194 ostendentibus;
1672 2129 1843 2193 unde,

165 2213 344 2279 Diliges
412 2216 703 2269 Dominum
757 2219 926 2270 Deum
977 2224 1129 2272 tuum
1175 2235 1242 2272 ea:
1282 2224 1389 2272 toto
1436 2219 1594 2273 cordo
1629 2224 1738 2283 tuo,
1797 2222 1846 2271 et

165 2315 219 2352 ea:
246 2305 350 2353 tota
397 2308 587 2356 anima
626 2310 739 2371 tua,
800 2310 848 2359 et
879 2322 946 2359 ea:
994 2312 1106 2359 tota
1151 2306 1479 2373 fortitudine
1539 2312 1634 2361 tua
1673 2308 1843 2373 (Deut.

167 2394 248 2453 τι).
315 2390 535 2459 Corpus
593 2396 783 2445 autem
842 2408 908 2446 ex
951 2398 1198 2463 quatuor
1253 2399 1476 2448 constat
1525 2394 1841 2447 elementis.

167 2474 575 2543 Septenarium,
635 2486 848 2543 autem,
899 2481 945 2533 si
977 2482 1225 2535 ternario
1278 2498 1518 2535 numero
1563 2483 1734 2536 tidem
1792 2488 1848 2536 et

167 2562 565 2618 confessionem
611 2567 904 2621 Trinitatis
954 2569 1294 2639 exprimenti
1345 2569 1695 2639 adjunxeris,
1745 2569 1843 2624 de-

169 2651 368 2704 narium
401 2670 530 2707 com
537 2656 734 2725 plebis.

226 2744 378 2795 Vens.
446 2747 527 2797 lt).
589 2774 657 2784 —-
710 2746 930 2799 Pactam
981 2748 1133 2801 satis.
1196 2748 1372 2818 (ΗΑΒ.)
1425 2749 1658 2802 Pactum
1713 2748 1845 2801 salis

169 2830 407 2885 nominat
471 2833 834 2887 oblationum
869 2835 1321 2898 universitatem,
1376 2852 1504 2907 qum
1542 2837 1613 2891 ad
1667 2836 1845 2891 mini-

169 2919 383 2973 sterium
428 2921 516 2973 vel
551 2921 621 2974 ad
642 2922 738 2991 jus
772 2923 1132 2977 sacerdotum
1163 2925 1427 2994 pertinet,
1464 2925 1615 2979 unde
1646 2925 1705 2978 in
1749 2926 1845 2979 Le-

1956 534 2187 606 guimus
2227 551 2241 590 :
2283 550 2457 606 quam
2481 549 2610 588 cum
2642 533 2909 604 hyssopo,
2944 532 3100 602 ligno
3129 530 3362 587 cedrino
3396 535 3451 585 et
3484 546 3649 585 cocco

1954 623 2275 689 offerimus;
2332 622 2471 694 quia
2518 638 2646 676 cum
2702 620 3085 676 maceratione
3134 618 3388 690 corporis
3432 619 3647 674 sacrifi-

1953 711 2103 766 cium
2130 710 2265 765 lidei
2295 710 2415 779 spei
2439 714 2497 762 et
2516 708 2811 763 charitatis
2836 708 3148 762 adolemus.

2026 796 2181 849 Vens.
2228 800 2279 851 2.
2314 827 2384 838 —
2422 798 2587 852 Nulla
2637 800 2710 851 sit
2770 798 3001 851 macula.
3055 800 3245 862 (Auc.,
3280 801 3470 866 quaest.
3530 798 3640 861 33.)

1952 884 2085 940 Sine
2135 885 2269 940 vitio
2326 886 2483 940 Hanc
2535 886 2690 941 enim
2752 902 2980 941 carnem
3036 892 3257 940 caeteras
3320 886 3521 939 hostiae
3570 888 3642 939 si-

1952 972 2321 1043 gnificabant,
2375 980 2506 1041 etc.,
2552 989 2719 1042 usque
2764 973 2839 1027 ad
2884 989 3013 1044 quas.
3067 989 3181 1027 non
3229 971 3429 1027 habuit
3471 970 3531 1024 in
3587 988 3645 1023 se

1952 1062 2152 1117 vitium
2174 1063 2200 1117 ?

2023 1153 2130 1207 Nec
2190 1155 2513 1221 portaverit.
2585 1152 2781 1207 Omnis
2834 1151 2932 1223 qui
3002 1155 3217 1223 peccat,
3291 1166 3485 1204 servus
3560 1154 3646 1204 est

1953 1240 2168 1310 peccati
2202 1258 2213 1295 :
2244 1241 2380 1312 quia
2433 1258 2569 1312 ergo
2602 1242 2855 1295 Christus
2900 1256 3191 1311 nunquam
3224 1238 3497 1311 peccavit,
3549 1238 3644 1309 ju-

1955 1345 2093 1399 gnm
2127 1346 2238 1383 non
2272 1331 2535 1400 portavit.

2025 1419 2209 1487 (Auct)
2256 1420 2380 1473 Alia
2424 1420 2627 1473 littera.
2680 1421 2747 1474 Et
2794 1434 2900 1472 non
2955 1422 3035 1472 est
3076 1433 3238 1487 super
3282 1433 3400 1471 eam
3453 1431 3641 1485 super-

1954 1512 2186 1579 positum
2210 1510 2425 1578 jugum,
2460 1515 2565 1562 etc.
2606 1510 2728 1562 Non
2778 1508 2931 1560 enim
2961 1506 3261 1577 subjugata
3290 1510 3374 1561 est
3427 1504 3647 1575 iniqui-

1956 1598 2078 1665 tati,
2119 1598 2211 1650 cui
2253 1598 2586 1666 subjugatos
2635 1595 2930 1649 inveniens
2982 1594 3265 1662 liberavit,
3314 1600 3373 1648 et
3418 1594 3646 1647 vincula

1957 1702 2158 1741 eorum
2222 1686 2457 1756 dirupit.
2512 1684 2712 1739 Unde:
2758 1685 3027 1751 Dirupisti
3076 1684 3297 1737 vincula
3360 1697 3495 1747 mea,
3550 1682 3649 1734 tibi

1952 1775 2270 1847 sacriﬁcabo
2334 1777 2566 1829 hostium
2619 1774 2823 1840 laudis,
2870 1778 2981 1827 etc.
3053 1772 3233 1843 Super
3281 1771 3434 1825 illius
3491 1768 3645 1823 enim

1953 1879 2183 1919 carnem
2226 1880 2339 1917 non
2370 1868 2457 1917 est
2507 1862 2755 1933 positum
2780 1862 3009 1931 jugum,
3039 1860 3135 1931 qui
3174 1862 3512 1930 potestatem
3553 1858 3647 1911 ha-

1952 1949 2076 2003 buit
2100 1950 2351 2020 ponendi
2373 1949 2627 2003 animam
2659 1966 2842 2014 suam,
2876 1953 2933 2002 et
2964 1948 3172 2001 iterum
3203 1946 3467 2002 sumendi
3496 1961 3642 1998 eam.

2027 2038 2183 2091 Vens.
2238 2041 2287 2092 3.
2330 2067 2400 2077 —
2446 2038 2817 2106 Tradetisque.
2884 2038 3056 2089 Vacca
3110 2035 3179 2089 ad
3231 2032 3647 2087 immolandum

1954 2126 2233 2181 sacerdoti
2307 2126 2569 2193 traditur,
2636 2126 2772 2197 quia
2838 2124 3110 2179 Dominus
3166 2122 3491 2176 incarnatus
3544 2138 3648 2192 pro

1956 2214 2348 2286 redemptione
2417 2220 2610 2268 nostra
2666 2213 3009 2268 sacrificium
3066 2212 3437 2282 semetipsum
3495 2209 3647 2276 fecit,

1954 2303 2120 2357 datus
2150 2302 2412 2356 manibus
2437 2303 2656 2357 Judaici
2685 2304 2905 2373 populi.

2028 2392 2204 2461 (Anc)
2262 2391 2385 2445 Alia
2442 2391 2649 2447 littera.
2706 2396 2775 2448 Et
2830 2391 2988 2445 dabis
3034 2406 3151 2445 eam
3198 2390 3271 2444 ad
3329 2391 3650 2445 Eleazarum

1955 2480 2302 2545 sacerdotem,
2337 2487 2439 2535 etc.
2475 2482 2587 2535 Cur
2627 2498 2740 2536 non
2787 2480 2854 2535 ad
2902 2482 3130 2534 Aaron?
3176 2480 3342 2533 Forte
3374 2479 3649 2548 praefigu-

1955 2574 2145 2623 ratum
2174 2574 2276 2636 est,
2332 2585 2449 2623 non
2492 2569 2565 2623 ad
2595 2575 2821 2640 tempus
2871 2568 3025 2640 quod
3075 2574 3211 2623 tunc
3259 2572 3397 2632 erat,
3431 2566 3529 2620 sed
3578 2566 3648 2619 ad

1955 2663 2209 2728 posteros
2256 2658 2427 2728 hujus
2484 2658 2805 2723 sacerdotii,
2856 2656 3181 2729 passionem
3232 2654 3461 2709 Domini
3520 2670 3645 2725 per-

1956 2752 2270 2800 venturam.

2026 2836 2130 2901 Qui
2156 2834 2377 2903 ejectam
2422 2840 2575 2889 extra
2609 2840 2805 2889 castra.
2853 2835 2981 2905 (In)
3040 2833 3182 2899 Quia
3229 2840 3387 2887 extra
3418 2837 3647 2903 portam

1954 2939 2151 2994 passus
2208 2928 2291 2977 est
2345 2923 2614 2987 Christus,
2670 2928 2731 2977 ut
2782 2940 2884 2978 nos
2940 2940 2973 2977 a
3010 2921 3439 2977 conversatione
3496 2936 3649 2991 prie—

168 3006 315 3061 vitico
346 3024 357 3061 :
392 3008 682 3077 Quidquid
714 3010 966 3066 obtuleris
1021 3014 1280 3081 sacriﬁcii
1327 3014 1439 3067 sate
1467 3013 1701 3081 condies,
1735 3019 1841 3067 etc.
1883 3031 1922 3086 (ς
1953 3013 2128 3068 sentis
2158 3013 2285 3067 vitai
2315 3012 2479 3084 quasi
2508 3031 2542 3067 a
2572 3012 2798 3067 civitate
2829 3013 3095 3068 educeret
3125 3013 3278 3082 (Heb.
3321 3014 3464 3081 xui).

169 3096 343 3162 (Leuit.
383 3102 471 3165 ιι).

226 3185 444 3255 Mystice
505 3187 817 3242 ostenditur
862 3189 1202 3259 sapientiam
1258 3189 1556 3244 convenire
1588 3190 1848 3244 sacerdo-

167 3272 301 3327 tibus
334 3282 389 3329 et
434 3276 908 3346 praedicatoribus
965 3278 1168 3332 divinae
1218 3278 1383 3349 legis,
1443 3296 1560 3333 non
1607 3280 1845 3333 sumula-

170 3377 291 3424 rem,
322 3364 420 3418 sed
456 3366 847 3434 apostolicam,
889 3368 959 3421 de
995 3384 1107 3437 qua
1160 3368 1370 3422 Paulus
1402 3368 1540 3422 dicit
1570 3385 1584 3423 :
1616 3370 1844 3438 Sapien-

171 3453 283 3505 tiam
325 3454 602 3522 toquimur
638 3456 777 3508 inter
824 3458 1107 3523 perfectos,
1148 3458 1477 3525 sapientiam
1525 3472 1632 3511 non
1682 3458 1845 3525 hujus

169 3542 331 3595 saeculi
379 3543 431 3609 (1
492 3542 611 3597 Cor.
676 3542 756 3603 ιι).
795 3544 869 3596 De
930 3560 1043 3614 qua
1108 3544 1377 3613 apostolis
1429 3544 1686 3599 dicitur:
1746 3547 1846 3599 Vos

168 3630 279 3683 estis
320 3632 404 3685 sat
444 3635 605 3685 terra:
656 3631 866 3700 (Matth.
921 3633 998 3702 v).
1031 3632 1188 3687 Sicut
1240 3632 1395 3687 enim
1448 3633 1633 3687 omnis
1688 3633 1847 3687 cibus

170 3717 269 3770 sale
297 3719 590 3782 conditur,
624 3718 701 3771 sic
753 3719 941 3773 omnis
971 3735 1157 3774 sermo
1206 3721 1516 3791 apostolica
1539 3722 1840 3792 sapientia.

171 3803 343 3861 Aaron
386 3822 529 3877 ergo
567 3810 623 3860 et
648 3806 782 3861 filiis
825 3809 948 3877 ejus
978 3813 1210 3879 pactum
1243 3814 1325 3864 est
1355 3810 1488 3864 salis
1544 3811 1844 3880 sempiter-

169 3908 309 3961 num,
348 3896 494 3966 quia
530 3911 648 3949 non
698 3895 881 3950 solum
928 3896 1210 3968 episcopis
1269 3897 1587 3953 necessaria
1644 3904 1730 3953 est
1758 3914 1845 3952 sa-

168 3981 379 4052 pientia,
413 3984 518 4039 sed
568 3984 743 4039 etiam
769 3985 1135 4055 presbyteris,
1170 3985 1426 4040 diaconis
1481 3992 1537 4041 et
1576 3987 1845 4041 omnibus

170 4072 450 4127 ordinibus
488 4089 501 4127 :
532 4078 589 4127 et
627 4073 736 4127 hoc
763 4090 955 4128 coram
990 4075 1124 4139 Deo,
1152 4074 1210 4129 id
1240 4080 1346 4144 est,
1373 4082 1439 4130 ut
1463 4092 1609 4146 pura
1636 4081 1690 4130 et
1714 4076 1845 4130 sim-

168 4158 280 4227 plex
316 4161 440 4215 sine
464 4162 760 4230 Lversutia,
801 4167 859 4216 et
882 4162 1101 4216 malitia
1133 4165 1249 4218 Deo
1291 4165 1529 4234 placeat.
1562 4168 1846 4234 Sapientia

165 4250 289 4302 enim
325 4250 495 4318 hujus
514 4250 709 4305 mundi
738 4252 962 4305 inimica
990 4257 1067 4306 est
1099 4254 1197 4306 Deo
1226 4252 1398 4324 (Rom.
1428 4254 1569 4323 vni).

795 4392 1019 4449 CAPUT
1057 4394 1187 4449 XIX.

230 4514 381 4569 Vens.
448 4520 499 4571 l.
563 4518 899 4588 Locutusque
953 4523 1031 4573 est
1069 4522 1345 4575 Dominus.
1416 4519 1603 4590 (Auc.,
1654 4526 1843 4590 quaest.

169 4602 223 4654 33
268 4606 324 4656 in
353 4603 548 4673 Num.)
606 4603 733 4658 Alia
768 4604 974 4670 littera,
1025 4609 1153 4671 etc.,
1203 4622 1370 4675 usque
1414 4607 1489 4660 ad
1544 4611 1601 4661 et
1652 4607 1843 4662 obser-

168 4689 401 4744 vationes
436 4692 582 4761 legis
604 4692 960 4762 profanabat.

228 4780 419 4850 litae.)
495 4782 603 4835 Per
674 4782 991 4837 masculum
1047 4782 1343 4847 fortitudo,
1409 4792 1511 4852 per
1570 4782 1846 4839 feminam

167 4866 458 4923 inﬁrmitas
496 4868 853 4940 significatur
885 4887 899 4925 :
947 4888 1048 4942 per
1090 4887 1318 4926 vaccam
1368 4887 1505 4943 ergo
1545 4872 1846 4927 infirmitas

169 4953 464 5011 Dominice
495 4956 908 5012 incarnationis
950 4960 1023 5014 ad
1051 4959 1394 5015 sacrificium
1446 4965 1738 5030 assumpta
1776 4961 1846 5015 ti-

167 5050 402 5110 gni-ator.
470 5047 718 5101 Mortuus
767 5051 844 5101 est
888 5050 1030 5102 enim
1078 5049 1336 5103 Christus
1389 5064 1456 5103 ea:
1504 5051 1843 5119 inﬁrmitate,

167 5130 244 5185 sed
260 5136 395 5187 vivit
424 5149 497 5187 ea:
524 5136 728 5189 virtute
753 5137 848 5189 Dei
877 5134 953 5203 (ll
973 5137 1089 5193 Cor.
1134 5138 1283 5207 utt.).

222 5220 452 5275 Vaccam
495 5221 703 5287 rufam,
746 5223 979 5278 rubram
1035 5223 1252 5278 scilicet
1283 5224 1563 5296 sanguine
1616 5225 1843 5297 passio-

170 5306 258 5376 nis,
322 5310 523 5365 unde:
602 5312 833 5365 Dilectus
854 5327 998 5366 meus
1054 5313 1319 5367 candidus
1376 5318 1425 5367 et
1508 5314 1844 5369 rubicundus

170 5398 325 5452 lCant.
358 5402 456 5466 v):
505 5398 778 5453 candidus
821 5400 1035 5454 scilicet
1083 5417 1145 5455 ex
1176 5401 1466 5457 divinitate
1496 5403 1846 5458 rubicundus

171 5500 221 5536 ex
246 5488 544 5558 sanguine,
577 5487 852 5542 candidus
882 5487 1053 5544 etiam
1086 5506 1190 5559 per
1225 5489 1511 5559 justitiam
1554 5492 1701 5545 vitae.

228 5574 441 5642 (6336.,
513 5576 611 5630 lib.
669 5593 721 5629 vi
760 5578 977 5643 Morat.,
1040 5582 1178 5633 tom.
1234 5579 1303 5648 1.)
1364 5580 1599 5634 Vaccam
1657 5578 1843 5637 rufam

2026 3102 2159 3172 (10.)
2216 3104 2286 3156 Et
2317 3104 2543 3170 ejectum
2592 3118 2709 3156 eam
2749 3108 2908 3157 extra
2955 3108 3154 3157 castra.
3186 3100 3276 3157 Sic
3322 3101 3534 3171 ejectus
3567 3102 3652 3153 est

1961 3192 2233 3247 Dominus
2264 3207 2535 3261 passurus
2568 3196 2723 3245 extra
2746 3191 3031 3245 civitatem
3072 3190 3262 3257 (Joan.
3294 3190 3433 3257 xix).

2028 3280 2153 3350 (lo.)
2212 3282 2276 3336 1n
2337 3281 2507 3335 locum
2560 3281 2839 3346 mundum,
2889 3280 3023 3351 quia
3074 3295 3185 3332 non
3247 3277 3445 3331 hatnit
3514 3291 3646 3329 cau-

1957 3384 2078 3423 sam
2118 3370 2328 3423 malam
2364 3386 2377 3424 :
2412 3372 2482 3425 Et
2524 3370 2769 3425 occidem
2795 3386 2913 3425 eam
2960 3373 3018 3423 in
3066 3372 3348 3437 conspectu
3386 3366 3523 3435 ejus,
3571 3365 3650 3419 sic

1956 3458 2138 3512 occisa
2186 3462 2271 3513 est
2320 3475 2451 3513 caro
2500 3458 2706 3513 Christi
2735 3458 2795 3513 in
2825 3462 3133 3529 conspectu
3163 3471 3360 3511 earum
3413 3454 3513 3525 qui
3557 3453 3649 3508 fu-

1952 3547 2067 3601 turi
2098 3553 2260 3601 erant
2289 3548 2349 3601 in
2377 3564 2520 3602 novo
2549 3553 2882 3602 testamento
2913 3546 3140 3602 Domini
3188 3544 3530 3599 sacerdotes.

2025 3634 2348 3688 lmmolabit.
2398 3633 2575 3704 (Isio.)
2623 3635 2856 3688 Vaccam
2916 3633 3100 3687 rufam
3134 3632 3318 3703 (cujus
3362 3630 3503 3685 cinis
3558 3632 3645 3683 est

1956 3722 2205 3793 expiatio
2241 3722 2463 3793 populi)
2496 3722 2795 3778 immolare
2824 3739 2938 3776 non
2968 3722 3198 3793 poterit,
3239 3719 3350 3774 nisi
3380 3719 3479 3791 qui
3531 3723 3648 3772 ter-

1955 3825 2093 3864 rena
2143 3826 2318 3880 Opera
2365 3826 2484 3864 non
2522 3811 2739 3879 fecerit,
2763 3812 3088 3881 jugumque
3146 3809 3336 3864 delicti
3386 3824 3501 3862 non
3531 3813 3647 3861 tra-

1954 3899 2119 3963 xerit,
2164 3904 2219 3952 et
2249 3898 2488 3953 vinculis
2519 3904 2883 3969 peccatorum
2916 3898 3123 3968 ligatus
3162 3913 3279 3950 non
3311 3896 3501 3950 fuerit.

2024 3987 2088 4039 In
2139 3990 2420 4055 conspectu
2475 3988 2733 4040 omnium.
2798 3987 2979 4055 (Rm)
3041 3985 3185 4050 Quia
3244 3986 3500 4039 Christus
3586 3982 3647 4037 in

1955 4082 2263 4145 conspectu
2292 4075 2549 4129 omnium
2572 4075 2736 4147 quasi
2764 4074 3069 4129 exstinctus
3089 4078 3173 4127 est
3207 4090 3219 4126 :
3252 4073 3310 4125 in
3340 4076 3647 4140 conspectu

1958 4163 2135 4217 Patris
2190 4164 2535 4231 immolatus,
2569 4164 2704 4235 quia
2750 4164 2902 4235 quod
2948 4168 3079 4217 ante
3118 4162 3312 4215 oculos
3344 4158 3644 4214 hominum

1950 4266 2136 4320 paena,
2170 4250 2273 4305 hoc
2304 4257 2436 4305 ante
2466 4253 2661 4305 oculos
2694 4251 2874 4306 Patris
2905 4249 3247 4305 sacrificium
3295 4248 3420 4303 fuit.

1883 4331 1925 4386 Ι)
2027 4340 2189 4393 Vens.
2250 4340 2302 4394 4.
2335 4370 2405 4381 -
2461 4344 2529 4396 Et
2572 4344 2783 4408 tingens
2838 4341 3073 4410 digitum
3103 4343 3162 4394 in
3208 4340 3471 4407 sanguine
3526 4336 3644 4403 ejus

1956 4428 2140 4499 (Acc.)
2202 4430 2325 4484 Alia
2378 4430 2588 4484 littera.
2645 4432 2725 4485 Et
2777 4434 3003 4501 accipiet
3069 4430 3299 4485 Eleazar
3327 4428 3647 4495 sanguinem

1954 4518 2093 4587 ejus,
2124 4523 2174 4573 et
2204 4524 2457 4590 asperget
2492 4524 2680 4575 contra
2720 4522 2919 4587 faciem
2950 4519 3242 4575 testimonii
3296 4532 3332 4570 a
3378 4515 3645 4583 sanguine

1954 4606 2071 4675 eius
2141 4610 2355 4677 septies.
2432 4608 2577 4673 Quia
2628 4608 2882 4663 Christus
2951 4607 3262 4663 secundum
3329 4604 3646 4674 Scripturas

1954 4693 2103 4749 fudit
2152 4695 2491 4765 sanguinem
2547 4696 2605 4750 in
2635 4696 3031 4751 remissionem
3090 4697 3472 4766 peccatorum,
3516 4690 3646 4745 ideo

1954 4787 2153 4837 contra
2199 4783 2403 4837 faciem
2433 4785 2785 4839 tabernaculi
2833 4784 3168 4849 testimonii,
3202 4782 3337 4853 quia
3376 4796 3492 4835 non
3535 4780 3639 4834 ali-

1954 4875 2041 4925 ter
2084 4871 2433 4927 declaratum
2487 4878 2590 4938 est,
2640 4890 2813 4945 quam
2861 4874 3044 4928 fuerat
3094 4871 3286 4926 divino
3317 4869 3643 4925 testimonio

1953 4960 2422 5030 praenuntiatum.
2473 4963 2538 5016 Et
2568 4961 2695 5016 ideo
2725 4962 2951 5033 septies,
3010 4960 3147 5032 quia
3193 4960 3313 5031 ipse
3370 4974 3645 5013 numerus

1954 5050 2023 5103 ad
2043 5050 2513 5105 emundationem
2540 5051 2786 5121 pertinet
2810 5050 3146 5121 spiritalem.

2037 5138 2220 5208 (ΗΑΒ.)
2270 5140 2333 5194 In
2362 5139 2542 5210 digito
2614 5140 2879 5194 discretio
2938 5138 3286 5211 operationis
3340 5137 3645 5209 signatur:

1953 5225 2012 5280 in
2053 5227 2332 5298 sanguine
2390 5245 2568 5282 vacca:
2611 5228 2855 5299 digitum
2902 5228 3121 5300 tingere
3153 5233 3239 5283 est
3266 5228 3326 5282 in
3380 5226 3643 5297 passione

1957 5316 2182 5370 Domini
2212 5322 2402 5370 nostra
2428 5332 2603 5387 opera
2632 5317 2970 5383 consecrari,
3024 5322 3087 5372 ut
3144 5316 3470 5388 passionem
3497 5316 3639 5385 ejus,

1953 5421 2128 5475 quam
2178 5404 2596 5473 cognoscimus,
2628 5405 2924 5461 imitemur
2961 5422 2973 5460 :
3010 5409 3207 5462 Passus
3264 5410 3343 5462 est
3370 5407 3511 5460 enim
3539 5420 3638 5457 no-

1953 5494 2034 5549 bis
2085 5495 2392 5562 retinquens
2424 5495 2747 5565 exemplum,
2783 5499 2843 5550 ut
2888 5511 3179 5567 sequamur
3235 5496 3466 5563 vestigia
3517 5494 3631 5561 ejus

1955 5582 2005 5649 (l
2028 5583 2171 5636 Petr.
2205 5582 2289 5652 ιι).
