  <div class='ocr_page' id='page_1' title='image "/cluster/home/n/w/nwhite01/storage/ocr_20150623/113/hvd.32044054759782/211.png"; bbox 0 0 4038 6180; ppageno 0'>
   <div class='ocr_carea' id='block_1_1' title="bbox 261 297 1954 356">
    <p class='ocr_par' dir='ltr' id='par_1_1' title="bbox 261 297 1954 354">
     <span class='ocr_line' id='line_1_1' title="bbox 261 297 1954 354; baseline 0.002 -4"><span class='ocrx_word' id='word_1_1' title='bbox 261 297 356 352; x_wconf 56' lang='lat' dir='ltr'><strong>ill</strong></span> <span class='ocrx_word' id='word_1_2' title='bbox 876 297 1267 353; x_wconf 81' lang='lat' dir='ltr'><strong>WALAFRIDI</strong></span> <span class='ocrx_word' id='word_1_3' title='bbox 1305 297 1553 354; x_wconf 81' lang='lat' dir='ltr'><strong>STRABI</strong></span> <span class='ocrx_word' id='word_1_4' title='bbox 1593 298 1792 353; x_wconf 83' lang='lat' dir='ltr'><strong>FULD.</strong></span> <span class='ocrx_word' id='word_1_5' title='bbox 1835 297 1954 354; x_wconf 71' lang='lat' dir='ltr'><strong>MOI‘</strong></span> 
     </span>
    </p>
   </div>
   <div class='ocr_carea' id='block_1_2' title="bbox 2147 297 3104 356">
    <p class='ocr_par' dir='ltr' id='par_1_2' title="bbox 2147 297 3104 356">
     <span class='ocr_line' id='line_1_2' title="bbox 2147 297 3104 356; baseline 0.001 -3"><span class='ocrx_word' id='word_1_6' title='bbox 2147 299 2196 355; x_wconf 70' lang='grc' dir='ltr'><strong>Ρ.</strong></span> <span class='ocrx_word' id='word_1_7' title='bbox 2247 297 2423 353; x_wconf 79' lang='lat' dir='ltr'><strong>PARS</strong></span> <span class='ocrx_word' id='word_1_8' title='bbox 2461 298 2503 352; x_wconf 91' lang='grc' dir='ltr'><strong>Ι.</strong></span> <span class='ocrx_word' id='word_1_9' title='bbox 2546 328 2614 340; x_wconf 85' lang='grc'><strong><em>-</em></strong></span> <span class='ocrx_word' id='word_1_10' title='bbox 2653 299 3104 356; x_wconf 80' lang='lat' dir='ltr'><strong>THEOLOGICA.</strong></span> 
     </span>
    </p>
   </div>
   <div class='ocr_carea' id='block_1_3' title="bbox 3653 304 3758 357">
    <p class='ocr_par' dir='ltr' id='par_1_3' title="bbox 3653 304 3758 357">
     <span class='ocr_line' id='line_1_3' title="bbox 3653 304 3758 357; baseline 0 -1"><span class='ocrx_word' id='word_1_11' title='bbox 3653 304 3758 357; x_wconf 76' lang='grc'><strong>412</strong></span> 
     </span>
    </p>
   </div>
   <div class='ocr_carea' id='block_1_4' title="bbox 320 418 3755 494">
    <p class='ocr_par' dir='ltr' id='par_1_4' title="bbox 320 418 3755 494">
     <span class='ocr_line' id='line_1_4' title="bbox 320 418 3755 494; baseline 0.001 -19"><span class='ocrx_word' id='word_1_12' title='bbox 320 419 447 492; x_wconf 71' lang='lat' dir='ltr'><strong>(In)</strong></span> <span class='ocrx_word' id='word_1_13' title='bbox 499 419 730 474; x_wconf 78' lang='lat' dir='ltr'><strong>Eleazar</strong></span> <span class='ocrx_word' id='word_1_14' title='bbox 772 419 1092 474; x_wconf 79' lang='lat' dir='ltr'><strong>sacerdotes</strong></span> <span class='ocrx_word' id='word_1_15' title='bbox 1139 418 1419 488; x_wconf 85' lang='lat' dir='ltr'><strong>immolat,</strong></span> <span class='ocrx_word' id='word_1_16' title='bbox 1473 424 1532 475; x_wconf 92' lang='lat' dir='ltr'><strong>et</strong></span> <span class='ocrx_word' id='word_1_17' title='bbox 1581 419 1641 474; x_wconf 91' lang='lat' dir='ltr'><strong>in</strong></span> <span class='ocrx_word' id='word_1_18' title='bbox 1673 419 1949 488; x_wconf 75' lang='lat' dir='ltr'><strong>sanguine</strong></span> <span class='ocrx_word' id='word_1_19' title='bbox 1987 431 2034 484; x_wconf 76' lang='grc' dir='ltr'><strong>Α</strong></span> <span class='ocrx_word' id='word_1_20' title='bbox 2067 420 2287 475; x_wconf 83' lang='lat' dir='ltr'><strong>defectu</strong></span> <span class='ocrx_word' id='word_1_21' title='bbox 2343 420 2705 475; x_wconf 75' lang='lat' dir='ltr'><strong>mortalitatis</strong></span> <span class='ocrx_word' id='word_1_22' title='bbox 2748 420 2969 491; x_wconf 86' lang='lat' dir='ltr'><strong>habuit,</strong></span> <span class='ocrx_word' id='word_1_23' title='bbox 3001 421 3163 494; x_wconf 88' lang='lat' dir='ltr'><strong>quasi</strong></span> <span class='ocrx_word' id='word_1_24' title='bbox 3198 421 3369 477; x_wconf 86' lang='lat' dir='ltr'><strong>ﬁmus</strong></span> <span class='ocrx_word' id='word_1_25' title='bbox 3410 422 3469 476; x_wconf 91' lang='lat' dir='ltr'><strong>in</strong></span> <span class='ocrx_word' id='word_1_26' title='bbox 3499 437 3566 477; x_wconf 93' lang='lat' dir='ltr'><strong>eo</strong></span> <span class='ocrx_word' id='word_1_27' title='bbox 3622 423 3755 494; x_wconf 88' lang='lat' dir='ltr'><strong>abji-</strong></span> 
     </span>
    </p>
   </div>
   <div class='ocr_carea' id='block_1_5' title="bbox 257 507 1949 580">
    <p class='ocr_par' dir='ltr' id='par_1_5' title="bbox 257 507 1949 580">
     <span class='ocr_line' id='line_1_5' title="bbox 257 507 1949 580; baseline -0.001 -17"><span class='ocrx_word' id='word_1_28' title='bbox 257 509 502 579; x_wconf 87' lang='lat' dir='ltr'><strong>digitum</strong></span> <span class='ocrx_word' id='word_1_29' title='bbox 559 507 750 579; x_wconf 88' lang='lat' dir='ltr'><strong>tingit,</strong></span> <span class='ocrx_word' id='word_1_30' title='bbox 803 509 940 580; x_wconf 88' lang='lat' dir='ltr'><strong>quia</strong></span> <span class='ocrx_word' id='word_1_31' title='bbox 996 508 1156 579; x_wconf 85' lang='lat' dir='ltr'><strong>plebs</strong></span> <span class='ocrx_word' id='word_1_32' title='bbox 1205 509 1404 563; x_wconf 65' lang='lat' dir='ltr'><strong>Iudaea</strong></span> <span class='ocrx_word' id='word_1_33' title='bbox 1461 525 1525 563; x_wconf 86' lang='lat' dir='ltr'><strong>ex</strong></span> <span class='ocrx_word' id='word_1_34' title='bbox 1574 509 1949 580; x_wconf 91' lang='lat' dir='ltr'><strong>reproborum</strong></span> 
     </span>
    </p>
   </div>
   <div class='ocr_carea' id='block_1_6' title="bbox 256 591 1954 670">
    <p class='ocr_par' dir='ltr' id='par_1_6' title="bbox 256 591 1954 670">
     <span class='ocr_line' id='line_1_6' title="bbox 256 591 1954 670; baseline -0.004 -18"><span class='ocrx_word' id='word_1_35' title='bbox 256 605 448 670; x_wconf 86' lang='lat' dir='ltr'><strong>partes</strong></span> <span class='ocrx_word' id='word_1_36' title='bbox 477 591 864 651; x_wconf 88' lang='lat' dir='ltr'><strong>humilitatem</strong></span> <span class='ocrx_word' id='word_1_37' title='bbox 897 597 1126 652; x_wconf 86' lang='lat' dir='ltr'><strong>Domini</strong></span> <span class='ocrx_word' id='word_1_38' title='bbox 1155 613 1338 669; x_wconf 89' lang='lat' dir='ltr'><strong>usque</strong></span> <span class='ocrx_word' id='word_1_39' title='bbox 1370 598 1441 652; x_wconf 90' lang='lat' dir='ltr'><strong>ad</strong></span> <span class='ocrx_word' id='word_1_40' title='bbox 1476 599 1803 668; x_wconf 80' lang='lat' dir='ltr'><strong>passionem</strong></span> <span class='ocrx_word' id='word_1_41' title='bbox 1837 613 1954 668; x_wconf 88' lang='lat' dir='ltr'><strong>per-</strong></span> 
     </span>
    </p>
   </div>
   <div class='ocr_carea' id='block_1_7' title="bbox 258 686 1953 758">
    <p class='ocr_par' dir='ltr' id='par_1_7' title="bbox 258 686 1953 758">
     <span class='ocr_line' id='line_1_7' title="bbox 258 686 1953 758; baseline -0.001 -16"><span class='ocrx_word' id='word_1_42' title='bbox 258 691 450 742; x_wconf 90' lang='lat' dir='ltr'><strong>secuta</strong></span> <span class='ocrx_word' id='word_1_43' title='bbox 501 692 605 740; x_wconf 86' lang='lat' dir='ltr'><strong>est.</strong></span> <span class='ocrx_word' id='word_1_44' title='bbox 649 688 714 741; x_wconf 94' lang='lat' dir='ltr'><strong>In</strong></span> <span class='ocrx_word' id='word_1_45' title='bbox 763 687 953 740; x_wconf 80' lang='lat' dir='ltr'><strong>electis</strong></span> <span class='ocrx_word' id='word_1_46' title='bbox 993 703 1125 740; x_wconf 92' lang='lat' dir='ltr'><strong>vero</strong></span> <span class='ocrx_word' id='word_1_47' title='bbox 1172 687 1567 758; x_wconf 77' lang='lat' dir='ltr'><strong>operationem</strong></span> <span class='ocrx_word' id='word_1_48' title='bbox 1611 686 1953 742; x_wconf 78' lang='lat' dir='ltr'><strong>humilitatis</strong></span> 
     </span>
    </p>
   </div>
   <div class='ocr_carea' id='block_1_8' title="bbox 258 775 639 848">
    <p class='ocr_par' dir='ltr' id='par_1_8' title="bbox 258 775 639 848">
     <span class='ocr_line' id='line_1_8' title="bbox 258 775 639 848; baseline -0.008 -17"><span class='ocrx_word' id='word_1_49' title='bbox 258 777 378 848; x_wconf 87' lang='lat' dir='ltr'><strong>ejus</strong></span> <span class='ocrx_word' id='word_1_50' title='bbox 399 775 639 829; x_wconf 85' lang='lat' dir='ltr'><strong>imitata.</strong></span> 
     </span>
    </p>
   </div>
   <div class='ocr_carea' id='block_1_9' title="bbox 332 863 1946 934">
    <p class='ocr_par' dir='ltr' id='par_1_9' title="bbox 332 863 1946 934">
     <span class='ocr_line' id='line_1_9' title="bbox 332 863 1946 934; baseline -0.002 -14"><span class='ocrx_word' id='word_1_51' title='bbox 332 865 599 934; x_wconf 82' lang='lat' dir='ltr'><strong>Asperget</strong></span> <span class='ocrx_word' id='word_1_52' title='bbox 653 867 841 918; x_wconf 85' lang='lat' dir='ltr'><strong>contra</strong></span> <span class='ocrx_word' id='word_1_53' title='bbox 890 865 1035 928; x_wconf 83' lang='lat' dir='ltr'><strong>fores</strong></span> <span class='ocrx_word' id='word_1_54' title='bbox 1093 863 1448 918; x_wconf 82' lang='lat' dir='ltr'><strong>tabernaculi.</strong></span> <span class='ocrx_word' id='word_1_55' title='bbox 1493 863 1946 918; x_wconf 87' lang='lat' dir='ltr'><strong>Tabernaculum</strong></span> 
     </span>
    </p>
   </div>
   <div class='ocr_carea' id='block_1_10' title="bbox 260 951 1948 1024">
    <p class='ocr_par' dir='ltr' id='par_1_10' title="bbox 260 951 1948 1024">
     <span class='ocr_line' id='line_1_10' title="bbox 260 951 1948 1024; baseline -0.002 -18"><span class='ocrx_word' id='word_1_56' title='bbox 260 968 610 1024; x_wconf 86' lang='lat' dir='ltr'><strong>synagogam</strong></span> <span class='ocrx_word' id='word_1_57' title='bbox 684 952 981 1023; x_wconf 84' lang='lat' dir='ltr'><strong>signiﬁcat.</strong></span> <span class='ocrx_word' id='word_1_58' title='bbox 1065 951 1173 1017; x_wconf 91' lang='lat' dir='ltr'><strong>Qui</strong></span> <span class='ocrx_word' id='word_1_59' title='bbox 1221 968 1357 1022; x_wconf 89' lang='lat' dir='ltr'><strong>ergo</strong></span> <span class='ocrx_word' id='word_1_60' title='bbox 1391 951 1625 1006; x_wconf 89' lang='lat' dir='ltr'><strong>tinxerit</strong></span> <span class='ocrx_word' id='word_1_61' title='bbox 1680 951 1948 1022; x_wconf 85' lang='lat' dir='ltr'><strong>digitum,</strong></span> 
     </span>
    </p>
   </div>
   <div class='ocr_carea' id='block_1_11' title="bbox 257 1038 1953 1114">
    <p class='ocr_par' dir='ltr' id='par_1_11' title="bbox 257 1038 1953 1114">
     <span class='ocr_line' id='line_1_11' title="bbox 257 1038 1953 1114; baseline -0.002 -19"><span class='ocrx_word' id='word_1_62' title='bbox 257 1047 454 1096; x_wconf 88' lang='lat' dir='ltr'><strong>contra</strong></span> <span class='ocrx_word' id='word_1_63' title='bbox 504 1043 656 1096; x_wconf 84' lang='lat' dir='ltr'><strong>fores</strong></span> <span class='ocrx_word' id='word_1_64' title='bbox 706 1041 1056 1096; x_wconf 71' lang='lat' dir='ltr'><strong>tabernaculi</strong></span> <span class='ocrx_word' id='word_1_65' title='bbox 1088 1046 1372 1114; x_wconf 77' lang='lat' dir='ltr'><strong>aspergat,</strong></span> <span class='ocrx_word' id='word_1_66' title='bbox 1431 1041 1489 1094; x_wconf 91' lang='lat' dir='ltr'><strong>id</strong></span> <span class='ocrx_word' id='word_1_67' title='bbox 1531 1044 1633 1108; x_wconf 90' lang='lat' dir='ltr'><strong>est,</strong></span> <span class='ocrx_word' id='word_1_68' title='bbox 1690 1038 1953 1110; x_wconf 88' lang='lat' dir='ltr'><strong>quisquis</strong></span> 
     </span>
    </p>
   </div>
   <div class='ocr_carea' id='block_1_12' title="bbox 263 1125 1954 1200">
    <p class='ocr_par' dir='ltr' id='par_1_12' title="bbox 263 1125 1954 1200">
     <span class='ocr_line' id='line_1_12' title="bbox 263 1125 1954 1200; baseline -0.001 -18"><span class='ocrx_word' id='word_1_69' title='bbox 263 1131 542 1198; x_wconf 78' lang='lat' dir='ltr'><strong>passionis</strong></span> <span class='ocrx_word' id='word_1_70' title='bbox 572 1131 695 1200; x_wconf 85' lang='lat' dir='ltr'><strong>ejus</strong></span> <span class='ocrx_word' id='word_1_71' title='bbox 734 1130 852 1185; x_wconf 88' lang='lat' dir='ltr'><strong>vias</strong></span> <span class='ocrx_word' id='word_1_72' title='bbox 885 1130 1160 1197; x_wconf 85' lang='lat' dir='ltr'><strong>imitatur,</strong></span> <span class='ocrx_word' id='word_1_73' title='bbox 1207 1144 1515 1200; x_wconf 57' lang='lat' dir='ltr'><strong>synagogas</strong></span> <span class='ocrx_word' id='word_1_74' title='bbox 1549 1144 1666 1182; x_wconf 93' lang='lat' dir='ltr'><strong>non</strong></span> <span class='ocrx_word' id='word_1_75' title='bbox 1700 1125 1954 1182; x_wconf 87' lang='lat' dir='ltr'><strong>credenti</strong></span> 
     </span>
    </p>
   </div>
   <div class='ocr_carea' id='block_1_13' title="bbox 259 1217 1956 1292">
    <p class='ocr_par' dir='ltr' id='par_1_13' title="bbox 259 1217 1956 1292">
     <span class='ocr_line' id='line_1_13' title="bbox 259 1217 1956 1292; baseline -0.002 -19"><span class='ocrx_word' id='word_1_76' title='bbox 259 1225 314 1273; x_wconf 90' lang='lat' dir='ltr'><strong>et</strong></span> <span class='ocrx_word' id='word_1_77' title='bbox 346 1219 630 1274; x_wconf 85' lang='lat' dir='ltr'><strong>resistenti</strong></span> <span class='ocrx_word' id='word_1_78' title='bbox 679 1237 780 1292; x_wconf 85' lang='lat' dir='ltr'><strong>per</strong></span> <span class='ocrx_word' id='word_1_79' title='bbox 817 1221 1075 1290; x_wconf 85' lang='lat' dir='ltr'><strong>exempla</strong></span> <span class='ocrx_word' id='word_1_80' title='bbox 1105 1219 1256 1272; x_wconf 89' lang='lat' dir='ltr'><strong>bona</strong></span> <span class='ocrx_word' id='word_1_81' title='bbox 1293 1223 1348 1272; x_wconf 88' lang='lat' dir='ltr'><strong>et</strong></span> <span class='ocrx_word' id='word_1_82' title='bbox 1378 1217 1843 1289; x_wconf 61' lang='lat' dir='ltr'><strong>praedicationem</strong></span> <span class='ocrx_word' id='word_1_83' title='bbox 1873 1231 1956 1269; x_wconf 52' lang='lat' dir='ltr'><strong>re.</strong></span> 
     </span>
    </p>
   </div>
   <div class='ocr_carea' id='block_1_14' title="bbox 175 1308 1413 1379">
    <p class='ocr_par' dir='ltr' id='par_1_14' title="bbox 175 1308 1413 1379">
     <span class='ocr_line' id='line_1_14' title="bbox 175 1308 1413 1379; baseline 0 -17"><span class='ocrx_word' id='word_1_84' title='bbox 175 1321 184 1328; x_wconf 86' lang='lat'><strong><em>&#39;</em></strong></span> <span class='ocrx_word' id='word_1_85' title='bbox 261 1313 412 1362; x_wconf 89' lang='lat' dir='ltr'><strong>ctam</strong></span> <span class='ocrx_word' id='word_1_86' title='bbox 442 1308 670 1377; x_wconf 90' lang='lat' dir='ltr'><strong>signum</strong></span> <span class='ocrx_word' id='word_1_87' title='bbox 704 1309 848 1363; x_wconf 89' lang='lat' dir='ltr'><strong>bene</strong></span> <span class='ocrx_word' id='word_1_88' title='bbox 873 1308 1097 1362; x_wconf 83' lang='lat' dir='ltr'><strong>vivendi</strong></span> <span class='ocrx_word' id='word_1_89' title='bbox 1136 1308 1413 1379; x_wconf 68' lang='lat' dir='ltr'><strong>praebeat.</strong></span> 
     </span>
    </p>
   </div>
   <div class='ocr_carea' id='block_1_15' title="bbox 335 1394 1958 1468">
    <p class='ocr_par' dir='ltr' id='par_1_15' title="bbox 335 1394 1958 1468">
     <span class='ocr_line' id='line_1_15' title="bbox 335 1394 1958 1468; baseline -0.001 -18"><span class='ocrx_word' id='word_1_90' title='bbox 335 1396 461 1467; x_wconf 88' lang='lat' dir='ltr'><strong>(ln.)</strong></span> <span class='ocrx_word' id='word_1_91' title='bbox 505 1398 788 1466; x_wconf 82' lang='lat' dir='ltr'><strong>Asperget,</strong></span> <span class='ocrx_word' id='word_1_92' title='bbox 841 1397 896 1451; x_wconf 92' lang='lat' dir='ltr'><strong>id</strong></span> <span class='ocrx_word' id='word_1_93' title='bbox 937 1401 1038 1458; x_wconf 83' lang='lat' dir='ltr'><strong>est,</strong></span> <span class='ocrx_word' id='word_1_94' title='bbox 1093 1396 1376 1451; x_wconf 85' lang='lat' dir='ltr'><strong>resistenti</strong></span> <span class='ocrx_word' id='word_1_95' title='bbox 1427 1395 1582 1468; x_wconf 90' lang='lat' dir='ltr'><strong>plebi</strong></span> <span class='ocrx_word' id='word_1_96' title='bbox 1622 1411 1724 1466; x_wconf 90' lang='lat' dir='ltr'><strong>per</strong></span> <span class='ocrx_word' id='word_1_97' title='bbox 1754 1394 1958 1466; x_wconf 81' lang='lat' dir='ltr'><strong>praedi-</strong></span> 
     </span>
    </p>
   </div>
   <div class='ocr_carea' id='block_1_16' title="bbox 261 1484 1953 1557">
    <p class='ocr_par' dir='ltr' id='par_1_16' title="bbox 261 1484 1953 1557">
     <span class='ocr_line' id='line_1_16' title="bbox 261 1484 1953 1557; baseline -0.001 -18"><span class='ocrx_word' id='word_1_98' title='bbox 261 1486 546 1539; x_wconf 89' lang='lat' dir='ltr'><strong>cationem</strong></span> <span class='ocrx_word' id='word_1_99' title='bbox 607 1490 819 1539; x_wconf 86' lang='lat' dir='ltr'><strong>rectam</strong></span> <span class='ocrx_word' id='word_1_100' title='bbox 869 1490 925 1540; x_wconf 91' lang='lat' dir='ltr'><strong>et</strong></span> <span class='ocrx_word' id='word_1_101' title='bbox 975 1501 1168 1557; x_wconf 80' lang='lat' dir='ltr'><strong>opera,</strong></span> <span class='ocrx_word' id='word_1_102' title='bbox 1203 1485 1480 1556; x_wconf 86' lang='lat' dir='ltr'><strong>passionis</strong></span> <span class='ocrx_word' id='word_1_103' title='bbox 1513 1484 1720 1540; x_wconf 88' lang='lat' dir='ltr'><strong>Christi</strong></span> <span class='ocrx_word' id='word_1_104' title='bbox 1757 1500 1953 1538; x_wconf 85' lang='lat' dir='ltr'><strong>exem-</strong></span> 
     </span>
    </p>
   </div>
   <div class='ocr_carea' id='block_1_17' title="bbox 265 1582 750 1655">
    <p class='ocr_par' dir='ltr' id='par_1_17' title="bbox 265 1582 750 1655">
     <span class='ocr_line' id='line_1_17' title="bbox 265 1582 750 1655; baseline -0.002 -19"><span class='ocrx_word' id='word_1_105' title='bbox 265 1585 359 1655; x_wconf 90' lang='lat' dir='ltr'><strong>pla</strong></span> <span class='ocrx_word' id='word_1_106' title='bbox 394 1582 750 1636; x_wconf 88' lang='lat' dir='ltr'><strong>monstrabit.</strong></span> 
     </span>
    </p>
   </div>
   <div class='ocr_carea' id='block_1_18' title="bbox 331 1667 1956 1742">
    <p class='ocr_par' dir='ltr' id='par_1_18' title="bbox 331 1667 1956 1742">
     <span class='ocr_line' id='line_1_18' title="bbox 331 1667 1956 1742; baseline -0.002 -17"><span class='ocrx_word' id='word_1_107' title='bbox 331 1671 544 1739; x_wconf 81' lang='lat' dir='ltr'><strong>Septem</strong></span> <span class='ocrx_word' id='word_1_108' title='bbox 591 1669 816 1724; x_wconf 77' lang='lat' dir='ltr'><strong>vicibus.</strong></span> <span class='ocrx_word' id='word_1_109' title='bbox 863 1669 1009 1735; x_wconf 87' lang='lat' dir='ltr'><strong>Quia</strong></span> <span class='ocrx_word' id='word_1_110' title='bbox 1055 1674 1272 1742; x_wconf 87' lang='lat' dir='ltr'><strong>septem</strong></span> <span class='ocrx_word' id='word_1_111' title='bbox 1323 1673 1456 1724; x_wconf 86' lang='lat' dir='ltr'><strong>sant</strong></span> <span class='ocrx_word' id='word_1_112' title='bbox 1505 1669 1656 1724; x_wconf 89' lang='lat' dir='ltr'><strong>dona</strong></span> <span class='ocrx_word' id='word_1_113' title='bbox 1711 1667 1956 1739; x_wconf 89' lang='lat' dir='ltr'><strong>Spiritus</strong></span> 
     </span>
    </p>
   </div>
   <div class='ocr_carea' id='block_1_19' title="bbox 264 1758 1956 1830">
    <p class='ocr_par' dir='ltr' id='par_1_19' title="bbox 264 1758 1956 1830">
     <span class='ocr_line' id='line_1_19' title="bbox 264 1758 1956 1830; baseline -0.001 -16"><span class='ocrx_word' id='word_1_114' title='bbox 264 1759 462 1825; x_wconf 87' lang='lat' dir='ltr'><strong>sancti,</strong></span> <span class='ocrx_word' id='word_1_115' title='bbox 497 1775 610 1830; x_wconf 90' lang='lat' dir='ltr'><strong>qua</strong></span> <span class='ocrx_word' id='word_1_116' title='bbox 638 1758 765 1828; x_wconf 58' lang='lat' dir='ltr'><strong>iper</strong></span> <span class='ocrx_word' id='word_1_117' title='bbox 809 1758 1017 1813; x_wconf 85' lang='lat' dir='ltr'><strong>Christi</strong></span> <span class='ocrx_word' id='word_1_118' title='bbox 1069 1759 1409 1830; x_wconf 86' lang='lat' dir='ltr'><strong>sanguinem</strong></span> <span class='ocrx_word' id='word_1_119' title='bbox 1466 1775 1640 1830; x_wconf 87' lang='lat' dir='ltr'><strong>super</strong></span> <span class='ocrx_word' id='word_1_120' title='bbox 1696 1759 1956 1812; x_wconf 65' lang='lat' dir='ltr'><strong>Ecclesiae</strong></span> 
     </span>
    </p>
   </div>
   <div class='ocr_carea' id='block_1_20' title="bbox 265 1847 1957 1919">
    <p class='ocr_par' dir='ltr' id='par_1_20' title="bbox 265 1847 1957 1919">
     <span class='ocr_line' id='line_1_20' title="bbox 265 1847 1957 1919; baseline -0.001 -17"><span class='ocrx_word' id='word_1_121' title='bbox 265 1849 506 1919; x_wconf 90' lang='lat' dir='ltr'><strong>populos</strong></span> <span class='ocrx_word' id='word_1_122' title='bbox 539 1847 978 1914; x_wconf 89' lang='lat' dir='ltr'><strong>distribuuntur,</strong></span> <span class='ocrx_word' id='word_1_123' title='bbox 1029 1847 1086 1901; x_wconf 90' lang='lat' dir='ltr'><strong>in</strong></span> <span class='ocrx_word' id='word_1_124' title='bbox 1123 1865 1236 1919; x_wconf 90' lang='lat' dir='ltr'><strong>quo</strong></span> <span class='ocrx_word' id='word_1_125' title='bbox 1267 1848 1334 1902; x_wconf 87' lang='lat' dir='ltr'><strong>ab</strong></span> <span class='ocrx_word' id='word_1_126' title='bbox 1379 1848 1534 1902; x_wconf 90' lang='lat' dir='ltr'><strong>omni</strong></span> <span class='ocrx_word' id='word_1_127' title='bbox 1584 1848 1790 1902; x_wconf 88' lang='lat' dir='ltr'><strong>delicto</strong></span> <span class='ocrx_word' id='word_1_128' title='bbox 1823 1863 1957 1919; x_wconf 87' lang='lat' dir='ltr'><strong>pur-</strong></span> 
     </span>
    </p>
   </div>
   <div class='ocr_carea' id='block_1_21' title="bbox 267 1941 543 2008">
    <p class='ocr_par' dir='ltr' id='par_1_21' title="bbox 267 1941 543 2008">
     <span class='ocr_line' id='line_1_21' title="bbox 267 1941 543 2008; baseline 0 -18"><span class='ocrx_word' id='word_1_129' title='bbox 267 1941 495 2008; x_wconf 90' lang='lat' dir='ltr'><strong>gantur.</strong></span> <span class='ocrx_word' id='word_1_130' title='bbox 528 1953 543 1970; x_wconf 78' lang='grc' dir='ltr'><strong><em>ο</em></strong></span> 
     </span>
    </p>
   </div>
   <div class='ocr_carea' id='block_1_22' title="bbox 335 2022 1955 2095">
    <p class='ocr_par' dir='ltr' id='par_1_22' title="bbox 335 2022 1955 2095">
     <span class='ocr_line' id='line_1_22' title="bbox 335 2022 1955 2095; baseline 0 -17"><span class='ocrx_word' id='word_1_131' title='bbox 335 2023 544 2094; x_wconf 51' lang='lat' dir='ltr'><strong>(Casca,</strong></span> <span class='ocrx_word' id='word_1_132' title='bbox 601 2022 702 2077; x_wconf 89' lang='lat' dir='ltr'><strong>lib.</strong></span> <span class='ocrx_word' id='word_1_133' title='bbox 759 2040 811 2077; x_wconf 77' lang='lat' dir='ltr'><strong>vr</strong></span> <span class='ocrx_word' id='word_1_134' title='bbox 863 2025 1079 2090; x_wconf 81' lang='lat' dir='ltr'><strong>Moral.,</strong></span> <span class='ocrx_word' id='word_1_135' title='bbox 1121 2040 1244 2095; x_wconf 88' lang='lat' dir='ltr'><strong>cap.</strong></span> <span class='ocrx_word' id='word_1_136' title='bbox 1295 2024 1409 2092; x_wconf 82' lang='lat'><strong>27.)</strong></span> <span class='ocrx_word' id='word_1_137' title='bbox 1467 2025 1676 2093; x_wconf 79' lang='lat' dir='ltr'><strong>Septem</strong></span> <span class='ocrx_word' id='word_1_138' title='bbox 1727 2023 1955 2085; x_wconf 70' lang='lat' dir='ltr'><strong>vicibus,</strong></span> 
     </span>
    </p>
   </div>
   <div class='ocr_carea' id='block_1_23' title="bbox 268 2109 1958 2180">
    <p class='ocr_par' dir='ltr' id='par_1_23' title="bbox 268 2109 1958 2180">
     <span class='ocr_line' id='line_1_23' title="bbox 268 2109 1958 2180; baseline -0.001 -16"><span class='ocrx_word' id='word_1_139' title='bbox 268 2114 374 2164; x_wconf 86' lang='lat' dir='ltr'><strong>etc.</strong></span> <span class='ocrx_word' id='word_1_140' title='bbox 417 2111 482 2164; x_wconf 91' lang='lat' dir='ltr'><strong>In</strong></span> <span class='ocrx_word' id='word_1_141' title='bbox 536 2110 859 2179; x_wconf 84' lang='lat' dir='ltr'><strong>septenario</strong></span> <span class='ocrx_word' id='word_1_142' title='bbox 904 2110 1177 2180; x_wconf 80' lang='lat' dir='ltr'><strong>perfectio</strong></span> <span class='ocrx_word' id='word_1_143' title='bbox 1208 2111 1560 2180; x_wconf 76' lang='lat' dir='ltr'><strong>significatur</strong></span> <span class='ocrx_word' id='word_1_144' title='bbox 1612 2110 1698 2164; x_wconf 88' lang='lat' dir='ltr'><strong>vel</strong></span> <span class='ocrx_word' id='word_1_145' title='bbox 1748 2109 1958 2180; x_wconf 88' lang='lat' dir='ltr'><strong>accipi-</strong></span> 
     </span>
    </p>
   </div>
   <div class='ocr_carea' id='block_1_24' title="bbox 265 2197 1961 2270">
    <p class='ocr_par' dir='ltr' id='par_1_24' title="bbox 265 2197 1961 2270">
     <span class='ocr_line' id='line_1_24' title="bbox 265 2197 1961 2270; baseline 0 -18"><span class='ocrx_word' id='word_1_146' title='bbox 265 2202 384 2267; x_wconf 89' lang='lat' dir='ltr'><strong>tur,</strong></span> <span class='ocrx_word' id='word_1_147' title='bbox 411 2197 566 2252; x_wconf 91' lang='lat' dir='ltr'><strong>unde</strong></span> <span class='ocrx_word' id='word_1_148' title='bbox 621 2203 677 2252; x_wconf 91' lang='lat' dir='ltr'><strong>et</strong></span> <span class='ocrx_word' id='word_1_149' title='bbox 715 2203 932 2269; x_wconf 82' lang='lat' dir='ltr'><strong>septem</strong></span> <span class='ocrx_word' id='word_1_150' title='bbox 965 2199 1163 2254; x_wconf 90' lang='lat' dir='ltr'><strong>diebus</strong></span> <span class='ocrx_word' id='word_1_151' title='bbox 1187 2201 1517 2254; x_wconf 88' lang='lat' dir='ltr'><strong>universum</strong></span> <span class='ocrx_word' id='word_1_152' title='bbox 1569 2205 1796 2270; x_wconf 89' lang='lat' dir='ltr'><strong>tempus</strong></span> <span class='ocrx_word' id='word_1_153' title='bbox 1847 2198 1961 2253; x_wconf 91' lang='lat' dir='ltr'><strong>im-</strong></span> 
     </span>
    </p>
   </div>
   <div class='ocr_carea' id='block_1_25' title="bbox 267 2287 1963 2360">
    <p class='ocr_par' dir='ltr' id='par_1_25' title="bbox 267 2287 1963 2360">
     <span class='ocr_line' id='line_1_25' title="bbox 267 2287 1963 2360; baseline 0.001 -20"><span class='ocrx_word' id='word_1_154' title='bbox 267 2288 477 2358; x_wconf 90' lang='lat' dir='ltr'><strong>pletur,</strong></span> <span class='ocrx_word' id='word_1_155' title='bbox 524 2292 580 2340; x_wconf 86' lang='lat' dir='ltr'><strong>et</strong></span> <span class='ocrx_word' id='word_1_156' title='bbox 609 2287 855 2359; x_wconf 86' lang='lat' dir='ltr'><strong>Spiritus</strong></span> <span class='ocrx_word' id='word_1_157' title='bbox 903 2293 1130 2343; x_wconf 89' lang='lat' dir='ltr'><strong>sanctus</strong></span> <span class='ocrx_word' id='word_1_158' title='bbox 1163 2289 1509 2360; x_wconf 88' lang='lat' dir='ltr'><strong>septiformis</strong></span> <span class='ocrx_word' id='word_1_159' title='bbox 1554 2293 1804 2344; x_wconf 83' lang='lat' dir='ltr'><strong>vocatur.</strong></span> <span class='ocrx_word' id='word_1_160' title='bbox 1865 2287 1963 2342; x_wconf 89' lang='lat' dir='ltr'><strong>Se-</strong></span> 
     </span>
    </p>
   </div>
   <div class='ocr_carea' id='block_1_26' title="bbox 266 2375 1963 2450">
    <p class='ocr_par' dir='ltr' id='par_1_26' title="bbox 266 2375 1963 2450">
     <span class='ocr_line' id='line_1_26' title="bbox 266 2375 1963 2450; baseline 0 -20"><span class='ocrx_word' id='word_1_161' title='bbox 266 2380 427 2445; x_wconf 88' lang='lat' dir='ltr'><strong>ptem</strong></span> <span class='ocrx_word' id='word_1_162' title='bbox 455 2391 593 2446; x_wconf 91' lang='lat' dir='ltr'><strong>ergo</strong></span> <span class='ocrx_word' id='word_1_163' title='bbox 612 2375 828 2431; x_wconf 87' lang='lat' dir='ltr'><strong>vicibus</strong></span> <span class='ocrx_word' id='word_1_164' title='bbox 859 2376 919 2431; x_wconf 94' lang='lat' dir='ltr'><strong>in</strong></span> <span class='ocrx_word' id='word_1_165' title='bbox 943 2377 1222 2444; x_wconf 81' lang='lat' dir='ltr'><strong>sanguine</strong></span> <span class='ocrx_word' id='word_1_166' title='bbox 1272 2377 1517 2450; x_wconf 85' lang='lat' dir='ltr'><strong>digitum</strong></span> <span class='ocrx_word' id='word_1_167' title='bbox 1550 2377 1835 2448; x_wconf 89' lang='lat' dir='ltr'><strong>intingere</strong></span> <span class='ocrx_word' id='word_1_168' title='bbox 1878 2381 1963 2431; x_wconf 91' lang='lat' dir='ltr'><strong>est</strong></span> 
     </span>
    </p>
   </div>
   <div class='ocr_carea' id='block_1_27' title="bbox 271 2464 1964 2538">
    <p class='ocr_par' dir='ltr' id='par_1_27' title="bbox 271 2464 1964 2538">
     <span class='ocr_line' id='line_1_27' title="bbox 271 2464 1964 2538; baseline 0.001 -19"><span class='ocrx_word' id='word_1_169' title='bbox 271 2464 522 2535; x_wconf 76' lang='lat' dir='ltr'><strong>perfecta</strong></span> <span class='ocrx_word' id='word_1_170' title='bbox 562 2464 892 2535; x_wconf 86' lang='lat' dir='ltr'><strong>operatione</strong></span> <span class='ocrx_word' id='word_1_171' title='bbox 923 2466 1257 2536; x_wconf 83' lang='lat' dir='ltr'><strong>mysterium</strong></span> <span class='ocrx_word' id='word_1_172' title='bbox 1301 2466 1576 2538; x_wconf 88' lang='lat' dir='ltr'><strong>passionis</strong></span> <span class='ocrx_word' id='word_1_173' title='bbox 1632 2465 1864 2520; x_wconf 88' lang='lat' dir='ltr'><strong>imitari.</strong></span> <span class='ocrx_word' id='word_1_174' title='bbox 1900 2467 1964 2520; x_wconf 88' lang='lat' dir='ltr'><strong>Et</strong></span> 
     </span>
    </p>
   </div>
   <div class='ocr_carea' id='block_1_28' title="bbox 267 2553 1962 2626">
    <p class='ocr_par' dir='ltr' id='par_1_28' title="bbox 267 2553 1962 2626">
     <span class='ocr_line' id='line_1_28' title="bbox 267 2553 1962 2626; baseline 0.001 -20"><span class='ocrx_word' id='word_1_175' title='bbox 267 2557 484 2623; x_wconf 85' lang='lat' dir='ltr'><strong>septem</strong></span> <span class='ocrx_word' id='word_1_176' title='bbox 512 2553 726 2607; x_wconf 83' lang='lat' dir='ltr'><strong>vicibus</strong></span> <span class='ocrx_word' id='word_1_177' title='bbox 749 2559 947 2608; x_wconf 90' lang='lat' dir='ltr'><strong>contra</strong></span> <span class='ocrx_word' id='word_1_178' title='bbox 979 2571 1325 2626; x_wconf 87' lang='lat' dir='ltr'><strong>synagogam</strong></span> <span class='ocrx_word' id='word_1_179' title='bbox 1365 2571 1665 2626; x_wconf 74' lang='lat' dir='ltr'><strong>aspergere</strong></span> <span class='ocrx_word' id='word_1_180' title='bbox 1719 2558 1803 2608; x_wconf 91' lang='lat' dir='ltr'><strong>est</strong></span> <span class='ocrx_word' id='word_1_181' title='bbox 1832 2570 1962 2624; x_wconf 85' lang='lat' dir='ltr'><strong>per-</strong></span> 
     </span>
    </p>
   </div>
   <div class='ocr_carea' id='block_1_29' title="bbox 266 2642 1888 2714">
    <p class='ocr_par' dir='ltr' id='par_1_29' title="bbox 266 2642 1888 2714">
     <span class='ocr_line' id='line_1_29' title="bbox 266 2642 1888 2714; baseline -0.002 -18"><span class='ocrx_word' id='word_1_182' title='bbox 266 2643 411 2696; x_wconf 78' lang='lat' dir='ltr'><strong>fecta</strong></span> <span class='ocrx_word' id='word_1_183' title='bbox 443 2642 847 2713; x_wconf 72' lang='lat' dir='ltr'><strong>prmdicatione</strong></span> <span class='ocrx_word' id='word_1_184' title='bbox 887 2643 1214 2714; x_wconf 87' lang='lat' dir='ltr'><strong>passionem</strong></span> <span class='ocrx_word' id='word_1_185' title='bbox 1247 2642 1576 2697; x_wconf 71' lang='lat' dir='ltr'><strong>inﬁdelibus</strong></span> <span class='ocrx_word' id='word_1_186' title='bbox 1605 2643 1888 2696; x_wconf 90' lang='lat' dir='ltr'><strong>nuntiare.</strong></span> 
     </span>
    </p>
   </div>
   <div class='ocr_carea' id='block_1_30' title="bbox 340 2731 1959 2802">
    <p class='ocr_par' dir='ltr' id='par_1_30' title="bbox 340 2731 1959 2802">
     <span class='ocr_line' id='line_1_30' title="bbox 340 2731 1959 2802; baseline 0 -19"><span class='ocrx_word' id='word_1_187' title='bbox 340 2733 502 2787; x_wconf 70' lang='lat' dir='ltr'><strong>Vens.</strong></span> <span class='ocrx_word' id='word_1_188' title='bbox 555 2735 606 2788; x_wconf 81' lang='lat'><strong>5.</strong></span> <span class='ocrx_word' id='word_1_189' title='bbox 663 2761 730 2772; x_wconf 93' lang='lat'><strong>—</strong></span> <span class='ocrx_word' id='word_1_190' title='bbox 781 2731 1170 2802; x_wconf 86' lang='lat' dir='ltr'><strong>Comburetque</strong></span> <span class='ocrx_word' id='word_1_191' title='bbox 1218 2748 1333 2787; x_wconf 88' lang='lat' dir='ltr'><strong>eam</strong></span> <span class='ocrx_word' id='word_1_192' title='bbox 1381 2735 1585 2788; x_wconf 80' lang='lat' dir='ltr'><strong>cunctis</strong></span> <span class='ocrx_word' id='word_1_193' title='bbox 1633 2731 1959 2786; x_wconf 85' lang='lat' dir='ltr'><strong>videntibus.</strong></span> 
     </span>
    </p>
   </div>
   <div class='ocr_carea' id='block_1_31' title="bbox 270 2819 1962 2891">
    <p class='ocr_par' dir='ltr' id='par_1_31' title="bbox 270 2819 1962 2891">
     <span class='ocr_line' id='line_1_31' title="bbox 270 2819 1962 2891; baseline -0.001 -19"><span class='ocrx_word' id='word_1_194' title='bbox 270 2819 398 2891; x_wconf 86' lang='lat' dir='ltr'><strong>(ln.)</strong></span> <span class='ocrx_word' id='word_1_195' title='bbox 433 2822 538 2875; x_wconf 89' lang='lat' dir='ltr'><strong>Per</strong></span> <span class='ocrx_word' id='word_1_196' title='bbox 568 2820 774 2890; x_wconf 85' lang='lat' dir='ltr'><strong>pellem</strong></span> <span class='ocrx_word' id='word_1_197' title='bbox 806 2825 862 2875; x_wconf 88' lang='lat' dir='ltr'><strong>et</strong></span> <span class='ocrx_word' id='word_1_198' title='bbox 898 2836 1126 2875; x_wconf 88' lang='lat' dir='ltr'><strong>carnem</strong></span> <span class='ocrx_word' id='word_1_199' title='bbox 1145 2825 1221 2889; x_wconf 22' lang='lat' dir='ltr'><strong>“et</strong></span> <span class='ocrx_word' id='word_1_200' title='bbox 1251 2820 1590 2891; x_wconf 88' lang='lat' dir='ltr'><strong>sanguinem</strong></span> <span class='ocrx_word' id='word_1_201' title='bbox 1644 2827 1699 2873; x_wconf 89' lang='lat' dir='ltr'><strong>et</strong></span> <span class='ocrx_word' id='word_1_202' title='bbox 1735 2819 1962 2886; x_wconf 75' lang='lat' dir='ltr'><strong>ﬁmum,</strong></span> 
     </span>
    </p>
   </div>
   <div class='ocr_carea' id='block_1_32' title="bbox 266 2907 1959 2981">
    <p class='ocr_par' dir='ltr' id='par_1_32' title="bbox 266 2907 1959 2981">
     <span class='ocr_line' id='line_1_32' title="bbox 266 2907 1959 2981; baseline 0.001 -20"><span class='ocrx_word' id='word_1_203' title='bbox 266 2909 539 2963; x_wconf 86' lang='lat' dir='ltr'><strong>sacriﬁcia</strong></span> <span class='ocrx_word' id='word_1_204' title='bbox 578 2909 638 2963; x_wconf 90' lang='lat' dir='ltr'><strong>in</strong></span> <span class='ocrx_word' id='word_1_205' title='bbox 675 2910 849 2964; x_wconf 87' lang='lat' dir='ltr'><strong>veteri</strong></span> <span class='ocrx_word' id='word_1_206' title='bbox 891 2915 1233 2965; x_wconf 89' lang='lat' dir='ltr'><strong>testamento</strong></span> <span class='ocrx_word' id='word_1_207' title='bbox 1284 2911 1497 2977; x_wconf 89' lang='lat' dir='ltr'><strong>habita,</strong></span> <span class='ocrx_word' id='word_1_208' title='bbox 1531 2926 1661 2981; x_wconf 64' lang='lat' dir='ltr'><strong>quae.</strong></span> <span class='ocrx_word' id='word_1_209' title='bbox 1706 2907 1959 2963; x_wconf 88' lang='lat' dir='ltr'><strong>inﬁrmi-</strong></span> 
     </span>
    </p>
   </div>
   <div class='ocr_carea' id='block_1_33' title="bbox 2065 509 3758 582">
    <p class='ocr_par' dir='ltr' id='par_1_33' title="bbox 2065 509 3758 582">
     <span class='ocr_line' id='line_1_33' title="bbox 2065 509 3758 582; baseline 0.002 -19"><span class='ocrx_word' id='word_1_210' title='bbox 2065 510 2330 564; x_wconf 89' lang='lat' dir='ltr'><strong>ciendum</strong></span> <span class='ocrx_word' id='word_1_211' title='bbox 2385 509 2677 582; x_wconf 73' lang='lat' dir='ltr'><strong>fuit;quas</strong></span> <span class='ocrx_word' id='word_1_212' title='bbox 2733 511 2930 564; x_wconf 90' lang='lat' dir='ltr'><strong>omnia</strong></span> <span class='ocrx_word' id='word_1_213' title='bbox 2985 511 3105 582; x_wconf 89' lang='lat' dir='ltr'><strong>igni</strong></span> <span class='ocrx_word' id='word_1_214' title='bbox 3160 510 3462 566; x_wconf 84' lang='lat' dir='ltr'><strong>cremanda</strong></span> <span class='ocrx_word' id='word_1_215' title='bbox 3491 517 3643 574; x_wconf 87' lang='lat' dir='ltr'><strong>sunt,</strong></span> <span class='ocrx_word' id='word_1_216' title='bbox 3702 513 3758 568; x_wconf 92' lang='lat' dir='ltr'><strong>id</strong></span> 
     </span>
    </p>
   </div>
   <div class='ocr_carea' id='block_1_34' title="bbox 2064 599 3763 672">
    <p class='ocr_par' dir='ltr' id='par_1_34' title="bbox 2064 599 3763 672">
     <span class='ocr_line' id='line_1_34' title="bbox 2064 599 3763 672; baseline 0.002 -20"><span class='ocrx_word' id='word_1_217' title='bbox 2064 604 2166 664; x_wconf 91' lang='lat' dir='ltr'><strong>est,</strong></span> <span class='ocrx_word' id='word_1_218' title='bbox 2193 599 2356 670; x_wconf 80' lang='lat' dir='ltr'><strong>juxta</strong></span> <span class='ocrx_word' id='word_1_219' title='bbox 2387 599 2680 653; x_wconf 77' lang='lat' dir='ltr'><strong>veritatem</strong></span> <span class='ocrx_word' id='word_1_220' title='bbox 2735 599 2978 669; x_wconf 90' lang='lat' dir='ltr'><strong>Spiritus</strong></span> <span class='ocrx_word' id='word_1_221' title='bbox 3014 600 3192 653; x_wconf 87' lang='lat' dir='ltr'><strong>sancti</strong></span> <span class='ocrx_word' id='word_1_222' title='bbox 3250 600 3641 672; x_wconf 82' lang='lat' dir='ltr'><strong>intelligenda,</strong></span> <span class='ocrx_word' id='word_1_223' title='bbox 3699 607 3763 655; x_wconf 92' lang='lat' dir='ltr'><strong>ut</strong></span> 
     </span>
    </p>
   </div>
   <div class='ocr_carea' id='block_1_35' title="bbox 2064 688 3759 761">
    <p class='ocr_par' dir='ltr' id='par_1_35' title="bbox 2064 688 3759 761">
     <span class='ocr_line' id='line_1_35' title="bbox 2064 688 3759 761; baseline 0.004 -23"><span class='ocrx_word' id='word_1_224' title='bbox 2064 704 2194 759; x_wconf 69' lang='lat' dir='ltr'><strong>quas</strong></span> <span class='ocrx_word' id='word_1_225' title='bbox 2225 688 2295 742; x_wconf 91' lang='lat' dir='ltr'><strong>ab</strong></span> <span class='ocrx_word' id='word_1_226' title='bbox 2343 694 2410 742; x_wconf 85' lang='lat' dir='ltr'><strong>e&#39;o</strong></span> <span class='ocrx_word' id='word_1_227' title='bbox 2453 688 2831 758; x_wconf 88' lang='lat' dir='ltr'><strong>corporaliter</strong></span> <span class='ocrx_word' id='word_1_228' title='bbox 2882 693 3039 759; x_wconf 87' lang='lat' dir='ltr'><strong>gesta</strong></span> <span class='ocrx_word' id='word_1_229' title='bbox 3065 693 3196 742; x_wconf 83' lang='lat' dir='ltr'><strong>sunt.</strong></span> <span class='ocrx_word' id='word_1_230' title='bbox 3227 705 3326 759; x_wconf 87' lang='lat' dir='ltr'><strong>per</strong></span> <span class='ocrx_word' id='word_1_231' title='bbox 3355 688 3759 761; x_wconf 90' lang='lat' dir='ltr'><strong>incorporeum</strong></span> 
     </span>
    </p>
   </div>
   <div class='ocr_carea' id='block_1_36' title="bbox 2065 775 3350 847">
    <p class='ocr_par' dir='ltr' id='par_1_36' title="bbox 2065 775 3350 847">
     <span class='ocr_line' id='line_1_36' title="bbox 2065 775 3350 847; baseline -0.001 -17"><span class='ocrx_word' id='word_1_232' title='bbox 2065 775 2373 830; x_wconf 87' lang='lat' dir='ltr'><strong>divinitatis</strong></span> <span class='ocrx_word' id='word_1_233' title='bbox 2406 776 2680 846; x_wconf 86' lang='lat' dir='ltr'><strong>Spiritum</strong></span> <span class='ocrx_word' id='word_1_234' title='bbox 2707 776 2980 847; x_wconf 87' lang='lat' dir='ltr'><strong>disposita</strong></span> <span class='ocrx_word' id='word_1_235' title='bbox 3011 777 3350 831; x_wconf 89' lang='lat' dir='ltr'><strong>sentiantur.</strong></span> 
     </span>
    </p>
   </div>
   <div class='ocr_carea' id='block_1_37' title="bbox 2137 865 3755 936">
    <p class='ocr_par' dir='ltr' id='par_1_37' title="bbox 2137 865 3755 936">
     <span class='ocr_line' id='line_1_37' title="bbox 2137 865 3755 936; baseline 0.004 -20"><span class='ocrx_word' id='word_1_236' title='bbox 2137 865 2296 919; x_wconf 73' lang='lat' dir='ltr'><strong>Vnus.</strong></span> <span class='ocrx_word' id='word_1_237' title='bbox 2350 869 2402 920; x_wconf 90' lang='lat'><strong>6.</strong></span> <span class='ocrx_word' id='word_1_238' title='bbox 2456 895 2517 905; x_wconf 96' lang='lat'><strong>—</strong></span> <span class='ocrx_word' id='word_1_239' title='bbox 2572 867 2802 932; x_wconf 83' lang='lat' dir='ltr'><strong>Lignum</strong></span> <span class='ocrx_word' id='word_1_240' title='bbox 2849 881 3059 935; x_wconf 82' lang='lat' dir='ltr'><strong>quoque</strong></span> <span class='ocrx_word' id='word_1_241' title='bbox 3111 865 3409 931; x_wconf 86' lang='lat' dir='ltr'><strong>cedrinum,</strong></span> <span class='ocrx_word' id='word_1_242' title='bbox 3456 872 3507 920; x_wconf 87' lang='lat' dir='ltr'><strong>et</strong></span> <span class='ocrx_word' id='word_1_243' title='bbox 3559 868 3755 936; x_wconf 84' lang='lat' dir='ltr'><strong>hysso-</strong></span> 
     </span>
    </p>
   </div>
   <div class='ocr_carea' id='block_1_38' title="bbox 2060 955 2934 1023">
    <p class='ocr_par' dir='ltr' id='par_1_38' title="bbox 2060 955 2934 1023">
     <span class='ocr_line' id='line_1_38' title="bbox 2060 955 2934 1023; baseline 0 -16"><span class='ocrx_word' id='word_1_244' title='bbox 2060 969 2212 1023; x_wconf 83' lang='lat' dir='ltr'><strong>pum,</strong></span> <span class='ocrx_word' id='word_1_245' title='bbox 2245 969 2556 1023; x_wconf 80' lang='lat' dir='ltr'><strong>caecumque</strong></span> <span class='ocrx_word' id='word_1_246' title='bbox 2585 955 2665 1008; x_wconf 86' lang='lat' dir='ltr'><strong>bis</strong></span> <span class='ocrx_word' id='word_1_247' title='bbox 2689 957 2934 1009; x_wconf 74' lang='lat' dir='ltr'><strong>tinctum.</strong></span> 
     </span>
    </p>
   </div>
   <div class='ocr_carea' id='block_1_39' title="bbox 2137 1041 3745 1114">
    <p class='ocr_par' dir='ltr' id='par_1_39' title="bbox 2137 1041 3745 1114">
     <span class='ocr_line' id='line_1_39' title="bbox 2137 1041 3745 1114; baseline 0.002 -20"><span class='ocrx_word' id='word_1_248' title='bbox 2137 1041 2398 1112; x_wconf 69' lang='grc' dir='ltr'><strong>(Αροιιι.)</strong></span> <span class='ocrx_word' id='word_1_249' title='bbox 2435 1044 2509 1098; x_wconf 90' lang='lat' dir='ltr'><strong>De</strong></span> <span class='ocrx_word' id='word_1_250' title='bbox 2540 1047 2725 1098; x_wconf 87' lang='lat' dir='ltr'><strong>morte</strong></span> <span class='ocrx_word' id='word_1_251' title='bbox 2757 1043 2934 1114; x_wconf 89' lang='lat' dir='ltr'><strong>igitur</strong></span> <span class='ocrx_word' id='word_1_252' title='bbox 2981 1059 3272 1098; x_wconf 88' lang='lat' dir='ltr'><strong>sacrorum</strong></span> <span class='ocrx_word' id='word_1_253' title='bbox 3321 1043 3527 1098; x_wconf 91' lang='lat' dir='ltr'><strong>cecinit</strong></span> <span class='ocrx_word' id='word_1_254' title='bbox 3555 1050 3745 1099; x_wconf 88' lang='lat' dir='ltr'><strong>vates:</strong></span> 
     </span>
    </p>
   </div>
   <div class='ocr_carea' id='block_1_40' title="bbox 2067 1131 3749 1202">
    <p class='ocr_par' dir='ltr' id='par_1_40' title="bbox 2067 1131 3749 1202">
     <span class='ocr_line' id='line_1_40' title="bbox 2067 1131 3749 1202; baseline 0 -16"><span class='ocrx_word' id='word_1_255' title='bbox 2067 1133 2335 1200; x_wconf 82' lang='lat' dir='ltr'><strong>Asperges</strong></span> <span class='ocrx_word' id='word_1_256' title='bbox 2374 1147 2471 1194; x_wconf 83' lang='lat' dir='ltr'><strong>me,</strong></span> <span class='ocrx_word' id='word_1_257' title='bbox 2525 1133 2767 1198; x_wconf 85' lang='lat' dir='ltr'><strong>Domine,</strong></span> <span class='ocrx_word' id='word_1_258' title='bbox 2819 1132 3048 1202; x_wconf 80' lang='lat' dir='ltr'><strong>hyssopo</strong></span> <span class='ocrx_word' id='word_1_259' title='bbox 3091 1137 3142 1186; x_wconf 83' lang='lat' dir='ltr'><strong>et</strong></span> <span class='ocrx_word' id='word_1_260' title='bbox 3172 1131 3491 1196; x_wconf 83' lang='lat' dir='ltr'><strong>mundabor,</strong></span> <span class='ocrx_word' id='word_1_261' title='bbox 3544 1132 3749 1186; x_wconf 85' lang='lat' dir='ltr'><strong>lavabis</strong></span> 
     </span>
    </p>
   </div>
   <div class='ocr_carea' id='block_1_41' title="bbox 2064 1217 3748 1288">
    <p class='ocr_par' dir='ltr' id='par_1_41' title="bbox 2064 1217 3748 1288">
     <span class='ocr_line' id='line_1_41' title="bbox 2064 1217 3748 1288; baseline 0.002 -18"><span class='ocrx_word' id='word_1_262' title='bbox 2064 1233 2165 1282; x_wconf 91' lang='lat' dir='ltr'><strong>me,</strong></span> <span class='ocrx_word' id='word_1_263' title='bbox 2198 1223 2304 1271; x_wconf 87' lang='lat' dir='ltr'><strong>etc.</strong></span> <span class='ocrx_word' id='word_1_264' title='bbox 2334 1218 2515 1286; x_wconf 79' lang='lat' dir='ltr'><strong>(Psal.</strong></span> <span class='ocrx_word' id='word_1_265' title='bbox 2549 1218 2620 1287; x_wconf 79' lang='grc' dir='ltr'><strong>ι),</strong></span> <span class='ocrx_word' id='word_1_266' title='bbox 2662 1223 2720 1272; x_wconf 90' lang='lat' dir='ltr'><strong>et</strong></span> <span class='ocrx_word' id='word_1_267' title='bbox 2765 1217 2857 1271; x_wconf 92' lang='lat' dir='ltr'><strong>cui</strong></span> <span class='ocrx_word' id='word_1_268' title='bbox 2906 1217 3250 1288; x_wconf 78' lang='lat' dir='ltr'><strong>patefactum</strong></span> <span class='ocrx_word' id='word_1_269' title='bbox 3315 1223 3437 1271; x_wconf 88' lang='lat' dir='ltr'><strong>erat</strong></span> <span class='ocrx_word' id='word_1_270' title='bbox 3486 1219 3594 1272; x_wconf 83' lang='lat' dir='ltr'><strong>tale</strong></span> <span class='ocrx_word' id='word_1_271' title='bbox 3626 1235 3748 1288; x_wconf 85' lang='lat' dir='ltr'><strong>my-</strong></span> 
     </span>
    </p>
   </div>
   <div class='ocr_carea' id='block_1_42' title="bbox 2067 1306 3756 1378">
    <p class='ocr_par' dir='ltr' id='par_1_42' title="bbox 2067 1306 3756 1378">
     <span class='ocr_line' id='line_1_42' title="bbox 2067 1306 3756 1378; baseline 0.001 -18"><span class='ocrx_word' id='word_1_272' title='bbox 2067 1306 2303 1360; x_wconf 89' lang='lat' dir='ltr'><strong>sterium</strong></span> <span class='ocrx_word' id='word_1_273' title='bbox 2354 1307 2714 1378; x_wconf 84' lang='lat' dir='ltr'><strong>expiationis,</strong></span> <span class='ocrx_word' id='word_1_274' title='bbox 2744 1323 2874 1377; x_wconf 67' lang='lat' dir='ltr'><strong>quas</strong></span> <span class='ocrx_word' id='word_1_275' title='bbox 2908 1323 3011 1377; x_wconf 89' lang='lat' dir='ltr'><strong>per</strong></span> <span class='ocrx_word' id='word_1_276' title='bbox 3039 1307 3381 1378; x_wconf 86' lang='lat' dir='ltr'><strong>sanguinem</strong></span> <span class='ocrx_word' id='word_1_277' title='bbox 3421 1307 3623 1362; x_wconf 82' lang='lat' dir='ltr'><strong>Christi</strong></span> <span class='ocrx_word' id='word_1_278' title='bbox 3672 1307 3756 1361; x_wconf 86' lang='lat' dir='ltr'><strong>fu-</strong></span> 
     </span>
    </p>
   </div>
   <div class='ocr_carea' id='block_1_43' title="bbox 2067 1395 3762 1467">
    <p class='ocr_par' dir='ltr' id='par_1_43' title="bbox 2067 1395 3762 1467">
     <span class='ocr_line' id='line_1_43' title="bbox 2067 1395 3762 1467; baseline 0 -17"><span class='ocrx_word' id='word_1_279' title='bbox 2067 1400 2196 1450; x_wconf 87' lang='lat' dir='ltr'><strong>tura</strong></span> <span class='ocrx_word' id='word_1_280' title='bbox 2252 1401 2390 1462; x_wconf 90' lang='lat' dir='ltr'><strong>erat,</strong></span> <span class='ocrx_word' id='word_1_281' title='bbox 2454 1395 2790 1467; x_wconf 86' lang='lat' dir='ltr'><strong>proposuit:</strong></span> <span class='ocrx_word' id='word_1_282' title='bbox 2843 1397 3053 1451; x_wconf 85' lang='lat' dir='ltr'><strong>Incerta</strong></span> <span class='ocrx_word' id='word_1_283' title='bbox 3102 1401 3154 1450; x_wconf 81' lang='lat' dir='ltr'><strong>et</strong></span> <span class='ocrx_word' id='word_1_284' title='bbox 3218 1397 3426 1450; x_wconf 79' lang='lat' dir='ltr'><strong>occulta</strong></span> <span class='ocrx_word' id='word_1_285' title='bbox 3476 1396 3762 1465; x_wconf 77' lang='lat' dir='ltr'><strong>sapientiae</strong></span> 
     </span>
    </p>
   </div>
   <div class='ocr_carea' id='block_1_44' title="bbox 2070 1485 2755 1550">
    <p class='ocr_par' dir='ltr' id='par_1_44' title="bbox 2070 1485 2755 1550">
     <span class='ocr_line' id='line_1_44' title="bbox 2070 1485 2755 1550; baseline -0.004 -11"><span class='ocrx_word' id='word_1_286' title='bbox 2070 1490 2174 1539; x_wconf 61' lang='lat' dir='ltr'><strong>tua</strong></span> <span class='ocrx_word' id='word_1_287' title='bbox 2201 1487 2570 1550; x_wconf 76' lang='lat' dir='ltr'><strong>manifestasti</strong></span> <span class='ocrx_word' id='word_1_288' title='bbox 2602 1485 2755 1538; x_wconf 88' lang='lat' dir='ltr'><strong>mihi.</strong></span> 
     </span>
    </p>
   </div>
   <div class='ocr_carea' id='block_1_45' title="bbox 2141 1571 3761 1643">
    <p class='ocr_par' dir='ltr' id='par_1_45' title="bbox 2141 1571 3761 1643">
     <span class='ocr_line' id='line_1_45' title="bbox 2141 1571 3761 1643; baseline -0.002 -15"><span class='ocrx_word' id='word_1_289' title='bbox 2141 1573 2326 1643; x_wconf 75' lang='grc' dir='ltr'><strong>(ΗΑΒ.)</strong></span> <span class='ocrx_word' id='word_1_290' title='bbox 2382 1573 2593 1628; x_wconf 89' lang='lat' dir='ltr'><strong>Cedrus</strong></span> <span class='ocrx_word' id='word_1_291' title='bbox 2647 1573 2866 1643; x_wconf 85' lang='lat' dir='ltr'><strong>lignum</strong></span> <span class='ocrx_word' id='word_1_292' title='bbox 2925 1573 3102 1626; x_wconf 89' lang='lat' dir='ltr'><strong>altum</strong></span> <span class='ocrx_word' id='word_1_293' title='bbox 3138 1575 3193 1626; x_wconf 89' lang='lat' dir='ltr'><strong>et</strong></span> <span class='ocrx_word' id='word_1_294' title='bbox 3242 1571 3597 1643; x_wconf 89' lang='lat' dir='ltr'><strong>impntribile</strong></span> <span class='ocrx_word' id='word_1_295' title='bbox 3657 1575 3761 1625; x_wconf 89' lang='lat' dir='ltr'><strong>est.</strong></span> 
     </span>
    </p>
   </div>
   <div class='ocr_carea' id='block_1_46' title="bbox 2070 1661 3764 1734">
    <p class='ocr_par' dir='ltr' id='par_1_46' title="bbox 2070 1661 3764 1734">
     <span class='ocr_line' id='line_1_46' title="bbox 2070 1661 3764 1734; baseline -0.004 -16"><span class='ocrx_word' id='word_1_296' title='bbox 2070 1663 2359 1734; x_wconf 83' lang='lat' dir='ltr'><strong>l-Iyssopns</strong></span> <span class='ocrx_word' id='word_1_297' title='bbox 2406 1662 2584 1717; x_wconf 88' lang='lat' dir='ltr'><strong>herba</strong></span> <span class='ocrx_word' id='word_1_298' title='bbox 2633 1662 2791 1716; x_wconf 88' lang='lat' dir='ltr'><strong>valde</strong></span> <span class='ocrx_word' id='word_1_299' title='bbox 2850 1661 3105 1724; x_wconf 89' lang='lat' dir='ltr'><strong>humilis,</strong></span> <span class='ocrx_word' id='word_1_300' title='bbox 3157 1677 3286 1732; x_wconf 71' lang='lat' dir='ltr'><strong>quas</strong></span> <span class='ocrx_word' id='word_1_301' title='bbox 3345 1666 3535 1714; x_wconf 89' lang='lat' dir='ltr'><strong>tamen</strong></span> <span class='ocrx_word' id='word_1_302' title='bbox 3589 1661 3764 1714; x_wconf 86' lang='lat' dir='ltr'><strong>inlla-</strong></span> 
     </span>
    </p>
   </div>
   <div class='ocr_carea' id='block_1_47' title="bbox 2067 1750 3762 1822">
    <p class='ocr_par' dir='ltr' id='par_1_47' title="bbox 2067 1750 3762 1822">
     <span class='ocr_line' id='line_1_47' title="bbox 2067 1750 3762 1822; baseline -0.001 -16"><span class='ocrx_word' id='word_1_303' title='bbox 2067 1751 2283 1806; x_wconf 89' lang='lat' dir='ltr'><strong>tionem</strong></span> <span class='ocrx_word' id='word_1_304' title='bbox 2317 1756 2545 1805; x_wconf 89' lang='lat' dir='ltr'><strong>amovet</strong></span> <span class='ocrx_word' id='word_1_305' title='bbox 2583 1750 2892 1822; x_wconf 86' lang='lat' dir='ltr'><strong>pulmonis.</strong></span> <span class='ocrx_word' id='word_1_306' title='bbox 2927 1752 3035 1805; x_wconf 89' lang='lat' dir='ltr'><strong>Per</strong></span> <span class='ocrx_word' id='word_1_307' title='bbox 3085 1750 3320 1804; x_wconf 92' lang='lat' dir='ltr'><strong>cedrum</strong></span> <span class='ocrx_word' id='word_1_308' title='bbox 3375 1766 3511 1820; x_wconf 87' lang='lat' dir='ltr'><strong>ergo</strong></span> <span class='ocrx_word' id='word_1_309' title='bbox 3563 1750 3762 1812; x_wconf 87' lang='lat' dir='ltr'><strong>altam,</strong></span> 
     </span>
    </p>
   </div>
   <div class='ocr_carea' id='block_1_48' title="bbox 2068 1837 3761 1911">
    <p class='ocr_par' dir='ltr' id='par_1_48' title="bbox 2068 1837 3761 1911">
     <span class='ocr_line' id='line_1_48' title="bbox 2068 1837 3761 1911; baseline -0.002 -17"><span class='ocrx_word' id='word_1_310' title='bbox 2068 1855 2436 1911; x_wconf 87' lang='lat' dir='ltr'><strong>perseverans</strong></span> <span class='ocrx_word' id='word_1_311' title='bbox 2491 1839 2926 1909; x_wconf 87' lang='lat' dir='ltr'><strong>contemplatio;</strong></span> <span class='ocrx_word' id='word_1_312' title='bbox 2981 1855 3080 1905; x_wconf 81' lang='lat' dir='ltr'><strong>per</strong></span> <span class='ocrx_word' id='word_1_313' title='bbox 3122 1840 3437 1910; x_wconf 72' lang='lat' dir='ltr'><strong>hySSOpum</strong></span> <span class='ocrx_word' id='word_1_314' title='bbox 3478 1837 3761 1892; x_wconf 86' lang='lat' dir='ltr'><strong>mansueti</strong></span> 
     </span>
    </p>
   </div>
   <div class='ocr_carea' id='block_1_49' title="bbox 2067 1927 3763 1998">
    <p class='ocr_par' dir='ltr' id='par_1_49' title="bbox 2067 1927 3763 1998">
     <span class='ocr_line' id='line_1_49' title="bbox 2067 1927 3763 1998; baseline -0.001 -16"><span class='ocrx_word' id='word_1_315' title='bbox 2067 1927 2249 1982; x_wconf 90' lang='lat' dir='ltr'><strong>cordis</strong></span> <span class='ocrx_word' id='word_1_316' title='bbox 2291 1928 2584 1982; x_wconf 87' lang='lat' dir='ltr'><strong>humilitas</strong></span> <span class='ocrx_word' id='word_1_317' title='bbox 2615 1928 2894 1998; x_wconf 87' lang='lat' dir='ltr'><strong>signatur.</strong></span> <span class='ocrx_word' id='word_1_318' title='bbox 2955 1927 3063 1992; x_wconf 86' lang='lat' dir='ltr'><strong>Qui</strong></span> <span class='ocrx_word' id='word_1_319' title='bbox 3094 1928 3245 1981; x_wconf 91' lang='lat' dir='ltr'><strong>enim</strong></span> <span class='ocrx_word' id='word_1_320' title='bbox 3279 1927 3763 1997; x_wconf 84' lang='lat' dir='ltr'><strong>contemplatione</strong></span> 
     </span>
    </p>
   </div>
   <div class='ocr_carea' id='block_1_50' title="bbox 2069 2016 3762 2088">
    <p class='ocr_par' dir='ltr' id='par_1_50' title="bbox 2069 2016 3762 2088">
     <span class='ocr_line' id='line_1_50' title="bbox 2069 2016 3762 2088; baseline -0.002 -16"><span class='ocrx_word' id='word_1_321' title='bbox 2069 2018 2138 2072; x_wconf 92' lang='lat' dir='ltr'><strong>ad</strong></span> <span class='ocrx_word' id='word_1_322' title='bbox 2188 2033 2438 2088; x_wconf 88' lang='lat' dir='ltr'><strong>superna</strong></span> <span class='ocrx_word' id='word_1_323' title='bbox 2479 2017 2720 2080; x_wconf 88' lang='lat' dir='ltr'><strong>tollitur,</strong></span> <span class='ocrx_word' id='word_1_324' title='bbox 2766 2033 2869 2088; x_wconf 91' lang='lat' dir='ltr'><strong>per</strong></span> <span class='ocrx_word' id='word_1_325' title='bbox 2915 2016 3256 2072; x_wconf 82' lang='lat' dir='ltr'><strong>humilitatis</strong></span> <span class='ocrx_word' id='word_1_326' title='bbox 3304 2016 3762 2087; x_wconf 89' lang='lat' dir='ltr'><strong>compassionem</strong></span> 
     </span>
    </p>
   </div>
   <div class='ocr_carea' id='block_1_51' title="bbox 2067 2103 3765 2175">
    <p class='ocr_par' dir='ltr' id='par_1_51' title="bbox 2067 2103 3765 2175">
     <span class='ocr_line' id='line_1_51' title="bbox 2067 2103 3765 2175; baseline -0.002 -14"><span class='ocrx_word' id='word_1_327' title='bbox 2067 2106 2234 2161; x_wconf 87' lang='lat' dir='ltr'><strong>debet</strong></span> <span class='ocrx_word' id='word_1_328' title='bbox 2260 2105 2712 2160; x_wconf 87' lang='lat' dir='ltr'><strong>condescendere</strong></span> <span class='ocrx_word' id='word_1_329' title='bbox 2757 2105 3143 2172; x_wconf 88' lang='lat' dir='ltr'><strong>inferioribus,</strong></span> <span class='ocrx_word' id='word_1_330' title='bbox 3181 2121 3282 2159; x_wconf 90' lang='lat' dir='ltr'><strong>nec</strong></span> <span class='ocrx_word' id='word_1_331' title='bbox 3327 2122 3383 2158; x_wconf 88' lang='lat' dir='ltr'><strong>se</strong></span> <span class='ocrx_word' id='word_1_332' title='bbox 3415 2121 3482 2158; x_wconf 85' lang='lat' dir='ltr'><strong>ex</strong></span> <span class='ocrx_word' id='word_1_333' title='bbox 3511 2121 3578 2158; x_wconf 90' lang='lat' dir='ltr'><strong>eo</strong></span> <span class='ocrx_word' id='word_1_334' title='bbox 3611 2103 3765 2175; x_wconf 91' lang='lat' dir='ltr'><strong>quod</strong></span> 
     </span>
    </p>
   </div>
   <div class='ocr_carea' id='block_1_52' title="bbox 2068 2192 3763 2266">
    <p class='ocr_par' dir='ltr' id='par_1_52' title="bbox 2068 2192 3763 2266">
     <span class='ocr_line' id='line_1_52' title="bbox 2068 2192 3763 2266; baseline -0.002 -17"><span class='ocrx_word' id='word_1_335' title='bbox 2068 2193 2243 2249; x_wconf 87' lang='lat' dir='ltr'><strong>habet</strong></span> <span class='ocrx_word' id='word_1_336' title='bbox 2271 2195 2471 2265; x_wconf 84' lang='lat' dir='ltr'><strong>erigat,</strong></span> <span class='ocrx_word' id='word_1_337' title='bbox 2523 2195 2619 2250; x_wconf 90' lang='lat' dir='ltr'><strong>sed</strong></span> <span class='ocrx_word' id='word_1_338' title='bbox 2651 2195 2758 2260; x_wconf 86' lang='lat' dir='ltr'><strong>his,</strong></span> <span class='ocrx_word' id='word_1_339' title='bbox 2802 2195 2901 2266; x_wconf 90' lang='lat' dir='ltr'><strong>qui</strong></span> <span class='ocrx_word' id='word_1_340' title='bbox 2932 2195 3072 2248; x_wconf 92' lang='lat' dir='ltr'><strong>illud</strong></span> <span class='ocrx_word' id='word_1_341' title='bbox 3126 2211 3239 2248; x_wconf 90' lang='lat' dir='ltr'><strong>non</strong></span> <span class='ocrx_word' id='word_1_342' title='bbox 3286 2193 3518 2254; x_wconf 86' lang='lat' dir='ltr'><strong>habent,</strong></span> <span class='ocrx_word' id='word_1_343' title='bbox 3554 2192 3763 2264; x_wconf 58' lang='lat' dir='ltr'><strong>pradi-</strong></span> 
     </span>
    </p>
   </div>
   <div class='ocr_carea' id='block_1_53' title="bbox 2068 2283 2868 2355">
    <p class='ocr_par' dir='ltr' id='par_1_53' title="bbox 2068 2283 2868 2355">
     <span class='ocr_line' id='line_1_53' title="bbox 2068 2283 2868 2355; baseline 0.001 -18"><span class='ocrx_word' id='word_1_344' title='bbox 2068 2283 2249 2337; x_wconf 89' lang='lat' dir='ltr'><strong>cando</strong></span> <span class='ocrx_word' id='word_1_345' title='bbox 2282 2283 2523 2338; x_wconf 90' lang='lat' dir='ltr'><strong>libenter</strong></span> <span class='ocrx_word' id='word_1_346' title='bbox 2553 2283 2868 2355; x_wconf 88' lang='lat' dir='ltr'><strong>impendat.</strong></span> 
     </span>
    </p>
   </div>
   <div class='ocr_carea' id='block_1_54' title="bbox 2143 2369 3766 2442">
    <p class='ocr_par' dir='ltr' id='par_1_54' title="bbox 2143 2369 3766 2442">
     <span class='ocr_line' id='line_1_54' title="bbox 2143 2369 3766 2442; baseline -0.002 -16"><span class='ocrx_word' id='word_1_347' title='bbox 2143 2372 2336 2442; x_wconf 83' lang='lat' dir='ltr'><strong>(AUG.)</strong></span> <span class='ocrx_word' id='word_1_348' title='bbox 2390 2373 2513 2427; x_wconf 84' lang='lat' dir='ltr'><strong>Alia</strong></span> <span class='ocrx_word' id='word_1_349' title='bbox 2569 2373 2779 2438; x_wconf 88' lang='lat' dir='ltr'><strong>littera,</strong></span> <span class='ocrx_word' id='word_1_350' title='bbox 2832 2377 2962 2440; x_wconf 89' lang='lat' dir='ltr'><strong>etc.,</strong></span> <span class='ocrx_word' id='word_1_351' title='bbox 3013 2386 3182 2441; x_wconf 88' lang='lat' dir='ltr'><strong>usque</strong></span> <span class='ocrx_word' id='word_1_352' title='bbox 3239 2371 3312 2425; x_wconf 89' lang='lat' dir='ltr'><strong>ad</strong></span> <span class='ocrx_word' id='word_1_353' title='bbox 3368 2376 3431 2424; x_wconf 92' lang='lat' dir='ltr'><strong>nt</strong></span> <span class='ocrx_word' id='word_1_354' title='bbox 3486 2386 3618 2424; x_wconf 89' lang='lat' dir='ltr'><strong>cum</strong></span> <span class='ocrx_word' id='word_1_355' title='bbox 3664 2369 3766 2424; x_wconf 93' lang='lat' dir='ltr'><strong>illo</strong></span> 
     </span>
    </p>
   </div>
   <div class='ocr_carea' id='block_1_55' title="bbox 2070 2459 2886 2516">
    <p class='ocr_par' dir='ltr' id='par_1_55' title="bbox 2070 2459 2886 2516">
     <span class='ocr_line' id='line_1_55' title="bbox 2070 2459 2886 2516; baseline 0.001 -2"><span class='ocrx_word' id='word_1_356' title='bbox 2070 2459 2144 2514; x_wconf 93' lang='lat' dir='ltr'><strong>sit</strong></span> <span class='ocrx_word' id='word_1_357' title='bbox 2173 2460 2501 2515; x_wconf 88' lang='lat' dir='ltr'><strong>abscondita</strong></span> <span class='ocrx_word' id='word_1_358' title='bbox 2528 2461 2641 2515; x_wconf 88' lang='lat' dir='ltr'><strong>vita</strong></span> <span class='ocrx_word' id='word_1_359' title='bbox 2671 2466 2886 2516; x_wconf 87' lang='lat' dir='ltr'><strong>nostra.</strong></span> 
     </span>
    </p>
   </div>
   <div class='ocr_carea' id='block_1_56' title="bbox 2144 2548 3768 2621">
    <p class='ocr_par' dir='ltr' id='par_1_56' title="bbox 2144 2548 3768 2621">
     <span class='ocr_line' id='line_1_56' title="bbox 2144 2548 3768 2621; baseline -0.002 -18"><span class='ocrx_word' id='word_1_360' title='bbox 2144 2550 2331 2619; x_wconf 74' lang='grc' dir='ltr'><strong>(ΗΑΒ.)</strong></span> <span class='ocrx_word' id='word_1_361' title='bbox 2382 2551 2573 2604; x_wconf 85' lang='lat' dir='ltr'><strong>Potest</strong></span> <span class='ocrx_word' id='word_1_362' title='bbox 2625 2549 2869 2621; x_wconf 85' lang='lat' dir='ltr'><strong>intelligi</strong></span> <span class='ocrx_word' id='word_1_363' title='bbox 2928 2565 3032 2620; x_wconf 88' lang='lat' dir='ltr'><strong>per</strong></span> <span class='ocrx_word' id='word_1_364' title='bbox 3090 2548 3324 2602; x_wconf 89' lang='lat' dir='ltr'><strong>cedrum</strong></span> <span class='ocrx_word' id='word_1_365' title='bbox 3403 2563 3548 2618; x_wconf 87' lang='lat' dir='ltr'><strong>spes,</strong></span> <span class='ocrx_word' id='word_1_366' title='bbox 3621 2550 3768 2612; x_wconf 91' lang='lat' dir='ltr'><strong>etc.,</strong></span> 
     </span>
    </p>
   </div>
   <div class='ocr_carea' id='block_1_57' title="bbox 2072 2636 3772 2706">
    <p class='ocr_par' dir='ltr' id='par_1_57' title="bbox 2072 2636 3772 2706">
     <span class='ocr_line' id='line_1_57' title="bbox 2072 2636 3772 2706; baseline -0.001 -16"><span class='ocrx_word' id='word_1_367' title='bbox 2072 2652 2240 2706; x_wconf 86' lang='lat' dir='ltr'><strong>usque</strong></span> <span class='ocrx_word' id='word_1_368' title='bbox 2268 2638 2344 2692; x_wconf 88' lang='lat' dir='ltr'><strong>ad</strong></span> <span class='ocrx_word' id='word_1_369' title='bbox 2393 2639 2514 2692; x_wconf 90' lang='lat' dir='ltr'><strong>sola</strong></span> <span class='ocrx_word' id='word_1_370' title='bbox 2556 2638 2618 2693; x_wconf 92' lang='lat' dir='ltr'><strong>in</strong></span> <span class='ocrx_word' id='word_1_371' title='bbox 2646 2639 2812 2693; x_wconf 92' lang='lat' dir='ltr'><strong>nobis</strong></span> <span class='ocrx_word' id='word_1_372' title='bbox 2859 2638 3098 2693; x_wconf 88' lang='lat' dir='ltr'><strong>chrritas</strong></span> <span class='ocrx_word' id='word_1_373' title='bbox 3127 2639 3201 2692; x_wconf 90' lang='lat' dir='ltr'><strong>ad</strong></span> <span class='ocrx_word' id='word_1_374' title='bbox 3252 2636 3518 2690; x_wconf 89' lang='lat' dir='ltr'><strong>ultimum</strong></span> <span class='ocrx_word' id='word_1_375' title='bbox 3575 2637 3772 2690; x_wconf 84' lang='lat' dir='ltr'><strong>multi-</strong></span> 
     </span>
    </p>
   </div>
   <div class='ocr_carea' id='block_1_58' title="bbox 2072 2725 2336 2795">
    <p class='ocr_par' dir='ltr' id='par_1_58' title="bbox 2072 2725 2336 2795">
     <span class='ocr_line' id='line_1_58' title="bbox 2072 2725 2336 2795; baseline 0.004 -15"><span class='ocrx_word' id='word_1_376' title='bbox 2072 2725 2336 2795; x_wconf 90' lang='lat' dir='ltr'><strong>plicatnr.</strong></span> 
     </span>
    </p>
   </div>
   <div class='ocr_carea' id='block_1_59' title="bbox 2145 2829 3768 2904">
    <p class='ocr_par' dir='ltr' id='par_1_59' title="bbox 2145 2829 3768 2904">
     <span class='ocr_line' id='line_1_59' title="bbox 2145 2829 3768 2904; baseline -0.003 -16"><span class='ocrx_word' id='word_1_377' title='bbox 2145 2831 2361 2900; x_wconf 49' lang='lat' dir='ltr'><strong>(Gaza.</strong></span> <span class='ocrx_word' id='word_1_378' title='bbox 2416 2835 2608 2889; x_wconf 82' lang='lat' dir='ltr'><strong>Moral.</strong></span> <span class='ocrx_word' id='word_1_379' title='bbox 2666 2833 2765 2888; x_wconf 90' lang='lat' dir='ltr'><strong>lib.</strong></span> <span class='ocrx_word' id='word_1_380' title='bbox 2796 2849 2871 2900; x_wconf 79' lang='lat' dir='ltr'><strong>v1,</strong></span> <span class='ocrx_word' id='word_1_381' title='bbox 2919 2849 3042 2904; x_wconf 90' lang='lat' dir='ltr'><strong>cap.</strong></span> <span class='ocrx_word' id='word_1_382' title='bbox 3078 2832 3190 2898; x_wconf 86' lang='lat' dir='ltr'><strong>l7.)</strong></span> <span class='ocrx_word' id='word_1_383' title='bbox 3227 2831 3480 2887; x_wconf 85' lang='lat' dir='ltr'><strong>Mittatnr</strong></span> <span class='ocrx_word' id='word_1_384' title='bbox 3511 2829 3568 2884; x_wconf 92' lang='lat' dir='ltr'><strong>in</strong></span> <span class='ocrx_word' id='word_1_385' title='bbox 3600 2829 3768 2885; x_wconf 81' lang='lat' dir='ltr'><strong>flam-</strong></span> 
     </span>
    </p>
   </div>
   <div class='ocr_carea' id='block_1_60' title="bbox 2072 2920 3769 2993">
    <p class='ocr_par' dir='ltr' id='par_1_60' title="bbox 2072 2920 3769 2993">
     <span class='ocr_line' id='line_1_60' title="bbox 2072 2920 3769 2993; baseline -0.002 -19"><span class='ocrx_word' id='word_1_386' title='bbox 2072 2935 2247 2988; x_wconf 85' lang='lat' dir='ltr'><strong>mam,</strong></span> <span class='ocrx_word' id='word_1_387' title='bbox 2301 2937 2468 2992; x_wconf 85' lang='lat' dir='ltr'><strong>usque</strong></span> <span class='ocrx_word' id='word_1_388' title='bbox 2511 2921 2586 2975; x_wconf 85' lang='lat' dir='ltr'><strong>ad</strong></span> <span class='ocrx_word' id='word_1_389' title='bbox 2637 2926 2700 2975; x_wconf 93' lang='lat' dir='ltr'><strong>nt</strong></span> <span class='ocrx_word' id='word_1_390' title='bbox 2728 2921 2790 2975; x_wconf 90' lang='lat' dir='ltr'><strong>in</strong></span> <span class='ocrx_word' id='word_1_391' title='bbox 2839 2921 2963 2993; x_wconf 88' lang='lat' dir='ltr'><strong>ipsa</strong></span> <span class='ocrx_word' id='word_1_392' title='bbox 3016 2920 3195 2976; x_wconf 87' lang='lat' dir='ltr'><strong>discat</strong></span> <span class='ocrx_word' id='word_1_393' title='bbox 3221 2935 3396 2991; x_wconf 85' lang='lat' dir='ltr'><strong>Opera</strong></span> <span class='ocrx_word' id='word_1_394' title='bbox 3448 2922 3602 2972; x_wconf 86' lang='lat' dir='ltr'><strong>recta</strong></span> <span class='ocrx_word' id='word_1_395' title='bbox 3633 2933 3769 2988; x_wconf 64' lang='lat' dir='ltr'><strong>qua</strong></span> 
     </span>
    </p>
   </div>
   <div class='ocr_carea' id='block_1_61' title="bbox 269 2996 2260 3069">
    <p class='ocr_par' dir='ltr' id='par_1_61' title="bbox 269 2996 2260 3069">
     <span class='ocr_line' id='line_1_61' title="bbox 269 2996 2260 3069; baseline 0.002 -20"><span class='ocrx_word' id='word_1_396' title='bbox 269 3003 441 3052; x_wconf 88' lang='lat' dir='ltr'><strong>tatem</strong></span> <span class='ocrx_word' id='word_1_397' title='bbox 482 2998 707 3053; x_wconf 81' lang='lat' dir='ltr'><strong>Domini</strong></span> <span class='ocrx_word' id='word_1_398' title='bbox 748 2999 1112 3066; x_wconf 82' lang='lat' dir='ltr'><strong>nuntiabant,</strong></span> <span class='ocrx_word' id='word_1_399' title='bbox 1149 2999 1561 3069; x_wconf 87' lang='lat' dir='ltr'><strong>signiﬁcantur.</strong></span> <span class='ocrx_word' id='word_1_400' title='bbox 1595 2996 1734 3062; x_wconf 90' lang='lat' dir='ltr'><strong>Quia</strong></span> <span class='ocrx_word' id='word_1_401' title='bbox 1770 2996 1966 3051; x_wconf 87' lang='lat' dir='ltr'><strong>omnia</strong></span> <span class='ocrx_word' id='word_1_402' title='bbox 1993 3005 2031 3060; x_wconf 75' lang='grc' dir='ltr'>ϐ</span> <span class='ocrx_word' id='word_1_403' title='bbox 2070 3008 2260 3064; x_wconf 68' lang='lat' dir='ltr'><strong>faciat,</strong></span> 
     </span>
    </p>
   </div>
   <div class='ocr_carea' id='block_1_62' title="bbox 269 3073 1962 3158">
    <p class='ocr_par' dir='ltr' id='par_1_62' title="bbox 269 3073 1962 3158">
     <span class='ocr_line' id='line_1_62' title="bbox 269 3073 1962 3158; baseline -0.001 -18"><span class='ocrx_word' id='word_1_404' title='bbox 269 3073 636 3158; x_wconf 80' lang='lat' dir='ltr'><strong>postmodum</strong></span> <span class='ocrx_word' id='word_1_405' title='bbox 711 3087 1045 3158; x_wconf 87' lang='lat' dir='ltr'><strong>spiritaliter</strong></span> <span class='ocrx_word' id='word_1_406' title='bbox 1093 3105 1127 3142; x_wconf 89' lang='lat' dir='ltr'><strong>a</strong></span> <span class='ocrx_word' id='word_1_407' title='bbox 1168 3088 1420 3158; x_wconf 88' lang='lat' dir='ltr'><strong>patribus</strong></span> <span class='ocrx_word' id='word_1_408' title='bbox 1464 3088 1752 3141; x_wconf 89' lang='lat' dir='ltr'><strong>intellecta</strong></span> <span class='ocrx_word' id='word_1_409' title='bbox 1795 3086 1962 3157; x_wconf 79' lang='lat' dir='ltr'><strong>juxta</strong></span> 
     </span>
    </p>
   </div>
   <div class='ocr_carea' id='block_1_63' title="bbox 269 3175 1962 3247">
    <p class='ocr_par' dir='ltr' id='par_1_63' title="bbox 269 3175 1962 3247">
     <span class='ocr_line' id='line_1_63' title="bbox 269 3175 1962 3247; baseline -0.002 -17"><span class='ocrx_word' id='word_1_410' title='bbox 269 3175 519 3230; x_wconf 92' lang='lat' dir='ltr'><strong>exterius</strong></span> <span class='ocrx_word' id='word_1_411' title='bbox 551 3177 886 3247; x_wconf 84' lang='lat' dir='ltr'><strong>mysterium</strong></span> <span class='ocrx_word' id='word_1_412' title='bbox 917 3180 1164 3230; x_wconf 87' lang='lat' dir='ltr'><strong>stercora</strong></span> <span class='ocrx_word' id='word_1_413' title='bbox 1217 3180 1350 3230; x_wconf 90' lang='lat' dir='ltr'><strong>sunt</strong></span> <span class='ocrx_word' id='word_1_414' title='bbox 1379 3181 1592 3238; x_wconf 88' lang='lat' dir='ltr'><strong>vocata.</strong></span> <span class='ocrx_word' id='word_1_415' title='bbox 1623 3175 1775 3230; x_wconf 88' lang='lat' dir='ltr'><strong>unde</strong></span> <span class='ocrx_word' id='word_1_416' title='bbox 1810 3176 1962 3229; x_wconf 87' lang='lat' dir='ltr'><strong>Pau-</strong></span> 
     </span>
    </p>
   </div>
   <div class='ocr_carea' id='block_1_64' title="bbox 271 3262 1962 3335">
    <p class='ocr_par' dir='ltr' id='par_1_64' title="bbox 271 3262 1962 3335">
     <span class='ocr_line' id='line_1_64' title="bbox 271 3262 1962 3335; baseline -0.001 -18"><span class='ocrx_word' id='word_1_417' title='bbox 271 3265 358 3317; x_wconf 91' lang='lat' dir='ltr'><strong>lus</strong></span> <span class='ocrx_word' id='word_1_418' title='bbox 390 3279 404 3318; x_wconf 89' lang='lat'><strong>:</strong></span> <span class='ocrx_word' id='word_1_419' title='bbox 464 3264 661 3320; x_wconf 85' lang='lat' dir='ltr'><strong>Omnia</strong></span> <span class='ocrx_word' id='word_1_420' title='bbox 688 3265 996 3320; x_wconf 79' lang='lat' dir='ltr'><strong>arbitratur</strong></span> <span class='ocrx_word' id='word_1_421' title='bbox 1039 3269 1099 3318; x_wconf 88' lang='lat' dir='ltr'><strong>ut</strong></span> <span class='ocrx_word' id='word_1_422' title='bbox 1135 3268 1371 3319; x_wconf 86' lang='lat' dir='ltr'><strong>stercora</strong></span> <span class='ocrx_word' id='word_1_423' title='bbox 1420 3265 1646 3335; x_wconf 79' lang='lat' dir='ltr'><strong>(Philip.</strong></span> <span class='ocrx_word' id='word_1_424' title='bbox 1684 3262 1784 3333; x_wconf 79' lang='lat' dir='ltr'><strong>Ill),</strong></span> <span class='ocrx_word' id='word_1_425' title='bbox 1833 3278 1962 3334; x_wconf 57' lang='lat' dir='ltr'><strong>qua</strong></span> 
     </span>
    </p>
   </div>
   <div class='ocr_carea' id='block_1_65' title="bbox 273 3351 1964 3424">
    <p class='ocr_par' dir='ltr' id='par_1_65' title="bbox 273 3351 1964 3424">
     <span class='ocr_line' id='line_1_65' title="bbox 273 3351 1964 3424; baseline -0.002 -17"><span class='ocrx_word' id='word_1_426' title='bbox 273 3354 524 3407; x_wconf 65' lang='lat' dir='ltr'><strong>ﬂammas</strong></span> <span class='ocrx_word' id='word_1_427' title='bbox 563 3352 887 3416; x_wconf 89' lang='lat' dir='ltr'><strong>traduntur.</strong></span> <span class='ocrx_word' id='word_1_428' title='bbox 947 3351 1216 3416; x_wconf 91' lang='lat' dir='ltr'><strong>Quamvis</strong></span> <span class='ocrx_word' id='word_1_429' title='bbox 1267 3351 1421 3406; x_wconf 91' lang='lat' dir='ltr'><strong>enim</strong></span> <span class='ocrx_word' id='word_1_430' title='bbox 1481 3352 1733 3424; x_wconf 90' lang='lat' dir='ltr'><strong>primum</strong></span> <span class='ocrx_word' id='word_1_431' title='bbox 1763 3367 1964 3404; x_wconf 87' lang='lat' dir='ltr'><strong>carna-</strong></span> 
     </span>
    </p>
   </div>
   <div class='ocr_carea' id='block_1_66' title="bbox 273 3440 1965 3512">
    <p class='ocr_par' dir='ltr' id='par_1_66' title="bbox 273 3440 1965 3512">
     <span class='ocr_line' id='line_1_66' title="bbox 273 3440 1965 3512; baseline -0.001 -17"><span class='ocrx_word' id='word_1_432' title='bbox 273 3441 403 3495; x_wconf 91' lang='lat' dir='ltr'><strong>liter</strong></span> <span class='ocrx_word' id='word_1_433' title='bbox 449 3441 565 3496; x_wconf 91' lang='lat' dir='ltr'><strong>sint</strong></span> <span class='ocrx_word' id='word_1_434' title='bbox 617 3440 888 3506; x_wconf 89' lang='lat' dir='ltr'><strong>exhibita,</strong></span> <span class='ocrx_word' id='word_1_435' title='bbox 940 3441 1306 3511; x_wconf 90' lang='lat' dir='ltr'><strong>postmodum</strong></span> <span class='ocrx_word' id='word_1_436' title='bbox 1361 3457 1463 3512; x_wconf 91' lang='lat' dir='ltr'><strong>per</strong></span> <span class='ocrx_word' id='word_1_437' title='bbox 1506 3440 1782 3510; x_wconf 89' lang='lat' dir='ltr'><strong>Spiritum</strong></span> <span class='ocrx_word' id='word_1_438' title='bbox 1835 3457 1965 3494; x_wconf 86' lang='lat' dir='ltr'><strong>san-</strong></span> 
     </span>
    </p>
   </div>
   <div class='ocr_carea' id='block_1_67' title="bbox 277 3529 1566 3600">
    <p class='ocr_par' dir='ltr' id='par_1_67' title="bbox 277 3529 1566 3600">
     <span class='ocr_line' id='line_1_67' title="bbox 277 3529 1566 3600; baseline -0.002 -16"><span class='ocrx_word' id='word_1_439' title='bbox 277 3529 848 3600; x_wconf 71' lang='lat' dir='ltr'><strong>ctnmiutelligentim</strong></span> <span class='ocrx_word' id='word_1_440' title='bbox 878 3529 1012 3599; x_wconf 89' lang='lat' dir='ltr'><strong>igne</strong></span> <span class='ocrx_word' id='word_1_441' title='bbox 1042 3533 1384 3600; x_wconf 90' lang='lat' dir='ltr'><strong>consumpta</strong></span> <span class='ocrx_word' id='word_1_442' title='bbox 1414 3533 1566 3583; x_wconf 88' lang='lat' dir='ltr'><strong>sunt.</strong></span> 
     </span>
    </p>
   </div>
   <div class='ocr_carea' id='block_1_68' title="bbox 351 3617 1969 3687">
    <p class='ocr_par' dir='ltr' id='par_1_68' title="bbox 351 3617 1969 3687">
     <span class='ocr_line' id='line_1_68' title="bbox 351 3617 1969 3687; baseline -0.001 -15"><span class='ocrx_word' id='word_1_443' title='bbox 351 3619 544 3687; x_wconf 80' lang='lat' dir='ltr'><strong>(Auc.)</strong></span> <span class='ocrx_word' id='word_1_444' title='bbox 601 3619 671 3672; x_wconf 88' lang='lat' dir='ltr'><strong>Et</strong></span> <span class='ocrx_word' id='word_1_445' title='bbox 700 3617 1013 3672; x_wconf 85' lang='lat' dir='ltr'><strong>cremabunt</strong></span> <span class='ocrx_word' id='word_1_446' title='bbox 1065 3633 1182 3672; x_wconf 91' lang='lat' dir='ltr'><strong>eam</strong></span> <span class='ocrx_word' id='word_1_447' title='bbox 1232 3620 1290 3672; x_wconf 83' lang='lat' dir='ltr'><strong>in</strong></span> <span class='ocrx_word' id='word_1_448' title='bbox 1328 3622 1609 3687; x_wconf 83' lang='lat' dir='ltr'><strong>conspectu</strong></span> <span class='ocrx_word' id='word_1_449' title='bbox 1638 3617 1775 3686; x_wconf 86' lang='lat' dir='ltr'><strong>ejus.</strong></span> <span class='ocrx_word' id='word_1_450' title='bbox 1825 3619 1969 3673; x_wconf 89' lang='lat' dir='ltr'><strong>Puto</strong></span> 
     </span>
    </p>
   </div>
   <div class='ocr_carea' id='block_1_69' title="bbox 275 3705 1964 3778">
    <p class='ocr_par' dir='ltr' id='par_1_69' title="bbox 275 3705 1964 3778">
     <span class='ocr_line' id='line_1_69' title="bbox 275 3705 1964 3778; baseline -0.002 -17"><span class='ocrx_word' id='word_1_451' title='bbox 275 3706 412 3778; x_wconf 86' lang='lat' dir='ltr'><strong>quia</strong></span> <span class='ocrx_word' id='word_1_452' title='bbox 469 3705 742 3760; x_wconf 89' lang='lat' dir='ltr'><strong>crematio</strong></span> <span class='ocrx_word' id='word_1_453' title='bbox 799 3706 867 3760; x_wconf 91' lang='lat' dir='ltr'><strong>ad</strong></span> <span class='ocrx_word' id='word_1_454' title='bbox 921 3705 1151 3777; x_wconf 88' lang='lat' dir='ltr'><strong>signum</strong></span> <span class='ocrx_word' id='word_1_455' title='bbox 1210 3705 1457 3778; x_wconf 87' lang='lat' dir='ltr'><strong>pertinet</strong></span> <span class='ocrx_word' id='word_1_456' title='bbox 1512 3705 1964 3760; x_wconf 89' lang='lat' dir='ltr'><strong>resurrectionis.</strong></span> 
     </span>
    </p>
   </div>
   <div class='ocr_carea' id='block_1_70' title="bbox 279 3793 1972 3867">
    <p class='ocr_par' dir='ltr' id='par_1_70' title="bbox 279 3793 1972 3867">
     <span class='ocr_line' id='line_1_70' title="bbox 279 3793 1972 3867; baseline -0.001 -17"><span class='ocrx_word' id='word_1_457' title='bbox 279 3795 492 3850; x_wconf 89' lang='lat' dir='ltr'><strong>Natura</strong></span> <span class='ocrx_word' id='word_1_458' title='bbox 520 3793 673 3848; x_wconf 88' lang='lat' dir='ltr'><strong>enim</strong></span> <span class='ocrx_word' id='word_1_459' title='bbox 713 3798 798 3848; x_wconf 89' lang='lat' dir='ltr'><strong>est</strong></span> <span class='ocrx_word' id='word_1_460' title='bbox 841 3795 993 3866; x_wconf 87' lang='lat' dir='ltr'><strong>ignis</strong></span> <span class='ocrx_word' id='word_1_461' title='bbox 1044 3799 1108 3850; x_wconf 86' lang='lat' dir='ltr'><strong>ut</strong></span> <span class='ocrx_word' id='word_1_462' title='bbox 1159 3795 1218 3850; x_wconf 91' lang='lat' dir='ltr'><strong>in</strong></span> <span class='ocrx_word' id='word_1_463' title='bbox 1261 3810 1508 3867; x_wconf 87' lang='lat' dir='ltr'><strong>superna</strong></span> <span class='ocrx_word' id='word_1_464' title='bbox 1557 3799 1873 3860; x_wconf 89' lang='lat' dir='ltr'><strong>moveatur,</strong></span> <span class='ocrx_word' id='word_1_465' title='bbox 1915 3797 1972 3848; x_wconf 90' lang='lat' dir='ltr'><strong>et</strong></span> 
     </span>
    </p>
   </div>
   <div class='ocr_carea' id='block_1_71' title="bbox 276 3881 1970 3955">
    <p class='ocr_par' dir='ltr' id='par_1_71' title="bbox 276 3881 1970 3955">
     <span class='ocr_line' id='line_1_71' title="bbox 276 3881 1970 3955; baseline 0 -19"><span class='ocrx_word' id='word_1_466' title='bbox 276 3882 336 3936; x_wconf 90' lang='lat' dir='ltr'><strong>in</strong></span> <span class='ocrx_word' id='word_1_467' title='bbox 366 3881 556 3953; x_wconf 88' lang='lat' dir='ltr'><strong>ipsum</strong></span> <span class='ocrx_word' id='word_1_468' title='bbox 579 3887 942 3937; x_wconf 82' lang='lat' dir='ltr'><strong>convertatur</strong></span> <span class='ocrx_word' id='word_1_469' title='bbox 965 3884 1119 3955; x_wconf 90' lang='lat' dir='ltr'><strong>quod</strong></span> <span class='ocrx_word' id='word_1_470' title='bbox 1148 3888 1460 3939; x_wconf 90' lang='lat' dir='ltr'><strong>crematur.</strong></span> <span class='ocrx_word' id='word_1_471' title='bbox 1502 3885 1643 3938; x_wconf 90' lang='lat' dir='ltr'><strong>Nam</strong></span> <span class='ocrx_word' id='word_1_472' title='bbox 1673 3887 1730 3936; x_wconf 90' lang='lat' dir='ltr'><strong>et</strong></span> <span class='ocrx_word' id='word_1_473' title='bbox 1779 3883 1970 3952; x_wconf 89' lang='lat' dir='ltr'><strong>ipsum</strong></span> 
     </span>
    </p>
   </div>
   <div class='ocr_carea' id='block_1_72' title="bbox 277 3970 1972 4028">
    <p class='ocr_par' dir='ltr' id='par_1_72' title="bbox 277 3970 1972 4028">
     <span class='ocr_line' id='line_1_72' title="bbox 277 3970 1972 4028; baseline 0.001 -3"><span class='ocrx_word' id='word_1_474' title='bbox 277 3986 530 4026; x_wconf 88' lang='lat' dir='ltr'><strong>cremare</strong></span> <span class='ocrx_word' id='word_1_475' title='bbox 573 3971 641 4026; x_wconf 90' lang='lat' dir='ltr'><strong>de</strong></span> <span class='ocrx_word' id='word_1_476' title='bbox 672 3972 862 4027; x_wconf 74' lang='lat' dir='ltr'><strong>Graeco</strong></span> <span class='ocrx_word' id='word_1_477' title='bbox 913 3972 974 4027; x_wconf 92' lang='lat' dir='ltr'><strong>in</strong></span> <span class='ocrx_word' id='word_1_478' title='bbox 1025 3973 1285 4028; x_wconf 88' lang='lat' dir='ltr'><strong>Latinum</strong></span> <span class='ocrx_word' id='word_1_479' title='bbox 1330 3973 1565 4028; x_wconf 90' lang='lat' dir='ltr'><strong>ductum</strong></span> <span class='ocrx_word' id='word_1_480' title='bbox 1595 3970 1832 4026; x_wconf 83' lang='lat' dir='ltr'><strong>verbum</strong></span> <span class='ocrx_word' id='word_1_481' title='bbox 1889 3975 1972 4026; x_wconf 88' lang='lat' dir='ltr'><strong>est</strong></span> 
     </span>
    </p>
   </div>
   <div class='ocr_carea' id='block_1_73' title="bbox 279 4059 1973 4130">
    <p class='ocr_par' dir='ltr' id='par_1_73' title="bbox 279 4059 1973 4130">
     <span class='ocr_line' id='line_1_73' title="bbox 279 4059 1973 4130; baseline -0.001 -16"><span class='ocrx_word' id='word_1_482' title='bbox 279 4076 313 4114; x_wconf 88' lang='lat' dir='ltr'><strong>a</strong></span> <span class='ocrx_word' id='word_1_483' title='bbox 342 4060 706 4130; x_wconf 89' lang='lat' dir='ltr'><strong>supensione.</strong></span> <span class='ocrx_word' id='word_1_484' title='bbox 754 4062 915 4126; x_wconf 88' lang='lat' dir='ltr'><strong>Quod</strong></span> <span class='ocrx_word' id='word_1_485' title='bbox 960 4078 1094 4116; x_wconf 89' lang='lat' dir='ltr'><strong>vero</strong></span> <span class='ocrx_word' id='word_1_486' title='bbox 1132 4062 1390 4118; x_wconf 89' lang='lat' dir='ltr'><strong>additum</strong></span> <span class='ocrx_word' id='word_1_487' title='bbox 1424 4066 1511 4116; x_wconf 91' lang='lat' dir='ltr'><strong>est</strong></span> <span class='ocrx_word' id='word_1_488' title='bbox 1553 4059 1615 4114; x_wconf 91' lang='lat' dir='ltr'><strong>in</strong></span> <span class='ocrx_word' id='word_1_489' title='bbox 1668 4065 1973 4130; x_wconf 89' lang='lat' dir='ltr'><strong>conspectu</strong></span> 
     </span>
    </p>
   </div>
   <div class='ocr_carea' id='block_1_74' title="bbox 280 4147 1972 4220">
    <p class='ocr_par' dir='ltr' id='par_1_74' title="bbox 280 4147 1972 4220">
     <span class='ocr_line' id='line_1_74' title="bbox 280 4147 1972 4220; baseline 0 -17"><span class='ocrx_word' id='word_1_490' title='bbox 280 4149 424 4219; x_wconf 88' lang='lat' dir='ltr'><strong>ejus,</strong></span> <span class='ocrx_word' id='word_1_491' title='bbox 481 4149 537 4204; x_wconf 93' lang='lat' dir='ltr'><strong>id</strong></span> <span class='ocrx_word' id='word_1_492' title='bbox 595 4155 697 4214; x_wconf 89' lang='lat' dir='ltr'><strong>est,</strong></span> <span class='ocrx_word' id='word_1_493' title='bbox 778 4149 836 4204; x_wconf 89' lang='lat' dir='ltr'><strong>in</strong></span> <span class='ocrx_word' id='word_1_494' title='bbox 891 4156 1195 4220; x_wconf 87' lang='lat' dir='ltr'><strong>conspectu</strong></span> <span class='ocrx_word' id='word_1_495' title='bbox 1265 4147 1592 4214; x_wconf 88' lang='lat' dir='ltr'><strong>sacerdotis,</strong></span> <span class='ocrx_word' id='word_1_496' title='bbox 1650 4147 1972 4218; x_wconf 84' lang='lat' dir='ltr'><strong>signiﬁcare</strong></span> 
     </span>
    </p>
   </div>
   <div class='ocr_carea' id='block_1_75' title="bbox 279 4235 1972 4310">
    <p class='ocr_par' dir='ltr' id='par_1_75' title="bbox 279 4235 1972 4310">
     <span class='ocr_line' id='line_1_75' title="bbox 279 4235 1972 4310; baseline 0.001 -20"><span class='ocrx_word' id='word_1_497' title='bbox 279 4237 524 4304; x_wconf 89' lang='lat' dir='ltr'><strong>videtur,</strong></span> <span class='ocrx_word' id='word_1_498' title='bbox 558 4235 706 4310; x_wconf 70' lang='lat' dir='ltr'><strong>&#39;quia</strong></span> <span class='ocrx_word' id='word_1_499' title='bbox 750 4238 864 4292; x_wconf 91' lang='lat' dir='ltr'><strong>illis</strong></span> <span class='ocrx_word' id='word_1_500' title='bbox 891 4240 1160 4310; x_wconf 87' lang='lat' dir='ltr'><strong>apparuit</strong></span> <span class='ocrx_word' id='word_1_501' title='bbox 1208 4237 1545 4294; x_wconf 87' lang='lat' dir='ltr'><strong>resurrectio</strong></span> <span class='ocrx_word' id='word_1_502' title='bbox 1596 4236 1822 4301; x_wconf 88' lang='lat' dir='ltr'><strong>Christi,</strong></span> <span class='ocrx_word' id='word_1_503' title='bbox 1873 4237 1972 4308; x_wconf 87' lang='lat' dir='ltr'><strong>qui</strong></span> 
     </span>
    </p>
   </div>
   <div class='ocr_carea' id='block_1_76' title="bbox 281 4325 1285 4396">
    <p class='ocr_par' dir='ltr' id='par_1_76' title="bbox 281 4325 1285 4396">
     <span class='ocr_line' id='line_1_76' title="bbox 281 4325 1285 4396; baseline 0.001 -17"><span class='ocrx_word' id='word_1_504' title='bbox 281 4325 459 4379; x_wconf 86' lang='lat' dir='ltr'><strong>futuri</strong></span> <span class='ocrx_word' id='word_1_505' title='bbox 481 4331 643 4380; x_wconf 90' lang='lat' dir='ltr'><strong>erant</strong></span> <span class='ocrx_word' id='word_1_506' title='bbox 666 4326 857 4396; x_wconf 88' lang='lat' dir='ltr'><strong>regale</strong></span> <span class='ocrx_word' id='word_1_507' title='bbox 882 4325 1285 4380; x_wconf 89' lang='lat' dir='ltr'><strong>sacerdotium.</strong></span> 
     </span>
    </p>
   </div>
   <div class='ocr_carea' id='block_1_77' title="bbox 358 4413 1972 4484">
    <p class='ocr_par' dir='ltr' id='par_1_77' title="bbox 358 4413 1972 4484">
     <span class='ocr_line' id='line_1_77' title="bbox 358 4413 1972 4484; baseline -0.002 -16"><span class='ocrx_word' id='word_1_508' title='bbox 358 4415 489 4468; x_wconf 89' lang='lat' dir='ltr'><strong>Tam</strong></span> <span class='ocrx_word' id='word_1_509' title='bbox 546 4415 687 4484; x_wconf 76' lang='lat' dir='ltr'><strong>pelle</strong></span> <span class='ocrx_word' id='word_1_510' title='bbox 736 4419 787 4468; x_wconf 88' lang='lat' dir='ltr'><strong>et</strong></span> <span class='ocrx_word' id='word_1_511' title='bbox 834 4415 1088 4470; x_wconf 88' lang='lat' dir='ltr'><strong>carnibus</strong></span> <span class='ocrx_word' id='word_1_512' title='bbox 1135 4416 1250 4483; x_wconf 83' lang='lat' dir='ltr'><strong>ejus</strong></span> <span class='ocrx_word' id='word_1_513' title='bbox 1305 4419 1410 4469; x_wconf 89' lang='lat' dir='ltr'><strong>etc.</strong></span> <span class='ocrx_word' id='word_1_514' title='bbox 1461 4413 1587 4484; x_wconf 86' lang='lat' dir='ltr'><strong>(ln.)</strong></span> <span class='ocrx_word' id='word_1_515' title='bbox 1626 4413 1788 4479; x_wconf 88' lang='lat' dir='ltr'><strong>Quod</strong></span> <span class='ocrx_word' id='word_1_516' title='bbox 1839 4427 1972 4465; x_wconf 89' lang='lat' dir='ltr'><strong>vero</strong></span> 
     </span>
    </p>
   </div>
   <div class='ocr_carea' id='block_1_78' title="bbox 285 4503 1975 4573">
    <p class='ocr_par' dir='ltr' id='par_1_78' title="bbox 285 4503 1975 4573">
     <span class='ocr_line' id='line_1_78' title="bbox 285 4503 1975 4573; baseline -0.001 -17"><span class='ocrx_word' id='word_1_517' title='bbox 285 4503 589 4573; x_wconf 86' lang='lat' dir='ltr'><strong>sequitur:</strong></span> <span class='ocrx_word' id='word_1_518' title='bbox 634 4504 793 4572; x_wconf 81' lang='lat' dir='ltr'><strong>pellis</strong></span> <span class='ocrx_word' id='word_1_519' title='bbox 833 4505 971 4572; x_wconf 87' lang='lat' dir='ltr'><strong>ejus,</strong></span> <span class='ocrx_word' id='word_1_520' title='bbox 1013 4508 1064 4558; x_wconf 87' lang='lat' dir='ltr'><strong>et</strong></span> <span class='ocrx_word' id='word_1_521' title='bbox 1107 4518 1294 4558; x_wconf 86' lang='lat' dir='ltr'><strong>carnes</strong></span> <span class='ocrx_word' id='word_1_522' title='bbox 1339 4507 1389 4558; x_wconf 89' lang='lat' dir='ltr'><strong>et</strong></span> <span class='ocrx_word' id='word_1_523' title='bbox 1431 4505 1658 4572; x_wconf 88' lang='lat' dir='ltr'><strong>sanguis</strong></span> <span class='ocrx_word' id='word_1_524' title='bbox 1702 4503 1821 4571; x_wconf 89' lang='lat' dir='ltr'><strong>ejus</strong></span> <span class='ocrx_word' id='word_1_525' title='bbox 1855 4515 1975 4555; x_wconf 87' lang='lat' dir='ltr'><strong>cum</strong></span> 
     </span>
    </p>
   </div>
   <div class='ocr_carea' id='block_1_79' title="bbox 283 4591 1976 4664">
    <p class='ocr_par' dir='ltr' id='par_1_79' title="bbox 283 4591 1976 4664">
     <span class='ocr_line' id='line_1_79' title="bbox 283 4591 1976 4664; baseline -0.002 -18"><span class='ocrx_word' id='word_1_526' title='bbox 283 4595 512 4646; x_wconf 83' lang='lat' dir='ltr'><strong>stercore</strong></span> <span class='ocrx_word' id='word_1_527' title='bbox 561 4591 677 4661; x_wconf 86' lang='lat' dir='ltr'><strong>ejus</strong></span> <span class='ocrx_word' id='word_1_528' title='bbox 719 4593 1144 4646; x_wconf 88' lang='lat' dir='ltr'><strong>comburentur:</strong></span> <span class='ocrx_word' id='word_1_529' title='bbox 1203 4591 1262 4646; x_wconf 90' lang='lat' dir='ltr'><strong>id</strong></span> <span class='ocrx_word' id='word_1_530' title='bbox 1313 4593 1635 4664; x_wconf 89' lang='lat' dir='ltr'><strong>expositum</strong></span> <span class='ocrx_word' id='word_1_531' title='bbox 1695 4597 1780 4646; x_wconf 90' lang='lat' dir='ltr'><strong>est</strong></span> <span class='ocrx_word' id='word_1_532' title='bbox 1840 4607 1976 4663; x_wconf 86' lang='lat' dir='ltr'><strong>quo—</strong></span> 
     </span>
    </p>
   </div>
   <div class='ocr_carea' id='block_1_80' title="bbox 287 4679 1977 4752">
    <p class='ocr_par' dir='ltr' id='par_1_80' title="bbox 287 4679 1977 4752">
     <span class='ocr_line' id='line_1_80' title="bbox 287 4679 1977 4752; baseline -0.001 -18"><span class='ocrx_word' id='word_1_533' title='bbox 287 4680 457 4735; x_wconf 89' lang='lat' dir='ltr'><strong>modo</strong></span> <span class='ocrx_word' id='word_1_534' title='bbox 490 4679 859 4746; x_wconf 87' lang='lat' dir='ltr'><strong>cremabitnr,</strong></span> <span class='ocrx_word' id='word_1_535' title='bbox 891 4685 946 4734; x_wconf 92' lang='lat' dir='ltr'><strong>et</strong></span> <span class='ocrx_word' id='word_1_536' title='bbox 999 4679 1378 4751; x_wconf 89' lang='lat' dir='ltr'><strong>signiﬁcatum</strong></span> <span class='ocrx_word' id='word_1_537' title='bbox 1430 4687 1516 4736; x_wconf 91' lang='lat' dir='ltr'><strong>est</strong></span> <span class='ocrx_word' id='word_1_538' title='bbox 1545 4681 1693 4752; x_wconf 89' lang='lat' dir='ltr'><strong>quod</strong></span> <span class='ocrx_word' id='word_1_539' title='bbox 1746 4696 1863 4734; x_wconf 91' lang='lat' dir='ltr'><strong>non</strong></span> <span class='ocrx_word' id='word_1_540' title='bbox 1894 4696 1977 4733; x_wconf 91' lang='lat' dir='ltr'><strong>so-</strong></span> 
     </span>
    </p>
   </div>
   <div class='ocr_carea' id='block_1_81' title="bbox 285 4769 1978 4842">
    <p class='ocr_par' dir='ltr' id='par_1_81' title="bbox 285 4769 1978 4842">
     <span class='ocr_line' id='line_1_81' title="bbox 285 4769 1978 4842; baseline -0.001 -19"><span class='ocrx_word' id='word_1_541' title='bbox 285 4769 407 4824; x_wconf 92' lang='lat' dir='ltr'><strong>lum</strong></span> <span class='ocrx_word' id='word_1_542' title='bbox 463 4769 779 4823; x_wconf 88' lang='lat' dir='ltr'><strong>substantia</strong></span> <span class='ocrx_word' id='word_1_543' title='bbox 832 4769 1090 4823; x_wconf 90' lang='lat' dir='ltr'><strong>mortalis</strong></span> <span class='ocrx_word' id='word_1_544' title='bbox 1119 4769 1368 4839; x_wconf 89' lang='lat' dir='ltr'><strong>corporis</strong></span> <span class='ocrx_word' id='word_1_545' title='bbox 1402 4770 1630 4834; x_wconf 86' lang='lat' dir='ltr'><strong>Christi,</strong></span> <span class='ocrx_word' id='word_1_546' title='bbox 1666 4786 1796 4842; x_wconf 68' lang='lat' dir='ltr'><strong>quae</strong></span> <span class='ocrx_word' id='word_1_547' title='bbox 1822 4785 1978 4824; x_wconf 90' lang='lat' dir='ltr'><strong>com-</strong></span> 
     </span>
    </p>
   </div>
   <div class='ocr_carea' id='block_1_82' title="bbox 285 4858 1980 4931">
    <p class='ocr_par' dir='ltr' id='par_1_82' title="bbox 285 4858 1980 4931">
     <span class='ocr_line' id='line_1_82' title="bbox 285 4858 1980 4931; baseline -0.001 -18"><span class='ocrx_word' id='word_1_548' title='bbox 285 4858 701 4913; x_wconf 88' lang='lat' dir='ltr'><strong>memoratione</strong></span> <span class='ocrx_word' id='word_1_549' title='bbox 740 4859 909 4930; x_wconf 91' lang='lat' dir='ltr'><strong>pellis</strong></span> <span class='ocrx_word' id='word_1_550' title='bbox 936 4864 993 4913; x_wconf 91' lang='lat' dir='ltr'><strong>et</strong></span> <span class='ocrx_word' id='word_1_551' title='bbox 1023 4860 1280 4912; x_wconf 89' lang='lat' dir='ltr'><strong>carnium</strong></span> <span class='ocrx_word' id='word_1_552' title='bbox 1311 4863 1368 4912; x_wconf 90' lang='lat' dir='ltr'><strong>et</strong></span> <span class='ocrx_word' id='word_1_553' title='bbox 1385 4859 1679 4931; x_wconf 89' lang='lat' dir='ltr'><strong>sanguinis</strong></span> <span class='ocrx_word' id='word_1_554' title='bbox 1712 4858 1980 4913; x_wconf 88' lang='lat' dir='ltr'><strong>intimata</strong></span> 
     </span>
    </p>
   </div>
   <div class='ocr_carea' id='block_1_83' title="bbox 288 4945 1980 5018">
    <p class='ocr_par' dir='ltr' id='par_1_83' title="bbox 288 4945 1980 5018">
     <span class='ocr_line' id='line_1_83' title="bbox 288 4945 1980 5018; baseline 0.001 -20"><span class='ocrx_word' id='word_1_555' title='bbox 288 4949 393 5010; x_wconf 84' lang='lat' dir='ltr'><strong>est,</strong></span> <span class='ocrx_word' id='word_1_556' title='bbox 423 4945 521 5000; x_wconf 89' lang='lat' dir='ltr'><strong>sed</strong></span> <span class='ocrx_word' id='word_1_557' title='bbox 552 4945 725 5000; x_wconf 88' lang='lat' dir='ltr'><strong>etiam</strong></span> <span class='ocrx_word' id='word_1_558' title='bbox 773 4945 1126 5001; x_wconf 85' lang='lat' dir='ltr'><strong>contumelia</strong></span> <span class='ocrx_word' id='word_1_559' title='bbox 1179 4950 1235 4999; x_wconf 93' lang='lat' dir='ltr'><strong>et</strong></span> <span class='ocrx_word' id='word_1_560' title='bbox 1265 4945 1506 5016; x_wconf 89' lang='lat' dir='ltr'><strong>abjectio</strong></span> <span class='ocrx_word' id='word_1_561' title='bbox 1534 4947 1715 5018; x_wconf 92' lang='lat' dir='ltr'><strong>plebis</strong></span> <span class='ocrx_word' id='word_1_562' title='bbox 1759 4963 1890 5018; x_wconf 66' lang='lat' dir='ltr'><strong>quas</strong></span> <span class='ocrx_word' id='word_1_563' title='bbox 1920 4945 1980 4999; x_wconf 92' lang='lat' dir='ltr'><strong>in</strong></span> 
     </span>
    </p>
   </div>
   <div class='ocr_carea' id='block_1_84' title="bbox 287 5034 1979 5106">
    <p class='ocr_par' dir='ltr' id='par_1_84' title="bbox 287 5034 1979 5106">
     <span class='ocr_line' id='line_1_84' title="bbox 287 5034 1979 5106; baseline 0.002 -22"><span class='ocrx_word' id='word_1_564' title='bbox 287 5036 533 5087; x_wconf 89' lang='lat' dir='ltr'><strong>stercore</strong></span> <span class='ocrx_word' id='word_1_565' title='bbox 593 5034 1037 5103; x_wconf 89' lang='lat' dir='ltr'><strong>signiﬁcaretur,</strong></span> <span class='ocrx_word' id='word_1_566' title='bbox 1105 5040 1532 5090; x_wconf 88' lang='lat' dir='ltr'><strong>converteretur</strong></span> <span class='ocrx_word' id='word_1_567' title='bbox 1591 5034 1651 5089; x_wconf 90' lang='lat' dir='ltr'><strong>in</strong></span> <span class='ocrx_word' id='word_1_568' title='bbox 1735 5035 1979 5106; x_wconf 88' lang='lat' dir='ltr'><strong>gloriam</strong></span> 
     </span>
    </p>
   </div>
   <div class='ocr_carea' id='block_1_85' title="bbox 289 5122 1505 5194">
    <p class='ocr_par' dir='ltr' id='par_1_85' title="bbox 289 5122 1505 5194">
     <span class='ocr_line' id='line_1_85' title="bbox 289 5122 1505 5194; baseline 0.004 -21"><span class='ocrx_word' id='word_1_569' title='bbox 289 5136 461 5191; x_wconf 89' lang='lat' dir='ltr'><strong>quam</strong></span> <span class='ocrx_word' id='word_1_570' title='bbox 495 5122 913 5178; x_wconf 88' lang='lat' dir='ltr'><strong>combustionis</strong></span> <span class='ocrx_word' id='word_1_571' title='bbox 944 5123 1178 5178; x_wconf 79' lang='lat' dir='ltr'><strong>tlarnma</strong></span> <span class='ocrx_word' id='word_1_572' title='bbox 1207 5123 1505 5194; x_wconf 87' lang='lat' dir='ltr'><strong>signiﬁcat.</strong></span> 
     </span>
    </p>
   </div>
   <div class='ocr_carea' id='block_1_86' title="bbox 359 5209 1983 5281">
    <p class='ocr_par' dir='ltr' id='par_1_86' title="bbox 359 5209 1983 5281">
     <span class='ocr_line' id='line_1_86' title="bbox 359 5209 1983 5281; baseline 0 -18"><span class='ocrx_word' id='word_1_573' title='bbox 359 5209 544 5280; x_wconf 74' lang='grc' dir='ltr'><strong>(ΗΑΒ.)</strong></span> <span class='ocrx_word' id='word_1_574' title='bbox 609 5212 714 5265; x_wconf 88' lang='lat' dir='ltr'><strong>Per</strong></span> <span class='ocrx_word' id='word_1_575' title='bbox 765 5213 974 5281; x_wconf 90' lang='lat' dir='ltr'><strong>pellem</strong></span> <span class='ocrx_word' id='word_1_576' title='bbox 1023 5217 1080 5267; x_wconf 92' lang='lat' dir='ltr'><strong>et</strong></span> <span class='ocrx_word' id='word_1_577' title='bbox 1155 5227 1387 5267; x_wconf 90' lang='lat' dir='ltr'><strong>carnem</strong></span> <span class='ocrx_word' id='word_1_578' title='bbox 1473 5211 1720 5266; x_wconf 85' lang='lat' dir='ltr'><strong>exterior</strong></span> <span class='ocrx_word' id='word_1_579' title='bbox 1777 5209 1983 5266; x_wconf 84' lang='lat' dir='ltr'><strong>Christi</strong></span> 
     </span>
    </p>
   </div>
   <div class='ocr_carea' id='block_1_87' title="bbox 290 5298 1983 5373">
    <p class='ocr_par' dir='ltr' id='par_1_87' title="bbox 290 5298 1983 5373">
     <span class='ocr_line' id='line_1_87' title="bbox 290 5298 1983 5373; baseline 0 -21"><span class='ocrx_word' id='word_1_580' title='bbox 290 5299 546 5369; x_wconf 89' lang='lat' dir='ltr'><strong>operatio</strong></span> <span class='ocrx_word' id='word_1_581' title='bbox 593 5298 982 5370; x_wconf 83' lang='lat' dir='ltr'><strong>signiﬁcatur:</strong></span> <span class='ocrx_word' id='word_1_582' title='bbox 1037 5317 1138 5373; x_wconf 90' lang='lat' dir='ltr'><strong>per</strong></span> <span class='ocrx_word' id='word_1_583' title='bbox 1175 5300 1518 5372; x_wconf 88' lang='lat' dir='ltr'><strong>sanguinem</strong></span> <span class='ocrx_word' id='word_1_584' title='bbox 1565 5298 1788 5354; x_wconf 86' lang='lat' dir='ltr'><strong>subtilis</strong></span> <span class='ocrx_word' id='word_1_585' title='bbox 1814 5303 1871 5352; x_wconf 89' lang='lat' dir='ltr'><strong>et</strong></span> <span class='ocrx_word' id='word_1_586' title='bbox 1894 5298 1983 5354; x_wconf 89' lang='lat' dir='ltr'><strong>in-</strong></span> 
     </span>
    </p>
   </div>
   <div class='ocr_carea' id='block_1_88' title="bbox 289 5388 1984 5460">
    <p class='ocr_par' dir='ltr' id='par_1_88' title="bbox 289 5388 1984 5460">
     <span class='ocr_line' id='line_1_88' title="bbox 289 5388 1984 5460; baseline 0 -18"><span class='ocrx_word' id='word_1_587' title='bbox 289 5393 455 5442; x_wconf 89' lang='lat' dir='ltr'><strong>terua</strong></span> <span class='ocrx_word' id='word_1_588' title='bbox 515 5388 697 5442; x_wconf 90' lang='lat' dir='ltr'><strong>virtus</strong></span> <span class='ocrx_word' id='word_1_589' title='bbox 744 5389 1023 5444; x_wconf 81' lang='lat' dir='ltr'><strong>exteriora</strong></span> <span class='ocrx_word' id='word_1_590' title='bbox 1071 5389 1218 5444; x_wconf 83' lang='lat' dir='ltr'><strong>facta</strong></span> <span class='ocrx_word' id='word_1_591' title='bbox 1271 5389 1598 5457; x_wconf 86' lang='lat' dir='ltr'><strong>viviﬁcans;</strong></span> <span class='ocrx_word' id='word_1_592' title='bbox 1641 5405 1742 5460; x_wconf 86' lang='lat' dir='ltr'><strong>per</strong></span> <span class='ocrx_word' id='word_1_593' title='bbox 1782 5389 1984 5443; x_wconf 86' lang='lat' dir='ltr'><strong>ﬁmum</strong></span> 
     </span>
    </p>
   </div>
   <div class='ocr_carea' id='block_1_89' title="bbox 289 5475 1986 5548">
    <p class='ocr_par' dir='ltr' id='par_1_89' title="bbox 289 5475 1986 5548">
     <span class='ocr_line' id='line_1_89' title="bbox 289 5475 1986 5548; baseline 0 -19"><span class='ocrx_word' id='word_1_594' title='bbox 289 5475 580 5541; x_wconf 85' lang='lat' dir='ltr'><strong>lassitudo,</strong></span> <span class='ocrx_word' id='word_1_595' title='bbox 641 5476 782 5542; x_wconf 87' lang='lat' dir='ltr'><strong>sitis,</strong></span> <span class='ocrx_word' id='word_1_596' title='bbox 834 5477 1069 5545; x_wconf 88' lang='lat' dir='ltr'><strong>esuries,</strong></span> <span class='ocrx_word' id='word_1_597' title='bbox 1122 5482 1178 5532; x_wconf 93' lang='lat' dir='ltr'><strong>et</strong></span> <span class='ocrx_word' id='word_1_598' title='bbox 1224 5477 1404 5532; x_wconf 90' lang='lat' dir='ltr'><strong>timor</strong></span> <span class='ocrx_word' id='word_1_599' title='bbox 1460 5478 1680 5545; x_wconf 90' lang='lat' dir='ltr'><strong>mortis,</strong></span> <span class='ocrx_word' id='word_1_600' title='bbox 1734 5483 1791 5532; x_wconf 86' lang='lat' dir='ltr'><strong>et</strong></span> <span class='ocrx_word' id='word_1_601' title='bbox 1829 5493 1986 5548; x_wconf 67' lang='lat' dir='ltr'><strong>quaa-</strong></span> 
     </span>
    </p>
   </div>
   <div class='ocr_carea' id='block_1_90' title="bbox 289 5564 1986 5639">
    <p class='ocr_par' dir='ltr' id='par_1_90' title="bbox 289 5564 1986 5639">
     <span class='ocr_line' id='line_1_90' title="bbox 289 5564 1986 5639; baseline 0.001 -20"><span class='ocrx_word' id='word_1_602' title='bbox 289 5581 516 5638; x_wconf 91' lang='lat' dir='ltr'><strong>cunque</strong></span> <span class='ocrx_word' id='word_1_603' title='bbox 547 5582 614 5621; x_wconf 88' lang='lat' dir='ltr'><strong>ex</strong></span> <span class='ocrx_word' id='word_1_604' title='bbox 673 5566 1028 5621; x_wconf 87' lang='lat' dir='ltr'><strong>humanitate</strong></span> <span class='ocrx_word' id='word_1_605' title='bbox 1074 5566 1193 5638; x_wconf 87' lang='lat' dir='ltr'><strong>pati</strong></span> <span class='ocrx_word' id='word_1_606' title='bbox 1241 5567 1437 5620; x_wconf 86' lang='lat' dir='ltr'><strong>voluit.</strong></span> <span class='ocrx_word' id='word_1_607' title='bbox 1491 5566 1778 5639; x_wconf 87' lang='lat' dir='ltr'><strong>Quidquid</strong></span> <span class='ocrx_word' id='word_1_608' title='bbox 1835 5564 1986 5621; x_wconf 88' lang='lat' dir='ltr'><strong>enim</strong></span> 
     </span>
    </p>
   </div>
   <div class='ocr_carea' id='block_1_91' title="bbox 2139 3111 3757 3188">
    <p class='ocr_par' dir='ltr' id='par_1_91' title="bbox 2139 3111 3757 3188">
     <span class='ocr_line' id='line_1_91' title="bbox 2139 3111 3757 3188; baseline -0.004 -17"><span class='ocrx_word' id='word_1_609' title='bbox 2139 3117 2443 3186; x_wconf 86' lang='lat' dir='ltr'><strong>Hyssopum</strong></span> <span class='ocrx_word' id='word_1_610' title='bbox 2529 3115 2703 3188; x_wconf 74' lang='lat'><strong>(1511).)</strong></span> <span class='ocrx_word' id='word_1_611' title='bbox 2763 3115 3140 3188; x_wconf 87' lang='lat' dir='ltr'><strong>Baptismnm,</strong></span> <span class='ocrx_word' id='word_1_612' title='bbox 3193 3113 3332 3184; x_wconf 86' lang='lat' dir='ltr'><strong>quia</strong></span> <span class='ocrx_word' id='word_1_613' title='bbox 3363 3113 3610 3185; x_wconf 85' lang='lat' dir='ltr'><strong>hyssopo</strong></span> <span class='ocrx_word' id='word_1_614' title='bbox 3640 3111 3757 3166; x_wconf 80' lang='lat' dir='ltr'><strong>tin-</strong></span> 
     </span>
    </p>
   </div>
   <div class='ocr_carea' id='block_1_92' title="bbox 2069 3201 3455 3276">
    <p class='ocr_par' dir='ltr' id='par_1_92' title="bbox 2069 3201 3455 3276">
     <span class='ocr_line' id='line_1_92' title="bbox 2069 3201 3455 3276; baseline -0.003 -17"><span class='ocrx_word' id='word_1_615' title='bbox 2069 3207 2160 3259; x_wconf 88' lang='lat' dir='ltr'><strong>cto</strong></span> <span class='ocrx_word' id='word_1_616' title='bbox 2191 3205 2465 3275; x_wconf 89' lang='lat' dir='ltr'><strong>sanguine</strong></span> <span class='ocrx_word' id='word_1_617' title='bbox 2495 3205 2629 3274; x_wconf 87' lang='lat' dir='ltr'><strong>agni</strong></span> <span class='ocrx_word' id='word_1_618' title='bbox 2667 3205 3082 3276; x_wconf 87' lang='lat' dir='ltr'><strong>spargebantur</strong></span> <span class='ocrx_word' id='word_1_619' title='bbox 3114 3201 3308 3271; x_wconf 63' lang='lat' dir='ltr'><strong>(Exod.</strong></span> <span class='ocrx_word' id='word_1_620' title='bbox 3337 3202 3455 3271; x_wconf 86' lang='lat' dir='ltr'><strong>xu).</strong></span> 
     </span>
    </p>
   </div>
   <div class='ocr_carea' id='block_1_93' title="bbox 2152 3290 3762 3361">
    <p class='ocr_par' dir='ltr' id='par_1_93' title="bbox 2152 3290 3762 3361">
     <span class='ocr_line' id='line_1_93' title="bbox 2152 3290 3762 3361; baseline -0.002 -15"><span class='ocrx_word' id='word_1_621' title='bbox 2152 3295 2484 3361; x_wconf 78' lang='lat' dir='ltr'><strong>Coccumque</strong></span> <span class='ocrx_word' id='word_1_622' title='bbox 2529 3295 2610 3348; x_wconf 81' lang='lat' dir='ltr'><strong>bis</strong></span> <span class='ocrx_word' id='word_1_623' title='bbox 2647 3297 2892 3348; x_wconf 85' lang='lat' dir='ltr'><strong>tinctum.</strong></span> <span class='ocrx_word' id='word_1_624' title='bbox 2943 3291 3072 3361; x_wconf 87' lang='lat' dir='ltr'><strong>(ln.)</strong></span> <span class='ocrx_word' id='word_1_625' title='bbox 3127 3293 3338 3348; x_wconf 92' lang='lat' dir='ltr'><strong>Coccus</strong></span> <span class='ocrx_word' id='word_1_626' title='bbox 3390 3290 3479 3344; x_wconf 88' lang='lat' dir='ltr'><strong>bis</strong></span> <span class='ocrx_word' id='word_1_627' title='bbox 3522 3291 3762 3355; x_wconf 89' lang='lat' dir='ltr'><strong>tinctus,</strong></span> 
     </span>
    </p>
   </div>
   <div class='ocr_carea' id='block_1_94' title="bbox 2073 3379 3764 3454">
    <p class='ocr_par' dir='ltr' id='par_1_94' title="bbox 2073 3379 3764 3454">
     <span class='ocr_line' id='line_1_94' title="bbox 2073 3379 3764 3454; baseline -0.001 -20"><span class='ocrx_word' id='word_1_628' title='bbox 2073 3382 2305 3452; x_wconf 84' lang='lat' dir='ltr'><strong>sanguis</strong></span> <span class='ocrx_word' id='word_1_629' title='bbox 2361 3381 2571 3436; x_wconf 86' lang='lat' dir='ltr'><strong>Christi</strong></span> <span class='ocrx_word' id='word_1_630' title='bbox 2624 3399 2739 3454; x_wconf 92' lang='lat' dir='ltr'><strong>quo</strong></span> <span class='ocrx_word' id='word_1_631' title='bbox 2799 3388 2992 3436; x_wconf 89' lang='lat' dir='ltr'><strong>mente</strong></span> <span class='ocrx_word' id='word_1_632' title='bbox 3045 3385 3100 3434; x_wconf 91' lang='lat' dir='ltr'><strong>et</strong></span> <span class='ocrx_word' id='word_1_633' title='bbox 3149 3395 3388 3451; x_wconf 90' lang='lat' dir='ltr'><strong>corpore</strong></span> <span class='ocrx_word' id='word_1_634' title='bbox 3450 3379 3764 3434; x_wconf 90' lang='lat' dir='ltr'><strong>ablnimnr.</strong></span> 
     </span>
    </p>
   </div>
   <div class='ocr_carea' id='block_1_95' title="bbox 2077 3466 3768 3540">
    <p class='ocr_par' dir='ltr' id='par_1_95' title="bbox 2077 3466 3768 3540">
     <span class='ocr_line' id='line_1_95' title="bbox 2077 3466 3768 3540; baseline -0.001 -18"><span class='ocrx_word' id='word_1_635' title='bbox 2077 3469 2207 3522; x_wconf 72' lang='lat' dir='ltr'><strong>lltec</strong></span> <span class='ocrx_word' id='word_1_636' title='bbox 2245 3468 2351 3522; x_wconf 86' lang='lat' dir='ltr'><strong>tria</strong></span> <span class='ocrx_word' id='word_1_637' title='bbox 2400 3474 2650 3540; x_wconf 89' lang='lat' dir='ltr'><strong>purgant</strong></span> <span class='ocrx_word' id='word_1_638' title='bbox 2677 3474 2926 3540; x_wconf 88' lang='lat' dir='ltr'><strong>peccata,</strong></span> <span class='ocrx_word' id='word_1_639' title='bbox 2985 3468 3208 3533; x_wconf 89' lang='lat' dir='ltr'><strong>cedrus,</strong></span> <span class='ocrx_word' id='word_1_640' title='bbox 3241 3466 3301 3522; x_wconf 93' lang='lat' dir='ltr'><strong>id</strong></span> <span class='ocrx_word' id='word_1_641' title='bbox 3349 3471 3433 3521; x_wconf 87' lang='lat' dir='ltr'><strong>est</strong></span> <span class='ocrx_word' id='word_1_642' title='bbox 3463 3466 3602 3522; x_wconf 88' lang='lat' dir='ltr'><strong>ﬁdes</strong></span> <span class='ocrx_word' id='word_1_643' title='bbox 3633 3482 3768 3520; x_wconf 89' lang='lat' dir='ltr'><strong>cru-</strong></span> 
     </span>
    </p>
   </div>
   <div class='ocr_carea' id='block_1_96' title="bbox 2075 3556 3767 3629">
    <p class='ocr_par' dir='ltr' id='par_1_96' title="bbox 2075 3556 3767 3629">
     <span class='ocr_line' id='line_1_96' title="bbox 2075 3556 3767 3629; baseline -0.001 -19"><span class='ocrx_word' id='word_1_644' title='bbox 2075 3557 2184 3623; x_wconf 85' lang='lat' dir='ltr'><strong>cis;</strong></span> <span class='ocrx_word' id='word_1_645' title='bbox 2246 3557 2544 3629; x_wconf 84' lang='lat' dir='ltr'><strong>hyssopus,</strong></span> <span class='ocrx_word' id='word_1_646' title='bbox 2607 3558 2926 3628; x_wconf 89' lang='lat' dir='ltr'><strong>baptismns</strong></span> <span class='ocrx_word' id='word_1_647' title='bbox 2974 3558 3058 3611; x_wconf 89' lang='lat' dir='ltr'><strong>vel</strong></span> <span class='ocrx_word' id='word_1_648' title='bbox 3121 3556 3494 3627; x_wconf 72' lang='lat' dir='ltr'><strong>martyrium;</strong></span> <span class='ocrx_word' id='word_1_649' title='bbox 3546 3571 3767 3619; x_wconf 85' lang='lat' dir='ltr'><strong>coccns,</strong></span> 
     </span>
    </p>
   </div>
   <div class='ocr_carea' id='block_1_97' title="bbox 2075 3645 3149 3717">
    <p class='ocr_par' dir='ltr' id='par_1_97' title="bbox 2075 3645 3149 3717">
     <span class='ocr_line' id='line_1_97' title="bbox 2075 3645 3149 3717; baseline 0.001 -19"><span class='ocrx_word' id='word_1_650' title='bbox 2075 3646 2369 3717; x_wconf 89' lang='lat' dir='ltr'><strong>sanguinis</strong></span> <span class='ocrx_word' id='word_1_651' title='bbox 2401 3645 2680 3702; x_wconf 88' lang='lat' dir='ltr'><strong>Dominici</strong></span> <span class='ocrx_word' id='word_1_652' title='bbox 2705 3650 3149 3701; x_wconf 89' lang='lat' dir='ltr'><strong>sacramentum.</strong></span> 
     </span>
    </p>
   </div>
   <div class='ocr_carea' id='block_1_98' title="bbox 2149 3750 3773 3826">
    <p class='ocr_par' dir='ltr' id='par_1_98' title="bbox 2149 3750 3773 3826">
     <span class='ocr_line' id='line_1_98' title="bbox 2149 3750 3773 3826; baseline -0.002 -16"><span class='ocrx_word' id='word_1_653' title='bbox 2149 3755 2326 3826; x_wconf 67' lang='grc' dir='ltr'><strong>(ΗΑΒ.)</strong></span> <span class='ocrx_word' id='word_1_654' title='bbox 2365 3757 2428 3809; x_wconf 89' lang='lat' dir='ltr'><strong>In</strong></span> <span class='ocrx_word' id='word_1_655' title='bbox 2483 3771 2650 3810; x_wconf 92' lang='lat' dir='ltr'><strong>cocco</strong></span> <span class='ocrx_word' id='word_1_656' title='bbox 2687 3754 2775 3810; x_wconf 89' lang='lat' dir='ltr'><strong>bis</strong></span> <span class='ocrx_word' id='word_1_657' title='bbox 2812 3754 2987 3808; x_wconf 83' lang='lat' dir='ltr'><strong>tincto</strong></span> <span class='ocrx_word' id='word_1_658' title='bbox 3034 3753 3211 3808; x_wconf 89' lang='lat' dir='ltr'><strong>virtus</strong></span> <span class='ocrx_word' id='word_1_659' title='bbox 3232 3751 3523 3808; x_wconf 86' lang='lat' dir='ltr'><strong>charitatis</strong></span> <span class='ocrx_word' id='word_1_660' title='bbox 3580 3750 3773 3823; x_wconf 87' lang='lat' dir='ltr'><strong>expri-</strong></span> 
     </span>
    </p>
   </div>
   <div class='ocr_carea' id='block_1_99' title="bbox 2079 3837 3775 3916">
    <p class='ocr_par' dir='ltr' id='par_1_99' title="bbox 2079 3837 3775 3916">
     <span class='ocr_line' id='line_1_99' title="bbox 2079 3837 3775 3916; baseline -0.005 -18"><span class='ocrx_word' id='word_1_661' title='bbox 2079 3844 2277 3910; x_wconf 87' lang='lat' dir='ltr'><strong>mitur,</strong></span> <span class='ocrx_word' id='word_1_662' title='bbox 2309 3861 2439 3916; x_wconf 69' lang='lat' dir='ltr'><strong>qnae</strong></span> <span class='ocrx_word' id='word_1_663' title='bbox 2476 3844 2711 3898; x_wconf 84' lang='lat' dir='ltr'><strong>ﬂamma</strong></span> <span class='ocrx_word' id='word_1_664' title='bbox 2737 3842 2920 3898; x_wconf 88' lang='lat' dir='ltr'><strong>sancti</strong></span> <span class='ocrx_word' id='word_1_665' title='bbox 2971 3841 3184 3896; x_wconf 88' lang='lat' dir='ltr'><strong>amoris</strong></span> <span class='ocrx_word' id='word_1_666' title='bbox 3227 3854 3518 3907; x_wconf 84' lang='lat' dir='ltr'><strong>succensa,</strong></span> <span class='ocrx_word' id='word_1_667' title='bbox 3547 3837 3775 3893; x_wconf 89' lang='lat' dir='ltr'><strong>duobus</strong></span> 
     </span>
    </p>
   </div>
   <div class='ocr_carea' id='block_1_100' title="bbox 2078 3926 3774 4004">
    <p class='ocr_par' dir='ltr' id='par_1_100' title="bbox 2078 3926 3774 4004">
     <span class='ocr_line' id='line_1_100' title="bbox 2078 3926 3774 4004; baseline -0.004 -18"><span class='ocrx_word' id='word_1_668' title='bbox 2078 3933 2374 4004; x_wconf 59' lang='lat' dir='ltr'><strong>praeceptis</strong></span> <span class='ocrx_word' id='word_1_669' title='bbox 2414 3933 2672 3988; x_wconf 83' lang='lat' dir='ltr'><strong>exhiberi</strong></span> <span class='ocrx_word' id='word_1_670' title='bbox 2703 3932 2960 4003; x_wconf 89' lang='lat' dir='ltr'><strong>jnbetnr,</strong></span> <span class='ocrx_word' id='word_1_671' title='bbox 2991 3929 3294 3985; x_wconf 88' lang='lat' dir='ltr'><strong>dilectione</strong></span> <span class='ocrx_word' id='word_1_672' title='bbox 3326 3927 3540 3982; x_wconf 87' lang='lat' dir='ltr'><strong>scilicet</strong></span> <span class='ocrx_word' id='word_1_673' title='bbox 3575 3926 3673 3982; x_wconf 90' lang='lat' dir='ltr'><strong>Dei</strong></span> <span class='ocrx_word' id='word_1_674' title='bbox 3716 3931 3774 3980; x_wconf 89' lang='lat' dir='ltr'><strong>et</strong></span> 
     </span>
    </p>
   </div>
   <div class='ocr_carea' id='block_1_101' title="bbox 2081 4014 3776 4094">
    <p class='ocr_par' dir='ltr' id='par_1_101' title="bbox 2081 4014 3776 4094">
     <span class='ocr_line' id='line_1_101' title="bbox 2081 4014 3776 4094; baseline -0.005 -18"><span class='ocrx_word' id='word_1_675' title='bbox 2081 4021 2343 4094; x_wconf 81' lang='lat' dir='ltr'><strong>proximi.</strong></span> <span class='ocrx_word' id='word_1_676' title='bbox 2383 4023 2470 4077; x_wconf 86' lang='lat' dir='ltr'><strong>Bis</strong></span> <span class='ocrx_word' id='word_1_677' title='bbox 2502 4022 2711 4076; x_wconf 91' lang='lat' dir='ltr'><strong>tinctus</strong></span> <span class='ocrx_word' id='word_1_678' title='bbox 2739 4037 2876 4092; x_wconf 91' lang='lat' dir='ltr'><strong>ergo</strong></span> <span class='ocrx_word' id='word_1_679' title='bbox 2906 4035 3106 4074; x_wconf 64' lang='lat' dir='ltr'><strong>cor-cus</strong></span> <span class='ocrx_word' id='word_1_680' title='bbox 3135 4023 3223 4073; x_wconf 89' lang='lat' dir='ltr'><strong>est</strong></span> <span class='ocrx_word' id='word_1_681' title='bbox 3275 4016 3517 4071; x_wconf 81' lang='lat' dir='ltr'><strong>charitas</strong></span> <span class='ocrx_word' id='word_1_682' title='bbox 3555 4014 3776 4086; x_wconf 89' lang='lat' dir='ltr'><strong>duplici</strong></span> 
     </span>
    </p>
   </div>
   <div class='ocr_carea' id='block_1_102' title="bbox 2079 4105 3778 4182">
    <p class='ocr_par' dir='ltr' id='par_1_102' title="bbox 2079 4105 3778 4182">
     <span class='ocr_line' id='line_1_102' title="bbox 2079 4105 3778 4182; baseline -0.005 -16"><span class='ocrx_word' id='word_1_683' title='bbox 2079 4115 2367 4182; x_wconf 62' lang='lat' dir='ltr'><strong>praecepto</strong></span> <span class='ocrx_word' id='word_1_684' title='bbox 2395 4110 2658 4174; x_wconf 86' lang='lat' dir='ltr'><strong>formata,</strong></span> <span class='ocrx_word' id='word_1_685' title='bbox 2689 4115 2754 4164; x_wconf 90' lang='lat' dir='ltr'><strong>nt</strong></span> <span class='ocrx_word' id='word_1_686' title='bbox 2781 4109 2860 4164; x_wconf 92' lang='lat' dir='ltr'><strong>sic</strong></span> <span class='ocrx_word' id='word_1_687' title='bbox 2887 4109 3164 4180; x_wconf 87' lang='lat' dir='ltr'><strong>diligatur</strong></span> <span class='ocrx_word' id='word_1_688' title='bbox 3197 4108 3347 4162; x_wconf 90' lang='lat' dir='ltr'><strong>Dens</strong></span> <span class='ocrx_word' id='word_1_689' title='bbox 3377 4121 3448 4160; x_wconf 92' lang='lat' dir='ltr'><strong>ne</strong></span> <span class='ocrx_word' id='word_1_690' title='bbox 3478 4105 3778 4159; x_wconf 85' lang='lat' dir='ltr'><strong>deseratur</strong></span> 
     </span>
    </p>
   </div>
   <div class='ocr_carea' id='block_1_103' title="bbox 2081 4194 3776 4270">
    <p class='ocr_par' dir='ltr' id='par_1_103' title="bbox 2081 4194 3776 4270">
     <span class='ocr_line' id='line_1_103' title="bbox 2081 4194 3776 4270; baseline -0.004 -18"><span class='ocrx_word' id='word_1_691' title='bbox 2081 4199 2398 4268; x_wconf 82' lang='lat' dir='ltr'><strong>proximus,</strong></span> <span class='ocrx_word' id='word_1_692' title='bbox 2439 4203 2496 4254; x_wconf 90' lang='lat' dir='ltr'><strong>et</strong></span> <span class='ocrx_word' id='word_1_693' title='bbox 2535 4198 2615 4254; x_wconf 90' lang='lat' dir='ltr'><strong>sic</strong></span> <span class='ocrx_word' id='word_1_694' title='bbox 2667 4197 2982 4270; x_wconf 85' lang='lat' dir='ltr'><strong>proximus,</strong></span> <span class='ocrx_word' id='word_1_695' title='bbox 3035 4211 3107 4250; x_wconf 90' lang='lat' dir='ltr'><strong>ne</strong></span> <span class='ocrx_word' id='word_1_696' title='bbox 3154 4199 3558 4249; x_wconf 88' lang='lat' dir='ltr'><strong>contemnatur</strong></span> <span class='ocrx_word' id='word_1_697' title='bbox 3603 4194 3776 4247; x_wconf 89' lang='lat' dir='ltr'><strong>Deus.</strong></span> 
     </span>
    </p>
   </div>
   <div class='ocr_carea' id='block_1_104' title="bbox 2007 4293 3782 4375">
    <p class='ocr_par' dir='ltr' id='par_1_104' title="bbox 2007 4293 3782 4375">
     <span class='ocr_line' id='line_1_104' title="bbox 2007 4293 3782 4375; baseline -0.005 -14"><span class='ocrx_word' id='word_1_698' title='bbox 2007 4293 2051 4346; x_wconf 82' lang='grc' dir='ltr'><strong>Ῑ)</strong></span> <span class='ocrx_word' id='word_1_699' title='bbox 2154 4304 2434 4360; x_wconf 83' lang='lat' dir='ltr'><strong>Sacerdos.</strong></span> <span class='ocrx_word' id='word_1_700' title='bbox 2503 4305 2632 4375; x_wconf 77' lang='lat'><strong>(10.)</strong></span> <span class='ocrx_word' id='word_1_701' title='bbox 2682 4304 2891 4358; x_wconf 89' lang='lat' dir='ltr'><strong>Omnes</strong></span> <span class='ocrx_word' id='word_1_702' title='bbox 2950 4302 3051 4372; x_wconf 93' lang='lat' dir='ltr'><strong>qni</strong></span> <span class='ocrx_word' id='word_1_703' title='bbox 3106 4301 3167 4356; x_wconf 92' lang='lat' dir='ltr'><strong>in</strong></span> <span class='ocrx_word' id='word_1_704' title='bbox 3225 4301 3447 4356; x_wconf 80' lang='lat' dir='ltr'><strong>Christo</strong></span> <span class='ocrx_word' id='word_1_705' title='bbox 3491 4299 3782 4354; x_wconf 90' lang='lat' dir='ltr'><strong>credimus</strong></span> 
     </span>
    </p>
   </div>
   <div class='ocr_carea' id='block_1_105' title="bbox 2085 4389 3780 4458">
    <p class='ocr_par' dir='ltr' id='par_1_105' title="bbox 2085 4389 3780 4458">
     <span class='ocr_line' id='line_1_105' title="bbox 2085 4389 3780 4458; baseline -0.003 -11"><span class='ocrx_word' id='word_1_706' title='bbox 2085 4393 2404 4447; x_wconf 89' lang='lat' dir='ltr'><strong>sacerdotes</strong></span> <span class='ocrx_word' id='word_1_707' title='bbox 2451 4409 2669 4458; x_wconf 91' lang='lat' dir='ltr'><strong>sumus,</strong></span> <span class='ocrx_word' id='word_1_708' title='bbox 2717 4392 2918 4446; x_wconf 90' lang='lat' dir='ltr'><strong>unde:</strong></span> <span class='ocrx_word' id='word_1_709' title='bbox 2958 4393 3062 4447; x_wconf 86' lang='lat' dir='ltr'><strong>Vos</strong></span> <span class='ocrx_word' id='word_1_710' title='bbox 3096 4397 3275 4444; x_wconf 86' lang='lat' dir='ltr'><strong>autem</strong></span> <span class='ocrx_word' id='word_1_711' title='bbox 3302 4391 3429 4444; x_wconf 83' lang='lat' dir='ltr'><strong>estis</strong></span> <span class='ocrx_word' id='word_1_712' title='bbox 3468 4401 3634 4456; x_wconf 88' lang='lat' dir='ltr'><strong>genus</strong></span> <span class='ocrx_word' id='word_1_713' title='bbox 3673 4389 3780 4442; x_wconf 82' lang='lat' dir='ltr'><strong>ele-</strong></span> 
     </span>
    </p>
   </div>
   <div class='ocr_carea' id='block_1_106' title="bbox 2083 4475 3784 4548">
    <p class='ocr_par' dir='ltr' id='par_1_106' title="bbox 2083 4475 3784 4548">
     <span class='ocr_line' id='line_1_106' title="bbox 2083 4475 3784 4548; baseline -0.005 -12"><span class='ocrx_word' id='word_1_714' title='bbox 2083 4487 2247 4544; x_wconf 89' lang='lat' dir='ltr'><strong>ctum,</strong></span> <span class='ocrx_word' id='word_1_715' title='bbox 2293 4482 2473 4548; x_wconf 83' lang='lat' dir='ltr'><strong>regale</strong></span> <span class='ocrx_word' id='word_1_716' title='bbox 2525 4479 2903 4544; x_wconf 85' lang='lat' dir='ltr'><strong>sacerdotium,</strong></span> <span class='ocrx_word' id='word_1_717' title='bbox 2991 4483 3096 4533; x_wconf 89' lang='lat' dir='ltr'><strong>etc.</strong></span> <span class='ocrx_word' id='word_1_718' title='bbox 3169 4478 3230 4544; x_wconf 93' lang='lat' dir='ltr'><strong>(I</strong></span> <span class='ocrx_word' id='word_1_719' title='bbox 3297 4479 3437 4531; x_wconf 81' lang='lat' dir='ltr'><strong>Petr.</strong></span> <span class='ocrx_word' id='word_1_720' title='bbox 3502 4478 3580 4543; x_wconf 88' lang='grc' dir='ltr'><strong>ιι).</strong></span> <span class='ocrx_word' id='word_1_721' title='bbox 3651 4475 3784 4529; x_wconf 83' lang='lat' dir='ltr'><strong>Alta</strong></span> 
     </span>
    </p>
   </div>
   <div class='ocr_carea' id='block_1_107' title="bbox 2086 4565 3785 4642">
    <p class='ocr_par' dir='ltr' id='par_1_107' title="bbox 2086 4565 3785 4642">
     <span class='ocr_line' id='line_1_107' title="bbox 2086 4565 3785 4642; baseline -0.004 -18"><span class='ocrx_word' id='word_1_722' title='bbox 2086 4586 2222 4642; x_wconf 90' lang='lat' dir='ltr'><strong>ergo</strong></span> <span class='ocrx_word' id='word_1_723' title='bbox 2258 4585 2387 4641; x_wconf 64' lang='lat' dir='ltr'><strong>quae</strong></span> <span class='ocrx_word' id='word_1_724' title='bbox 2434 4585 2536 4640; x_wconf 90' lang='lat' dir='ltr'><strong>per</strong></span> <span class='ocrx_word' id='word_1_725' title='bbox 2585 4567 3129 4638; x_wconf 88' lang='lat' dir='ltr'><strong>contemplationem</strong></span> <span class='ocrx_word' id='word_1_726' title='bbox 3180 4566 3478 4629; x_wconf 90' lang='lat' dir='ltr'><strong>sentimus,</strong></span> <span class='ocrx_word' id='word_1_727' title='bbox 3514 4570 3572 4619; x_wconf 94' lang='lat' dir='ltr'><strong>et</strong></span> <span class='ocrx_word' id='word_1_728' title='bbox 3624 4565 3785 4636; x_wconf 89' lang='lat' dir='ltr'><strong>quod</strong></span> 
     </span>
    </p>
   </div>
   <div class='ocr_carea' id='block_1_108' title="bbox 2086 4651 3786 4726">
    <p class='ocr_par' dir='ltr' id='par_1_108' title="bbox 2086 4651 3786 4726">
     <span class='ocr_line' id='line_1_108' title="bbox 2086 4651 3786 4726; baseline -0.004 -14"><span class='ocrx_word' id='word_1_729' title='bbox 2086 4675 2149 4714; x_wconf 93' lang='lat' dir='ltr'><strong>ex</strong></span> <span class='ocrx_word' id='word_1_730' title='bbox 2173 4657 2611 4712; x_wconf 88' lang='lat' dir='ltr'><strong>mansuetudine</strong></span> <span class='ocrx_word' id='word_1_731' title='bbox 2638 4656 2982 4712; x_wconf 89' lang='lat' dir='ltr'><strong>humilitatis</strong></span> <span class='ocrx_word' id='word_1_732' title='bbox 3012 4655 3257 4724; x_wconf 89' lang='lat' dir='ltr'><strong>agimus,</strong></span> <span class='ocrx_word' id='word_1_733' title='bbox 3280 4653 3436 4726; x_wconf 91' lang='lat' dir='ltr'><strong>quod</strong></span> <span class='ocrx_word' id='word_1_734' title='bbox 3457 4669 3561 4724; x_wconf 85' lang='lat' dir='ltr'><strong>per</strong></span> <span class='ocrx_word' id='word_1_735' title='bbox 3583 4651 3786 4722; x_wconf 88' lang='lat' dir='ltr'><strong>ignem</strong></span> 
     </span>
    </p>
   </div>
   <div class='ocr_carea' id='block_1_109' title="bbox 2085 4738 3786 4813">
    <p class='ocr_par' dir='ltr' id='par_1_109' title="bbox 2085 4738 3786 4813">
     <span class='ocr_line' id='line_1_109' title="bbox 2085 4738 3786 4813; baseline -0.004 -13"><span class='ocrx_word' id='word_1_736' title='bbox 2085 4744 2376 4801; x_wconf 88' lang='lat' dir='ltr'><strong>charitatis</strong></span> <span class='ocrx_word' id='word_1_737' title='bbox 2404 4744 2760 4811; x_wconf 86' lang='lat' dir='ltr'><strong>exhibemus,</strong></span> <span class='ocrx_word' id='word_1_738' title='bbox 2796 4742 3072 4813; x_wconf 90' lang='lat' dir='ltr'><strong>passionis</strong></span> <span class='ocrx_word' id='word_1_739' title='bbox 3112 4741 3320 4797; x_wconf 88' lang='lat' dir='ltr'><strong>Christi</strong></span> <span class='ocrx_word' id='word_1_740' title='bbox 3350 4738 3628 4810; x_wconf 88' lang='lat' dir='ltr'><strong>sanguine</strong></span> <span class='ocrx_word' id='word_1_741' title='bbox 3668 4738 3786 4793; x_wconf 81' lang='lat' dir='ltr'><strong>tin-</strong></span> 
     </span>
    </p>
   </div>
   <div class='ocr_carea' id='block_1_110' title="bbox 2088 4826 3787 4906">
    <p class='ocr_par' dir='ltr' id='par_1_110' title="bbox 2088 4826 3787 4906">
     <span class='ocr_line' id='line_1_110' title="bbox 2088 4826 3787 4906; baseline -0.005 -16"><span class='ocrx_word' id='word_1_742' title='bbox 2088 4851 2222 4906; x_wconf 87' lang='lat' dir='ltr'><strong>gere</strong></span> <span class='ocrx_word' id='word_1_743' title='bbox 2255 4834 2551 4900; x_wconf 89' lang='lat' dir='ltr'><strong>debemus,</strong></span> <span class='ocrx_word' id='word_1_744' title='bbox 2588 4838 2650 4888; x_wconf 91' lang='lat' dir='ltr'><strong>nt</strong></span> <span class='ocrx_word' id='word_1_745' title='bbox 2686 4847 2857 4887; x_wconf 88' lang='lat' dir='ltr'><strong>omne</strong></span> <span class='ocrx_word' id='word_1_746' title='bbox 2902 4831 3057 4903; x_wconf 85' lang='lat' dir='ltr'><strong>quod</strong></span> <span class='ocrx_word' id='word_1_747' title='bbox 3117 4830 3177 4884; x_wconf 93' lang='lat' dir='ltr'><strong>in</strong></span> <span class='ocrx_word' id='word_1_748' title='bbox 3233 4827 3401 4882; x_wconf 89' lang='lat' dir='ltr'><strong>nobis</strong></span> <span class='ocrx_word' id='word_1_749' title='bbox 3454 4833 3560 4895; x_wconf 92' lang='lat' dir='ltr'><strong>est,</strong></span> <span class='ocrx_word' id='word_1_750' title='bbox 3613 4826 3787 4882; x_wconf 87' lang='lat' dir='ltr'><strong>illum</strong></span> 
     </span>
    </p>
   </div>
   <div class='ocr_carea' id='block_1_111' title="bbox 2087 4917 3782 4994">
    <p class='ocr_par' dir='ltr' id='par_1_111' title="bbox 2087 4917 3782 4994">
     <span class='ocr_line' id='line_1_111' title="bbox 2087 4917 3782 4994; baseline -0.004 -17"><span class='ocrx_word' id='word_1_751' title='bbox 2087 4923 2344 4978; x_wconf 89' lang='lat' dir='ltr'><strong>imitetur</strong></span> <span class='ocrx_word' id='word_1_752' title='bbox 2373 4939 2402 4976; x_wconf 89' lang='lat' dir='ltr'><strong>a</strong></span> <span class='ocrx_word' id='word_1_753' title='bbox 2423 4938 2539 4994; x_wconf 91' lang='lat' dir='ltr'><strong>quo</strong></span> <span class='ocrx_word' id='word_1_754' title='bbox 2571 4926 2676 4986; x_wconf 91' lang='lat' dir='ltr'><strong>est,</strong></span> <span class='ocrx_word' id='word_1_755' title='bbox 2722 4921 2860 4992; x_wconf 85' lang='lat' dir='ltr'><strong>quia</strong></span> <span class='ocrx_word' id='word_1_756' title='bbox 2889 4925 3047 4974; x_wconf 86' lang='lat' dir='ltr'><strong>extra</strong></span> <span class='ocrx_word' id='word_1_757' title='bbox 3087 4917 3466 4972; x_wconf 89' lang='lat' dir='ltr'><strong>imitationem</strong></span> <span class='ocrx_word' id='word_1_758' title='bbox 3499 4917 3782 4988; x_wconf 86' lang='lat' dir='ltr'><strong>passionis</strong></span> 
     </span>
    </p>
   </div>
   <div class='ocr_carea' id='block_1_112' title="bbox 2089 5008 3129 5082">
    <p class='ocr_par' dir='ltr' id='par_1_112' title="bbox 2089 5008 3129 5082">
     <span class='ocr_line' id='line_1_112' title="bbox 2089 5008 3129 5082; baseline -0.004 -15"><span class='ocrx_word' id='word_1_759' title='bbox 2089 5028 2202 5067; x_wconf 91' lang='lat' dir='ltr'><strong>non</strong></span> <span class='ocrx_word' id='word_1_760' title='bbox 2227 5016 2340 5066; x_wconf 86' lang='lat' dir='ltr'><strong>tam</strong></span> <span class='ocrx_word' id='word_1_761' title='bbox 2373 5011 2554 5065; x_wconf 87' lang='lat' dir='ltr'><strong>virtus</strong></span> <span class='ocrx_word' id='word_1_762' title='bbox 2579 5027 2751 5082; x_wconf 89' lang='lat' dir='ltr'><strong>quam</strong></span> <span class='ocrx_word' id='word_1_763' title='bbox 2780 5008 2980 5062; x_wconf 87' lang='lat' dir='ltr'><strong>vitium</strong></span> <span class='ocrx_word' id='word_1_764' title='bbox 3019 5013 3129 5063; x_wconf 89' lang='lat' dir='ltr'><strong>est.</strong></span> 
     </span>
    </p>
   </div>
   <div class='ocr_carea' id='block_1_113' title="bbox 2163 5112 3789 5190">
    <p class='ocr_par' dir='ltr' id='par_1_113' title="bbox 2163 5112 3789 5190">
     <span class='ocr_line' id='line_1_113' title="bbox 2163 5112 3789 5190; baseline -0.006 -16"><span class='ocrx_word' id='word_1_765' title='bbox 2163 5120 2294 5190; x_wconf 82' lang='grc' dir='ltr'><strong>(ῐο.)</strong></span> <span class='ocrx_word' id='word_1_766' title='bbox 2352 5119 2544 5172; x_wconf 88' lang='lat' dir='ltr'><strong>Potest</strong></span> <span class='ocrx_word' id='word_1_767' title='bbox 2577 5117 2683 5171; x_wconf 90' lang='lat' dir='ltr'><strong>iste</strong></span> <span class='ocrx_word' id='word_1_768' title='bbox 2713 5115 2997 5180; x_wconf 89' lang='lat' dir='ltr'><strong>sacerdos,</strong></span> <span class='ocrx_word' id='word_1_769' title='bbox 3031 5112 3132 5183; x_wconf 90' lang='lat' dir='ltr'><strong>qui</strong></span> <span class='ocrx_word' id='word_1_770' title='bbox 3180 5129 3362 5167; x_wconf 65' lang='lat' dir='ltr'><strong>vaccas</strong></span> <span class='ocrx_word' id='word_1_771' title='bbox 3407 5127 3626 5176; x_wconf 89' lang='lat' dir='ltr'><strong>carnes,</strong></span> <span class='ocrx_word' id='word_1_772' title='bbox 3662 5113 3789 5182; x_wconf 88' lang='lat' dir='ltr'><strong>pel-</strong></span> 
     </span>
    </p>
   </div>
   <div class='ocr_carea' id='block_1_114' title="bbox 2092 5201 3795 5279">
    <p class='ocr_par' dir='ltr' id='par_1_114' title="bbox 2092 5201 3795 5279">
     <span class='ocr_line' id='line_1_114' title="bbox 2092 5201 3795 5279; baseline -0.005 -16"><span class='ocrx_word' id='word_1_773' title='bbox 2092 5209 2228 5274; x_wconf 91' lang='lat' dir='ltr'><strong>lem,</strong></span> <span class='ocrx_word' id='word_1_774' title='bbox 2273 5207 2634 5279; x_wconf 89' lang='lat' dir='ltr'><strong>sanguinem.</strong></span> <span class='ocrx_word' id='word_1_775' title='bbox 2696 5205 3014 5274; x_wconf 87' lang='lat' dir='ltr'><strong>ﬁmumque</strong></span> <span class='ocrx_word' id='word_1_776' title='bbox 3043 5202 3348 5269; x_wconf 89' lang='lat' dir='ltr'><strong>comburit,</strong></span> <span class='ocrx_word' id='word_1_777' title='bbox 3389 5201 3649 5256; x_wconf 87' lang='lat' dir='ltr'><strong>ordinem</strong></span> <span class='ocrx_word' id='word_1_778' title='bbox 3692 5202 3795 5256; x_wconf 79' lang='lat' dir='ltr'><strong>Ju-</strong></span> 
     </span>
    </p>
   </div>
   <div class='ocr_carea' id='block_1_115' title="bbox 2094 5291 3796 5366">
    <p class='ocr_par' dir='ltr' id='par_1_115' title="bbox 2094 5291 3796 5366">
     <span class='ocr_line' id='line_1_115' title="bbox 2094 5291 3796 5366; baseline -0.004 -14"><span class='ocrx_word' id='word_1_779' title='bbox 2094 5298 2240 5353; x_wconf 87' lang='lat' dir='ltr'><strong>daici</strong></span> <span class='ocrx_word' id='word_1_780' title='bbox 2284 5295 2586 5352; x_wconf 88' lang='lat' dir='ltr'><strong>sacerdotii</strong></span> <span class='ocrx_word' id='word_1_781' title='bbox 2633 5310 2764 5350; x_wconf 91' lang='lat' dir='ltr'><strong>cum</strong></span> <span class='ocrx_word' id='word_1_782' title='bbox 2797 5295 2961 5365; x_wconf 84' lang='lat' dir='ltr'><strong>plebe</strong></span> <span class='ocrx_word' id='word_1_783' title='bbox 3003 5291 3297 5366; x_wconf 76' lang='lat' dir='ltr'><strong>supposita</strong></span> <span class='ocrx_word' id='word_1_784' title='bbox 3348 5292 3406 5346; x_wconf 89' lang='lat' dir='ltr'><strong>in</strong></span> <span class='ocrx_word' id='word_1_785' title='bbox 3448 5307 3646 5346; x_wconf 88' lang='lat' dir='ltr'><strong>necem</strong></span> <span class='ocrx_word' id='word_1_786' title='bbox 3683 5293 3796 5346; x_wconf 80' lang='lat' dir='ltr'><strong>Do—</strong></span> 
     </span>
    </p>
   </div>
   <div class='ocr_carea' id='block_1_116' title="bbox 2097 5373 3801 5453">
    <p class='ocr_par' dir='ltr' id='par_1_116' title="bbox 2097 5373 3801 5453">
     <span class='ocr_line' id='line_1_116' title="bbox 2097 5373 3801 5453; baseline -0.008 -11"><span class='ocrx_word' id='word_1_787' title='bbox 2097 5387 2240 5442; x_wconf 91' lang='lat' dir='ltr'><strong>mini</strong></span> <span class='ocrx_word' id='word_1_788' title='bbox 2295 5384 2708 5442; x_wconf 91' lang='lat' dir='ltr'><strong>consentientis</strong></span> <span class='ocrx_word' id='word_1_789' title='bbox 2764 5383 3105 5452; x_wconf 88' lang='lat' dir='ltr'><strong>siguiticare,</strong></span> <span class='ocrx_word' id='word_1_790' title='bbox 3153 5381 3304 5435; x_wconf 91' lang='lat' dir='ltr'><strong>unde</strong></span> <span class='ocrx_word' id='word_1_791' title='bbox 3374 5373 3682 5453; x_wconf 82' lang='lat' dir='ltr'><strong>sequitur:</strong></span> <span class='ocrx_word' id='word_1_792' title='bbox 3729 5385 3801 5438; x_wconf 81' lang='lat' dir='ltr'><strong>Et</strong></span> 
     </span>
    </p>
   </div>
   <div class='ocr_carea' id='block_1_117' title="bbox 2099 5474 3344 5542">
    <p class='ocr_par' dir='ltr' id='par_1_117' title="bbox 2099 5474 3344 5542">
     <span class='ocr_line' id='line_1_117' title="bbox 2099 5474 3344 5542; baseline -0.005 -12"><span class='ocrx_word' id='word_1_793' title='bbox 2099 5481 2224 5531; x_wconf 90' lang='lat' dir='ltr'><strong>tunc</strong></span> <span class='ocrx_word' id='word_1_794' title='bbox 2248 5477 2458 5531; x_wconf 89' lang='lat' dir='ltr'><strong>demum</strong></span> <span class='ocrx_word' id='word_1_795' title='bbox 2491 5477 2615 5530; x_wconf 82' lang='lat' dir='ltr'><strong>lotis</strong></span> <span class='ocrx_word' id='word_1_796' title='bbox 2645 5474 2884 5529; x_wconf 86' lang='lat' dir='ltr'><strong>vestibus</strong></span> <span class='ocrx_word' id='word_1_797' title='bbox 2903 5478 2953 5526; x_wconf 91' lang='lat' dir='ltr'><strong>et</strong></span> <span class='ocrx_word' id='word_1_798' title='bbox 2981 5487 3200 5542; x_wconf 87' lang='lat' dir='ltr'><strong>corpore</strong></span> <span class='ocrx_word' id='word_1_799' title='bbox 3230 5485 3344 5524; x_wconf 85' lang='lat' dir='ltr'><strong>suo.</strong></span> 
     </span>
    </p>
   </div>
   <div class='ocr_carea' id='block_1_118' title="bbox 2170 5558 3795 5622">
    <p class='ocr_par' dir='ltr' id='par_1_118' title="bbox 2170 5558 3795 5622">
     <span class='ocr_line' id='line_1_118' title="bbox 2170 5558 3795 5622; baseline -0.004 -4"><span class='ocrx_word' id='word_1_800' title='bbox 2170 5565 2329 5619; x_wconf 74' lang='lat' dir='ltr'><strong>Vsus.</strong></span> <span class='ocrx_word' id='word_1_801' title='bbox 2389 5569 2441 5618; x_wconf 92' lang='lat'><strong>7.</strong></span> <span class='ocrx_word' id='word_1_802' title='bbox 2497 5592 2564 5605; x_wconf 92' lang='lat'><strong>—</strong></span> <span class='ocrx_word' id='word_1_803' title='bbox 2615 5563 2683 5619; x_wconf 82' lang='lat' dir='ltr'><strong>Et</strong></span> <span class='ocrx_word' id='word_1_804' title='bbox 2735 5566 2858 5616; x_wconf 86' lang='lat' dir='ltr'><strong>tunc</strong></span> <span class='ocrx_word' id='word_1_805' title='bbox 2904 5560 3116 5615; x_wconf 85' lang='lat' dir='ltr'><strong>demum</strong></span> <span class='ocrx_word' id='word_1_806' title='bbox 3173 5559 3295 5612; x_wconf 81' lang='lat' dir='ltr'><strong>lotis</strong></span> <span class='ocrx_word' id='word_1_807' title='bbox 3349 5558 3604 5613; x_wconf 69' lang='lat' dir='ltr'><strong>vestibus.</strong></span> <span class='ocrx_word' id='word_1_808' title='bbox 3657 5560 3795 5622; x_wconf 72' lang='grc' dir='ltr'><strong>(1ο.)</strong></span> 
     </span>
    </p>
   </div>
  </div>
