4038 6180
212 295 309 350 413

1371 294 1633 351 GLOSSA
1671 295 2078 352 ORDINARIA.
2121 327 2189 337 —
2230 297 2361 352 LIB.
2405 296 2569 351 NUM.

3618 300 3721 353 414

214 425 398 479 Potest
427 422 692 492 intelligi.
724 427 853 489 etc.,
913 437 1080 492 usque
1130 421 1205 475 ad
1256 426 1427 487 recte,
1477 422 1701 490 Colliget
1729 426 1906 476 autem
1936 424 1973 478 A
2017 423 2265 478 arbitror
2298 439 2400 493 per
2427 422 2765 494 prophetam
2803 440 2815 477 :
2850 425 2910 479 In
2937 423 3111 478 tribus
3130 428 3181 478 et
3228 427 3463 493 quatuor
3509 426 3718 494 iniqui-

214 514 411 568 cineres
440 526 616 566 vacca:
646 515 731 565 vir
760 511 1016 577 mundus,
1074 515 1183 565 etc.

302 600 749 670 (AncALavabit
807 598 1141 654 vestimenta
1175 615 1278 653 sua
1332 598 1614 665 sacerdos,
1668 603 1793 665 etc.,
1828 614 1916 654 us-

215 704 310 759 que
358 688 433 742 ad
485 687 890 743 resurrectioni
969 703 1096 741 eam
1147 688 1302 741 velut
1358 686 1696 740 cremationi
1761 702 1919 740 man-

218 778 433 832 dantes.

280 867 442 921 Vuns.
476 869 527 921 8.
560 896 628 906 —
662 865 926 934 Usquead
988 880 1284 934 vesperam.
1329 864 1457 935 (Io.)
1507 865 1588 919 Ad
1621 879 1916 934 vesperam

216 953 469 1006 sacerdos
506 952 702 1016 intrat,
736 952 871 1025 quia
901 953 1145 1007 inﬁdelis
1184 955 1450 1024 populus,
1499 954 1597 1025 qui
1630 969 1807 1024 usque
1849 953 1915 1007 ad

217 1057 527 1112 vesperam,
564 1042 621 1096 id
652 1046 758 1109 est,
792 1042 962 1095 ﬁnem
1000 1042 1220 1109 mundi,
1261 1047 1416 1096 extra
1467 1042 1734 1096 mandata
1764 1041 1913 1106 vitm,

214 1132 365 1184 velut
392 1136 550 1184 extra
591 1136 771 1184 castra
822 1130 1040 1200 positus
1071 1136 1170 1198 est,
1221 1131 1412 1202 pravis
1461 1131 1731 1201 operibus
1760 1146 1912 1183 com-

216 1220 549 1285 maculatos,
606 1235 757 1289 aqua
810 1218 1083 1289 baptismi
1133 1224 1189 1272 et
1251 1220 1585 1290 poenitentia
1640 1220 1792 1274 lotus
1844 1219 1915 1273 ad

213 1307 600 1378 cognitionem
653 1307 711 1362 in
752 1308 867 1362 ﬁne
919 1308 1122 1362 mundi
1174 1311 1333 1379 quasi
1385 1309 1445 1363 in
1487 1313 1669 1362 castra
1724 1324 1916 1362 rever-

216 1396 371 1452 titur.

274 1487 437 1539 νεεδ.
475 1488 526 1539 9.
558 1515 626 1525 —-
666 1485 901 1553 Colliget
938 1489 1136 1540 autem.
1182 1482 1364 1554 (Auc.)
1425 1486 1489 1539 Et
1548 1485 1917 1557 congregabit

218 1574 410 1637 homo,
471 1580 595 1635 etc.,
648 1589 815 1643 usque
845 1573 919 1627 ad
967 1574 1102 1644 quia
1145 1582 1303 1627 extra
1348 1574 1788 1628 celebrationem
1824 1575 1912 1629 Ju-

220 1662 391 1716 daicm
418 1662 848 1716 consuetudinis
904 1662 1265 1733 evangelicus
1294 1663 1480 1716 honor
1519 1663 1741 1717 claruit.

288 1752 506 1819 (GREG.,
537 1750 633 1804 lib.
668 1767 720 1803 γι
772 1751 985 1811 Μοναί..
1028 1766 1149 1821 cap.
1209 1753 1312 1810 17.)
1366 1752 1600 1805 Vaccam
1655 1751 1916 1805 sacerdos

218 1840 523 1906 comburit,
556 1840 772 1893 cineres
800 1839 886 1893 vir
915 1840 1166 1893 mundus
1221 1840 1452 1911 colligit,
1497 1840 1632 1912 quia
1676 1840 1924 1895 inﬁrmi-

221 1933 393 1982 tatem
446 1928 676 1982 Domini
722 1928 950 1982 Judmns
1008 1928 1297 1997 mactavit,
1342 1929 1572 1983 subtilia
1630 1930 1754 2000 ejus
1801 1946 1922 2000 my-

219 2018 383 2070 steria
438 2017 677 2071 Gentilis
738 2016 1023 2087 intelligit.
1060 2018 1253 2072 Mundi
1287 2022 1420 2071 sunt
1471 2017 1570 2089 qui
1601 2018 1923 2088 passionem

222 2106 425 2160 Christi
453 2106 722 2175 gentibus
746 2106 1076 2176 praedicant.

289 2195 546 2263 Eﬂ’undet
592 2210 696 2249 eos.
757 2194 900 2259 Quia
956 2194 1191 2249 Gentilis
1249 2200 1602 2248 sacramenta
1632 2210 1761 2266 quas
1816 2210 1923 2265 ag-

222 2285 394 2347 novit,
429 2284 739 2354 praadicare
774 2299 891 2336 non
951 2288 1146 2348 cessat,
1182 2282 1278 2337 sed
1308 2282 1691 2337 nescientibus
1738 2282 1927 2337 mani-

222 2373 407 2427 festat.

286 2462 484 2531 (Rau)
521 2460 615 2515 Vir
636 2461 881 2515 mundus
932 2461 990 2514 in
1028 2460 1147 2514 loco
1193 2459 1496 2530 purissimo
1552 2476 1733 2515 vacca!
1773 2460 1925 2515 cine-

224 2565 304 2603 res
333 2550 545 2616 fundit,
579 2550 716 2604 dum
745 2549 984 2620 quilibet
1013 2550 1214 2603 doctus
1243 2565 1310 2603 ex
1342 2549 1662 2620 gentilitate
1716 2565 1931 2603 assum-

222 2644 372 2708 ptus,
408 2639 624 2692 munda
643 2654 747 2708 per
778 2638 1159 2691 humilitatem
1194 2637 1500 2707 gentilium
1532 2638 1705 2691 corda
1736 2637 1926 2708 requi-

225 2728 313 2793 rit,
356 2732 414 2780 et
452 2727 724 2796 mysteria
771 2726 853 2780 eis
910 2726 1303 2796 Redemptoris
1334 2727 1562 2780 tradere
1605 2742 1720 2779 non
1776 2727 1928 2780 desi-

225 2816 339 2870 stit.
371 2815 537 2880 Quod
571 2832 703 2869 cum
735 2816 939 2886 agitur,
970 2815 1114 2869 ﬁdes
1172 2814 1432 2885 gentium
1492 2815 1925 2885 multiplicatur,

223 2904 409 2958 divina
469 2904 651 2957 virtus
721 2904 1067 2974 agnoscitur,
1137 2903 1441 2973 disciplina
1504 2910 1927 2974 praeceptorum

2029 513 2232 567 tatibus
2289 529 2395 566 non
2428 513 2776 567 adversabor.

2102 604 2264 657 Vens.
2304 606 2384 657 l2.
2420 632 2488 641 —
2540 602 2601 657 Si
2655 602 2743 655 die
2813 604 2989 663 tertio,
3058 605 3162 656 etc.
3215 602 3339 672 (In.)
3404 603 3465 658 Si
3532 608 3723 659 autem

2028 691 2360 762 puriﬁcatus
2390 707 2503 744 non
2534 690 2706 744 fuerit
2736 689 2827 743 die
2858 691 3043 757 tertio,
3086 695 3218 759 etc.,
3282 707 3450 761 usque
3497 692 3571 746 ad
3622 693 3722 747 ad-

2026 779 2156 844 huc,
2191 779 2247 833 id
2280 785 2382 847 est,
2416 780 2587 833 etiam
2636 784 2766 849 post
2800 784 3061 833 mortem.
3412 774 3419 779 ’

2097 870 2255 923 Vens.
2283 872 2365 924 l3.
2398 900 2467 908 —
2521 870 2722 923 Polluet
2776 868 3205 935 tabernaculum,
3264 873 3544 939 quantum
3581 868 3639 921 in
3667 884 3725 921 se

2025 962 2126 1017 est,
2187 957 2500 1011 secundum
2566 956 2745 1010 illud:
2802 959 3070 1024 Spiritum
3140 957 3304 1010 nolite
3382 959 3727 1024 exstinguere

2023 1047 2072 1114 (Ι
2108 1047 2271 1099 Thess
2302 1048 2374 1113 v),
2427 1060 2559 1098 cum
2634 1045 2921 1114 exstingui
2972 1044 3067 1098 ille
3112 1061 3225 1098 non
3270 1045 3468 1115 possit.
3508 1046 3647 1098 Nam
3682 1044 3727 1097 si

2023 1149 2087 1187 ex
2123 1135 2226 1187 hoc
2260 1134 2685 1187 tabernaculum
2719 1132 3081 1186 immundum
3126 1133 3331 1186 factum
3371 1134 3537 1186 vellet
3568 1132 3730 1185 intel-

2024 1223 2143 1293 ligi,
2182 1221 2710 1289 mundarijuberet.

2098 1312 2257 1365 VERs.
2304 1312 2476 1365 15.-
2518 1312 2623 1365 Vas
2698 1309 2863 1379 quod,
2914 1315 3002 1363 etc
3041 1309 3221 1379 (ΒΑΗ.)
3283 1312 3533 1380 Tegmen
3569 1326 3730 1380 oper-

2020 1400 2133 1454 culi
2174 1401 2259 1453 vel
2295 1399 2557 1466 ligatura,
2592 1403 2675 1451 est
2700 1398 3289 1467 censuradisciplium,
3325 1416 3438 1470 qua
3466 1399 3727 1469 quisquis

2024 1506 2137 1542 non
2173 1488 2478 1558 premitur,
2516 1487 2677 1558 quasi
2707 1503 2802 1539 vas
2833 1486 3197 1539 immundum
3221 1488 3727 1557 pollutumquere-

2022 1577 2316 1648 probatur.
2348 1575 2519 1640 Quasi
2552 1575 2707 1628 enim
2762 1591 2857 1628 vas
2882 1574 3005 1628 sine
3048 1576 3315 1645 Operculo
3349 1575 3435 1629 vel
3487 1575 3733 1646 ligatura

2027 1664 2321 1735 polluitur,
2359 1664 2456 1736 qui
2488 1680 2592 1733 per
2615 1662 2871 1717 studium
2917 1663 3312 1717 ostentationis
3343 1670 3544 1733 patens
3576 1664 3732 1717 nullo

2030 1752 2310 1807 velamine
2337 1752 2742 1807 taciturnitatis
2776 1752 3051 1823 operitur.

2105 1842 2265 1895 Vsus.
2310 1845 2392 1896 l6.
2434 1871 2502 1881 —
2557 1844 2751 1911 (Αυση
2804 1846 2992 1910 quaest.
3045 1841 3158 1910 3i.)
3208 1842 3269 1896 Si
3312 1842 3435 1911 quis
3483 1843 3540 1892 in
3579 1856 3731 1908 agro.

2028 1930 2154 1984 Alia
2189 1930 2394 1994 littera,
2428 1935 2561 1998 etc.,
2593 1945 2762 1999 usque
2792 1930 2869 1983 ad
2900 1930 2954 1982 id
2989 1933 3073 1983 est
3105 1930 3339 1983 vulnere
3371 1934 3731 2000 peremptum

2031 2024 2131 2073 aut
2158 2024 2450 2073 mortuum
2492 2020 2612 2073 sine
2643 2020 2898 2072 vulnere.

2107 2109 2264 2162 Vens.
2304 2112 2387 2163 19.
2408 2138 2475 2149 -
2496 2108 2727 2163 Lavabit
2742 2111 2792 2161 et
2819 2122 2894 2172 se,
2928 2111 3038 2161 etc.
3073 2107 3194 2176 llo.)
3219 2106 3342 2160 Alia
3367 2107 3573 2172 littera,
3605 2111 3734 2159 etc.,

2030 2213 2199 2266 usque
2228 2198 2302 2251 ad
2334 2197 2631 2251 immunda
2663 2197 2771 2250 erit
2794 2212 2975 2267 nsque
3009 2196 3079 2249 ad
3114 2212 3425 2266 vesperam.

2744 2339 2969 2393 CAPUT
3008 2339 3111 2396 XX.

2104 2466 2378 2520 Vens.20.
2414 2494 2474 2504 —
2516 2466 2888 2531 Veneruntque
2926 2460 3050 2530 ﬁlii,
3110 2465 3213 2515 etc.
3250 2462 3426 2529 (Isw.,
3479 2462 3536 2514 in
3556 2462 3738 2527 Num,

2036 2562 2176 2611 tom.
2243 2555 2329 2626 V.)
2371 2554 2678 2608 Tricesima
2729 2553 2897 2607 tertia
2963 2553 3183 2606 mansio
3249 2557 3333 2606 est
3398 2552 3457 2606 in
3516 2553 3740 2605 deserto

2034 2646 2133 2701 Sin
2164 2662 2175 2699 :
2209 2646 2332 2699 haec
2361 2648 2442 2698 est
2476 2644 2667 2697 Cades.
2700 2643 2797 2696 Sin
2833 2646 3022 2695 autem
3070 2642 3478 2710 interpretatur
3523 2644 3735 2705 sancta,

2035 2751 2138 2805 per
2203 2731 2601 2805 antiphrasin:
2648 2731 2796 2785 sicut
2849 2731 3055 2785 dicitur
3111 2730 3269 2783 lucus
3328 2746 3457 2784 cum
3507 2729 3744 2783 minime

2038 2826 2221 2879 luceat
2256 2842 2270 2889 ;
2302 2822 2387 2875 vel
2414 2822 2650 2882 bellum.
2681 2836 2809 2874 cum
2837 2819 2907 2872 sit
2942 2819 3257 2873 horridum.
3290 2820 3350 2873 In
3409 2819 3514 2873 hac
3574 2834 3744 2871 man-

2037 2912 2198 2965 sione
2239 2910 2412 2965 Maria
2491 2908 2735 2962 moritur
2792 2912 2848 2961 et
2905 2907 3199 2978 sepelitur,
3272 2922 3400 2976 qua:
3460 2905 3749 2976 signiﬁcat

223 2997 467 3047 tenetur.
527 2992 681 3047 Unde
730 2992 941 3053 subdit.
1020 2996 1082 3046 ut
1132 2995 1244 3046 sint
1292 2992 1638 3049 multitudini
1685 2995 1922 3062 ﬁliorum
1960 2997 1999 3052 C
2040 2999 2398 3071 prophetiam
2431 3002 2736 3063 mortuam,
2794 2997 2941 3051 sicut
2994 2997 3207 3065 Moyses
3273 3000 3327 3048 et
3378 2999 3569 3048 Aaron
3598 2993 3744 3063 legis

223 3082 401 3135 Israel
430 3084 488 3135 in
538 3081 878 3135 custodiam:
939 3080 1109 3134 Israel
1153 3080 1307 3135 enim
1384 3080 1794 3151 interpretatur
1848 3083 1934 3136 vir

221 3170 421 3224 videns
454 3171 631 3224 Deum
663 3188 676 3236 ;
719 3175 776 3224 et
802 3170 948 3223 bene
978 3185 1246 3223 conversa
1285 3170 1581 3225 Gentilitas
1643 3171 1812 3225 Israel
1843 3170 1928 3225 di-

222 3259 389 3324 citur,
424 3275 555 3331 qua:
590 3260 768 3312 Deum
807 3260 926 3327 jam
974 3258 1086 3312 ﬁde
1115 3258 1553 3327 contemplatur.

292 3351 475 3403 Extra
520 3352 720 3402 castra.
755 3348 899 3412 Quia
931 3346 1118 3400 omnis
1169 3346 1465 3400 Gentilitas
1515 3352 1674 3400 extra
1722 3347 1932 3417 legem,

225 3441 379 3489 extra
411 3435 773 3500 sacriﬁcium,
817 3440 975 3489 extra
1005 3451 1373 3506 synagogam.

295 3525 627 3579 Purissimo.
671 3523 816 3587 Quia
863 3523 1053 3592 pravis
1083 3539 1146 3576 ac
1201 3522 1432 3592 pollutis
1488 3522 1773 3576 mentibus
1816 3538 1933 3577 non

230 3621 365 3667 sunt
400 3619 618 3666 secreta
658 3611 973 3666 Dominicm
1016 3610 1427 3665 incarnationis
1484 3611 1782 3680 tradenda,
1837 3611 1936 3666 sed

228 3700 317 3755 bis
348 3702 453 3773 qui
484 3701 555 3755 ad
590 3701 757 3755 ﬁdem
792 3700 1083 3754 venientes
1116 3714 1212 3753 cor
1251 3699 1693 3753 mandaverunt.

296 3790 662 3846 Μειιεὶωάἰηὶ
687 3791 925 3859 filiorum
965 3794 1148 3855 (AUG.,
1205 3789 1299 3841 ubi
1326 3788 1538 3857 supra.‘
1570 3787 1693 3841 Alia
1746 3787 1937 3842 littera

229 3884 316 3933 etc
346 3894 561 3947 ,usque
590 3879 665 3932 ad
720 3883 783 3931 ut
814 3878 1043 3931 ablutus
1093 3877 1267 3931 etiam
1323 3876 1671 3930 extrinsecus
1727 3876 1940 3931 lavaret

228 3968 661 4039 quodammodo
690 3966 1023 4021 vestimenta
1057 3982 1177 4020 sua.

297 4060 359 4111 In
380 4057 706 4111 custodiam.
752 4055 896 4120 Quia
951 4054 1248 4109 subtiliora
1303 4059 1657 4108 sacramenta
1714 4055 1940 4109 mundis

228 4145 544 4199 Gentilium
601 4144 865 4198 cordibus
925 4144 1133 4198 tradita
1175 4142 1233 4196 in
1292 4142 1502 4196 mentis
1560 4143 1937 4198 munitionem

225 4238 553 4288 vertuntur.
578 4232 720 4297 Quia
740 4234 875 4286 dum
906 4237 1121 4287 secreta
1141 4238 1195 4285 et
1217 4231 1445 4285 subtilia
1482 4233 1827 4302 operationis
1876 4233 1939 4286 il—

227 4322 338 4375 lius
372 4338 483 4393 per
511 4321 886 4375 imitationem
939 4320 1305 4388 attendimus,
1341 4337 1439 4392 per
1471 4320 1577 4374 hoc
1634 4321 1795 4375 nobis
1825 4321 1936 4375 im-

228 4411 580 4465 munditiam
630 4410 1018 4481 providemus,
1095 4414 1330 4480 propter
1394 4409 1807 4479 operationem,
1879 4412 1937 4463 in

226 4500 553 4555 custodiam
586 4515 836 4553 nostram
871 4500 1013 4554 ﬁant
1041 4498 1280 4565 cineres,
1312 4503 1548 4568 propter
1591 4498 1937 4568 baptismum

227 4606 365 4643 vero
396 4590 692 4659 in:aquam
725 4588 1088 4659 aspersionis.
1119 4589 1275 4641 Tunc
1314 4587 1530 4641 cineres
1576 4586 1635 4639 in
1688 4590 1937 4639 nostram

227 4677 556 4732 custodiam
612 4677 847 4747 provide
898 4675 1271 4741 custodimus,
1320 4691 1450 4729 cum
1498 4675 1938 4744 Redemptorem

227 4772 501 4821 nostrum
530 4782 634 4836 pro
662 4765 1061 4836 iniquitatibus
1091 4765 1300 4818 nostris
1351 4778 1580 4833 passum
1619 4763 1938 4817 considera-

229 4871 360 4910 mus
410 4854 672 4908 sollicite.
750 4852 1159 4923 Perpendimus
1231 4851 1384 4905 enim
1457 4851 1594 4922 quid
1667 4851 1945 4905 retribuat

226 4944 423 5008 bonis,
456 4943 559 5013 qui
589 4942 767 4996 voluit
789 4942 934 4996 mori
968 4957 1073 5012 pro
1121 4940 1305 5007 malis,
1360 4940 1496 5010 quid
1547 4940 1614 4993 ad
1661 4939 1939 5009 justitiam

228 5035 365 5090 ﬁdei
402 5032 634 5088 adducti
663 5032 784 5102 ejus
811 5031 1007 5102 gratia:
1038 5030 1368 5096 debeamus,
1396 5027 1492 5099 qui
1526 5028 1587 5082 in
1640 5028 1942 5099 iniquitate

226 5123 403 5195 positi
438 5120 906 5176 intercessionem
948 5119 1146 5173 mortis
1191 5117 1313 5187 ejus
1371 5117 1699 5185 accipimus.

296 5214 470 5266 Vsus.
508 5212 597 5265 10.
634 5241 705 5249 -—
735 5208 1017 5264 Habebunt
1047 5207 1163 5262 hoc.
1211 5208 1397 5276 (Ana,
1432 5209 1619 5275 quaest.
1681 5206 1794 5274 33.)
1820 5204 1943 5259 Alia

230 5301 448 5366 littera,
478 5304 607 5364 etc.,
642 5313 811 5367 usque
836 5298 910 5351 ad
938 5296 1094 5368 quod
1137 5294 1423 5365 signiﬁcat
1452 5309 1706 5364 vespera.

298 5392 474 5444 Vsus.
512 5392 595 5442 lt.
628 5417 698 5428 —
748 5387 859 5452 Qui
909 5387 1149 5453 tetigerit
1205 5401 1268 5438 ea
1321 5383 1508 5453 (Αυο.)
1568 5383 1674 5452 Qui
1708 5383 1945 5453 tetigerit

233 5478 617 5544 morticinum,
676 5480 781 5529 etc.
814 5475 1018 5545 Incipit
1071 5473 1257 5529 dicere
1304 5471 1595 5543 quomodo
1655 5470 1946 5526 immundi

241 5569 375 5623 facti
410 5567 701 5629 homines,
736 5568 871 5633 etc.,
904 5579 1072 5635 usque
1125 5563 1201 5617 ad
1238 5562 1549 5617 secundum
1580 5560 1686 5615 hoc
1731 5560 1942 5616 dictum

2041 3096 2099 3144 et
2123 3087 2419 3141 sacerdotii
2464 3086 2658 3153 ﬁnem,
2703 3085 2803 3157 qui
2847 3102 2965 3139 non
2994 3086 3183 3139 valent
3232 3084 3304 3139 ad
3361 3088 3574 3138 terram
3606 3098 3743 3153 pro-

2040 3176 2327 3231 missionis
2356 3174 2676 3244 pervenire,
2718 3190 2821 3229 nec
2850 3175 3133 3245 populum
3164 3173 3233 3228 de
3289 3172 3596 3227 solitudine
3640 3171 3749 3226 hu-

2034 3268 2129 3338 jus
2152 3266 2353 3320 mundi
2398 3266 2659 3332 educere,
2703 3264 2856 3336 quod
2911 3262 3043 3317 facit
3101 3263 3256 3316 solus
3314 3263 3494 3328 Jesus,
3556 3261 3615 3315 id
3641 3264 3745 3326 est,

2040 3355 2296 3410 Salvator
2327 3353 2427 3408 Dei
2460 3352 2628 3407 ﬁlius.

2112 3446 2420 3499 Percutiens
2450 3443 2628 3510 virga.
2661 3442 2840 3510 (AUG.,
2876 3445 3069 3511 quast.
3123 3437 3234 3509 35.)
3264 3438 3406 3502 Quia
3462 3438 3532 3492 de
3590 3442 3750 3509 petra

2043 3546 2191 3601 aqua
2220 3531 2419 3584 educta
2449 3533 2552 3595 est,
2582 3533 2726 3595 etc.,
2777 3543 2947 3596 usquo
2978 3527 3052 3581 ad
3093 3527 3206 3579 duo
3239 3524 3391 3579 enim
3434 3524 3586 3595 ligna
3617 3528 3751 3576 sunt

2044 3634 2277 3752 emittas.
2316 3699 2487 3752 ί2.-
2514 3698 2656 3764 Quia
2678 3711 2783 3749 non
2841 3695 3168 3751 credidistis.
3221 3694 3395 3765 (1511).,
3475 3697 3531 3747 in
3562 3691 3747 3761 Num.)

2047 3787 2145 3842 Hic
2187 3768 2401 3856 Moyses
2431 3784 2738 3839 Dominum
2772 3784 3029 3849 offendit,
3073 3789 3206 3851 etc.,
3241 3798 3409 3852 usque
3455 3781 3529 3835 ad
3576 3781 3751 3835 Chri-

2044 3882 2160 3932 stus
2188 3877 2285 3929 Dei
2302 3876 2477 3928 virtus
2509 3878 2560 3927 et
2588 3875 2686 3927 Dei
2715 3873 2988 3941 sapientia
3017 3876 3112 3925 est.

2118 3965 2275 4017 Vens.
2334 3965 2415 4017 l3.
2482 3991 2540 4002 -—
2594 3964 2716 4016 Haec
2782 3966 2860 4014 est
2922 3976 3068 4028 aqua
3124 3957 3584 4025 contradictionis,
3657 3960 3753 4011 ubi

2039 4054 2260 4123 jurgati
2305 4053 2428 4121 ﬁlii.
2472 4056 2574 4104 etc.
2622 4047 2807 4118 (Αυα.)
2839 4047 2997 4112 Quod
3051 4046 3119 4099 de
3184 4062 3332 4116 aqua
3379 4046 3479 4099 illa
3533 4045 3747 4099 dictum

2048 4147 2150 4208 est,
2188 4146 2321 4209 etc.,
2349 4155 2519 4209 usque
2547 4139 2621 4193 ad
2649 4138 2719 4192 de
2757 4138 2881 4207 ipso
2927 4133 3080 4189 enim
3130 4132 3367 4188 dicitur:
3400 4134 3473 4187 In
3527 4136 3743 4202 signum

2049 4232 2136 4285 cui
2164 4230 2592 4294 contradicetur,
2625 4233 2729 4282 etc.
2765 4228 2916 4292 (Luc.
2954 4224 3036 4295 ιι).

2121 4319 2278 4373 Vens.
2310 4321 2397 4373 22.
2460 4348 2529 4357 —
2562 4319 2626 4372 In
2670 4320 2899 4370 montem
2945 4315 3079 4378 Hor,
3128 4313 3226 4381 qui
3269 4315 3347 4366 est
3416 4312 3475 4364 in
3524 4310 3747 4381 finibus.

2048 4406 2568 4479 (RAB.)Tricesima
2614 4409 2819 4476 quarta
2874 4400 3092 4456 mansio
3150 4403 3256 4467 est,
3308 4404 3438 4463 etc.,
3498 4397 3755 4469 usquead

2052 4496 2121 4550 ad
2151 4496 2478 4567 paradisum
2506 4509 2788 4548 ascensus.
3180 4556 3183 4561 ί

2123 4585 2285 4639 Vsus.
2340 4587 2425 4638 30.
2474 4585 2657 4640 Omnis
2726 4587 2903 4636 autem
2965 4576 3274 4634 multitudo.
3335 4576 3523 4648 (Bttn)
3564 4579 3750 4631 Aaron

2050 4673 2361 4744 plangitur,
2395 4675 2553 4727 Jesus
2585 4688 2700 4726 non
2730 4669 3044 4741 plangitur,
3079 4666 3215 4738 quia
3240 4665 3298 4719 in
3350 4667 3477 4735 lege
3510 4666 3749 4720 descen—

2052 4778 2148 4815 sus
2200 4762 2273 4816 ad
2318 4761 2567 4816 inferum
2619 4760 2679 4815 iu
2726 4758 3026 4829 Evangelia
3075 4756 3147 4809 ad
3198 4753 3527 4825 paradisum
3568 4759 3752 4808 trans-

2053 4849 2341 4921 migratio.
2374 4850 2552 4905 Flevit
2598 4850 2848 4921 populus
2879 4845 3117 4917 triginta
3175 4842 3398 4908 diebus,
3454 4842 3591 4912 quia
3621 4849 3752 4897 ante

2052 4937 2237 5007 legem
2272 4939 2328 4988 et
2348 4935 2451 4988 sub
2480 4935 2605 5004 lege
2636 4939 2693 4988 et
2722 4932 2827 4987 sub
2857 4931 3038 5003 gratia
3069 4942 3359 4999 synagoga
3412 4942 3524 4980 non
3556 4926 3760 4998 recipit

2053 5024 2348 5096 spirituale
2396 5022 2691 5094 gaudium,
2737 5022 2831 5076 sed
2864 5035 3033 5091 super
3087 5015 3442 5072 occidentem
3504 5015 3752 5070 litteram

2054 5118 2257 5170 moesta
2286 5112 2413 5168 iucu
2424 5111 2582 5166 mbit.

2748 5239 2973 5294 CAPUT
3001 5241 3130 5295 XXI.

2127 5382 2292 5437 Vsus.
2331 5386 2379 5437 t.
2409 5412 2476 5422 —
2506 5381 2658 5449 Quod
2685 5397 2804 5437 cum
2834 5383 3091 5437 audisset.
3144 5382 3372 5439 Audivit
3403 5382 3762 5439 Chananaeus

2055 5472 2209 5544 quod
2262 5470 2507 5526 venisset
2559 5472 2728 5527 Israel
2780 5471 2841 5526 in
2896 5470 3082 5526 locum
3149 5472 3599 5543 exploratorum,
3664 5468 3761 5522 ubi

2054 5562 2347 5632 quondam
2378 5560 2611 5616 offendit
2636 5561 2906 5632 populus,
2968 5559 3128 5614 ﬁnivit
3155 5560 3443 5631 praelium,
3476 5564 3533 5614 et
3572 5557 3750 5627 capti-
