4038 6180
249 283 350 340 HS

859 285 1256 342 WALAFRIDI
1295 287 1540 344 STRABI
1584 287 1780 345 FULD.
1825 285 1984 343 MON.
2025 286 2178 344 OPP.
2226 287 2401 342 PARS
2443 287 2485 342 ι.
2529 316 2596 325 —-
2635 283 3090 342 THEOLOGIGA.

3645 284 3752 338 «illi

243 422 380 462 vum
409 405 569 462 duxit
633 407 824 463 Israel.
876 408 1240 479 Rursumque
1317 407 1375 462 in
1425 409 1626 464 eodem
1672 409 1795 464 loco
1834 424 1944 478 pu-
1972 410 2012 465 A
2051 411 2348 479 principes,
2379 411 2436 463 et
2457 407 2664 462 horum
2691 407 3080 473 sublimiores,
3134 421 3278 478 quos
3328 404 3641 476 appellavit
3667 420 3758 458 re-

244 499 474 566 gnatur,
505 511 574 550 ex
609 501 740 550 voto
786 497 963 550 victor
1026 495 1293 563 vincitur,
1355 497 1485 551 victi
1538 502 1828 569 superant.
1880 497 1945 551 In

244 600 359 656 quo
398 583 756 657 intelligitur,
798 590 863 638 ut
901 601 1030 640 cum
1076 602 1178 640 nos
1212 585 1312 640 Dei
1377 586 1588 640 auxilio
1644 586 1946 641 destitutos

246 671 558 727 invaserint
598 674 786 728 hostes
841 679 899 728 et
925 673 1351 744 captivaverint,
1383 692 1496 729 non
1527 675 1895 745 desperemus
1928 689 1940 728 :

249 768 435 835 potest
453 763 609 818 enim
639 763 765 819 fieri
795 770 859 818 ut
888 764 1178 819 vincamus
1206 765 1306 820 ubi
1337 766 1472 820 victi
1501 782 1715 820 sumus.

321 853 478 906 Vens.
510 856 560 906 3.
595 881 664 892 -—
701 855 1028 908 Anathema.
1067 854 1250 922 (Auo.,
1306 859 1493 923 quaest.
1554 856 1622 908 40
1673 857 1730 908 in
1762 857 1946 923 Num.)

248 939 367 995 Alia
408 941 599 994 littera
647 947 774 1009 etc.,
819 956 986 1012 usque
1042 941 1116 995 ad
1146 941 1296 996 idem
1347 947 1432 996 est
1491 941 1645 1013 quod
1674 942 1945 1007 devoveo,

248 1029 517 1084 detestor.

321 1119 483 1172 Vens.
517 1120 570 1173 4.
610 1149 670 1159 -
709 1120 949 1186 Profecti
987 1125 1132 1188 sunt,
1191 1124 1296 1174 etc.
1350 1121 1634 1191 (Husnonx,
1683 1122 1842 1188 epist.
1875 1118 1950 1173 ad

220 1207 569 1277 Fabiolam.)
600 1207 905 1262 Tricesima
958 1208 1160 1280 quinta
1198 1209 1441 1277 mansio,
1502 1213 1634 1274 etc.,
1685 1223 1853 1278 usque
1877 1207 1950 1261 ad

249 1312 346 1350 ore
379 1302 569 1350 autem
600 1297 876 1352 confessio
909 1299 980 1352 ad
1009 1299 1250 1352 salutem
1277 1299 1456 1368 (Rom.
1503 1301 1580 1368 x).

323 1386 492 1439 Vens.
525 1388 576 1440 8.
610 1416 678 1425 —
710 1389 811 1441 Fac
841 1393 1136 1456 serpentem
1165 1389 1315 1455 (Isin.
1348 1391 1403 1442 in
1432 1390 1618 1454 Num.,
1670 1391 1808 1442 tom.
1862 1389 1950 1455 V.)

250 1473 466 1528 Morsus
508 1479 838 1544 serpentum
904 1476 1145 1530 exaltato
1191 1481 1247 1530 et
1292 1476 1546 1546 inspecto
1606 1492 1766 1530 teneo
1833 1491 1948 1528 ser-

249 1567 422 1632 pente
452 1563 818 1629 sanabantur,
851 1569 981 1629 etc.,
1013 1580 1180 1634 usque
1227 1566 1302 1618 ad
1359 1565 1494 1620 vivit
1543 1581 1645 1636 per
1681 1563 1949 1618 Divinita-

252 1656 368 1706 tem
400 1651 563 1723 quasi
594 1668 807 1706 aeneus.

324 1741 488 1796 Vens.
553 1741 635 1795 l0.
693 1773 760 1781 —-
811 1743 1146 1812 Profectique
1190 1744 1297 1811 filii
1340 1743 1507 1798 Israel
1559 1743 1951 1808 castrametati,

253 1833 359 1883 etc.
386 1828 695 1884 Tricesima
751 1831 994 1902 septima
1050 1831 1270 1885 mansio
1317 1837 1403 1885 est
1449 1831 1509 1885 in
1567 1831 1774 1898 Oboth,
1826 1845 1955 1901 quae

254 1917 494 1972 vertitur
524 1919 586 1973 in
617 1935 816 1989 magos
851 1921 937 1974 vel
971 1920 1268 1991 pythones.
1293 1919 1435 1984 Quia
1482 1924 1612 1991 post
1644 1918 1955 1989 imaginem

256 2006 376 2071 Dei,
409 2023 539 2078 quae
567 2007 627 2061 in
657 2007 841 2062 cordis
867 2009 1086 2062 ratione
1117 2014 1488 2073 monstratur,
1518 2014 1573 2064 et
1601 2007 1956 2063 confessione

256 2095 413 2162 tidei,
483 2112 614 2166 quae
694 2113 793 2151 ore
852 2097 1160 2167 profertur,
1235 2103 1596 2169 consurgunt
1663 2101 1957 2168 serpentes

256 2191 313 2239 et
333 2185 603 2239 maleﬁca
625 2190 807 2253 artes;
841 2203 944 2240 nos
992 2193 1183 2242 autem
1233 2186 1390 2241 omni
1439 2186 1697 2242 custodia
1728 2203 1957 2241 servan-

257 2277 340 2328 tes
362 2289 460 2327 cor
515 2279 801 2339 nostrum,
869 2276 1203 2330 obturemus
1268 2292 1453 2341 aures,
1530 2291 1602 2329 ne
1659 2275 1958 2329 audiamus

257 2378 421 2416 voces
448 2362 868 2418 incantantium
918 2369 974 2418 et
1007 2365 1263 2419 carmina
1302 2364 1643 2418 sirenarum.

330 2451 489 2505 Vens.
530 2455 612 2506 ll.
648 2481 716 2492 —
751 2452 898 2508 Unde
926 2455 1142 2520 egressi.
1179 2453 1462 2522 (menum,
1502 2453 1597 2506 ubi
1645 2451 1865 2522 supra.)
1897 2452 1958 2505 ln

255 2538 562 2600 Jeabarim.
623 2545 754 2607 etc.,
820 2557 988 2610 usque
1034 2541 1108 2594 ad
1163 2542 1270 2595 hoc
1324 2547 1512 2595 autem
1562 2557 1764 2596 eorum
1822 2557 1958 2612 pro-

260 2627 379 2698 prie
412 2632 496 2682 est
525 2629 626 2700 qui
654 2629 785 2682 solis
803 2628 1042 2699 justitiaa
1073 2636 1264 2684 ortum
1301 2629 1680 2684 considerant.

331 2721 492 2774 Vens.
531 2721 614 2773 l2.
673 2747 744 2758 —
806 2720 1074 2772 Venerunt
1115 2718 1190 2772 ad
1247 2723 1532 2772 torrentem
1582 2719 1796 2784 Zareth,
1849 2723 1956 2772 etc.

262 2809 447 2878 (ΗΑΒ.)
472 2805 801 2862 Tricesiima
829 2822 980 2860 nona
1011 2806 1232 2860 mansio
1254 2806 1362 2860 fuit
1389 2807 1448 2860 in
1489 2805 1804 2875 Dibongad,
1853 2809 1957 2859 etc.

261 2912 428 2966 usque
503 2894 578 2949 ad
651 2893 748 2947 sed
816 2893 1169 2964 propositam
1228 2893 1391 2948 nobis
1470 2895 1835 2949 solitudinem
1896 2893 1961 2947 ti-

266 3001 448 3039 meam
459 3001 540 3038 03.

333 3074 492 3128 Vens.
541 3075 622 3128 14.
657 3103 723 3112 —
769 3073 833 3128 In
885 3071 1023 3126 libro
1068 3070 1342 3126 bellorum.
1403 3070 1585 3141 (Acc.,
1629 3077 1816 3140 quaest.
1857 3070 1962 3141 l2.)

265 3161 386 3214 Non
411 3161 548 3216 dixit
587 3161 783 3232 inquo
815 3159 961 3214 libro
1019 3159 1295 3230 scriptum
1343 3159 1433 3225 sit,
1493 3163 1625 3222 etc.,
1678 3175 1846 3230 usque
1891 3159 1965 3213 ad

263 3247 608 3303 scriberetur
637 3247 696 3301 in
727 3246 922 3318 aliquo
953 3263 1152 3300 eorum
1187 3247 1332 3300 libro
1361 3247 1575 3301 bellum
1615 3247 1862 3302 Domini.

333 3338 502 3391 Vens.
536 3341 618 3391 lu.
652 3338 818 3390 —E:c
847 3337 1045 3398 eoloco,
1073 3341 1178 3389 etc.
1214 3336 1416 3405 (Onic.,
1441 3337 1581 3390 hom.
1611 3339 1673 3390 l2
1695 3339 1752 3390 in
1784 3336 1965 3405 Num.)

263 3425 409 3490 Quid
441 3430 525 3480 est
569 3423 727 3495 quod
783 3439 1130 3494 magnopere
1188 3424 1446 3495 praecipit
1505 3425 1802 3490 Dominus,
1834 3431 1965 3490 etc.,

263 3531 431 3584 usque
460 3513 535 3568 ad
581 3513 719 3583 quia
751 3527 866 3566 una
913 3515 999 3565 est
1050 3512 1365 3566 substantia
1403 3517 1458 3566 et
1515 3518 1719 3568 natura
1775 3512 1970 3567 Trini-

266 3603 418 3659 tatis.

337 3693 465 3762 (10.,
495 3690 656 3760 ibid.)
689 3691 934 3744 Possunt
980 3693 1036 3744 et
1072 3688 1157 3743 illi
1186 3689 1345 3760 putei
1398 3689 1600 3756 videri,
1645 3695 1778 3760 etc.,
1804 3707 1972 3762 usque

269 3780 344 3835 ad
373 3785 431 3835 et
457 3785 670 3834 terram
704 3776 964 3844 removit,
997 3792 1171 3848 quam
1194 3776 1510 3847 iujeceraut
1540 3777 1834 3833 Pbilistmi.

341 3867 666 3922 Notandum
747 3871 939 3919 autem
989 3865 1142 3936 quia,
1189 3865 1326 3919 dum
1387 3865 1597 3920 viveret
1661 3867 1970 3936 Abraham,

269 3973 385 4012 non
411 3961 546 4010 sunt
572 3955 694 4009 ausi
754 3953 1027 4009 Philistsei
1084 3954 1302 4024 replere
1360 3958 1558 4024 puteos
1597 3960 1696 4009 aut
1738 3955 1970 4027 injicere

270 4051 502 4109 terram,
531 4044 629 4098 sed
658 4059 726 4098 eo
757 4049 985 4098 mortuo
1013 4042 1377 4098 invaluerunt
1421 4049 1478 4098 et
1528 4043 1784 4099 insidiati
1840 4048 1972 4100 sunt

231 4178 240 4180 -
271 4134 460 4206 puteis
481 4134 625 4206 ejus,
657 4133 757 4188 sed
801 4137 1141 4203 reparantur
1181 4149 1284 4203 per
1328 4134 1499 4188 Isaac.
1562 4135 1710 4188 Puer
1743 4149 1971 4204 quoque

274 4222 514 4278 Abrahae
547 4222 616 4276 ad
647 4225 848 4293 puteos
878 4221 1098 4275 invenit
1128 4222 1462 4289 Rebeccam,
1519 4237 1648 4293 quae
1683 4221 1968 4292 interpre-
1999 4259 2042 4312 Β

274 4317 430 4366 tatur
459 4309 777 4364 Patientia:
816 4309 937 4364 haec
997 4309 1242 4364 eﬂicitur
1274 4326 1418 4364 uxor
1462 4311 1636 4378 Isaac,
1686 4311 1786 4366 sed
1818 4313 1969 4382 apud

272 4404 477 4472 puteos
531 4398 689 4469 (Gen.
766 4414 914 4463 xxiv,
957 4403 1144 4463 xxux);
1207 4397 1470 4452 similiter
1521 4400 1692 4455 Jacob
1721 4416 1852 4454 cum
1902 4399 1981 4460 ad

276 4488 743 4559 Mesopotamiam
805 4485 960 4540 venit
1009 4486 1225 4541 habens
1275 4493 1624 4559 praeceptum
1655 4489 1851 4560 patris,
1904 4505 1974 4543 ne

276 4577 660 4648 alienigenam
701 4575 934 4630 duceret
983 4591 1238 4644 uxorem,
1285 4577 1438 4645 apud
1503 4583 1704 4648 puteos
1758 4578 1977 4632 invenit

280 4665 489 4720 Rachel
520 4681 534 4732 ;
567 4670 624 4719 et
652 4667 868 4736 Moyses
889 4665 1200 4736 Sephoram
1242 4665 1452 4734 (Exod.
1495 4667 1572 4731 ll).
1625 4665 1681 4721 Si
1713 4682 1848 4736 ergo
1879 4666 1975 4720 in—

278 4753 542 4808 tellexisti
572 4770 700 4825 quae
730 4759 785 4808 et
810 4753 1004 4825 quales
1033 4753 1148 4808 sint
1173 4758 1498 4809 sanctorum
1537 4771 1764 4824 uxores,
1817 4755 1866 4810 si
1895 4756 1978 4810 vis

280 4843 614 4913 patientiam
645 4841 702 4896 in
729 4842 1063 4913 conjugium
1102 4858 1348 4907 sumere,
1411 4843 1497 4896 vel
1553 4843 1892 4914 sapientiam
1923 4851 1980 4901 et

279 4930 419 4984 alias
441 4930 618 4985 animi
648 4931 902 4998 virtutes,
936 4937 991 4986 et
1031 4931 1215 4986 dicere
1271 4930 1419 5001 quod
1469 4930 1539 4984 de
1589 4933 1869 5002 sapientia
1897 4934 1979 4988 di-

281 5023 433 5073 ctum
487 5023 611 5073 est:
662 5022 816 5074 Ilanc
875 5022 1100 5090 quaesivi
1153 5019 1291 5074 mihi
1327 5019 1519 5074 ducere
1571 5036 1794 5076 uxorem
1825 5023 1976 5092 (Sap.

281 5107 422 5177 νιιι),
453 5113 571 5161 esto
603 5107 826 5162 assidue
875 5109 1024 5162 circa
1051 5113 1256 5178 puteos
1305 5109 1460 5173 istos,
1489 5113 1544 5163 et
1591 5109 1672 5164 ibi
1728 5113 1979 5180 reperies

283 5195 613 5266 bujusmodi
642 5197 966 5267 conjugem,
999 5196 1134 5267 quia
1165 5198 1314 5268 apud
1337 5196 1743 5252 viventisverbi
1766 5199 1982 5252 lluenta

284 5291 504 5339 certum
533 5289 617 5339 est
647 5285 906 5340 habitare
932 5285 1187 5341 virtutes.
1231 5287 1375 5341 Sunt
1404 5303 1541 5356 ergo
1595 5286 1761 5340 multi
1822 5288 1981 5357 putei

287 5374 439 5428 intra
467 5373 740 5439 animam,
774 5379 832 5428 et
869 5374 966 5428 alii
986 5374 1222 5444 plurimi
1256 5375 1316 5428 in
1368 5374 1607 5446 singulis
1663 5375 1978 5446 Scriptura-

287 5479 416 5518 rum
448 5463 813 5518 sermonibus
843 5467 900 5516 et
923 5463 1184 5519 sensibus
1210 5483 1222 5518 :
1259 5467 1344 5518 est
1369 5468 1563 5519 tamen
1591 5463 1684 5520 hic
1714 5464 1980 5520 eminen-

286 5551 400 5607 tior
463 5567 618 5622 quem
663 5552 940 5620 foderunt,
998 5567 1114 5606 non
1170 5550 1496 5624 quicunque
1544 5552 1828 5618 homines,
1883 5553 1980 5609 sed

2052 514 2170 570 ges.
2200 499 2334 553 ldeo
2365 497 2424 552 in
2459 498 2688 569 hymnis
2716 497 2940 552 canitur
2973 499 3084 551 Deo
3117 495 3268 566 apud
3309 494 3463 549 hunc
3495 499 3759 566 puteum,

2053 592 2110 643 et
2138 587 2412 659 scriptum
2443 591 2526 640 est
2549 586 2824 658 quoniam
2851 585 2942 641 hic
2971 590 3056 640 est
3083 591 3290 656 puteus
3322 599 3494 655 super
3538 600 3652 656 quo
3679 584 3761 637 Io-

2054 682 2216 732 cutus
2247 681 2331 730 est
2353 675 2623 730 Dominus
2653 675 2824 748 Moysi
2858 691 2871 730 :
2908 677 3197 742 Congrega
3235 673 3495 743 populum
3525 678 3575 726 et
3621 671 3764 726 dabo

2054 767 2104 822 ei
2126 781 2325 834 aquam
2357 766 2422 819 de
2451 773 2630 834 puteo.

2153 857 2427 922 Congrega
2478 855 2737 924 populum
2764 862 2813 908 et
2861 852 3018 907 dabo.
3081 851 3188 906 Lex
3255 853 3525 904 convocat
3592 853 3648 902 te
3691 849 3763 903 ad

2055 949 2314 1015 puteum,
2340 943 2648 1007 Christum,
2698 941 2912 996 scilicet
2957 941 3058 996 Dei
3103 939 3329 1004 Filium,
3374 937 3610 1008 propria
3638 937 3764 1008 qui-

2057 1035 2184 1087 dem
2217 1031 2533 1086 substantia
2565 1030 2989 1092 subsistentem,
3025 1044 3140 1082 uno
3172 1032 3363 1081 tamen
3401 1041 3534 1080 cum
3592 1027 3760 1079 Patre

2059 1128 2115 1178 et
2142 1121 2358 1193 Spiritu
2391 1120 2621 1174 Deitatis
2659 1120 2813 1173 fonte
2859 1117 3235 1172 nominatum.
3281 1115 3368 1170 Ad
3418 1114 3572 1168 hunc
3619 1129 3756 1184 ergo

2059 1216 2320 1282 puteum,
2361 1209 2419 1264 id
2479 1214 2567 1263 est
2620 1209 2689 1262 ad
2749 1207 2955 1262 Christi
3011 1205 3184 1260 fidem
3243 1207 3593 1258 convocatte
3641 1201 3753 1254 lex.

2059 1299 2196 1353 lnde
2220 1299 2342 1370 ipse
2371 1297 2508 1352 dicit
2536 1313 2548 1350 :
2577 1296 2712 1368 quia
2741 1299 2947 1363 Moyses
2978 1295 3044 1349 de
3067 1311 3148 1348 me
3175 1295 3401 1362 scripsit
3457 1292 3628 1362 (Joan.
3658 1287 3754 1342 iv).

2063 1388 2232 1442 Vocat
2293 1391 2483 1440 autem
2531 1391 2598 1440 ut
2668 1384 2932 1438 bibamus
2994 1399 3189 1454 aquas,
3259 1386 3317 1435 et
3371 1383 3665 1433 cantemus
3693 1377 3750 1430 ei

2059 1475 2364 1541 canticum,
2396 1474 2455 1529 id
2480 1478 2582 1534 est.
2632 1473 2789 1528 corde
2833 1472 3113 1527 credamus
3141 1471 3216 1524 ad
3273 1470 3557 1539 justitiam
3589 1470 3638 1521 et
3675 1480 3766 1520 ore

2059 1568 2410 1630 conﬁteamur
2437 1563 2512 1618 ad
2530 1565 2757 1618 salutem
2788 1563 2972 1628 (Rom.
3006 1564 3085 1630 x).

2133 1656 2288 1708 Vens.
2327 1659 2408 1708 l7.
2439 1681 2512 1694 —
2570 1651 2844 1707 Ascendat
2886 1655 3098 1719 puteus.
3143 1647 3347 1717 (01116.)
3403 1643 3628 1700 lnitiate
3685 1642 3771 1696 illi

2065 1747 2317 1812 puteum,
2353 1740 2408 1794 id
2444 1745 2527 1792 est
2555 1738 2784 1792 initium
2816 1736 3075 1789 omnium
3106 1733 3305 1803 ponite
3335 1736 3594 1802 puteum,
3631 1730 3768 1799 quia

2064 1832 2186 1902 ipse
2203 1835 2288 1884 est
2319 1826 2663 1900 principium
2688 1831 2742 1880 et
2781 1823 3198 1896 primogenitus
3247 1821 3434 1875 omnis
3486 1823 3767 1874 creaturm

2068 1923 2255 1992 (Apoc.
2289 1917 2394 1990 ιιι).

2138 2008 2345 2074 Velsic,
2379 2010 2441 2060 ut
2493 2004 2662 2059 verba
2713 2001 3035 2074 dirigantur
3062 2016 3128 2056 ex
3187 2013 3430 2070 persona
3462 1993 3638 2066 Moysi
3695 1993 3767 2048 ad

2066 2098 2345 2169 populum
2380 2111 2392 2149 :
2430 2093 2817 2149 Dateiuitium
2859 2091 3017 2146 cordi
3066 2093 3270 2155 vestro,
3307 2091 3370 2140 ut
3421 2083 3656 2151 incipiat
3681 2082 3772 2136 in-

2064 2186 2322 2256 telligere
2360 2184 2492 2256 quid
2539 2182 2613 2236 sit
2664 2185 2890 2252 puteus,
2947 2180 3016 2233 de
3061 2194 3175 2250 quo
3231 2173 3554 2247 spirituales
3602 2187 3773 2242 aqua:

2066 2273 2398 2331 hauriendae
2426 2277 2579 2337 sunt,
2609 2276 2663 2324 et
2702 2268 3044 2324 reﬁciendus
3101 2271 3186 2321 est
3237 2263 3486 2335 populus
3540 2261 3774 2315 creden-

2067 2366 2232 2419 tium.
2269 2362 2488 2417 lnitiate
2519 2375 2656 2431 ergo
2688 2359 2764 2426 ei,
2790 2358 2847 2412 id
2881 2362 2966 2411 est
2995 2355 3208 2421 lsraeli,
3239 2354 3393 2408 hunc
3423 2354 3681 2423 puteum,
3708 2352 3774 2402 ut

2068 2469 2297 2507 sensum
2341 2449 2639 2522 mysticum
2679 2447 2727 2502 si
2767 2446 2894 2518 quis
2938 2461 3008 2500 ex
3038 2444 3209 2499 corde
3251 2442 3421 2500 videt,
3483 2441 3665 2494 Deum
3699 2435 3771 2490 de

2069 2540 2370 2612 profundis
2393 2539 2575 2610 possit
2626 2536 2878 2592 haurire.
2911 2535 2994 2589 Ad
3045 2534 3199 2588 hunc
3237 2535 3475 2603 puteum
3527 2527 3771 2596 Moyses.

2069 2631 2126 2686 id
2149 2636 2234 2684 est
2261 2631 2349 2684 lex
2369 2631 2701 2700 congregat,
2733 2625 2803 2681 ad
2849 2640 3023 2696 quem
3067 2622 3293 2676 videtur
3339 2616 3546 2689 aliquis
3576 2631 3776 2686 perve-

2070 2720 2210 2787 nire,
2242 2718 2335 2772 sed
2386 2716 2496 2772 nisi
2533 2732 2636 2787 per
2669 2717 2897 2785 Moysen
2947 2713 3325 2782 congregetur
3364 2723 3480 2761 non
3524 2710 3611 2759 est
3655 2705 3774 2758 Deo

2070 2813 2352 2877 acceptus.
2391 2804 2631 2860 Marcion
2665 2803 2892 2858 videtur
2932 2800 3040 2854 sibi
3091 2798 3332 2864 venisse,
3391 2802 3447 2850 et
3479 2793 3770 2857 Basilides,

2070 2903 2128 2952 et
2153 2895 2486 2950 Valentinus
2517 2910 2530 2948 :
2584 2893 2682 2947 sed
2709 2891 2844 2963 quia
2875 2905 2994 2944 non
3044 2892 3324 2942 venerunt
3378 2899 3480 2956 per
3523 2883 3771 2953 Moysen,

2007 2974 2033 3028 δ
2069 3006 2172 3044 nec
2202 2991 2543 3058 acceperunt
2571 2985 2757 3055 legem
2777 2987 2836 3038 et
2873 2981 3202 3053 prophetas,
3243 2992 3358 3031 non
3390 2977 3629 3044 possunt
3657 2972 3780 3024 lau-

2071 3079 2207 3134 dare
2238 3079 2418 3132 Deum
2449 3075 2519 3129 de
2550 3073 2800 3128 fontibus
2840 3071 3029 3126 lsrael.
3081 3069 3203 3122 Non
3247 3064 3486 3120 veniunt
3533 3077 3670 3131 ergo
3703 3059 3778 3113 ad

2071 3173 2309 3240 puteum
2339 3165 2499 3228 tales,
2543 3178 2699 3232 quem
2745 3161 3002 3227 foderunt
3047 3157 3320 3226 principes
3379 3153 3533 3222 (Gen.
3577 3148 3685 3218 xiv)
3718 3152 3777 3202 et

2073 3255 2422 3310 excuderunt
2441 3267 2621 3322 reges.
2658 3251 2752 3305 Est
2778 3253 2971 3303 autem
3003 3246 3149 3300 salsa
3193 3242 3356 3296 vallis
3390 3240 3450 3294 in
3499 3254 3613 3310 qua
3643 3240 3784 3290 sunt

2072 3343 2232 3415 putei
2259 3341 2558 3396 bituminis
2589 3355 2602 3394 :
2645 3337 2834 3392 omnis
2863 3339 3056 3390 autem
3085 3331 3318 3388 haeresis
3359 3333 3417 3384 et
3443 3342 3616 3383 omne
3648 3340 3776 3415 pec-

2075 3411 2266 3486 catum
2315 3430 2374 3484 in
2403 3429 2548 3483 valle
2579 3431 2683 3492 est,
2714 3431 2770 3480 et
2794 3425 2852 3478 in
2899 3423 3043 3476 valle
3083 3421 3248 3474 salsa.
3276 3420 3574 3473 Peccatum
3623 3411 3784 3466 enim

2076 3536 2194 3575 non
2219 3518 2474 3573 ascendit
2500 3530 2746 3580 sursum,
2776 3513 2872 3567 sed
2903 3525 3129 3581 semper
3159 3509 3230 3563 ad
3270 3507 3388 3561 ima
3404 3509 3461 3558 et
3505 3500 3782 3556 inferiora

2078 3607 2386 3665 descendit.
2450 3607 2545 3660 Est
2573 3620 2709 3674 ergo
2741 3602 2799 3656 in
2832 3601 2977 3656 valle
3027 3597 3266 3670 positus,
3320 3595 3504 3649 salsus
3543 3598 3601 3644 et
3630 3605 3786 3644 ama-

2077 3715 2175 3753 rus
2203 3697 2388 3752 omnis
2415 3693 2716 3750 haereticus
2743 3705 2964 3757 sensus,
2987 3689 3062 3755 {et
3115 3684 3300 3740 omnis
3356 3677 3571 3752 peccati
3599 3680 3781 3730 actus.

2077 3787 2223 3852 Quid
2255 3784 2408 3839 enim
2448 3782 2631 3843 dulce,
2685 3778 2826 3850 quid
2881 3793 3052 3832 suave
3109 3777 3300 3846 potest
3329 3771 3539 3824 habere
3593 3779 3787 3836 peccas

2077 3882 2198 3931 tum
2225 3875 2252 3928 Ἰ
2276 3874 2333 3929 Si
2357 3875 2549 3926 autem
2580 3869 2800 3923 veneris
2847 3866 2919 3921 ad
2982 3863 3307 3920 haereticam
3351 3855 3695 3914 sententiam
3727 3857 3786 3906 et

2078 3961 2520 4018 amaritudinem
2554 3956 2792 4030 peccati,
2836 3953 3038 4009 venisti
3084 3951 3153 4008 ad
3206 3955 3407 4021 puteos
3458 3941 3780 4006 bituminis,

2079 4053 2234 4126 quod
2265 4055 2349 4107 est
2377 4065 2506 4104 esca
2575 4052 2632 4102 et
2685 4044 3104 4100 nutrimentum
3150 4039 3300 4111 ignis
3347 4037 3404 4092 Si
3465 4031 3783 4126 gustaveris

2079 4120 2289 4214 aquam
2318 4140 2388 4195 de
2409 4139 2498 4193 his
2518 4135 2728 4208 puteis,
2749 4133 2799 4188 si
2829 4131 3166 4188 haereticum
3225 4140 3453 4182 sensum
3482 4128 3539 4176 et
3563 4120 3784 4214 peccati

2079 4210 2524 4286 amaritudinem
2560 4222 2862 4293 receperis,
2910 4220 3163 4275 fomenta
3190 4215 3340 4287 ignis
3385 4218 3444 4266 et
3501 4210 3786 4282 gehennae

2079 4317 2342 4374 incendia
2371 4316 2431 4370 in
2460 4319 2517 4369 te
2563 4309 2930 4384 praeparabis.
2978 4307 3207 4363 Talibus
3259 4303 3468 4360 dicitur
3500 4317 3513 4354 :
3546 4296 3786 4353 lncedite

2080 4411 2138 4464 in
2161 4409 2360 4462 lumine
2381 4405 2522 4473 ignis
2542 4403 2727 4466 vestri,
2758 4404 2863 4454 etc.
2895 4400 3030 4468 (Isa.
3064 4395 3134 4464 L.)

2156 4497 2314 4550 Vens.
2349 4496 2432 4548 l6.
2456 4522 2526 4532 —-
2553 4490 2823 4547 Fuderunt
2852 4488 3006 4542 illum
3052 4484 3328 4554 principes
3355 4485 3406 4534 et
3446 4475 3786 4532 excuderunt

2082 4601 2249 4654 reges.
2271 4581 2560 4652 Principes
2580 4594 2716 4650 ergo
2740 4577 3022 4642 foderunt,
3040 4589 3200 4644 reges
3241 4568 3612 4654 excuderunt,
3627 4562 3788 4654 quod

2083 4650 2525 4734 ahexcudendo,
2560 4683 2677 4722 non
2703 4664 3014 4721 excidendo
3035 4663 3250 4718 dictum
3275 4662 3377 4714 est.
3401 4650 3786 4711 Excudienim

2085 4761 2311 4819 dicitur,
2343 4757 2499 4829 quod
2523 4755 2586 4810 in
2615 4771 2749 4808 saxo
2789 4751 3028 4807 caeditur
3056 4750 3142 4804 vel
3198 4748 3498 4802 formatur.
3558 4739 3787 4829 Princif

2085 4866 2187 4921 pes
2216 4827 2377 4918 ergoi
2406 4851 2681 4916 tanquam
2720 4840 3020 4897 inferiores
3076 4837 3363 4897 foderunt,
3396 4833 3453 4887 id
3492 4835 3576 4886 est
3620 4827 3792 4900 quasi

2086 4942 2146 4994 in
2175 4945 2344 4994 terras
2376 4936 2675 4990 mollitiem
2725 4929 3086 4988 altitudinem
3143 4925 3454 4997 quamdam
3491 4921 3791 4976 demerse-

2089 5032 2224 5084 runt
2253 5043 2266 5081 :
2295 5026 2355 5080 hi
2383 5041 2515 5078 vero
2545 5039 2689 5095 quos
2739 5035 2908 5092 reges
2955 5017 3227 5088 appellat,
3285 5010 3449 5085 quasi
3498 5007 3786 5071 fortiores,

2087 5132 2204 5170 non
2235 5116 2418 5170 solum
2447 5117 2616 5168 terrae
2642 5107 3011 5182 profundum,
3056 5106 3154 5160 sed
3203 5102 3323 5158 saxi
3387 5098 3661 5156 duritiam
3687 5110 3789 5166 pe-

2089 5208 2338 5269 netrant,
2413 5205 2476 5256 ut
2511 5197 2848 5271 perveniant
2898 5196 2969 5251 ad
3016 5191 3413 5265 profundiores
3471 5201 3670 5258 aquas,
3735 5185 3793 5237 et

2089 5294 2242 5365 ipsas
2272 5290 2458 5362 abyssi
2486 5305 2659 5343 venas
2685 5288 3133 5358 perscrutontur,
3174 5279 3413 5335 scientes
3432 5273 3648 5348 judicia
3691 5271 3792 5365 Dei

2090 5361 2210 5434 e—sse
2239 5361 2506 5449 abyssum
2537 5376 2796 5431 multam.
2834 5373 2898 5427 Hi
2927 5377 3061 5426 sunt
3087 5367 3351 5442 apostoli,
3401 5379 3647 5436 quorum
3679 5361 3792 5415 ali-

2090 5467 2220 5539 quis
2249 5465 2419 5520 dicit:
2453 5464 2619 5520 Nobis
2668 5467 2846 5517 autem
2878 5459 3135 5514 reuelauit
3190 5459 3332 5512 Deus
3385 5471 3484 5524 per
3521 5454 3792 5522 Spiritum

2089 5569 2246 5609 suum
2276 5567 2293 5621 ;
2323 5553 2564 5622 Spiritus
2601 5553 2743 5605 enim
2772 5549 2954 5604 omnia
3020 5550 3304 5601 scrutatur
3342 5547 3504 5597 etiam
3547 5541 3662 5595 alta
3685 5540 3794 5594 Dei
