4038 6180
208 264 298 316 417

1358 254 1609 309 GLOSSA
1649 253 2055 309 ORDINARIA.
2097 284 2164 292 ——
2206 254 2333 309 LIB.
2375 252 2541 307 NUM.

3606 258 3710 311 418

212 372 246 436 (Ι
277 384 407 435 Cor.
455 383 541 451 li).
596 380 702 444 Qui
750 394 889 448 ergo
928 392 1031 449 per
1060 376 1335 447 Spiritum
1367 382 1622 430 sanctum
1656 380 1893 447 possunt
1925 379 1967 430 Α
2077 378 2235 432 Vens.
2268 381 2356 431 21.
2394 409 2458 417 -
2503 379 2653 432 Misit
2684 381 2880 430 autem.
2917 378 3049 447 (lu.)
3090 378 3257 432 Mittit
3289 378 3459 434 Israel
3498 380 3710 452 legatos

212 470 309 521 alta
342 469 583 522 scrutari
635 474 692 521 et
738 473 1039 537 penetrare
1071 466 1358 536 profunda
1393 466 1662 535 mysteria
1719 464 1897 535 pulei,

215 574 365 627 reges
414 575 536 609 esse
584 558 869 623 dicuntur,
907 556 1003 626 qui
1055 559 1290 625 puteum
1342 554 1400 607 in
1450 558 1613 623 petra
1660 554 1899 607 excude-

214 652 355 709 runt,
394 648 530 716 quia
562 646 704 699 dura
742 651 800 698 et
828 644 1083 697 difticilia
1114 643 1365 696 scientia:
1410 647 1784 711 penetrarunt
1813 658 1899 694 se-

214 740 372 789 creta.
409 736 695 789 Fuderunt
724 747 862 803 ergo
892 738 1128 803 puteum
1163 731 1333 785 istum
1372 730 1675 801 principes,
1712 736 1767 783 et
1806 746 1899 783 ex-

226 824 500 877 cuderunt
557 838 722 891 reges
741 818 1094 891 gentium,id
1126 824 1228 886 est,
1275 818 1548 888 Apostoli,
1575 818 1672 888 qui
1706 825 1903 886 gentes

216 916 699 981 congregaverant.
754 910 821 963 ad
883 908 1266 962 obediendum
1326 906 1482 971 tidei,
1535 912 1591 959 et
1638 906 1905 959 omnibus

217 1000 603 1068 patefecerunt
659 997 951 1050 scientiam
1006 996 1234 1062 Christi,
1286 994 1343 1048 in
1377 1010 1491 1065 quo
1546 1000 1676 1047 sunt
1707 1010 1905 1046 omnes

219 1088 459 1142 thesauri
498 1087 793 1158 sapientia:
828 1092 883 1139 et
939 1085 1188 1138 scientia!
1235 1083 1565 1136 absconditi.
1625 1084 1907 1153 lmpleve-

221 1182 343 1228 runt
389 1176 545 1229 enim
577 1176 910 1229 mandatum
948 1174 1066 1239 Dei,
1106 1174 1347 1227 docentes
1376 1187 1552 1225 omnes
1605 1178 1805 1237 gentes,
1861 1175 1909 1224 et

222 1264 553 1333 baptizuntes
601 1279 686 1317 eos
716 1266 779 1318 in
809 1266 1020 1316 nomine
1076 1261 1257 1315 Patris
1303 1266 1351 1314 et
1384 1260 1523 1313 Filii
1565 1266 1615 1312 et
1670 1261 1910 1328 Spiritus

218 1355 387 1406 sancti
422 1352 641 1423 (Matth.
690 1352 899 1420 xxvui).
949 1352 1013 1403 Et
1052 1366 1153 1420 per
1182 1350 1289 1402 hoc
1319 1348 1687 1413 excuderunt,
1718 1347 1773 1401 id
1804 1353 1909 1412 est,

217 1442 605 1512 patefecerunt
646 1440 942 1493 scientiam
994 1438 1178 1508 putei.
1229 1439 1358 1491 Hinc
1406 1452 1633 1507 quoque
1676 1452 1804 1507 quos
1852 1435 1913 1489 in

219 1530 477 1583 manibus
517 1529 813 1595 habemus,
871 1527 1033 1580 nobis
1065 1530 1272 1596 puteus
1302 1530 1407 1590 est,
1442 1529 1497 1577 et
1527 1524 1715 1578 omnis
1767 1525 1912 1578 Scri-

219 1624 376 1688 ptura
406 1619 553 1686 legis
602 1623 659 1671 et
690 1617 1151 1687 prophetarum:
1204 1614 1529 1683 evangelica
1576 1630 1804 1683 quoquc
1858 1618 1914 1666 et

2009 467 2078 519 ad
2134 482 2326 535 regem
2366 466 2858 526 Amorrhzeorum,
2902 472 3032 532 etc.,
3064 483 3233 536 usque
3281 469 3355 521 ad
3405 478 3713 540 congregat

2009 555 2115 608 sibi
2152 557 2301 608 lacus
2330 554 2763 609 confractos-vel
2798 556 3096 609 contritas.

2079 644 2171 697 Ad
2214 645 2385 698 Sehon
2426 659 2620 711 regem.
2680 644 2890 709 Sehon,
2939 644 3038 714 qui
3084 645 3495 714 interpretatur
3541 647 3710 701 arbor

2011 733 2380 797 infructuosa,
2424 732 2509 785 vel
2562 734 2762 795 elatus,
2800 732 2892 786 hic
2937 738 3021 785 est
3064 749 3163 785 rex
3217 736 3706 803 Amorrhaeorum,

2011 820 2111 889 qui
2154 818 2603 889 interpretantur
2636 818 2695 871 in
2726 818 3167 873 amaritudinem
3220 821 3562 875 adducentes
3625 825 3709 875 vel

2011 908 2328 977 loquentes.
2366 908 2461 960 Hic
2492 911 2575 960 est
2625 908 2885 961 diabolus
2938 909 3118 962 elatus
3178 914 3233 961 et
3286 909 3700 975 infructuosus,

2015 997 2084 1049 de
2116 1012 2228 1066 quo
2273 996 2526 1049 dicitur:
2584 997 2741 1049 Venit
2786 998 3037 1065 princeps
3083 996 3275 1049 mundi
3325 998 3507 1065 hujus,
3550 1004 3601 1051 et
3652 1002 3709 1051 in

2020 1099 2103 1137 me
2147 1100 2251 1137 non
2305 1084 2462 1137 habet
2492 1084 2791 1153 quidquam
2842 1083 3027 1153 (Joan.
3060 1085 3197 1155 xiv.)
3246 1087 3310 1139 Et
3353 1086 3487 1139 alibi
3523 1104 3535 1140 :
3585 1090 3711 1141 Ecce

2014 1174 2263 1241 princeps
2311 1172 2474 1238 hujus
2504 1172 2695 1225 mundi
2725 1175 2972 1226 mittetur
3022 1176 3173 1239 foras
3205 1175 3377 1244 (Joan.
3415 1185 3535 1241 xii),
3593 1192 3710 1229 non

2019 1260 2154 1330 quia
2184 1260 2391 1313 creavit
2421 1260 2724 1327 mundum,
2752 1262 2849 1314 sed
2880 1261 3014 1331 quia
3048 1262 3103 1315 in
3146 1263 3359 1317 mundo
3390 1270 3713 1334 peccatores

2021 1351 2170 1411 sunt,
2206 1350 2262 1399 et
2290 1345 2411 1414 ipse
2462 1347 2677 1414 peccati
2729 1347 2990 1417 princeps
3044 1354 3145 1413 est,
3198 1352 3511 1405 secundum
3561 1354 3717 1423 quod

2023 1435 2273 1488 dicitur:
2329 1433 2468 1499 Quia
2524 1436 2695 1487 omnis
2744 1434 2981 1489 mundus
3014 1438 3070 1489 in
3126 1439 3367 1505 maligno
3394 1445 3604 1508 positus
3643 1446 3719 1494 est

2024 1526 2209 1595 (Joan.
2244 1525 2320 1595 v),
2355 1526 2407 1578 id
2451 1530 2552 1589 est,
2580 1526 2699 1595 ipse
2732 1527 2930 1580 mundi
2961 1528 3224 1599 princeps
3254 1537 3357 1584 est.

2094 1615 2250 1667 Vens.
2285 1617 2371 1667 '22.
2408 1643 2471 1653 -ο
2514 1616 2616 1668 Via
2645 1618 2817 1681 regia.
2860 1616 2996 1678 Qum
3038 1617 3218 1671 dicit:
3274 1621 3389 1689 Ego
3427 1635 3546 1674 sum
3604 1624 3718 1683 via,

219 1706 523 1777 apostolica
546 1706 712 1759 simul
749 1721 894 1758 unus
940 1709 1147 1775 puteus
1176 1708 1279 1767 est,
1314 1718 1484 1773 quem
1528 1718 1643 1755 non
1673 1708 1913 1772 possunt
1947 1689 1983 1741 Β
2020 1705 2220 1755 veritas
2251 1708 2299 1754 et
2335 1704 2452 1755 vita
2481 1704 2662 1769 (Joan.
2708 1704 2838 1767 xiv).
2890 1705 2965 1756 De
2997 1721 3109 1774 quo
3140 1705 3349 1758 dicitur
3381 1724 3394 1759 :
3435 1708 3578 1762 Deus
3626 1711 3715 1776 fu-

221 1795 408 1848 fudere
436 1795 524 1848 vel
558 1794 854 1857 excudere,
886 1793 995 1846 nisi
1027 1808 1191 1862 reges
1222 1796 1277 1844 et
1308 1790 1612 1861 principes,
1664 1790 1765 1861 qui
1814 1791 1914 1844 sci-

220 1884 340 1936 licet
373 1888 615 1954 possunt
660 1882 885 1936 auferre
918 1886 1126 1935 terram
1173 1885 1228 1933 et
1260 1895 1522 1933 amovere
1553 1879 1912 1949 superﬁciem

222 1972 441 2037 litterae,
475 1977 535 2025 et
567 1971 636 2024 de
664 1970 925 2024 inferiori
954 1977 1140 2039 petra,
1177 1968 1275 2022 ubi
1307 1967 1560 2021 Christus
1590 1972 1692 2032 est,
1748 1967 1914 2038 spiri-

222 2061 351 2113 tales
386 2076 587 2113 sensus
617 2062 771 2113 velut
804 2074 1011 2130 aquam
1054 2058 1235 2110 vivam
1268 2057 1545 2127 proferre.
1590 2056 1772 2123 Reges
1824 2053 1916 2107 di-

222 2156 445 2214 cuntur,
480 2150 615 2220 quia
648 2148 864 2219 peccati
896 2163 1139 2217 regnum
1188 2146 1547 2215 expulerunt,
1583 2150 1640 2197 et
1680 2142 1917 2213 justitiaa

222 2255 461 2305 regnum
506 2239 561 2290 in
599 2236 870 2290 membris
899 2236 1016 2288 suis
1035 2240 1366 2305 posuerunt.
1407 2236 1575 2287 Decet
1604 2234 1756 2287 enim
1784 2247 1916 2284 eum

222 2326 421 2379 docere
470 2332 726 2390 caeteros,
759 2324 859 2394 qui
892 2322 1048 2394 prius
1080 2323 1277 2376 fecerit
1324 2338 1453 2392 quin
1484 2322 1667 2385 docet,
1728 2320 1875 2373 unde
1902 2336 1914 2372 :

223 2416 320 2481 Qui
372 2417 567 2482 fecerit
605 2420 654 2467 et
684 2414 927 2467 docuerit
979 2415 1055 2466 sic
1086 2412 1341 2472 homines,
1386 2426 1616 2478 magnus
1640 2410 1919 2463 vocabitur

221 2508 275 2556 in
312 2520 480 2569 regno
521 2505 768 2556 castorum
807 2502 1024 2573 (Matth.
1058 2501 1140 2571 v);
1191 2516 1463 2571 magnum
1498 2504 1688 2553 autem
1721 2499 1778 2551 in
1823 2512 1915 2551 re-

222 2610 327 2663 gno
362 2609 508 2657 esse,
540 2599 623 2645 est
660 2607 851 2659 regem
877 2607 1016 2644 esse.

288 2684 447 2735 Vens.
485 2685 569 2734 18.
605 2711 669 2720 —-
725 2682 1024 2748 Principes.
1058 2680 1296 2731 Possunt
1336 2677 1506 2730 iidem
1548 2674 1733 2729 vocari
1761 2673 1916 2745 prin-

220 2772 365 2841 cipes
402 2776 459 2823 et
493 2785 673 2840 reges.
708 2769 801 2821 Vel
838 2766 1124 2838 principes
1148 2766 1456 2836 prophetas
1490 2764 1915 2833 intelligamus:

220 2860 319 2927 ipsi
354 2858 515 2911 enim
558 2873 783 2910 sensum
816 2862 871 2909 et
904 2855 1264 2926 prOphetiam
1289 2855 1357 2909 de
1386 2853 1606 2907 Christo
1637 2852 1918 2906 defossam

2022 1790 2227 1844 dicium
2255 1796 2402 1845 tuum
2436 1794 2554 1858 regi
2576 1791 2648 1843 da
2672 1793 2838 1858 (Psal.
2864 1795 3027 1859 Lxxi).
3055 1793 3171 1845 llac
3201 1793 3581 1850 incedendum
3615 1802 3719 1862 est,

2024 1885 2078 1933 et
2111 1896 2392 1950 nusquam
2424 1880 2844 1943 declinandum,
2879 1897 2982 1934 nec
3013 1882 3069 1934 in
3125 1899 3324 1950 agrum
3382 1900 3485 1937 nec
3535 1886 3593 1938 in
3640 1887 3717 1938 vi-

2025 1984 2213 2033 neam,
2259 1967 2311 2021 id
2344 1973 2427 2021 est
2457 1985 2561 2022 nec
2592 1969 2660 2021 ad
2693 1985 2885 2038 opera,
2921 1986 3022 2023 nec
3053 1972 3121 2024 ad
3152 1987 3352 2024 sensus
3393 1973 3722 2039 diabolicos,

2026 2058 2072 2108 si
2103 2058 2364 2109 volumus
2396 2057 2627 2126 pacilice
2679 2059 2922 2111 transire
2970 2075 3073 2128 per
3104 2060 3404 2113 mundum.
3468 2061 3573 2115 Sed
3619 2062 3723 2116 hoc

2025 2144 2207 2214 magis
2238 2144 2460 2198 inicitat
2510 2147 2825 2216 principem
2869 2148 3065 2200 mundi
3115 2148 3263 2218 quod
3318 2150 3561 2203 dicimus
3618 2169 3722 2204 nos

2024 2235 2174 2288 nolle
2203 2250 2431 2288 manere
2462 2251 2589 2288 cum
2623 2252 2706 2299 eo,
2760 2236 2844 2289 vel
2898 2237 3129 2297 morari,
3193 2237 3278 2291 vel
3328 2238 3543 2309 aliquid
3596 2242 3721 2310 ejus

2025 2323 2355 2393 contingere
2394 2340 2407 2378 :
2442 2323 2573 2377 inde
2608 2324 2872 2377 irascitur
2901 2330 2956 2377 et
2995 2330 3185 2379 movet
3212 2328 3635 2395 persecutiones
3664 2336 3721 2383 et

2026 2411 2302 2482 pericula,
2356 2416 2412 2465 et
2463 2413 2744 2466 cruciatus
2822 2413 3081 2466 intentat.
3135 2413 3270 2468 Inde
3331 2415 3514 2470 dicit:
3578 2421 3721 2471 Con-

2026 2502 2272 2567 gregavit
2302 2501 2499 2554 Sechon
2533 2503 2793 2569 populum
2825 2517 3001 2562 suum.
3038 2508 3146 2556 etc.

2098 2589 2260 2642 Vens.
2310 2591 2399 2643 23.
2452 2620 2516 2628 -
2549 2590 2815 2643 Emercitu
2851 2590 3238 2660 :principibus
3296 2593 3511 2646 scilicet
3557 2600 3611 2647 et
3638 2597 3725 2667 ju-

2029 2676 2248 2730 dicibus
2278 2678 2478 2731 mundi
2526 2684 2582 2731 et
2632 2679 2899 2732 omnibus
2954 2681 3225 2751 nequitiae
3284 2681 3583 2750 ministris,
3627 2686 3723 2754 qui

2029 2781 2256 2834 semper
2284 2766 2626 2837 impugnant
2655 2768 2933 2838 populum
2970 2768 3087 2821 Dei.

2098 2856 2161 2908 In
2189 2853 2345 2908 Jasa.
2380 2856 2442 2908 ln
2494 2854 2641 2921 Jasa,
2688 2855 2954 2909 Hebraice
3001 2857 3224 2911 iahtsah
3258 2869 3407 2917 arm
3455 2860 3612 2929 quod
3647 2861 3727 2914 in-

225 2948 279 3000 in
329 2946 730 3019 profunditate
783 2946 988 2997 litterae
1054 2943 1489 3006 collocaverunt,
1538 2942 1666 2995 ideo
1698 2940 1766 2995 de
1810 2940 1921 2993 illis
1952 2979 1992 3033 Ο
2035 2947 2376 3012 terpretatur
2425 2942 2670 2996 Mandati
2701 2942 2979 3013 impletin.
3015 2944 3071 2997 Si
3117 2945 3271 2999 enim
3302 2946 3601 3001 veniamus
3657 2950 3722 3001 ad

219 3037 428 3090 dicitur
460 3051 472 3088 :
518 3036 640 3089 Nisi
681 3034 879 3087 occulte
907 3032 1195 3086 audieritis
1221 3031 1461 3099 plorabit
1492 3032 1678 3083 anima
1714 3033 1916 3082 vestra.

223 3124 281 3177 Et
317 3124 497 3177 alibi:
574 3124 749 3187 Quam
800 3136 1001 3186 magna
1047 3119 1337 3173 multitudo
1413 3118 1717 3173 dulcedinis
1797 3122 1917 3181 tuae,

222 3215 461 3278 Domine,
522 3227 688 3279 quam
739 3209 1070 3263 abscondisti
1113 3208 1421 3261 timentibus
1465 3212 1513 3260 te
1542 3208 1709 3273 (Psal.
1769 3207 1919 3273 xxx).

222 3300 403 3369 Reges
447 3306 584 3352 sunt
626 3298 867 3367 apostoli
923 3298 1023 3368 qui
1068 3300 1497 3367 perscrutantur
1550 3297 1661 3348 alta
1716 3294 1814 3347 Dei
1867 3299 1923 3346 et

220 3389 491 3443 Ecclesias
548 3393 776 3457 regunt,
813 3386 963 3439 unde
1019 3391 1077 3440 et
1106 3386 1365 3440 Christus
1420 3383 1629 3438 dicitur
1688 3383 1801 3437 Rex
1836 3398 1922 3436 re-

220 3493 375 3547 gum.

288 3568 355 3619 Et
390 3569 736 3635 paraverunt
782 3564 958 3617 duces.
1006 3562 1240 3631 (Oaic.,)
1299 3560 1670 3623 Excuderunt,
1712 3558 1921 3629 inquit,

218 3660 344 3720 etc.,
378 3670 557 3722 usque
578 3654 652 3706 ad
682 3658 737 3707 et
764 3652 917 3706 verbi
947 3652 1047 3706 Dei
1078 3667 1282 3705 arcana
1313 3653 1755 3721 perscrutantes.

286 3745 641 3811 Profectique
695 3748 823 3796 sunt
888 3741 1093 3811 (Omc.)
1156 3739 1396 3793 Profecti
1449 3755 1478 3791 a
1534 3741 1731 3807 puteo,
1794 3740 1925 3806 etc.,

214 3848 385 3901 usque
418 3831 498 3885 ad
529 3838 592 3883 ut
622 3830 851 3884 affectus
882 3834 1073 3883 noster
1100 3833 1154 3883 et
1174 3828 1313 3882 lides
1341 3826 1635 3897 probetur.

286 3921 399 3984 Qui
442 3920 515 3973 de
547 3920 655 3971 hoc
704 3924 876 3988 puteo
908 3918 1069 3985 bibit,
1111 3919 1177 3971 ad
1220 3918 1326 3970 hoc
1357 3914 1579 3985 prolicit
1610 3918 1672 3968 ut
1719 3914 1926 3968 habeat

218 4024 470 4062 munera
500 4024 629 4077 qum
664 4008 778 4060 Deo
827 4006 1049 4069 oll‘erat,
1085 4005 1153 4058 de
1187 4004 1397 4075 quibus
1434 4003 1493 4055 in
1525 4003 1645 4071 lege
1676 4001 1922 4055 dicitur:

217 4100 451 4153 Munera
489 4112 605 4149 mea
647 4096 781 4149 data
808 4111 943 4148 mea.
998 4094 1190 4163 (Leuit.
1243 4094 1327 4161 ll).
1365 4092 1436 4145 Ex
1485 4091 1572 4144 his
1600 4106 1736 4159 ergo
1796 4104 1925 4160 quae

219 4187 365 4241 Deus
439 4185 623 4248 dedit,
681 4183 918 4237 offertur
958 4184 1106 4248 Deo;
1139 4182 1295 4234 dedit
1328 4185 1519 4233 autem
1568 4179 1925 4249 agnitionem

216 4275 321 4341 sui,
356 4280 415 4328 et
444 4276 624 4327 homo
666 4270 830 4324 offert
855 4270 905 4323 ei
938 4270 1109 4324 tidem
1142 4284 1303 4321 suam
1330 4272 1383 4321 et
1403 4266 1691 4321 affectum.

285 4363 439 4418 Cum
477 4360 860 4414 obtulerimus
888 4374 1015 4429 quas
1047 4373 1111 4411 ex
1144 4357 1308 4411 nobis
1335 4361 1486 4421 sunt,
1520 4353 1929 4425 consequimur

216 4470 346 4523 qua:
366 4469 439 4505 ex
470 4451 588 4504 Deo
637 4452 790 4501 sunt.
834 4450 971 4500 Cum
1006 4448 1159 4499 enim
1204 4451 1453 4499 nostram
1515 4444 1685 4497 tidem
1737 4449 1795 4496 et
1848 4443 1928 4496 af-

217 4542 435 4595 fectum
483 4537 878 4602 obtulerimus,
932 4541 1067 4589 tunc
1115 4535 1235 4605 ipse
1267 4534 1506 4603 largitur
1535 4532 1754 4586 diversa
1783 4532 1931 4586 dona

216 4630 471 4700 Spiritus
505 4625 706 4693 sancti,
748 4624 817 4678 de
849 4640 962 4695 quo
992 4622 1200 4678 dicitur
1232 4639 1243 4677 :
1280 4622 1473 4677 Omnia
1505 4626 1683 4674 autem
1711 4636 1778 4674 ex
1830 4624 1932 4675 Deo

215 4723 341 4771 sunt
376 4717 560 4787 (Rom.
586 4718 685 4783 in).

284 4808 469 4859 Vens.
520 4806 611 4857 20.
660 4834 725 4842 -
774 4803 835 4856 In
884 4800 1129 4855 Bamoth.
1187 4798 1428 4853 Bamoth
1474 4797 1737 4851 advectus
1778 4811 1933 4849 mor-

215 4898 305 4963 tis,
355 4910 485 4966 qua
533 4892 749 4944 scilicet
783 4888 1213 4954 commorimur,
1267 4892 1328 4939 ut
1368 4886 1732 4939 convivemus
1773 4884 1847 4953 ei,
1882 4888 1938 4938 et

217 4984 645 5039 mortilicamus
707 4978 962 5032 membra
1005 4982 1197 5029 nostra
1239 4991 1410 5045 super
1460 4979 1696 5028 terram.
1745 4974 1940 5028 Conse-

217 5075 360 5142 pulti
390 5073 545 5125 enim
576 5082 760 5123 sumus
784 5068 870 5120 illi
894 5080 998 5134 per
1024 5065 1351 5133 baptismum
1371 5066 1426 5116 in
1446 5068 1615 5116 morte
1645 5065 1813 5127 (Rom.
1837 5062 1933 5133 vx).

219 5163 323 5226 Qui
356 5158 528 5214 enim
558 5156 819 5209 ordinem
840 5152 1102 5207 salutaris
1129 5151 1231 5204 vim
1262 5155 1439 5218 tenet,
1472 5150 1641 5204 debet
1676 5166 1778 5220 per
1815 5149 1938 5204 haec

222 5246 605 5320 singulariter
650 5259 820 5313 agere
860 5246 915 5296 et
974 5246 1099 5312 post
1132 5239 1312 5293 multa
1342 5238 1413 5293 ad
1445 5240 1597 5293 hunc
1628 5239 1815 5293 locum
1843 5254 1937 5293 ve-

226 5340 369 5393 nire.
904 5392 912 5404 ,

292 5427 528 5491 (Οιιιο.)
565 5424 644 5478 Et
672 5437 739 5475 ex
784 5419 1033 5486 Bamoth,
1082 5416 1288 5488 inquit,
1324 5420 1453 5483 etc.,
1484 5430 1652 5485 usque
1684 5416 1757 5471 ad
1803 5416 1942 5472 imo-

230 5512 588 5587 profectibus
622 5512 729 5565 iter
751 5509 957 5563 animae
985 5511 1221 5578 paratur
1248 5505 1317 5560 ad
1349 5505 1577 5559 castum.

2031 3029 2428 3099 impletionem
2464 3030 2889 3097 mandatorum,
2932 3048 3268 3102 superamus
3308 3036 3621 3105 superbum
3673 3044 3729 3091 et

2031 3120 2243 3173 elatum
2279 3136 2291 3173 :
2328 3119 2661 3173 mandatum
2694 3120 2849 3174 enim
2887 3124 3192 3191 complere.
3239 3128 3323 3177 est
3351 3124 3640 3179 diabolum
3675 3132 3731 3179 et

2031 3208 2336 3262 exercitum
2408 3208 2530 3278 ejus
2574 3224 2863 3279 superare.
2921 3210 3068 3264 Nihil
3099 3212 3253 3265 enim
3311 3213 3475 3266 nobis
3520 3215 3730 3284 poterit

2032 3312 2256 3361 nocere,
2288 3297 2331 3348 si
2363 3296 2658 3349 veniamus
2689 3296 2747 3350 in
2766 3298 2930 3363 Jasa,
2964 3298 3019 3351 id
3059 3305 3143 3353 est
3187 3301 3231 3353 si
3281 3308 3569 3372 praecepta
3630 3304 3731 3356 Do-

2031 3384 2172 3440 mini
2198 3385 2379 3438 nostri
2408 3385 2541 3439 Jesu
2571 3384 2773 3438 Christi
2806 3402 3112 3441 servemus.

2104 3474 2262 3527 Vens.
2303 3475 2391 3527 24.
2452 3505 2516 3513 -
2561 3476 2624 3528 In
2680 3489 2768 3527 ore
2822 3475 3020 3542 gladii.
3084 3478 3253 3531 Vivus
3299 3484 3377 3531 est
3401 3494 3571 3533 sermo
3614 3483 3730 3548 Dei,

2032 3566 2231 3631 efﬁcax
2272 3568 2322 3615 et
2365 3562 2755 3631 penetrabilior
2810 3566 2957 3617 omni
3006 3565 3213 3631 gladio,
3274 3573 3370 3622 etc.
3425 3570 3578 3637 (Heb.
3634 3571 3727 3641 iv).

2033 3653 2112 3705 De
2158 3667 2272 3722 quo
2322 3651 2458 3704 dicit
2501 3652 2802 3721 Apostolus
2855 3655 2966 3706 :Et
3023 3654 3269 3721 gladium
3294 3656 3537 3725 Spiritus
3590 3660 3734 3727 quod

2033 3745 2111 3795 est
2154 3741 2375 3794 verbum
2406 3742 2505 3795 Dei
2559 3740 2720 3810 (Eph.
2769 3741 2839 3807 v).
2876 3742 2939 3795 lu
2970 3742 3142 3812 hujus
3173 3760 3269 3797 ore
3323 3746 3472 3800 cadit
3518 3746 3734 3815 Sehon,

2034 3831 2088 3884 id
2118 3834 2202 3882 est
2231 3828 2513 3882 diabolus.

2110 3921 2275 3972 Terra
2304 3919 2440 3986 ejus.
2483 3917 2680 3971 Omnis
2713 3921 2943 3971 terrena
2997 3919 3156 3988 regio
3182 3925 3333 3976 terra
3360 3922 3549 3978 Sehon
3589 3925 3731 3979 dici-

2034 4010 2162 4071 tur;
2193 4005 2289 4058 sed
2335 4004 2591 4058 Christus
2638 4009 2694 4058 et
2726 4005 2968 4059 Ecclesia
2999 4008 3120 4077 ejus
3158 4007 3217 4062 in
3247 4011 3403 4065 omni
3436 4016 3587 4065 terra
3630 4013 3732 4067 Se-

2036 4094 2151 4147 hon
2183 4092 2531 4146 dominatur.

2110 4182 2296 4250 (ΒΑΗ.)
2348 4181 2523 4235 Jeboc
2574 4180 2771 4235 civitas
2803 4182 3069 4253 {ﬁnisque
3122 4187 3285 4256 regni
3332 4188 3542 4258 Sehon,
3602 4197 3735 4260 etc.,

2032 4286 2200 4339 usque
2229 4270 2302 4323 ad
2324 4274 2579 4324 vocatum
2612 4275 2698 4324 est
2718 4287 2931 4324 nomen
2959 4274 3082 4342 ejus
3107 4275 3300 4330 Israel.

2108 4360 2253 4413 Vens
2304 4361 2392 4413 25.
2420 4391 2484 4399 —
2524 4362 2669 4413 Tulit
2700 4376 2847 4428 ergo.
2884 4359 3082 4432 (Ana,
3138 4371 3327 4433 quaest.
3366 4367 3429 4421 it
3460 4370 3515 4422 in
3554 4370 3738 4440 Num.)

2039 4448 2137 4503 Hic
2183 4448 2434 4519 possedit
2484 4448 2651 4501 Israel
2686 4448 2941 4503 civitates
2992 4454 3543 4523 Ammorrhteorum,
3599 4464 3733 4524 etc.,

2038 4552 2206 4606 usque
2232 4536 2305 4589 ad
2335 4537 2428 4590 sed
2453 4537 2885 4592 declinaverunt
2913 4538 2984 4592 ab
3012 4540 3113 4594 eis.

2109 4625 2297 4678 Israel.
2352 4624 2555 4695 (0mm,
2618 4628 2759 4679 hom.
2806 4630 2868 4681 l3
2912 4630 2969 4681 in
3022 4628 3213 4698 Num.)
3260 4629 3366 4693 Qui
3412 4631 3470 4685 in
3515 4632 3737 4686 Christo

2040 4713 2206 4768 Israel
2239 4717 2342 4777 est,
2377 4718 2507 4771 etc.,
2533 4730 2701 4783 usque
2731 4714 2806 4767 ad
2835 4720 2890 4767 et
2918 4716 3039 4769 vult
3070 4722 3129 4769 ut
3163 4718 3521 4773 accendatur.

2114 4802 2285 4870 (lSlD.)
2318 4801 2378 4854 ln
2414 4801 2700 4855 tricesima
2752 4819 2904 4855 nona
2937 4806 3256 4871 mansione,
3288 4812 3419 4873 etc.,
3471 4824 3640 4877 usque
3668 4811 3741 4864 ad

2043 4895 2099 4944 et
2129 4890 2418 4943 intellecta
2448 4890 2669 4944 fortiter
2702 4895 3025 4961 superatur,

2114 4979 2271 5033 Vens.
2308 4980 2394 5033 26.
2430 5010 2495 5018 —
2537 4980 2709 5034 Sehon
2758 4982 2921 5048 regis.
2955 4980 3164 5045 Sehon,
3198 4981 3255 5037 id
3289 4987 3375 5037 est
3403 4984 3692 5056 loquentis
3726 5005 3738 5042 :

2045 5066 2144 5137 qui
2178 5067 2333 5120 enim
2378 5067 2481 5120 sub
2510 5066 2738 5121 diabolo
2770 5070 2968 5137 agunt,
3022 5071 3243 5122 tantum
3300 5070 3457 5141 loqui
3504 5080 3739 5138 norunt,

2045 5154 2142 5208 sed
2173 5154 2367 5209 inania
2396 5156 2731 5226 loquuntur,
2766 5160 2829 5210 ut
2858 5160 2992 5227 pote
3018 5158 3286 5229 astrologi
3308 5160 3487 5231 aliqui
3518 5168 3574 5217 et
3619 5164 3742 5234 phi-

2045 5242 2270 5312 losophi
2294 5258 2306 5308 ;
2328 5242 2583 5296 ﬁdelium
2615 5248 2805 5297 autem
2837 5260 3102 5315 regnum,
3125 5248 3278 5317 quod
3312 5265 3344 5301 a
3366 5250 3475 5304 Deo
3495 5256 3599 5318 est,
3622 5268 3741 5306 non

2046 5330 2107 5383 in
2134 5347 2413 5395 sermone,
2450 5331 2547 5385 sed
2578 5332 2638 5385 in
2669 5331 2874 5387 virtute
2907 5334 3004 5388 Dei
3035 5337 3078 5405 (Ι
3103 5336 3220 5392 Cor.
3256 5337 3350 5407 iv).

2118 5419 2295 5473 Moab.
2350 5418 2534 5490 (ΗΑΒ.)
2581 5420 2740 5474 Moab
2770 5422 2869 5492 qui
2916 5423 3348 5496 interpretatur,
3408 5432 3542 5499 etc.,
3574 5444 3745 5499 usque

2048 5506 2122 5559 ad
2151 5512 2423 5561 corruunt
2453 5514 2510 5562 et
2537 5516 2976 5566 consumuntur.
