3976 6178
264 246 356 298 il9
866 243 1259 298 WALAFRIDI
1300 243 1548 299 STRABI
1591 244 1787 300 FULD.
1829 243 1991 299 MON.
2029 241 2185 300 OPP.
2231 245 2404 302 PARS
2439 246 2483 300 ι.
2523 275 2591 284 ——-
2631 247 3090 306 THEOLOGICA.
3632 263 3723 316 420

328 370 487 422 Vens.
531 369 618 421 27.
670 397 734 407 -—
791 366 998 421 Idcirco
1049 366 1270 421 dicitur.
1331 366 1535 436 (Onic.,
1593 365 1690 420 ubi
1734 367 1952 435 supra.)
1979 368 2025 421 A
2065 367 2355 437 quomodo
2386 367 2739 439 loquendum
2789 370 2863 424 sit
2890 379 3018 425 cum
3051 371 3284 438 talibus,
3315 390 3443 429 cum
3486 377 3728 449 loquatur

251 457 380 513 Alia
411 456 613 522 littera,
658 462 799 523 etc.,
848 471 1016 524 usque
1071 455 1146 509 ad
1176 471 1293 509 non
1324 454 1814 521 Amorrbeeorum,
1851 454 1947 509 sed

257 545 502 600 ﬁliorum
529 545 724 598 Israel.

326 635 489 689 Vens.
520 636 610 688 29.
659 665 725 672 —
773 633 862 686 Vae
890 632 1008 696 tibi,
1043 631 1219 687 Moab.
1249 631 1428 702 (ΗΑΒ.)
1485 631 1727 685 Chamos
1769 631 1949 686 inter-

257 727 532 792 pretatur,
592 725 722 779 etc.
795 736 964 790 usque
1011 721 1086 775 ad
1141 727 1336 775 contra
1394 737 1535 792 quas
1580 720 1822 775 dicitur:
1879 723 1952 776 Νρ

257 810 448 865 tradas
506 811 688 864 bestiis
741 813 954 863 animas
1010 808 1318 880 conﬁtentes
1367 810 1468 864 tibi
1517 811 1679 878 (Psal.
1741 811 1946 881 Lxxm).

328 899 490 952 Vens.
528 901 612 951 32.
666 928 732 937 —
789 896 981 963 Jazer,
1043 898 1094 952 id
1156 905 1241 952 est
1290 897 1684 952 fortitudinem
1727 915 1948 954 eorum.

259 986 588 1042 Fortissima
636 987 845 1041 scilicet
902 987 1299 1041 haereticorum
1350 987 1617 1058 dogmata
1656 987 1950 1042 dialectica

258 1082 377 1130 arte
435 1079 776 1129 constructa.
835 1077 905 1130 Et
945 1075 1316 1143 possederunt.
1358 1075 1443 1129 Ab
1475 1091 1668 1130 errore
1717 1092 1950 1130 conver-

260 1163 434 1219 tendo
467 1168 524 1217 et
581 1166 869 1233 prmcepta
922 1162 1149 1216 Domini
1184 1162 1455 1225 docendo,
1509 1167 1572 1217 ut
1603 1163 1673 1218 de
1726 1179 1948 1229 eorum,

261 1252 610 1308 correctione
642 1256 698 1306 et
727 1251 980 1322 profectu
1019 1251 1302 1305 caelestem
1331 1250 1441 1305 sibi
1461 1251 1706 1322 patriam
1763 1253 1952 1323 acqui-

258 1347 470 1398 rerent.

327 1432 488 1486 Vens.
547 1432 633 1486 33.
669 1461 732 1470 -—
784 1431 865 1497 Og
894 1444 994 1483 res:
1025 1428 1232 1483 Basan.
1269 1428 1474 1497 (Οιιισ.)
1506 1427 1587 1482 Ad
1641 1427 1725 1498 0g
1756 1443 1951 1498 regem

258 1522 456 1588 Basan,
482 1524 613 1584 etc.,
673 1534 842 1588 usque
869 1517 946 1571 ad
974 1517 1034 1572 in
1063 1519 1222 1572 nullo
1243 1517 1395 1572 enim
1428 1523 1613 1588 potest
1645 1516 1947 1571 honestum

257 1627 376 1665 esse
406 1609 558 1682 quod
586 1613 750 1679 turpe
784 1611 887 1661 est.

897 1749 1122 1806 CAPUT
1151 1750 1308 1804 XXII.

328 1879 490 1932 Vens.
542 1879 594 1929 2.
654 1905 718 1914 —
784 1872 986 1928 Videns
1062 1878 1259 1927 autem.
1323 1874 1499 1941 (Are,
1561 1876 1752 1942 quast.
1823 1872 1947 1945 46.)

256 1966 414 2032 Quod
446 1964 582 2019 dicit
607 1962 916 2033 Scriptura,
949 1965 1082 2030 etc.,
1123 1977 1240 2016 non
1292 1977 1422 2015 vero
1458 1977 1586 2015 .una
1621 1977 1760 2032 gens
1807 1967 1948 2027 erat,

254 2055 349 2110 sed
381 2054 508 2108 dua:
537 2052 757 2106 vicinas.

331 2145 486 2198 Vrns.
534 2145 585 2196 5.
646 2172 711 2181 ——
745 2141 898 2195 Misit
940 2154 1064 2207 ergo
1101 2141 1317 2193 nuntios
1369 2139 1444 2193 ad
1494 2139 1717 2194 Balaam
1773 2139 1951 2210 ﬁlium

257 2236 411 2300 Beor,
442 2234 571 2296 etc.,
606 2230 809 2300 (01116.,
840 2230 991 2283 Hom.
1025 2229 1135 2296 13.)
1170 2229 1386 2282 Bellum
1415 2227 1519 2282 tibi
1540 2227 1823 2294 imminet,
1853 2245 1948 2283 rex

257 2324 440 2382 Balac,
473 2326 602 2386 etc.,
635 2333 804 2388 usque
833 2317 907 2371 ad
935 2316 1110 2370 mittit
1138 2332 1274 2387 ergo
1315 2332 1413 2370 rex
1446 2316 1516 2370 ad
1557 2332 1688 2370 eum
1718 2315 1947 2371 dicens:

266 2413 399 2465 Veni
426 2425 588 2473 nunc,
617 2414 666 2462 et
692 2405 922 2460 maledic
954 2406 1091 2458 mihi
1115 2405 1377 2474 populum
1399 2405 1558 2470 hunc,
1591 2409 1702 2458 etc.

327 2500 492 2552 Vens.
553 2499 606 2551 6.
639 2527 704 2535 —
753 2495 815 2550 Si
853 2510 957 2564 quo
985 2493 1140 2547 modo
1168 2495 1392 2562 possim.
1423 2491 1661 2547 Videtur
1715 2508 1829 2546 non
1885 2509 1948 2546 ex

255 2589 481 2658 integro
533 2584 820 2639 conlidere
865 2583 921 2636 in
965 2582 1190 2636 Balaam
1223 2581 1373 2636 fama
1402 2581 1676 2635 virtutum
1707 2597 1834 2651 qum
1890 2582 1947 2636 in

254 2677 467 2751 pOpulo
503 2674 601 2729 Dei
631 2673 792 2727 facta;
825 2677 958 2725 sunt
986 2669 1341 2740 perterritus.

323 2766 462 2820 Novi
492 2764 632 2817 enim
663 2761 808 2830 quod
855 2759 1159 2814 benedictus
1197 2761 1287 2812 sit.
1343 2757 1544 2827 (ORIG.)
1598 2757 1719 2811 Non
1779 2755 1947 2810 credo

254 2868 383 2906 eum
418 2849 559 2904 scire
615 2847 768 2920 quod
798 2845 1234 2918 quibuscunque
1282 2843 1661 2899 benedixisset
1699 2843 1946 2908 Balaam,

2060 456 2233 509 etiam
2263 472 2392 510 cum
2438 457 2698 528 reprobis
2728 475 2741 512 :
2776 459 2876 530 qui
2903 465 2962 514 et
2997 476 3126 514 cum
3155 477 3258 532 per
3285 465 3510 534 angelos
3555 467 3726 540 loqui-

2059 549 2173 610 tur,
2196 545 2315 616 ipse
2342 545 2619 616 loquitur.

2131 633 2333 703 (Onto.,
2369 637 2524 690 Hom.
2583 635 2690 706 l3.)
2725 637 2883 692 Venit
2942 639 3100 706 Deus,
3133 643 3183 693 et
3218 641 3302 695 ait
3343 641 3417 695 ad
3461 659 3586 709 eum,
3633 652 3726 703 etc.

2059 723 2249 800 Potest
2277 723 2448 793 objici
2481 740 2495 777 :
2550 724 2699 779 Licet
2735 725 2963 780 invocet
3011 727 3238 782 Balaam
3272 728 3570 796 daemones,
3605 738 3722 795 etc.,

2061 827 2228 880 usque
2255 812 2327 865 ad
2357 819 2414 866 et
2470 812 2540 866 ad
2586 829 2810 884 magna:
2863 813 2996 868 ﬁdei
3058 821 3466 885 argumentum
3514 836 3729 890 parvum

2059 913 2304 966 puerum
2333 899 2496 969 quasi
2522 916 2798 970 magnum
2816 917 3011 968 regem
3042 902 3296 956 venerati
3325 910 3479 958 sunt.

2133 985 2293 1039 Vens.
2367 989 2450 1041 16.
2503 1018 2566 1027 -
2645 989 2734 1043 Sic
2781 989 2917 1043 dicit
2961 990 3128 1044 Balac
3181 993 3328 1060 ﬁlius
3366 993 3586 1062 Sephor,
3637 1004 3723 1050 etc.

2061 1073 2226 1127 Balac
2281 1075 2532 1130 exclusio
2585 1077 2672 1131 vel
2728 1077 3056 1133 devoratio:
3115 1078 3176 1133 in
3233 1096 3348 1152 quo
3402 1082 3723 1150 signiﬁcatur

2061 1162 2464 1234 mundibujus
2510 1166 2704 1237 aliqua
2747 1165 3035 1221 contraria
3063 1173 3336 1236 potestas,
3387 1185 3517 1240 qua:
3565 1173 3725 1226 exclu-

2060 1251 2194 1306 dere
2235 1256 2292 1307 et
2347 1252 2618 1308 devorare
2676 1255 2837 1326 cupit
2893 1257 3155 1310 Israelem
3211 1255 3587 1327 spiritualem,
3643 1277 3730 1313 nec

2060 1338 2245 1392 utitur
2301 1340 2578 1394 ministris
2612 1341 2722 1395 nisi
2751 1341 3123 1412 pontiﬁcibus
3151 1347 3209 1396 et
3235 1343 3435 1398 scribis
3465 1350 3521 1400 et
3563 1345 3735 1400 Phari-

2062 1427 2206 1482 saais.
2265 1429 2422 1498 Ipsos
2471 1429 2695 1493 invitat,
2741 1431 3057 1486 mercedem
3106 1434 3416 1502 promittit;
3496 1435 3573 1488 illi
3617 1451 3734 1488 vero

2061 1517 2206 1572 sicut
2260 1519 2484 1572 Balaam
2533 1525 2738 1574 cuncta
2785 1522 3060 1576 simulant
3094 1539 3153 1576 se
3208 1524 3276 1578 ad
3311 1525 3611 1578 Dominum
3659 1542 3736 1578 re-

2061 1605 2229 1672 ferre,
2289 1612 2346 1660 et
2396 1609 2516 1662 zelo
2571 1608 2671 1662 Dei
2729 1625 2919 1680 agere.
2982 1610 3188 1665 Dicunt
3244 1613 3445 1666 enim:
3504 1613 3739 1668 Scrutare

2059 1694 2374 1764 Scripturas
2403 1700 2453 1748 et
2493 1695 2618 1749 vide
2647 1698 2778 1765 quia
2804 1698 3074 1766 propheta
3104 1714 3139 1752 a
3165 1698 3393 1754 Galilaza
3420 1715 3526 1753 non
3552 1702 3734 1766 surgit.

2061 1783 2164 1837 Et:
2221 1785 2331 1840 Nos
2387 1785 2552 1851 legem
2608 1785 2880 1847 habemus,
2931 1790 2983 1840 et
3035 1787 3327 1841 secundum
3382 1790 3547 1855 legem
3601 1787 3740 1842 debet

2057 1873 2216 1932 mori.
2251 1873 2381 1940 quia
2417 1873 2622 1926 Filium
2653 1875 2754 1927 Dei
2778 1889 2834 1928 se
2855 1877 2986 1940 fecit
3019 1873 3206 1945 (Joan.
3241 1892 3340 1941 vn,
3371 1877 3504 1946 xxx).

2131 1959 2289 2014 Vens.
2356 1963 2438 2015 l8.
2504 1990 2564 2000 —
2615 1963 2678 2018 Si
2723 1962 2932 2016 dederit
2978 1964 3116 2017 mihi
3170 1965 3354 2029 Balac,
3403 1971 3512 2019 etc.
3565 1965 3739 2035 (Aea,

2058 2052 2246 2116 quaest.
2280 2052 2388 2117 48.)
2419 2049 2580 2113 Quod
2619 2050 2700 2104 ait
2746 2051 2938 2105 Balam
2982 2051 3189 2106 iterum
3219 2053 3288 2107 ad
3323 2069 3382 2108 se
3413 2053 3596 2108 missis
3645 2053 3739 2106 bo-

2059 2136 2442 2190 noratioribus
2475 2137 2714 2206 nuntiis,
2745 2143 2875 2204 etc.,
2898 2155 3068 2209 usque
3097 2140 3171 2194 ad
3203 2141 3351 2195 unde
3381 2143 3562 2197 Secuti
3604 2142 3744 2195 uiam

2061 2227 2288 2280 Balaam
2309 2226 2424 2294 ﬁlii
2447 2228 2584 2280 Beor
2616 2229 2714 2295 qui
2754 2228 3044 2282 mercedem
3084 2231 3397 2299 iniquitatis
3428 2230 3639 2284 dilexit.

2129 2313 2284 2367 Vens.
2333 2315 2422 2367 20.
2463 2345 2529 2354 -—
2593 2316 2749 2369 Venit
2777 2331 2902 2382 ergo
2957 2318 3114 2372 Deus.
3178 2318 3441 2372 Molestus
3492 2322 3576 2372 est
3632 2318 3740 2372 Deo

2060 2401 2310 2469 Balaam,
2342 2407 2397 2454 et
2424 2418 2599 2474 prope
2621 2408 2923 2476 extorquet
2945 2405 3200 2474 permitti
3231 2406 3364 2471 sibi,
3399 2412 3466 2461 ut
3496 2411 3588 2460 eat
3625 2421 3739 2459 ma-

2057 2489 2302 2544 ledicere
2360 2489 2492 2543 [iliis
2546 2490 2739 2558 Israel,
2797 2497 2855 2547 et
2881 2491 3103 2552 invocet
3139 2493 3427 2549 daemones
3476 2495 3544 2549 ad
3577 2509 3741 2565 quem

2051 2579 2171 2650 jam
2203 2583 2436 2632 venerat
2469 2579 2637 2634 Deus.

2129 2666 2329 2737 (0mm,
2399 2669 2549 2722 Hom.
2622 2667 2730 2738 13.)
2791 2668 3029 2723 Difficile
3079 2675 3160 2724 est
3235 2670 3294 2724 in
3355 2669 3748 2741 explanatione

2057 2755 2329 2821 historim,
2361 2759 2494 2823 etc.,
2518 2770 2688 2826 usque
2717 2757 2792 2810 ad
2820 2757 2956 2826 quia
2995 2758 3146 2828 apud
3177 2759 3353 2813 Deum
3410 2761 3594 2814 otiosa
3639 2774 3748 2812 non

2057 2849 2193 2898 sunt
2224 2859 2325 2898 nec
2354 2844 2632 2898 malorum
2665 2860 2769 2898 nec
2790 2846 3072 2900 bonorum
3102 2862 3306 2917 opera.-

254 2937 533 2994 benedicti
562 2942 768 3003 essent,
803 2935 898 2989 sed
930 2933 1202 2989 adulandi
1231 2934 1416 3005 gratia
1472 2933 1593 2986 hinc
1633 2931 1842 2998 dicere,
1882 2936 1945 2985 ut
1985 2935 2024 2990 C
2127 2935 2188 2988 Si
2217 2948 2432 2987 vocare.
2479 2934 2662 3003 (ΗΑΒ.)
2695 2934 2922 2988 Balaam
2973 2935 3200 2990 divinus
3226 2940 3368 3004 erat,
3409 2941 3541 3010 etc.,
3586 2951 3750 3006 usque

259 3033 447 3082 autem
483 3027 606 3096 ejus
636 3025 908 3080 extollens
954 3023 1371 3094 promptiorem
1416 3021 1523 3075 sibi
1553 3021 1781 3075 faceret.
1843 3022 1950 3074 Ars

251 3117 403 3171 enim
463 3116 709 3186 magicas
759 3112 936 3168 nescit
966 3111 1317 3178 benedicere,
1351 3125 1455 3164 nec
1514 3108 1806 3164 dtemones
1845 3108 1950 3163 scit

251 3206 590 3261 benedicere
624 3205 794 3264 Isaac,
842 3208 899 3255 et
926 3201 1118 3266 Jacob,
1147 3205 1202 3255 et
1231 3215 1429 3254 omnes
1477 3199 1656 3253 sancti
1693 3216 1706 3254 :
1737 3199 1945 3270 impio-

252 3310 380 3349 rum
412 3294 604 3348 nullus
634 3289 972 3345 benedicere
1011 3288 1188 3343 novit.

323 3385 484 3437 Vens.
511 3386 564 3436 7.
599 3411 664 3420 —
709 3379 1079 3433 Divinationis
1130 3379 1383 3446 pretium.
1435 3375 1546 3430 Alii
1579 3392 1592 3429 :
1626 3377 1949 3430 Divinacula

252 3476 311 3528 in
340 3471 574 3537 artibus,
619 3485 760 3540 quas
789 3466 1088 3521 curiositas
1133 3466 1384 3519 humana
1411 3465 1752 3534 composuit.
1801 3464 1948 3518 Sunt

252 3560 516 3632 quaedam
547 3575 676 3628 quae
713 3555 1001 3626 Scriptura
1045 3553 1367 3608 divinacula
1413 3551 1745 3606 nominavit.
1806 3552 1950 3607 Gen-

251 3649 365 3704 tilis
414 3652 606 3702 autem
663 3643 1015 3699 consuetudo
1064 3642 1152 3696 vel
1184 3641 1436 3712 tripodas
1467 3642 1552 3694 vel
1585 3639 1836 3694 cortinas
1859 3639 1946 3694 vel

253 3735 579 3808 liujusmodi
626 3732 914 3788 vocabulis
965 3730 1234 3802 appellat,
1287 3746 1418 3801 quae
1495 3729 1658 3800 quasi
1716 3728 1787 3783 ad
1839 3729 1946 3783 hoc

251 3830 594 3893 consecrata,
623 3821 842 3877 moveri
875 3821 942 3875 ab
991 3820 1073 3875 eis
1103 3825 1160 3874 et
1197 3817 1533 3874 contrectari
1591 3818 1792 3872 solent.
1836 3817 1943 3872 Sed

254 3915 447 3971 divina
475 3913 766 3984 Scriptura
807 3910 1008 3981 prod
1036 3910 1340 3963 vernaculo
1391 3923 1651 3961 sermone
1675 3907 1941 3961 nominat

253 4007 311 4059 in
345 4002 657 4076 prophetis,
715 4000 868 4072 quod
920 3999 1153 4054 tradunt
1197 4013 1314 4052 csse
1348 3995 1750 4051 indumentum
1809 4012 1943 4066 pro-

251 4093 611 4164 phetantium
669 4090 726 4159 (Ι
776 4089 913 4156 Reg.
959 4089 1105 4150 xxx).
1159 4085 1330 4140 Aliud
1389 4089 1582 4138 tamen
1637 4081 1698 4136 in
1754 4081 1946 4136 divina

251 4181 542 4252 Scriptura
577 4176 899 4249 prophetia,
933 4175 1088 4229 aliud
1121 4173 1418 4228 divinatio.
1452 4170 1548 4226 Ait
1590 4171 1744 4226 enim
1783 4187 1796 4224 :
1828 4171 1944 4226 Non

250 4273 354 4325 erit
405 4270 695 4336 auguratio
750 4267 811 4319 in
857 4263 1041 4332 Jacob,
1100 4277 1272 4331 neque
1317 4261 1589 4315 divinatio
1644 4261 1702 4312 in
1752 4259 1940 4314 Israel.

251 4359 560 4414 Abdicatur
589 4371 724 4425 ergo
760 4351 988 4424 penitus
1014 4349 1309 4417 divinatio,
1342 4364 1514 4420 opere
1549 4347 1702 4402 enim
1745 4352 1803 4401 et
1836 4346 1942 4400 mi-

250 4447 487 4503 nisterio
519 4445 847 4499 daemonum
880 4440 1170 4511 impletur.
1206 4440 1387 4509 Igitur
1445 4437 1671 4491 Balaam
1702 4435 1946 4504 acceptis

251 4534 606 4600 divinaculis,
664 4547 794 4586 cum
833 4530 1079 4583 solerent
1131 4528 1201 4582 ad
1263 4544 1320 4581 se
1377 4526 1668 4580 daemones
1727 4524 1941 4592 venire,

250 4627 476 4697 fugatos
520 4621 673 4676 videt
725 4624 782 4673 et
821 4619 998 4671 Deum
1041 4616 1284 4670 adesse:
1338 4629 1509 4685 quem
1541 4612 1669 4666 ideo
1699 4609 1835 4665 dicit
1886 4627 1944 4665 se

249 4713 628 4782 interrogare,
668 4707 805 4780 quia
833 4709 1131 4760 consuetos
1171 4703 1278 4757 sibi
1311 4717 1588 4773 apparere
1621 4717 1737 4755 non
1767 4700 1940 4754 videt.

252 4801 416 4856 Venit
455 4816 592 4871 ergo
645 4799 793 4852 Dens
849 4802 918 4850 ad
970 4793 1214 4858 Balaam,
1260 4807 1375 4846 non
1424 4789 1560 4860 quia
1613 4788 1688 4842 sit
1716 4786 1942 4858 dignus.

253 4890 350 4946 sed
372 4899 431 4944 ut
462 4887 734 4959 fugentur
763 4885 844 4940 illi
874 4883 972 4956 qui
1017 4883 1084 4936 ad
1122 4880 1580 4936 maledicendum
1626 4883 1682 4932 et
1713 4876 1942 4932 malefa-

250 4977 517 5031 ciendum
544 4977 739 5030 adesse
770 4976 1180 5028 consueverant
1213 4987 1225 5025 :
1262 4969 1392 5024 hinc
1423 4967 1577 5023 enim
1609 4965 1946 5038 providebat

255 5065 404 5121 Deus
426 5063 638 5136 populo
670 5080 789 5117 suo.

330 5155 488 5207 Vens.
543 5154 668 5206 8.—
707 5153 860 5203 Venit
891 5152 1048 5210 Deus,
1075 5153 1177 5201 etc.
1225 5146 1348 5200 Non
1401 5145 1610 5200 dicitur
1640 5147 1833 5197 utrum
1882 5141 1941 5196 in

253 5239 468 5295 somnis
525 5238 630 5292 hoc
681 5236 892 5290 factum
923 5234 1015 5303 sit,
1053 5231 1312 5305 quamvis
1351 5248 1452 5302 per
1475 5235 1700 5284 noctem
1736 5229 1941 5282 factum

252 5345 374 5383 esse
405 5331 644 5380 constet.
681 5325 880 5378 Postea
913 5322 1066 5376 enim
1098 5319 1236 5375 dicit
1265 5319 1557 5389 Scriptura
1587 5337 1602 5370 :
1634 5319 1943 5383 Earsurgens

252 5420 477 5474 Balaam
507 5428 682 5473 mane,
715 5417 820 5468 etc.

325 5501 836 5574 Nemo'glorietur,
868 5498 911 5552 si
947 5496 1053 5551 sibi
1099 5496 1249 5550 Deus
1279 5494 1552 5566 loquitur.
1593 5492 1756 5547 Novit
1786 5490 1939 5545 enim

2055 3021 2129 3075 ad
2160 3037 2275 3074 non
2308 3025 2422 3074 tam
2471 3021 2638 3076 corde
2693 3027 2751 3076 et
2780 3039 2970 3091 sensu,
3005 3040 3179 3095 quam
3223 3041 3322 3080 ore
3353 3031 3410 3079 et
3462 3041 3744 3080 sermone.

2129 3109 2327 3180 (ORIG.)
2367 3109 2425 3163 Si
2459 3108 2650 3163 videas
2695 3110 3040 3166 contrariam
3092 3117 3452 3184 potestatem,
3501 3119 3632 3180 etc.,
3663 3128 3750 3167 us-

2057 3213 2162 3266 que
2189 3198 2261 3250 ad
2287 3197 2498 3250 scilicet
2529 3213 2594 3252 ex
2621 3198 2892 3268 gentibus
2923 3199 3238 3254 credentes.

2125 3287 2288 3340 Vens.
2313 3287 2401 3338 22.
2436 3316 2501 3326 —
2533 3287 2800 3356 Stetitque
2829 3288 3051 3354 angelus
3105 3287 3354 3343 Domini.
3385 3288 3495 3353 Qui
3555 3289 3750 3344 aderat

2054 3372 2267 3427 scilicet
2316 3373 2446 3427 ﬁliis
2493 3375 2686 3438 Israel,
2729 3375 2799 3429 de
2855 3391 2968 3446 quo
3036 3375 3314 3447 scriptum
3345 3383 3470 3432 est:
3514 3378 3750 3445 Angelus

2053 3477 2198 3516 meus
2225 3461 2325 3517 ibit
2359 3467 2527 3517 tecum
2559 3462 2757 3531 (Eccod.
2792 3465 3003 3533 xxxm).

2125 3551 2288 3604 Vens.
2321 3554 2414 3606 23.
2474 3581 2543 3592 —
2583 3551 2809 3608 Ccrncns
2855 3552 3019 3608 asina
3050 3554 3299 3622 angelum
3336 3558 3592 3610 stantem.
3649 3555 3751 3608 Ma-

2055 3653 2160 3707 gus
2200 3637 2489 3692 daemones
2535 3639 2710 3705 videt,
2765 3640 2922 3694 asina
2970 3641 3239 3712 angelum
3299 3659 3414 3698 non
3477 3643 3630 3715 quod
3680 3643 3749 3696 sit

2055 3726 2232 3796 digna
2288 3727 2505 3796 videre,
2566 3727 2710 3782 sicut
2765 3745 2868 3783 nec
2918 3729 3094 3801 loqui,
3159 3730 3255 3785 sed
3312 3736 3377 3786 ut
3431 3732 3758 3787 confutatur

2057 3815 2303 3880 Balaam,
2346 3816 2500 3869 unde
2548 3821 2773 3872 mutum
2809 3817 3019 3871 animal
3077 3819 3266 3889 arguit
3302 3821 3605 3892 propheta:
3661 3819 3758 3875 de-

2055 3902 2350 3956 mentiam.

2124 3992 2334 4061 (Gneo.,
2395 3993 2523 4047 Past
2554 4033 2568 4058 ,
2601 3998 2747 4062 part.
2807 4010 2891 4060 Ill,
2941 3994 3094 4049 adm.
3136 3995 3241 4066 l3.)
3277 3996 3505 4052 Balaam
3558 4013 3755 4069 perve-

2053 4079 2176 4134 nire
2225 4080 2294 4134 ad
2341 4082 2694 4150 prOpositum
2750 4082 2950 4150 tendit,
3004 4088 3136 4147 etc.,
3185 4100 3355 4155 usque
3398 4087 3474 4140 ad
3523 4087 3662 4158 quia
3692 4086 3758 4140 ad

2057 4168 2513 4222 maledicendum
2561 4186 2806 4241 pergens
2861 4188 3075 4239 vocem,
3138 4189 3253 4227 non
3294 4180 3572 4241 mentem,
3632 4191 3757 4230 mu-

2063 4255 2219 4311 tavit.

2124 4347 2286 4400 Vens.
2318 4347 2407 4401 25.
2465 4375 2532 4384 —
2562 4344 2791 4400 Parieti.
2828 4346 2886 4400 Id
2920 4351 3025 4413 est,
3063 4347 3323 4403 macerias
3353 4349 3510 4404 illius
3553 4350 3755 4415 vinea’,

2055 4433 2115 4486 in
2145 4449 2258 4504 qua
2289 4449 2404 4487 non
2435 4436 2557 4487 erat
2597 4435 2850 4504 angelus,
2884 4435 3157 4506 quoniam
3193 4436 3260 4489 ab
3301 4437 3412 4491 alia
3440 4445 3608 4510 parte
3639 4442 3761 4493 erat

2055 4523 2112 4576 in
2137 4522 2309 4575 sulcis
2333 4521 2653 4589 vinearum,
2678 4523 2844 4592 juxta
2858 4522 3250 4596 Septuaginta.

2128 4613 2288 4664 Vens.
2323 4613 2411 4664 26.
2448 4641 2514 4651 —
2562 4611 2660 4665 Ad
2689 4613 2880 4666 locum.
2923 4612 3043 4665 Non
3069 4613 3191 4682 jam
3248 4613 3305 4667 in
3347 4615 3516 4669 sulcis
3560 4616 3756 4670 vinea-

2050 4712 2202 4762 rum,
2247 4695 2343 4749 sed
2398 4695 2548 4748 inter
2576 4695 2728 4764 ipsas
2761 4696 3058 4764 macerias,
3090 4697 3142 4750 id
3174 4706 3258 4749 est
3298 4698 3356 4752 in
3409 4700 3498 4753 via
3531 4701 3759 4754 obstitit

2052 4791 2118 4838 ut
2148 4800 2262 4838 non
2293 4789 2484 4854 posset
2513 4783 2582 4838 ad
2638 4783 2929 4838 dexteram
2980 4801 3166 4856 neque
3219 4786 3290 4840 ad
3325 4787 3622 4842 sinistram
3655 4789 3758 4842 ire.

2124 4873 2282 4927 Vens.
2341 4875 2426 4926 ‘27.
2501 4901 2570 4912 ——
2624 4872 2868 4929 Concidit
2920 4873 3041 4940 sub,
3113 4879 3220 4928 etc.
3279 4875 3389 4940 Qui
3434 4893 3581 4930 caesa
3643 4893 3762 4930 non

2053 4961 2155 5016 ivit
2195 4966 2366 5027 retro,
2421 4960 2480 5014 in
2527 4966 2747 5031 partem
2789 4977 2908 5014 non
2961 4962 3284 5028 declinavit,
3317 4965 3452 5034 quia
3507 4981 3628 5020 non
3691 4965 3762 5018 ab

2051 5049 2227 5102 altera
2266 5051 2435 5118 “parte
2468 5048 2808 5114 terrebatur,
2845 5047 2944 5102 sed
2973 5049 3033 5103 iu
3073 5050 3261 5104 media
3289 5053 3376 5104 via
3408 5052 3466 5106 in
3506 5058 3760 5123 angusto

2051 5142 2173 5190 erat
2200 5136 2456 5206 angelus.

2123 5226 2283 5278 Vens.
2349 5226 2436 5278 28.
2497 5255 2562 5263 —
2612 5225 2980 5294 Aperuitque.
3040 5225 3107 5280 Ut
3147 5232 3424 5298 arguatur
3466 5245 3577 5299 per
3629 5245 3761 5285 eam

2056 5314 2305 5380 Balaam,
2355 5317 2412 5364 et
2456 5319 2627 5365 mutae
2685 5313 2918 5382 pecudis
2970 5314 3200 5369 vocibus
3247 5316 3599 5386 confutatur,
3659 5317 3763 5389 qui

2052 5400 2278 5457 divinus
2306 5399 2604 5454 videbatur
2629 5405 2686 5453 et
2715 5401 2964 5471 sapiens.

2133 5491 2202 5544 Et
2235 5490 2412 5543 locuta
2441 5492 2533 5542 est.
2586 5487 2764 5560 (1310.)
2791 5489 2962 5544 Asina
3009 5489 3100 5544 cui
3159 5491 3384 5546 Balaam
3437 5493 3621 5561 sedet,
3655 5511 3762 5549 an-
