3976 6178
126 281 214 332 iiii

1275 270 1525 326 GLOSSA
1561 267 1961 324 ORDINABIA.
2002 295 2067 304 —
2110 265 2241 321 LIB.
2280 263 2449 319 NUM.

3527 257 3633 309 422

124 402 309 473 gelum
358 399 530 463 videt,
579 401 636 453 et
689 397 979 468 loquitur;
1026 394 1081 449 id
1134 398 1218 448 est
1273 393 1442 449 bruta
1497 392 1815 459 Gentilitas,
1856 396 1899 449 Α
1932 392 2148 462 patitur
2176 390 2274 445 illa
2318 403 2448 460 quas
2478 384 2841 441 in'secundo
2874 383 3019 439 libro
3070 385 3289 456 Regum
3325 389 3458 441 sunt
3498 386 3638 441 scri-

126 506 291 562 quam
324 488 616 559 quondam
660 487 909 549 Balaam,
940 484 993 537 id
1026 489 1127 547 est,
1164 482 1426 537 seductor
1461 483 1817 551 idololatriae,

130 580 280 650 quasi
327 580 559 632 brutum
610 576 821 629 animal
865 580 919 627 et
949 574 1107 628 nulla
1156 574 1373 627 ratione
1406 572 1675 637 renitens,
1707 588 1821 642 quo

129 668 298 721 voluit
353 682 547 718 errore
618 662 967 725 substravit;
1039 661 1131 715 sed
1183 661 1291 715 ista
1345 662 1617 731 angelum
1684 660 1824 713 vidit

132 772 294 828 quem
348 755 521 809 homo
574 754 763 807 videre
818 768 935 805 non
994 751 1197 822 potuit,
1241 756 1296 804 et
1328 750 1483 817 vidit,
1534 755 1589 803 et
1621 749 1825 804 detulit

133 852 181 900 et
225 846 420 898 locuta
464 848 586 906 est;
620 847 685 895 ut
733 856 1172 911 agnosceremus
1223 838 1325 892 sub
1355 838 1602 893 adventu
1630 838 1826 909 magni

134 933 333 1004 angeli,
362 932 517 985 illam
550 930 821 1001 gentilem
852 928 1076 999 plebem
1114 934 1330 981 mutata
1360 928 1570 981 duritie
1600 928 1825 983 stolidi-

131 1024 369 1093 tatisque
401 1025 603 1074 natura
633 1017 835 1072 solutis
867 1019 980 1071 Deo
1012 1016 1223 1087 linguis
1258 1016 1595 1070 locuturam.

195 1110 359 1179 (OBIG
390 1148 406 1175 ,
460 1108 598 1160 hom.
656 1106 757 1173 li).
793 1105 964 1158 Asina
1008 1103 1099 1156 cui
1132 1103 1358 1157 Balaam
1410 1103 1660 1169 sedebat,
1694 1106 1824 1157 etc.‘

132 1215 290 1268 usque
323 1196 399 1251 ad
448 1197 631 1266 major
671 1199 861 1248 autem
889 1192 976 1247 his
1024 1192 1289 1257 cbaritas,
1338 1207 1466 1262 quae
1516 1193 1633 1246 sola
1677 1208 1829 1246 nun-

134 1304 299 1360 quam
327 1286 498 1340 cadit.

200 1378 363 1429 Vens.
410 1376 500 1427 29.
552 1401 625 1413 —
679 1370 993 1441 Respondit.
1057 1368 1336 1423 Nimirum
1392 1373 1551 1423 tanta
1608 1367 1829 1438 cupidi-

139 1469 244 1519 tate
270 1464 478 1534 plenus
509 1460 817 1522 ferebatur,
846 1465 908 1513 ut
948 1474 1049 1511 nec
1092 1456 1238 1511 tanti
1287 1456 1525 1510 monstri
1557 1455 1830 1510 miraculo

142 1555 471 1613 terreretur,
526 1552 583 1601 et
638 1546 997 1617 responderit
1053 1544 1214 1617 quasi
1273 1546 1342 1599 ad
1400 1544 1693 1599 hominem
1742 1542 1833 1595 lo-

146 1657 351 1713 quens;
384 1654 514 1691 cum
550 1639 697 1691 Deus
731 1652 845 1691 non
886 1634 1061 1688 asina:
1097 1634 1369 1699 animam,
1405 1634 1464 1686 in
1494 1631 1831 1686 rationalem

145 1735 402 1783 naturam
463 1725 747 1790 vertisset;
800 1723 895 1777 sed
946 1722 1099 1793 quod
1149 1722 1230 1775 illi
1285 1722 1577 1792 placuerat
1624 1736 1692 1774 ex
1740 1718 1835 1772 illa

146 1832 339 1871 sonare
363 1814 587 1868 fecisset
616 1813 684 1865 ad
720 1812 873 1865 illius
933 1812 1222 1864 vesaniam
1257 1810 1633 1864 cohibendam
1658 1829 1672 1875 ;
1696 1808 1838 1862 illud

146 1906 278 1960 forte
308 1905 727 1976 praetigurans:
784 1904 925 1969 Quia
977 1903 1147 1955 stulta
1174 1901 1368 1955 mundi
1405 1901 1560 1968 elegit
1589 1903 1748 1967 Deus,
1780 1903 1839 1952 ut

146 1994 493 2059 confunderet
521 1994 808 2061 sapientes,
842 2007 946 2061 pro
979 1990 1264 2059 spirituali
1302 1994 1357 2042 et
1389 2004 1518 2041 vero
1546 1987 1739 2042 Israel.

213 2084 373 2137 Vens.
429 2084 515 2136 38.
578 2110 646 2122 —
699 2082 830 2134 Ecce
885 2079 1106 2133 adsum:
1168 2077 1433 2146 Nunquid
1491 2076 1645 2131 aliud
1694 2077 1845 2144 loqui

149 2179 320 2243 potero
379 2173 492 2225 nisi
547 2169 692 2239 quod
749 2171 907 2233 Deus,
971 2172 1077 2220 etc.
1120 2167 1324 2238 (ORIG.,
1382 2167 1521 2221 hom.
1572 2166 1687 2235 15.)
1742 2166 1844 2219 Ba-

152 2264 287 2315 laam
319 2260 385 2314 in
432 2258 737 2329 Scripturis
783 2271 936 2310 nunc
987 2255 1400 2325 vituperabilis,
1456 2272 1607 2309 nunc
1642 2254 1845 2307 lauda-

159 2350 275 2404 bilis
304 2348 564 2420 ponitur,
616 2350 746 2411 etc.,
794 2360 961 2413 usque
992 2343 1066 2397 ad
1112 2344 1359 2410 Balaam,
1397 2342 1755 2397 illuminatus
1776 2341 1847 2394 ab

160 2439 246 2492 illo
302 2435 565 2491 Lucifero
623 2434 691 2488 de
750 2449 864 2504 quo
913 2432 1157 2486 dicitur:
1220 2432 1300 2485 Et
1347 2431 1607 2500 quomodo
1658 2431 1851 2486 cecidit

161 2527 377 2592 Lucifer
404 2528 502 2594 qui
528 2539 683 2578 mane
711 2521 986 2576 oriebatur
1004 2523 1033 2575 ?
1061 2523 1194 2590 (lsa.
1224 2520 1353 2590 xxv.)

779 2661 1002 2715 CAPUT
1042 2662 1224 2714 XXIII.

226 2792 385 2843 Vens.
443 2792 495 2840 7.
546 2816 615 2825 -
653 2787 805 2851 Veni,
856 2784 1066 2855 inquit,
1128 2790 1177 2863 et
1222 2784 1452 2837 maledic
1493 2783 1631 2836 mihi
1671 2782 1853 2836 Jacob.

165 2879 325 2945 (ORIG.
381 2876 522 2928 hom.
575 2874 683 2941 15.)
716 2874 779 2926 In
811 2873 1024 2926 Latinis
1072 2872 1455 2937 sermonibus,
1514 2877 1644 2938 etc.,
1690 2886 1858 2939 usque

165 2967 229 3020 ad
255 2967 504 3035 ideoque
538 2962 671 3017 dicit
700 2961 936 3015 verbum
971 2960 1070 3014 Dei
1101 2960 1351 3030 positum
1382 2963 1440 3013 in
1469 2976 1557 3014 ore
1582 2960 1720 3027 ejus.

229 3057 388 3109 Vens.
438 3055 487 3107 8.
523 3080 591 3091 —
644 3050 915 3116 Quomodo
965 3050 1301 3104 maledicam.
1362 3050 1485 3118 (11).)
1532 3049 1658 3103 Alia
1703 3048 1852 3102 litte-

166 3162 237 3209 ra,
292 3150 427 3207 etc.,
475 3156 643 3209 usque
680 3139 754 3193 ad
783 3144 837 3193 et
869 3138 1282 3209 pronuntiandi
1339 3138 1644 3192 auctoritas
1700 3136 1855 3207 peri-

168 3236 364 3285 matur.

232 3318 328 3373 Cui
382 3331 498 3371 non
542 3313 888 3367 maledixerit
948 3315 1104 3367 Deus.
1153 3312 1260 3376 Qui
1313 3315 1535 3366 tantum
1590 3311 1861 3366 meritum

173 3406 423 3475 designat
454 3403 579 3472 ejus
608 3401 698 3454 cui
752 3401 1130 3470 maledicitur,
1161 3406 1216 3454 et
1242 3400 1587 3454 sententiam
1628 3401 1860 3471 promit,

175 3510 334 3564 quem
368 3508 488 3546 non
518 3492 759 3561 qualitas
787 3492 1017 3561 peccati,
1050 3506 1154 3542 nec
1186 3489 1327 3542 fallit
1356 3489 1588 3543 affectus
1618 3505 1864 3559 peccan-

177 3584 275 3636 tis:
306 3584 484 3637 homo
529 3587 718 3633 autem
766 3585 1035 3632 neutrum
1087 3579 1265 3643 novit,
1298 3584 1353 3632 et
1398 3594 1547 3648 saepe
1598 3577 1867 3633 conviciis

178 3678 263 3725 aut
298 3669 528 3740 injuriis
571 3674 907 3738 provocatus
947 3667 1254 3720 maledicit.
1291 3666 1419 3721 Ideo
1454 3667 1591 3721 dicit
1616 3670 1867 3737 Aposto-

180 3760 291 3813 lus:
350 3756 660 3814 Bmedicite
714 3760 764 3808 et
814 3756 977 3809 nolite
1027 3754 1343 3810 maledicere
1399 3757 1571 3827 (Rom.
1624 3758 1746 3828 x11),
1809 3762 1873 3811 ut

180 3846 528 3902 conviciandi
560 3845 762 3899 vitium
786 3850 1087 3898 resecetur.

240 3938 401 3991 Vens.
456 3938 509 3989 9.
545 3965 609 3974 —
642 3936 720 3989 De
756 3936 997 3999 summis,
1042 3937 1147 3986 etc.
1182 3932 1373 3998 Quasi,
1424 3933 1550 3987 ideo
1607 3948 1725 3987 non
1776 3934 1873 3987 de-

182 4026 264 4079 bet
295 4022 585 4089 maledici,
637 4022 772 4094 quia
830 4023 945 4077 alta
979 4026 1034 4075 et
1075 4022 1317 4075 ccelestis
1359 4022 1481 4091 ejus
1528 4021 1659 4076 vita.
1697 4022 1873 4076 Nemo

185 4114 446 4185 intelligit
502 4128 649 4187 eam,
684 4111 791 4165 nisi
821 4111 893 4165 ad
944 4110 1292 4165 eminentem
1342 4109 1637 4164 scientiam
1682 4126 1875 4164 ascen-

185 4201 337 4257 derit.

252 4291 458 4357 (ORIG.)
520 4288 641 4342 Alia
675 4288 885 4354 littera,
945 4292 1031 4341 etc
1064 4302 1279 4355 ,usque
1344 4286 1418 4340 ad
1472 4290 1881 4357 consurgentes

189 4394 308 4431 cum
340 4376 570 4431 Christo
603 4374 958 4429 exercuerint
987 4390 1159 4441 super
1188 4380 1421 4429 terram.

260 4465 417 4530 Vide,
471 4468 577 4517 etc.
629 4466 798 4516 Actus
843 4462 1030 4524 Jacob,
1072 4462 1128 4515 id
1175 4466 1259 4516 est
1306 4462 1639 4527 activorum,
1686 4461 1883 4515 viden-

192 4559 316 4607 tur:
355 4552 767 4621 contemplatio
824 4551 1015 4612 Israel.
1067 4550 1125 4605 id
1165 4556 1249 4604 est
1295 4551 1885 4621 contemplativorum,

194 4648 411 4697 tantum
481 4640 844 4711 intelligitur.
918 4640 1037 4706 Vel,
1096 4639 1156 4693 in
1214 4640 1405 4694 futura
1478 4640 1887 4694 resurrectione

193 4730 377 4793 Jacob,
428 4728 732 4792 videbitur,
764 4727 821 4781 id
853 4732 935 4781 est
966 4743 1172 4796 corpus
1202 4726 1373 4783 Israel
1421 4727 1780 4797 intelligitur,
1831 4727 1890 4781 id

194 4824 285 4877 est.
318 4816 747 4886 resurgentium
778 4814 969 4869 anima
1003 4820 1058 4868 et
1086 4814 1339 4884 spiritus.

1930 488 2044 553 pta.

2001 569 2163 622 Vens.
2227 568 2310 621 10.
2363 594 2431 605 -
2492 566 2762 618 Moriatur
2816 564 3002 617 anima
3060 578 3198 615 mea.
3256 562 3394 632 (11).)
3445 563 3522 617 De
3580 578 3638 617 se

1932 657 2272 728 prophetare
2319 654 2585 707 videtur:
2638 651 2735 705 sed
2786 651 3096 705 secundum
3149 650 3400 704 litteram
3429 666 3534 704 nec
3577 653 3639 705 in

1934 745 2181 809 Balaam,
2234 758 2337 795 nec
2385 741 2444 793 in
2496 740 2593 792 illo
2625 738 2796 792 Israel
2845 738 3056 791 factum
3101 743 3203 804 est,
3236 753 3339 791 nec
3385 736 3638 809 ﬁeripo-

1933 833 2063 897 tuit,
2095 848 2199 885 nec
2229 830 2383 883 enim
2432 828 2580 881 intra
2604 826 2779 897 ipsos,
2827 825 2926 880 sed
2958 827 3028 879 ab
3061 825 3199 896 ipsis
3230 830 3490 880 mortuus
3517 830 3629 882 est.

2006 920 2125 987 (In.)
2186 917 2455 972 Moriatur
2508 916 2700 970 anima
2754 932 2882 969 mea
2933 922 3112 969 morte
3162 916 3637 985 justorum,etc.,

1934 1024 2102 1076 usque
2154 1006 2266 1061 ad:
2324 1005 2417 1060 sed
2469 1005 2601 1074 ﬁdes
2658 1020 2776 1073 quae
2822 1020 2918 1074 per
2980 1005 3324 1060 dilectionem
3383 1011 3642 1074 operatur

1939 1096 2080 1167 (Gal.
2118 1096 2193 1166 v).

2009 1161 2226 1253 (011116.,
2303 1182 2400 1237 lib.
2472 1198 2639 1235 χχχιιι
2709 1182 2924 1248 Μοναι.,
3000 1198 3121 1253 cap.
3167 1161 3295 1252 .27.)
3362 1183 3647 1239 Moriatur

1938 1275 2125 1325 anima
2179 1286 2297 1325 mea
2351 1275 2519 1324 morte
2558 1272 2853 1338 justorum,
2898 1276 2947 1324 et
3001 1273 3137 1339 fiant
3185 1273 3479 1325 novissima
3524 1288 3643 1326 mea

1941 1362 2151 1426 horum,
2180 1365 2285 1414 etc.
2314 1358 2471 1413 Multi
2502 1357 2650 1412 intra
2672 1358 2996 1423 Ecclesium,
3026 1365 3159 1426 etc.,
3181 1373 3349 1427 usque
3369 1361 3444 1413 ad
3465 1360 3639 1426 unde,

1948 1452 2141 1505 Vultus
2185 1451 2298 1518 ejus
2341 1464 2447 1502 non
2500 1451 2626 1501 sunt
2677 1448 2910 1516 amplius
2961 1449 3019 1500 in
3075 1446 3295 1501 diversa
3353 1451 3554 1503 mutati
3590 1450 3640 1518 (l

1942 1543 2069 1606 Reg.
2106 1539 2168 1605 1).

2013 1630 2082 1683 Et
2111 1626 2251 1697 ﬁant
2278 1626 2574 1679 novissima.
2623 1640 2742 1677 mea
2793 1624 3003 1689 horum,
3038 1628 3142 1679 etc.
3196 1622 3403 1693 (0316.)
3434 1624 3554 1680 Hoc
3587 1626 3645 1681 in

1948 1714 2140 1784 Magis,
2177 1714 2276 1784 qui
2311 1713 2380 1766 de
2424 1712 2654 1767 Oriente
2689 1711 2861 1782 primi
2909 1717 3186 1766 venerunt
3214 1713 3451 1767 adorare
3482 1715 3647 1770 Chri-

1948 1810 2095 1858 stum
2130 1802 2359 1871 (Matth.
2404 1801 2490 1871 11).
2520 1804 2709 1871 potest
2750 1800 3017 1871 intelligi,
3065 1801 3164 1872 qui
3196 1802 3266 1856 de
3297 1818 3507 1873 genere
3541 1804 3646 1857 Ba-

1948 1892 2097 1944 laam
2145 1895 2309 1943 erant
2356 1904 2460 1959 per
2503 1888 2728 1958 generis
2772 1890 3206 1957 successionem,
3256 1896 3312 1944 et
3350 1908 3452 1961 per
3482 1892 3653 1946 disci-

1950 1980 2124 2049 plinas
2146 1977 2533 2031 traditionem.
2563 1977 2791 2030 Constat
2814 1977 2967 2031 enim
2994 1994 3090 2031 eos
3114 1979 3410 2048 agnovisse
3427 1980 3650 2034 stellam

1952 2084 2124 2139 quam
2156 2066 2500 2137 prmdixerat
2531 2065 2758 2119 Balaam
2787 2066 2844 2118 in
2879 2066 3050 2120 Israel
3080 2068 3378 2123 orituram.

2025 2157 2191 2211 Vens.
2233 2158 2315 2209 ll.
2348 2184 2417 2194 —
2446 2153 2591 2219 Quid
2618 2158 2697 2207 est
2728 2154 2863 2207 hoc?
2910 2153 3073 2208 Balac
3121 2161 3321 2210 contra
3365 2173 3527 2227 spem
3557 2157 3654 2212 be-

1956 2244 2312 2301 nedictiones
2367 2259 2473 2313 pro
2530 2241 3026 2296 maledictionibus
3081 2243 3338 2309 audiens,
3396 2251 3455 2300 et
3505 2246 3658 2301 ultra

1955 2348 2073 2386 non
2102 2332 2314 2395 ferens,
2345 2328 2742 2400 prophetantis
2771 2328 2943 2384 verba
2971 2329 3301 2400 interrupit.

2030 2421 2147 2489 (ῐο.)
2209 2420 2332 2474 Νοιι
2402 2420 2523 2472 vult
2574 2434 2801 2472 amarus
2853 2434 2951 2472 rex
3025 2418 3508 2489 benedictionem,
3561 2423 3656 2477 sed

1962 2509 2261 2565 maledicta
2304 2507 2544 2579 quaerit:
2595 2511 2679 2560 est
2726 2506 2879 2559 enim
2917 2505 2985 2559 de
3011 2507 3352 2576 cognatione
3386 2508 3539 2563 illius
3567 2510 3660 2563 cui

1962 2599 2169 2656 dicitur
2196 2614 2208 2651 :
2241 2597 2561 2651 Maledictus
2621 2601 2677 2649 tu
2706 2595 2773 2648 ab
2799 2594 3044 2649 omnibus
3094 2596 3278 2649 bestiis
3322 2600 3478 2651 terrae
3506 2597 3657 2667 (Gen.

1967 2712 2079 2751 IIII.

2034 2697 2193 2839 )Dimit
2246 2797 2370 2849 ergo
2426 2781 2619 2836 Balac.
2659 2781 2824 2835 Putat
2866 2796 2997 2835 eum
3030 2783 3399 2851 perterritum
3446 2784 3662 2837 Israelis

1967 2872 2353 2939 multitudine,
2388 2877 2443 2925 et
2490 2871 2616 2924 ideo
2650 2887 2767 2924 non
2811 2886 3012 2924 ausum
3058 2872 3418 2943 maledicere,
3449 2878 3507 2927 et
3538 2890 3663 2927 mu-

1889 2970 1928 3024 C
1970 2962 2240 3016 tationem
2276 2960 2382 3013 loci
2406 2959 2515 3013 sibi
2544 2959 2834 3029 prodesse.

2037 3051 2196 3103 Vens.
2254 3052 2335 3104 l3.
2397 3080 2461 3088 —
2520 3048 2713 3104 Videre
2758 3064 2864 3102 non
2906 3050 3106 3117 possis.
3165 3049 3408 3103 Demens
3446 3050 3671 3121 putavit

1965 3139 2334 3196 Israeliticam
2380 3137 2619 3208 gratiam
2670 3137 2777 3189 loci
2831 3136 3146 3206 abjectione
3180 3137 3373 3205 celari,
3410 3138 3666 3193 nesciens

1969 3229 2104 3301 quia
2150 3243 2257 3282 non
2299 3230 2473 3297 potest
2524 3224 2781 3281 abscondi
2824 3227 3016 3280 civitas
3063 3240 3231 3295 supra
3278 3232 3508 3282 montem
3560 3242 3662 3297 po-

1972 3320 2105 3372 sita.

2045 3404 2203 3458 Vsas.
2266 3406 2349 3457 14.
2388 3433 2455 3441 -
2509 3401 2852 3470 Αἰάίῇεαυίε.
2910 3403 3019 3457 Res
3072 3403 3325 3474 profanis
3382 3403 3677 3459 sacriﬁciis

1975 3492 2270 3563 agebatur,
2303 3496 2359 3544 et
2405 3491 2677 3545 divinatio
2731 3496 2853 3545 arte
2884 3491 3107 3560 magica
3152 3493 3535 3563 querebatur.
3570 3495 3675 3546 Vo-

1977 3582 2100 3635 lens
2138 3584 2331 3633 tamen
2383 3579 2531 3632 Deus
2582 3579 2874 3633 abundare
2923 3579 3166 3649 gratiam
3211 3581 3309 3635 ubi
3365 3582 3679 3636 abundavit

1980 3669 2249 3725 delictum
2309 3670 2482 3735 (Rom.
2517 3667 2588 3735 v),
2619 3667 2813 3721 adesse
2869 3667 3232 3738 dignabatur,
3291 3687 3403 3724 non
3462 3671 3677 3725 sacrili-

1980 3757 2102 3823 ciis,
2149 3756 2247 3811 sed
2297 3757 2355 3809 in
2399 3772 2695 3809 occursum
2744 3755 3011 3810 venienti.
3062 3758 3126 3811 Et
3177 3758 3255 3811 ibi
3300 3760 3394 3813 dat
3443 3760 3676 3813 verbum

1982 3862 2151 3900 suum
2183 3850 2239 3898 et
2268 3842 2558 3913 mysteria,
2586 3849 2641 3895 et
2688 3844 2879 3897 futura
2910 3845 3264 3914 pronuntiat,
3305 3848 3402 3900 ubi
3434 3849 3680 3902 maxime

1982 3935 2124 3989 tides
2156 3938 2213 3986 et
2262 3931 2563 3985 admiratio
2604 3931 2911 3986 Gentilium
2967 3934 3206 4002 pendet:
3239 3937 3428 4006 utqui
3476 3939 3684 3991 nostris

1986 4022 2188 4078 nolunt
2216 4019 2444 4075 credere
2472 4019 2785 4091 prophetis,
2818 4020 3049 4074 credant
3076 4022 3281 4076 divinis
3313 4025 3449 4078 suis.

2060 4112 2221 4165 Vens.
2260 4111 2342 4164 lii.
2376 4140 2441 4149 -
2487 4109 2590 4163 Sta
2621 4110 2704 4163 hic
2731 4108 2929 4176 juxta.
2976 4108 3059 4163 Ad
3086 4109 3479 4167 holocaustum
3513 4130 3678 4167 suum

1954 4238 1965 4245 .
1993 4198 2176 4252 stabat
2205 4198 2264 4251 in
2296 4196 2623 4250 idololatria
2644 4212 2745 4249 sua
2772 4196 3014 4266 positus,
3044 4197 3173 4252 ideo
3204 4199 3383 4270 magis
3409 4201 3645 4255 cadebat
3674 4218 3685 4254 :

1991 4302 2225 4357 surgere
2256 4300 2391 4355 ergo
2423 4285 2663 4353 videtur,
2694 4284 2794 4355 qui
2825 4285 3009 4355 magis
3056 4287 3354 4353 ceciderat,
3402 4304 3531 4343 cum
3562 4291 3688 4344 idu-

1994 4375 2221 4430 Iolatria
2251 4378 2401 4428 stare
2432 4373 2741 4427 videretur.

2066 4465 2181 4519 Non
2237 4469 2316 4517 est
2374 4466 2507 4517 Deus
2560 4464 2721 4530 quasi
2772 4463 2945 4527 homo,
3003 4470 3059 4518 ut
3100 4468 3421 4523 mentiatur.
3486 4467 3691 4538 (ORtG.,

1997 4552 2137 4607 hom.
2177 4552 2281 4620 l6.)
2325 4551 2449 4604 Alia
2482 4550 2690 4616 littera,
2737 4557 2865 4614 etc.,
2896 4566 3063 4621 usque
3092 4553 3166 4607 ad
3195 4570 3267 4608 ne
3294 4557 3591 4625 perveniat
3619 4555 3689 4609 ad

1998 4657 2130 4695 eum
2162 4638 2410 4693 vindicta
2437 4639 2721 4692 malorum
2752 4656 3007 4695 suorum.

2073 4729 2231 4781 Vens.
2299 4729 2377 4779 l9.
2411 4756 2476 4765 —
2539 4728 2690 4780 Dixit
2718 4743 2863 4796 ergo,
2917 4734 3022 4783 etc.
3083 4730 3289 4801 (Οιιιθ.)
3318 4732 3444 4787 Alia
3484 4732 3694 4800 littera,

2002 4822 2135 4882 etc.,
2175 4830 2343 4883 usque
2385 4814 2458 4867 ad
2504 4814 2625 4868 haec
2672 4831 2802 4869 vero
2850 4832 2881 4869 a
2929 4816 3364 4887 perfectioribus
3423 4821 3696 4876 secretius

258 4907 503 4975 Populus
558 4907 718 4959 solus.
775 4904 917 4969 Quia
972 4919 1087 4956 non
1143 4907 1227 4955 est
1296 4902 1602 4973 permistus
1675 4901 1894 4955 casteria
2002 4902 2347 4957 advertenda
2377 4902 2555 4956 sunt?

198 4993 543 5059 hominibus,
579 5008 682 5045 nec
711 4992 859 5045 inter
903 4994 1135 5044 caeteras
1182 4995 1377 5059 gentes
1428 4993 1740 5059 reputatUs,
1776 5005 1894 5043 cer-

199 5083 260 5134 tis
292 5082 629 5136 nobilitatus
677 5079 1012 5149 privilegiis,
1059 5077 1550 5131 observationibus
1602 5081 1657 5131 et
1707 5078 1895 5149 legiti-

203 5169 298 5221 mis
324 5169 467 5235 suis,
501 5167 649 5219 sicut
694 5165 875 5219 tribus
922 5164 1047 5217 Levi
1082 5180 1197 5217 non
1225 5169 1310 5215 est
1340 5163 1615 5232 permista
1644 5164 1887 5216 caeteris.

265 5258 503 5326 Populus
575 5260 717 5308 totus
792 5252 1081 5319 habitabit,
1158 5256 1261 5306 etc.
1321 5251 1900 5321 (01116.)Spiritualis

209 5343 359 5398 lacob
393 5349 452 5397 et
484 5342 676 5397 Israel.
708 5345 851 5407 etc.,
901 5357 1070 5410 usque
1114 5340 1187 5394 ad
1216 5341 1365 5395 inter
1404 5345 1603 5412 gentes
1633 5341 1779 5395 ultra
1812 5356 1897 5394 re-

214 5434 518 5499 putabitur.

2077 4992 2235 5045 Vens.
2287 4994 2378 5045 2|.
2415 5022 2475 5032 —
2525 4994 2642 5048 Non
2674 4997 2752 5046 est
2794 4992 2997 5047 idolum
3028 4997 3084 5048 in
3130 4995 3311 5050 Iacob.
3361 4997 3484 5051 Alia
3513 5002 3699 5051 trans-

2006 5080 2177 5133 latio:
2209 5081 2325 5135 Non
2363 5082 2465 5133 erit
2495 5080 2649 5133 labor
2684 5082 2741 5133 in
2792 5082 2973 5148 Jucob,
3019 5098 3185 5151 neque
3230 5083 3505 5141 videbitur
3548 5086 3703 5143 dolor

2005 5172 2063 5222 in
2094 5169 2284 5236 Israel,
2316 5168 2375 5221 in
2401 5168 2595 5222 futuro
2627 5168 2838 5222 scilicet
2861 5172 3091 5224 saeculo.

2079 5256 2282 5327 (0a16.)
2332 5258 2449 5312 Non
2501 5259 2604 5311 erit
2662 5258 2815 5312 labor
2869 5261 2926 5313 in
2970 5260 3163 5329 Jucob,
3213 5277 3383 5331 neque
3431 5263 3705 5319 videbitur

2010 5343 2161 5397 dolor
2188 5348 2247 5399 in
2279 5346 2466 5411 Israel,
2515 5348 2619 5398 etc.
2655 5347 2720 5414 (ιι
2752 5348 2874 5401 Cor.
2927 5350 3020 5417 x1).
3072 5349 3296 5404 Futuras
3340 5351 3473 5407 vita!
3526 5358 3707 5407 status

2011 5432 2401 5502 denuntiatur,
2450 5439 2583 5502 etc.,
2637 5448 2808 5505 usque
2862 5435 2937 5490 ad
2992 5442 3048 5491 et
3099 5439 3406 5510 prophetas
3469 5442 3705 5496 audiant

272 5523 406 5585 Quis
456 5534 757 5573 numerare.
811 5518 933 5587 lin.)
984 5516 1106 5571 Alia
1139 5516 1345 5586 littera,
1378 5521 1462 5572 etc
1506 5558 1519 5586 ,
1551 5532 1718 5587 usque
1747 5517 1820 5570 ad
1848 5520 1904 5571 et
2012 5519 2164 5574 illos.
