3976 6178
311 275 406 329 ἱ23

904 271 1294 328 ννλιΑΡιὶιοι
1332 271 1578 328 εἸῚὶᾹΒῐ
1623 270 1816 326 FULD.
1863 270 1981 325 LIO.‘

2162 270 2236 324 ιρ.
2283 270 2456 326 esas
2505 271 2547 325 ι.
2591 227 2660 309 -ὲ
2698 270 3150 329 THEOLOGICA.

3669 285 3762 340 424

381 399 633 452 Dominus
687 400 848 467 Deus,
901 401 1006 450 etc.
1051 394 1250 464 (Ome)
1298 394 1422 448 Alia
1455 393 1778 462 littera,etc
1831 393 2075 462 usqueA
2114 393 2326 446 velatos
2396 393 2586 446 oculos
2637 394 2760 464 ejus
2813 410 2952 460 esse,
2987 395 3121 466 quia
3172 396 3356 468 potuit
3408 399 3582 455 videre
3634 408 3766 476 quod

311 486 385 538 ad
412 486 535 556 (qui
569 487 812 539 luctatus
838 489 922 538 est
949 489 1004 538 et
1025 483 1175 553 vicit)
1204 482 1460 552 accipiet.

376 577 443 628 Et
472 575 694 642 clangor
747 575 986 628 victoria
1035 574 1180 640 regis
1215 574 1268 624 in
1301 573 1393 624 illo
1465 569 1798 624 Admonitio
1855 585 2001 641 prae-

303 663 565 725 cationis,
599 679 711 733 qua
742 661 799 716 in
835 661 1002 716 nobis
1034 677 1156 728 rex,
1189 659 1244 713 id
1278 664 1360 713 est
1400 658 1672 720 Christus,
1705 657 1999 712 diabolum

302 749 639 822 triumphat.

374 839 541 893 Vens.
580 841 676 894 22.
715 870 781 878 —
846 839 987 894 Deus
1023 837 1215 892 eduarit
1271 852 1407 890 eum.
1443 835 1570 903 (ln.)
1623 835 1747 889 Alia
1790 834 1995 898 littera,

302 942 470 995 usque
527 927 602 980 ad
652 927 1078 980 transformabit
1134 941 1339 995 corpus
1395 923 1736 978 humilitatis
1789 930 1998 976 nostrm

301 1015 590 1069 conforme
622 1015 849 1084 corpori
881 1015 1078 1086 gloriae
1109 1030 1247 1068 suas.

371 1105 538 1172 Cujus
593 1103 884 1170 fortitudo.
941 1103 1160 1173 Cujus?
1203 1100 1430 1157 Christi.
1489 1102 1661 1170 Cujus
1716 1100 1996 1172 quidquid

298 1197 402 1259 est,
463 1207 645 1246 uuum
697 1207 874 1245 cornu
915 1195 1020 1254 est,
1055 1191 1111 1244 id
1161 1195 1243 1243 est
1277 1206 1458 1243 unum
1511 1205 1773 1259 regnum,
1834 1189 1996 1259 cujus

298 1279 478 1347 gloria
506 1287 591 1333 est
632 1279 946 1350 spiritualis
975 1279 1166 1334 Israel.
1215 1279 1339 1348 Ipse
1366 1277 1516 1331 enim
1553 1277 1666 1330 ait:
1702 1276 1891 1344 Pater,
1925 1276 1996 1330 da

300 1369 414 1422 illis
448 1373 507 1422 ut
536 1373 676 1424 sicut
706 1385 798 1437 ego
828 1373 879 1423 et
909 1374 963 1423 tu
993 1383 1159 1422 unum
1203 1381 1408 1434 sumus,
1457 1369 1538 1420 ita
1565 1367 1623 1419 in
1651 1366 1805 1420 nobis
1831 1381 1996 1420 unum

299 1459 407 1510 sint
445 1459 635 1526 (Joun.
670 1459 825 1526 xm).

371 1547 529 1601 Vens.
580 1549 666 1599 23.
716 1577 780 1585 —
828 1548 946 1601 Non
991 1552 1069 1599 est
1115 1546 1406 1612 augurium
1449 1546 1507 1598 in
1552 1543 1732 1597 Iacob.
1785 1543 1942 1606 (Oalc
1977 1583 1992 1609 ,

301 1635 438 1688 hom.
497 1639 578 1690 t6.
612 1637 671 1689 in
698 1635 881 1702 Num.)
923 1635 1043 1688 Alia
1076 1634 1284 1700 littera,
1327 1637 1455 1697 etc.,
1504 1647 1672 1700 usque
1696 1631 1770 1685 ad
1807 1647 1994 1703 neque

298 1722 572 1777 divinatio
595 1725 649 1776 in
689 1724 875 1778 Israel.
909 1723 1216 1793 Sequitur:

369 1813 431 1867 In
475 1818 709 1876 tempore
754 1812 963 1866 dicetur
1004 1811 1186 1876 Jacob,
1235 1816 1286 1864 et
1324 1810 1517 1864 Israeli
1563 1807 1707 1877 quod
1759 1810 1998 1877 perﬁciet

301 1903 473 1954 Deus:
508 1899 564 1954 id
594 1906 679 1953 est
726 1915 854 1953 cum
900 1904 1146 1969 oportet,
1201 1915 1330 1951 cum
1389 1897 1633 1968 expedit,
1667 1903 1796 1964 etc.,
1830 1912 1998 1966 usque

297 1990 372 2042 ad
418 2005 547 2059 qua:
586 1989 799 2058 Moyses
855 1988 960 2057 (his
1017 1987 1183 2041 credo
1233 1986 1302 2040 de
1359 1986 1559 2054 causis)
1617 1986 1834 2039 vocavit
1884 1986 1997 2038 im-

299 2078 528 2131 munda.

368 2169 433 2221 In
472 2167 670 2220 Israel.
714 2165 819 2230 Qui
867 2182 970 2236 per
1018 2164 1149 2219 tidei
1199 2164 1504 2234 puritatem
1549 2168 1604 2217 et
1649 2162 1992 2218 munditiam

301 2255 506 2307 mentis
560 2255 711 2306 videt
763 2255 966 2319 Deum,
1023 2269 1125 2306 nec
1176 2253 1364 2322 ipsum
1421 2253 1646 2305 Balaam
1694 2252 1992 2321 reciperet,

300 2342 396 2396 sed
428 2343 661 2396 verbum
695 2343 844 2413 quod
898 2343 1074 2396 Deum
1124 2341 1318 2412 posuit
1350 2341 1405 2394 in
1450 2356 1548 2393 ore
1579 2341 1698 2410 ejus
1724 2355 1993 2412 respuere

296 2447 413 2485 non
460 2432 631 2485 audet
687 2432 802 2486 Nisi
835 2431 986 2484 enim
1020 2429 1253 2483 verbum
1286 2445 1317 2482 a
1347 2430 1461 2482 Deo
1495 2433 1660 2493 esset,
1703 2444 1818 2481 non
1854 2426 1990 2480 illud

296 2521 510 2574 famulo
561 2537 663 2574 suo
712 2521 884 2591 Moysi
933 2519 1127 2590 procul
1180 2517 1422 2584 absenti,
1453 2533 1581 2571 cum
1619 2516 1845 2570 Balaam
1872 2515 1992 2569 haec

291 2610 525 2672 diceret,
556 2610 872 2663 revelasset.

364 2699 524 2753 Vens.
582 2701 668 2753 2-5.
727 2727 798 2738 -
845 2700 978 2752 Ecce
1030 2698 1278 2768 populus,
1342 2701 1447 2750 etc.
1481 2694 1626 2749 Alii:
1680 2696 1814 2749 Ecce
1851 2694 1989 2748 sicut

292 2789 503 2841 catulus
557 2788 721 2842 leonis
765 2790 1040 2854 exsurget,
1071 2791 1118 2838 et
1165 2787 1306 2838 sicut
1337 2785 1414 2837 leo
1459 2782 1770 2837 exsultabit.
1819 2781 1987 2835 Catu-

292 2874 379 2927 lus
405 2875 558 2928 enim
598 2878 701 2939 est,
732 2890 860 2926 cum
899 2889 1082 2943 nuper
1121 2872 1298 2942 geniti
1349 2871 1594 2925 infantes
1624 2867 1988 2922 rationabiles

2114 481 2275 535 vidit.

2183 571 2351 637 Cujus
2398 570 2706 634 obturatas,
2755 576 2860 626 etc.
2918 573 3101 641 (ΗΑΒ.)
3133 572 3274 636 Quia
3307 573 3362 626 in
3397 557 3600 631 somnis
3634 581 3770 635 clau-

2111 657 2187 712 sis
2238 659 2526 730 corporeis
2584 660 2762 713 oculis
2807 662 3064 730 angelico
3110 663 3422 717 ministerio
3475 665 3586 720 huic
3627 669 3767 724 vidit.

2111 748 2312 801 Oculos
2364 763 2497 801 vero
2553 748 2762 801 mentis
2814 750 3022 819 partim
3075 750 3246 805 habet
3306 757 3546 821 apertos,
3586 757 3770 827 partim

2111 837 2346 897 clausos,
2391 835 2488 906 qui
2532 836 2800 906 mysteria
2839 836 3031 890 futura
3079 837 3356 908 agnoscit,
3407 841 3503 894 sed
3545 858 3768 900 errorem

2109 940 2223 978 non
2252 924 2504 994 corrigit.
2539 923 2629 978 Sic
2658 925 2840 995 iniqui
2886 925 3041 978 aliud
3072 926 3325 991 scientia,
3362 927 3510 982 aliud
3545 932 3768 986 moribus

2108 1016 2290 1082 agunt
2316 1028 2329 1065 :
2364 1011 2517 1064 aliud
2550 1028 2668 1079 ore,
2699 1011 2852 1066 aliud
2881 1028 3054 1083 opere
3085 1014 3413 1068 ostendunt.
3467 1069 3480 1086 ,

2178 1101 2337 1154 Vens.
2374 1103 2424 1152 5.
2473 1131 2538 1140 —
2578 1102 2749 1167 Quam
2783 1101 3037 1170 pulchra.
3099 1101 3300 1173 (ORIG.,
3347 1104 3484 1158 hom.
3528 1106 3624 1173 t7.)
3659 1107 3761 1162 Alia

2108 1189 2316 1256 littera,
2363 1195 2486 1255 etc.,
2522 1205 2692 1257 usque
2719 1191 2794 1244 ad
2828 1195 2892 1244 ut
2933 1206 3170 1245 nemora
3214 1192 3558 1260 umbrantia,
3604 1199 3761 1265 utpa-

2107 1279 2276 1332 radisi
2301 1294 2472 1348 super
2501 1276 2763 1341 ﬂumina,
2792 1284 2898 1332 etc.

2181 1368 2339 1421 Vens.
2383 1368 2433 1420 6.
2469 1397 2533 1406 —-
2571 1369 2636 1420 Ut
2681 1368 2847 1421 valles
2893 1382 3197 1422 nemorosae.
3247 1368 3453 1440 (Ome)
3506 1370 3625 1434 Alii,
3655 1377 3770 1435 etc.,

2103 1470 2273 1526 usque
2301 1454 2376 1508 ad
2403 1455 2541 1508 etin
2572 1455 2828 1509 doctrina
2878 1471 3077 1509 eorum
3127 1457 3288 1527 quasi
3329 1457 3642 1511 incedentes
3683 1476 3772 1529 per

2105 1559 2278 1614 opaca
2308 1559 2608 1597 nemorum
2645 1543 3016 1598 delectantur.

2182 1634 2247 1686 Ut
2276 1633 2596 1700 hortijoucta
2634 1634 2825 1700 fluvios
2863 1635 3084 1701 irrigui.
3113 1633 3234 1702 (ln.)
3269 1633 3398 1686 Alia
3427 1634 3626 1700 littera,
3657 1645 3773 1700 etc.,

2107 1737 2275 1791 usque
2304 1721 2378 1774 ad
2406 1721 2462 1774 in
2492 1721 2857 1774 tabernaculo
2891 1724 3092 1775 merito
3121 1723 3330 1776 dicitur
3355 1723 3621 1777 habitare.

2179 1809 2356 1867 Cedri.
2418 1809 2518 1864 Dei
2572 1811 2804 1874 scilicet,
2841 1826 2969 1880 qua}
3010 1811 3327 1882 suscipiunt
3368 1812 3622 1882 palmites
3665 1812 3778 1864 vitis

2107 1898 2176 1951 de
2208 1897 2448 1969 Egypto
2492 1899 2814 1952 translatae:
2867 1899 2922 1952 in
2966 1900 3172 1969 quibus
3222 1900 3526 1970 requiescit
3559 1901 3644 1954 ille
3675 1900 3778 1953 fru-

2106 1993 2248 2049 ctus,
2281 1988 2443 2056 cujus
2474 1988 2677 2040 umbra
2707 1987 2934 2057 operuit
2965 1992 3206 2041 montes.

2179 2074 2376 2144 (Ome)
2417 2075 2540 2129 Alia
2595 2075 2797 2142 littera,
2853 2081 2937 2128 etc
2968 2117 2982 2144 ,
3031 2091 3200 2145 usque
3230 2076 3305 2130 ad
3347 2081 3406 2130 et
3433 2075 3779 2130 novissimum

2103 2163 2398 2216 inimicum
2428 2164 2680 2217 destruat
2707 2169 2971 2218 mortem.

2173 2253 2332 2306 Vens.
2367 2255 2414 2306 8.
2448 2284 2510 2292 —
2544 2252 2756 2308 Eduxit
2805 2254 2960 2308 illum
2992 2253 3074 2307 de.
3135 2254 3280 2307 Deus
3314 2255 3509 2309 eduxit
3550 2269 3672 2308 eum
3720 2269 3779 2306 ex

2103 2340 2348 2412 Egypto
2396 2346 2518 2412 post
2573 2347 2816 2395 mortem
2872 2341 3085 2395 scilicet
3144 2343 3403 2409 Herodis,
3465 2343 3648 2398 unde:
3703 2344 3780 2395 Ea:

2101 2431 2350 2498 Egypto
2399 2432 2588 2484 uocaui
2641 2431 2839 2484 Filium
2892 2430 3056 2500 (Osee.
3119 2434 3214 2500 χι).
3249 2431 3412 2495 Quod
3442 2449 3506 2486 ex
3538 2433 3638 2486 hoc
3669 2431 3779 2484 loco

2099 2518 2326 2572 videtur
2379 2524 2733 2589 assumptum
2781 2521 2838 2572 et
2891 2518 3194 2588 Evangelio
3252 2519 3534 2574 insertum
3583 2520 3663 2573 vel
3715 2518 3778 2572 de

2100 2606 2240 2660 Osee
2270 2607 2548 2676 propinata
2563 2649 2576 2661 .

2172 2696 2301 2749 l‘ost
2376 2700 2617 2748 mortem
2695 2694 2949 2760 Herodis,
3004 2695 3113 2758 vel,
3177 2695 3245 2749 de
3306 2696 3538 2758 saeculo,
3595 2695 3776 2748 eduxit

2099 2783 2259 2838 illum
2294 2785 2461 2838 Pater
2489 2783 2556 2839 ad
2605 2783 2999 2854 semetipsum,
3049 2789 3112 2836 ut
3138 2784 3287 2838 viam
3321 2785 3531 2839 faceret
3576 2783 3652 2838 eis
3688 2785 3776 2856 qui

2097 2872 2166 2927 de
2194 2872 2300 2926 hoc
2323 2873 2538 2926 mundo
2565 2873 2850 2926 ascensuri
2885 2879 3047 2926 erant
3077 2875 3142 2926 ad
3181 2875 3380 2928 Deum.

289 2961 411 3016 sine
443 2963 574 3016 dolo
618 2961 704 3016 lac
760 2960 1084 3032 accipiunt:
1136 2960 1225 3014 leo
1271 2964 1461 3014 autem
1513 2957 1794 3024 exultans,
1855 2971 1981 3010 cum
2015 2967 2054 3022 ε
2167 2962 2337 3031 Cujus
2394 2961 2664 3027 fortitudo
2715 2963 2933 3020 similis,
2993 2967 3098 3016 etc.
3140 2962 3344 3016 Omnia
3393 2963 3544 3017 enim
3577 2961 3778 3016 da‘mo-

288 3051 371 3103 vir
426 3050 718 3121 perfectus'
741 3049 975 3120 deponit
1005 3065 1134 3120 quas
1161 3053 1324 3102 erant
1352 3048 1601 3119 parvuli.

358 3139 564 3210 (0316.)
594 3139 718 3192 Alia
763 3139 974 3205 littera,
1025 3143 1133 3191 etc.
1166 3153 1337 3206 usque
1384 3137 1460 3190 ad
1487 3135 1642 3190 dedit
1681 3135 1739 3188 in
1773 3150 1830 3187 se
1859 3149 1979 3188 cre-

284 3226 548 3280 dentibus
577 3242 784 3280 nomen
819 3226 1022 3293 leonis,
1053 3231 1109 3279 et
1139 3224 1310 3278 catuli
1341 3224 1540 3278 leonis.

361 3321 638 3386 Erigetur.
699 3314 1043 3384 Erigendum
1093 3313 1229 3367 dicit
1258 3312 1536 3383 populum
1595 3311 1873 3376 futurum,
1907 3310 1977 3363 de

283 3427 350 3466 eo
377 3409 529 3464 enim
562 3421 690 3477 qua:
722 3401 970 3468 videbat,
1001 3402 1251 3470 dixisset,
1280 3405 1499 3455 erectus
1530 3404 1632 3453 est.

349 3497 461 3553 Oon
507 3493 813 3548 accubabit.
868 3490 1081 3562 (Onus)
1129 3490 1254 3544 Alia
1305 3489 1512 3558 littera,
1545 3493 1674 3551 etc.,
1711 3501 1880 3557 usque
1902 3486 1978 3539 ad

277 3589 333 3638 et
362 3591 426 3638 ut
453 3585 541 3638 leo
569 3581 876 3635 exsultans.

344 3674 580 3741 Cumque
630 3669 896 3723 duxisset.
948 3665 1149 3737 (Ome)
1185 3665 1248 3719 Et
1277 3662 1583 3734 assumpsit
1623 3661 1803 3726 Balac,
1841 3665 1970 3731 etc.,

275 3776 444 3829 usque
472 3759 546 3813 ad
575 3763 630 3812 et
654 3757 878 3811 deserta
903 3759 1036 3808 sunt
1067 3755 1179 3808 Deo
1205 3752 1456 3822 negotia.

344 3848 576 3918 ﬁdi/ica
606 3847 744 3900 mihi
776 3845 879 3897 hic.
917 3843 1039 3906 (10.)
1076 3841 1212 3905 Quae
1243 3839 1562 3894 sacriﬁcant
1589 3841 1806 3910 gentes,
1839 3841 1967 3901 etc.,

273 3953 443 4007 usque
471 3937 545 3992 ad
574 3935 672 4008 qui
704 3935 872 3989 tidem
909 3931 1114 3988 Christi
1148 3945 1266 3984 non
1294 3927 1598 3999 recipiunt.

895 4109 1124 4164 CAPUT
1163 4107 1338 4162 XXIV.

347 4299 501 4350 Vens.
565 4297 613 4348 t.
674 4323 739 4333 —-
793 4292 1028 4358 Cumque
1107 4293 1217 4342 etc.
1283 4283 1491 4357 (0am)
1543 4285 1683 4341 Cum
1741 4284 1964 4338 nullum

272 4388 624 4447 daemonum,
680 4385 812 4443 etc.,
853 4394 1022 4448 usque
1069 4378 1143 4431 ad
1187 4381 1242 4430 et
1278 4389 1752 4447 unumquemque
1799 4373 1858 4428 in
1885 4391 1972 4429 or-

269 4474 403 4528 dine
433 4490 535 4526 suo
585 4467 1020 4525 resurrectionis
1047 4465 1290 4536 gloriam
1321 4464 1686 4534 adepturum.

335 4565 693 4630 Nequaquam
737 4558 894 4612 abiit.
926 4556 984 4611 Id
1017 4561 1101 4610 est
1129 4570 1244 4608 non
1294 4552 1481 4606 stultis
1511 4551 1791 4618 sensibus,
1824 4549 1970 4604 sicut

272 4649 491 4706 solebat
521 4649 577 4702 in
627 4646 824 4701 multis
873 4643 1214 4699 animalibus
1238 4645 1294 4695 et
1341 4639 1673 4711 pecudibus,
1713 4637 1809 4692 Dei
1839 4654 1967 4692 con-

267 4738 539 4796 siderabit
579 4736 979 4791 voluntatem:
1018 4731 1114 4785 sed
1159 4733 1431 4800 agnoscet
1481 4727 1616 4798 quia
1662 4742 1848 4797 neque
1896 4726 1965 4781 de

265 4829 450 4884 bobus
479 4844 612 4881 cura
643 4830 728 4880 est
789 4824 926 4886 Deo,
960 4836 1149 4891 neque
1192 4819 1261 4874 de
1291 4817 1509 4884 ovibus,
1541 4832 1727 4886 neque
1761 4816 1828 4869 de
1855 4815 1968 4869 avi-

268 4919 395 4985 bus,
439 4917 676 4987 aliisque
722 4911 1071 4969 animalibus
1119 4910 1169 4977 (I
1212 4909 1468 4973 Cor.1x;
1517 4907 1666 4960 Rom.
1717 4904 1829 4974 xv),
1866 4905 1964 4959 sed

267 5022 396 5078 quas
432 5005 502 5059 de
547 5005 628 5058 eis
658 5003 868 5073 scripta
905 5003 1059 5058 sunt.
1107 4999 1341 5068 propter
1395 4994 1653 5049 homines
1688 4993 1966 5060 intelliget

265 5099 495 5236 $23:
552 5183 604 5235 2.
667 5209 732 5219 --
786 5179 1030 5233 lrruente
1056 5174 1115 5230 in
1173 5189 1245 5228 se.
1307 5174 1487 5243 (Amr,
1554 5175 1742 5241 quaest.
1808 5174 1962 5225 51in

264 5270 450 5342 Nam.)
483 5272 553 5325 Et
595 5271 778 5336 factus
823 5271 902 5321 est
955 5266 1184 5335 spiritus
1232 5263 1338 5316 Dei
1381 5276 1543 5330 super
1585 5261 1758 5325 illum,
1795 5259 1847 5313 id
1880 5266 1960 5314 est

263 5375 435 5430 super
464 5356 714 5424 Balaam,
748 5361 878 5421 etc.,
911 5369 1081 5422 usque
1101 5351 1174 5406 ad
1204 5356 1262 5406 et
1287 5349 1470 5404 multa
1497 5347 1724 5402 similia.

330 5450 504 5504 Vens:
539 5451 589 5504 3.
615 5477 680 5486 —
712 5446 871 5501 Dixit
917 5443 1164 5498 Balaam.
1202 5439 1406 5510 (Oxum,
1460 5437 1607 5492 hom.
1648 5436 1757 5507 t7.)
1806 5437 1960 5490 Dixit

262 5537 494 5592 Balaam
527 5537 674 5606 ﬁlius
720 5536 874 5598 Beor,
924 5535 1056 5596 etc.,
1101 5544 1271 5597 usque
1301 5527 1374 5582 ad
1403 5530 1460 5582 et
1507 5512 1636 5580 id'eo
1681 5524 1816 5580 dicit
1864 5539 1956 5578 re-

2093 3065 2230 3104 num
2262 3066 2438 3121 regna
2467 3050 2764 3120 dejiciens,
2797 3066 2972 3104 unum
3006 3067 3171 3105 suum
3204 3068 3446 3121 regnum
3474 3053 3632 3123 quasi
3661 3067 3779 3104 vere

2091 3138 2383 3192 unicornis
2436 3138 2694 3194 fundavit
2741 3139 2796 3193 in
2860 3139 3087 3208 glorin:
3140 3156 3316 3193 cornu
3353 3141 3506 3195 enim
3544 3132 3776 3208 regnum

2087 3226 2394 3297 signiﬁcat.

2158 3315 2506 3371 Devorabunt
2543 3319 2742 3383 gentes,
2794 3322 2899 3369 etc.
2947 3316 3155 3387 (ORIG.,
3215 3317 3312 3370 ubi
3367 3317 3583 3387 supra.)
3639 3315 3775 3370 Edet

2080 3409 2260 3471 gentes
2323 3406 2666 3459 inimicorum
2712 3421 2952 3472 suorum,
3018 3409 3068 3459 et
3122 3406 3523 3461 crassitudines
3568 3408 3774 3460 illorum

2079 3491 2412 3553 medullabit,
2463 3498 2570 3547 etc.
2630 3494 2834 3548 Gentes
2892 3494 3124 3559 scilicet,
3181 3499 3308 3555 etc.,
3361 3511 3534 3564 usque
3579 3495 3652 3549 ad
3679 3493 3773 3564 qui

2078 3579 2456 3652 intelligibilis
2486 3586 2543 3636 et
2571 3589 2795 3636 sanctus
2827 3587 2931 3647 est,
2965 3589 3018 3636 et
3048 3599 3197 3637 unus
3218 3589 3274 3636 et
3297 3585 3602 3655 multiplex
3638 3583 3770 3637 dici-

2081 3673 2172 3722 tur
2199 3675 2255 3723 et
2285 3670 2530 3723 subtilis.

2149 3760 2217 3812 Et
2245 3759 2600 3826 per/orabunt
2638 3761 2874 3824 sagittis.
2911 3759 3035 3814 LXX
3068 3777 3080 3814 :
3119 3761 3198 3814 Et
3221 3761 3427 3829 jaculis
3459 3762 3574 3817 suis
3599 3762 3768 3827 sagit-

2079 3845 2270 3898 tabunt
2294 3847 2592 3899 inimicum.
2617 3845 2871 3900 Christus
2903 3847 3056 3901 enim
3088 3848 3273 3901 verbis
3302 3849 3420 3902 suis
3468 3850 3603 3902 vicit
3653 3849 3772 3902 dia-

2075 3931 2272 3986 bolum
2319 3931 2531 4002 (Matth.
2569 3936 2663 4001 ιν),
2699 3938 2754 3987 et
2799 3951 2998 3988 omnes
3029 3936 3488 3991 contradicentes
3544 3939 3770 4006 superat

2076 4026 2133 4075 et
2161 4020 2502 4092 confringit:
2559 4022 2745 4075 omnis
2776 4022 2928 4075 enim
2970 4023 3069 4093 qui
3099 4029 3312 4094 peccat,
3345 4025 3621 4079 inimicus
3657 4025 3773 4093 ejus

2075 4113 2181 4175 est,
2236 4110 2372 4162 dum
2430 4115 2656 4180 peccat;
2713 4110 2756 4162 si
2791 4116 2984 4165 autem
3016 4111 3202 4165 verbis
3238 4113 3338 4166 Dei
3367 4114 3627 4168 conﬁxus
3655 4127 3772 4182 pec-

2027 4214 2032 4271 ς
2073 4200 2190 4250 cats
2218 4213 2316 4249 sua
2343 4212 2654 4267 agnoscens
2681 4202 3121 4268 compungatur,
3171 4202 3229 4252 et
3258 4200 3326 4253 ad
3376 4199 3772 4271 paenitentiam

2074 4300 2398 4350 conversus,
2423 4285 2630 4355 jaculis
2661 4287 2784 4356 ejus
2822 4287 3079 4340 contixus
3108 4287 3335 4341 dicitur.

2151 4373 2322 4428 Vnus.
2356 4377 2406 4427 9.
2439 4403 2510 4414 —
2537 4375 2830 4429 'Accubans
2877 4375 3145 4430 donmivit
3172 4382 3233 4430 ut
3263 4377 3360 4438 leo.
3411 4381 3522 4432 etc.
3577 4377 3636 4433 Si
3690 4377 3772 4430 in-

2074 4462 2340 4516 tellexisti
2389 4468 2660 4533 quantam
2712 4463 2971 4534 requiem
3020 4465 3225 4519 habeat
3287 4465 3397 4518 iter
3457 4465 3769 4536 sapientiae,

2073 4556 2350 4621 quantum
2383 4551 2600 4621 gratiae,
2639 4559 3034 4624 quantumque
3063 4553 3398 4619 dulcedinis,
3434 4555 3559 4607 noli
3616 4553 3772 4607 dissi-

2075 4641 2313 4705 mulare,
2364 4641 2483 4694 noli
2512 4641 2826 4711 negligere,
2881 4642 3190 4712 aggredere
3241 4641 3370 4709 iter,
3429 4660 3536 4698 nec
3596 4641 3768 4696 eremi

2074 4728 2441 4782 solitudinem
2485 4729 2915 4799 perhorrescas;
2950 4729 3230 4783 habitanti
3279 4730 3433 4784 enim
3481 4731 3541 4784 in
3574 4730 3771 4800 hujus-

2074 4815 2226 4870 modi
2256 4816 2635 4870 tabernaculis
2663 4817 2908 4871 occurrit
2939 4833 3150 4872 manna
3185 4817 3432 4885 caeleste,
3494 4822 3553 4872 et
3599 4832 3770 4888 ange-

2071 4903 2254 4958 lorum
2285 4921 2493 4975 panem
2518 4905 2889 4959 manducabis
2921 4905 3117 4977 (Exod.
3154 4907 3286 4975 xw).
3320 4906 3514 4977 Incipe
3551 4911 3771 4960 tantum

2068 4992 2198 5059 cito,
2229 4993 2290 5047 in
2316 4995 2665 5048 consortium
2698 4999 2861 5048 tuum
2895 4995 3122 5049 venient
3164 4995 3377 5066 angeli,
3420 5011 3571 5066 quos
3602 4994 3771 5066 signi-

2071 5080 2242 5136 ticant
2271 5081 2446 5136 cedri.

2143 5170 2313 5236 Quam
2355 5172 2618 5224 suscitare
2675 5171 2860 5225 nullus
2909 5170 3166 5236 audebit;
3229 5171 3376 5232 LXX;
3415 5172 3550 5237 Quis
3609 5171 3772 5226 susci-

2069 5257 2207 5312 tabit
2239 5259 2404 5313 eum?
2449 5259 2608 5312 Nunc
2639 5258 2791 5312 enim
2851 5275 2885 5312 a
2949 5259 3109 5312 Patre
3155 5259 3459 5314 suscitatus
3507 5259 3767 5314 dicitur:

2069 5362 2220 5399 nunc
2249 5347 2370 5417 ipse
2429 5346 2708 5416 templum
2747 5347 3001 5417 corporis
3055 5347 3144 5401 sui
3174 5348 3446 5402 suscitare
3507 5364 3570 5402 se
3632 5347 3771 5402 dicit

2067 5434 2270 5505 (Joan.
2305 5433 2517 5502 u),ideo
2540 5435 2700 5506 quasi
2720 5435 3111 5507 percontantis
3132 5435 3489 5507 significatur
3505 5436 3762 5491 affectus.

2136 5524 2246 5590 Qui
2275 5523 2634 5578 benedimcrit.
2698 5523 2806 5588 Qui
2854 5523 3214 5593 benedicunt,
3255 5525 3477 5580 Christo
3528 5523 3764 5581 benedi-
