3976 6178
183 329 261 384 825
1297 320 1557 378 GLOSSA
1595 320 1816 377 0RDIN.

2045 350 2117 364 —
2155 321 2287 379 LIB.
2330 321 2496 379 ΝΟΜ.

3526 325 3631 380 426

175 451 285 504 cunt
326 445 378 499 in
422 442 883 498 communionem
945 446 1200 513 paternae
1256 440 1668 496 benedictionis
1735 457 1823 495 as-
1861 442 2082 498 Atium
2129 442 2432 510 introierit,
2485 447 2622 497 tunc
2658 442 2977 509 ostendent,
3029 448 3166 498 tunc
3200 443 3631 508 beatiﬁcabunt,

177 535 375 606 sumpti.
403 532 505 597 Qui
527 538 718 585 autem
760 531 1108 585 maledicunt
1138 531 1423 584 maledicti
1456 535 1605 583 sunt.
1642 529 1827 583 Judaei

173 627 252 698 qui
291 621 695 679 maledixerunt
754 620 998 685 Christo,
1050 620 1492 689 lacrymabiliter
1538 618 1826 672 maledicti

155 719 298 782 ,sunt.
329 711 463 776 Quid
492 709 648 764 enim
691 715 884 779 posset
913 708 1026 761 illis
1058 709 1286 762 evenire
1335 708 1434 778 qui
1474 707 1828 761 maledicunt

172 801 445 872 sapientiae,
485 805 542 852 et
571 797 798 851 veritati
835 802 892 850 et
920 797 1073 860 vitae,
1103 797 1212 850 nisi
1252 802 1316 850 ut
1341 798 1410 850 ab
1439 796 1527 849 his
1557 796 1827 850 omnibus

176 890 360 945 exsules
421 886 692 957 jaceant'?
751 887 881 940 Haec
941 886 1096 939 enim
1165 885 1361 938 omnia
1425 885 1682 939 Christus
1742 888 1828 936 est

170 984 315 1040 l‘loan.
345 979 416 1047 9).

221 1070 310 1138 Qui
349 1066 694 1120 maledimerit
745 1064 867 1124 tibi,
915 1066 974 1116 in
1015 1064 1388 1117 maledictione
1431 1062 1817 1131 reputabitur:

171 1160 418 1224 [ratusque
457 1154 624 1208 Balac
672 1157 881 1206 contra.
924 1152 1132 1221 (Ome).
1191 1153 1306 1221 Ego
1355 1156 1494 1222 puto
1527 1149 1678 1220 quod
1711 1165 1826 1202 non

171 1247 320 1299 solum
382 1241 667 1297 maledicit
714 1240 958 1306 Christo,
1030 1241 1128 1311 qui
1188 1255 1512 1293 sermonem
1561 1237 1827 1291 adversus

170 1349 276 1386 eum
319 1332 525 1402 profert
564 1327 964 1392 maledictum;
996 1328 1092 1380 sed
1124 1328 1296 1380 etiam
1330 1326 1429 1396 qui
1458 1324 1563 1377 sub
1596 1324 1827 1378 nomine

167 1418 431 1476 Christiani
466 1418 614 1471 male
665 1415 784 1487 agit
825 1415 1069 1485 turpiter
1095 1415 1254 1481 vivit,
1287 1421 1344 1468 et
1375 1412 1690 1468 inhonestis
1709 1429 1821 1465 ver-

172 1509 238 1561 bis
281 1513 372 1560 aut
411 1506 573 1560 factis
615 1523 824 1560 nomen
861 1506 984 1576 ejus
1030 1504 1166 1558 facit
1207 1503 1613 1573 blasphemari.
1673 1504 1829 1560 Sicut

167 1611 259 1649 non
283 1595 454 1647 solum
486 1595 666 1648 Deum
696 1592 1001 1658 benedicit,
1034 1591 1133 1662 qui
1165 1592 1526 1646 sermonibus
1548 1593 1703 1657 solis,
1726 1591 1825 1646 sed

166 1691 209 1739 et
239 1686 324 1756 qui
359 1685 595 1750 actibus,
627 1683 741 1737 vita
791 1689 848 1738 et
890 1683 1147 1736 moribus
1184 1681 1318 1736 facit
1348 1697 1561 1737 nomen
1594 1682 1693 1737 Dei
1717 1681 1822 1736 be-

167 1774 338 1827 nedici.

219 1862 359 1916 Vens.
399 1865 484 1916 tl.
519 1892 590 1900 --
626 1862 885 1915 Dominus
915 1860 1158 1928 privavit
1209 1863 1258 1913 te
1306 1860 1502 1913 honore
1536 1859 1816 1928 disposito.

165 1951 385 2004 Ostendit
435 1948 710 2003 Dominus
762 1948 897 2019 quia
943 1947 1114 2000 etiam
1166 1947 1330 2000 Balac
1377 1947 1656 2000 intellexit
1703 1964 1820 2000 non

162 2041 256 2108 jam
296 2040 618 2092 daemonum
669 2035 985 2090 ministerio
1030 2034 1216 2104 decipi
1268 2035 1518 2098 Balaam,
1571 2033 1672 2087 sed
1722 2032 1820 2086 Dei

166 2129 336 2181 virtute
367 2127 433 2181 ad
462 2126 701 2180 meliora
721 2123 1036 2178 transferri.

219 2218 361 2270 Veiis.
417 2218 502 2271 l3.
555 2244 624 2255 —
679 2216 798 2271 Non
834 2219 1021 2282 potero
1075 2214 1354 2282 praterire
1384 2226 1676 2266 sermonem
1720 2213 1820 2264 Do-

163 2307 275 2357 mini
297 2307 386 2359 Dei
411 2306 534 2369 mei,
569 2307 632 2357 ut
684 2303 766 2356 vel
818 2302 960 2356 boni.
1003 2300 1195 2355 Sciens
1224 2301 1474 2366 Balaam,
1522 2299 1678 2371 quod
1709 2315 1823 2352 non

166 2394 249 2448 sibi
271 2410 365 2464 per
393 2394 690 2448 ministros
720 2392 916 2445 solitos
973 2405 1245 2460 responsa
1297 2389 1678 2457 deferrentur,
1727 2389 1823 2442 sed

165 2482 218 2535 ab
244 2498 302 2536 eo
345 2482 441 2553 qui
489 2481 667 2535 habet
713 2479 975 2534 omnium
1019 2482 1380 2548 potestatem,
1422 2483 1573 2531 recte
1602 2476 1825 2530 videtur

166 2576 471 2639 protestatus
521 2586 582 2623 se
630 2584 745 2623 non
777 2584 941 2639 posse
971 2566 1262 2638 praeterire
1297 2566 1532 2620 verbum
1575 2565 1823 2633 Domini,

167 2660 229 2711 vel
271 2660 520 2728 proferre
574 2657 789 2728 aliquid
828 2657 965 2710 boni
1007 2656 1094 2709 vel
1145 2654 1280 2708 mali
1312 2669 1380 2707 ex
1423 2670 1518 2707 ore
1551 2669 1673 2706 suo.
1717 2653 1825 2717 Qui

165 2747 287 2799 enim
315 2747 591 2817 loquitur,
642 2761 756 2799 non
793 2749 982 2815 potest
1021 2743 1312 2796 sacriﬁciis
1353 2743 1440 2795 vel
1487 2741 1825 2795 muneribus

165 2836 461 2904 permutari,
509 2835 665 2905 apud
693 2849 866 2904 quem
900 2848 1017 2886 non
1048 2837 1131 2885 est
1152 2831 1572 2896 transmutatio,
1609 2835 1663 2884 et
1692 2830 1822 2884 ideo

163 2938 252 2976 non
282 2929 458 2994 potest
504 2921 768 2976 sacerdos
815 2918 1073 2974 mercede
1121 2919 1483 2988 mutari,|ubi
1519 2919 1664 2972 Deus
1694 2934 1823 2971 mu-

163 3011 358 3064 neribus
386 3027 502 3065 non
544 3015 824 3064 movetur.
863 3009 1218 3062 Discessurus
1255 3013 1449 3061 tamen
1484 3008 1710 3062 Balaam
1737 3007 1827 3060 in-

160 3100 272 3167 cipit
314 3100 523 3154 iterum
585 3098 948 3169 prophetare.
1025 3096 1094 3149 Et
1155 3095 1334 3149 dicit:
1402 3097 1697 3152 Consilium
1760 3096 1829 3150 do

162 3187 257 3250 tibi,
282 3193 380 3240 etc.
1743 3239 1748 3242 _

215 3275 358 3329 Vens.
391 3277 473 3330 14.
509 3304 582 3315 -
614 3275 760 3329 Dabo
791 3274 888 3327 tibi
925 3275 1210 3327 consilium
1257 3272 1467 3342 (On1c.,
1519 3273 1664 3326 hom.
1720 3274 1827 3342 l8.)

167 3363 291 3429 Veni,
338 3367 626 3419 consilium
671 3363 739 3418 do
781 3363 901 3420 tibi.
935 3367 1065 3427 etc.,
1107 3376 1279 3429 usque
1314 3361 1390 3415 ad
1416 3365 1692 3431 tanquam
1721 3361 1820 3433 qui

160 3467 264 3505 vere
291 3453 485 3507 videns
506 3453 586 3506 sit
617 3457 669 3506 et
693 3468 823 3506 vere
855 3450 1116 3504 audierit.

215 3541 358 3594 Vens.
425 3545 510 3595 l5.
567 3570 637 3582 —-
696 3542 852 3596 Dixit
907 3540 1159 3593 Balaam.
1212 3538 1345 3608 (Ῑο.)
1401 3539 1629 3593 Balaam
1683 3539 1828 3606 ﬁlius

159 3628 284 3695 Reor,
352 3635 483 3694 etc.,
547 3644 718 3699 usque
765 3628 840 3682 ad
880 3643 1008 3698 quae
1076 3644 1180 3698 pro
1250 3627 1498 3681 utilitate
1567 3642 1832 3681 concessa

160 3720 282 3768 sunt.

217 3804 432 3874 (Gnec.,
466 3805 549 3858 lib
603 3819 673 3857 xv
703 3803 939 3868 Μαι-αι,
971 3817 1096 3871 cap.
1139 3805 1248 3868 2'2.)
1293 3802 1457 3855 Dixit
1484 3801 1636 3854 homo
1675 3802 1830 3867 cujus

156 3891 404 3947 obluralus
452 3897 536 3947 est
575 3892 777 3946 oculus.
829 3889 1017 3944 Nescit
1066 3889 1278 3958 impius
1326 3890 1476 3942 mala
1517 3905 1643 3958 qua:
1676 3889 1831 3957 facit,

158 3978 244 4031 nisi
268 3995 394 4034 cum
435 3996 542 4050 pro
590 3980 677 4032 eis
726 3977 922 4047 puniri
953 3979 1207 4047 cceperit.
1259 3976 1571 4031 Consilium
1605 3977 1832 4029 Balaam

155 4074 322 4122 contra
372 4068 662 4123 lsraelitas
711 4066 979 4137 prmbuit,
1048 4067 1146 4120 sed
1196 4071 1325 4135 pst
1372 4065 1433 4118 in
1482 4081 1649 4135 paena
1691 4065 1834 4119 vidit

156 4157 234 4225 qui
254 4159 405 4229 prius
431 4175 501 4212 ex
535 4157 704 4227 culpa
741 4156 1106 4210 commiserit.
1161 4155 1333 4208 Electi
1368 4161 1558 4207 autem
1588 4154 1721 4224 quia
1764 4171 1832 4208 ne

155 4260 358 4311 peccare
388 4247 662 4310 debeant,
706 4244 1063 4315 przevident:
1115 4244 1265 4297 oculi
1313 4258 1514 4296 eorum
1561 4247 1690 4295 ante
1733 4259 1831 4296 ca-

156 4348 261 4386 sum
287 4340 508 4405 patent.
548 4334 786 4404 Iniquus
818 4349 952 4386 vero
984 4337 1114 4403 post
1161 4347 1354 4385 casum
1410 4331 1601 4384 oculos
1629 4331 1831 4400 aperit,

155 4424 269 4492 quia
292 4431 417 4494 post
435 4424 669 4494 culpam
691 4422 810 4492 jam
831 4421 893 4474 in
917 4437 1088 4491 paena
1133 4419 1427 4490 conspicit,
1460 4419 1596 4489 quia
1617 4419 1832 4473 malum

156 4511 329 4566 debuit
358 4514 548 4567 vitare
579 4511 731 4582 quod
762 4511 912 4564 fecit.

213 4601 360 4656 Vens.
436 4605 523 4656 16.
585 4629 656 4641 -
711 4600 821 4665 Qui
888 4597 1088 4653 cadens
1154 4601 1369 4667 apertos
1426 4595 1585 4650 habet
1634 4596 1830 4652 oculos.

158 4687 292 4759 Sape
315 4691 506 4744 malus
527 4695 743 4742 aeterna
760 4687 978 4758 judicia
999 4687 1340 4754 admiratur,
1363 4685 1832 4756 praedicationem

155 4779 374 4833 caelestis
407 4777 616 4848 patriae
660 4792 788 4830 cum
821 4775 999 4840 audit,
1046 4773 1258 4845 diligit,
1309 4779 1366 4828 et
1411 4788 1586 4842 opera
1628 4772 1835 4828 divinae

157 4864 533 4935 dispositionis
563 4864 931 4934 obstupescit.
965 4863 1164 4917 Iacens
1211 4877 1348 4932 ergo
1383 4861 1659 4915 miracula
1696 4877 1836 4916 con-

157 4953 358 5023 siderat,
393 4954 540 5026 quia
571 4953 669 5007 Dei
700 4952 1017 5024 potentiam
1061 4951 1292 5005 sciendo
1341 4954 1558 5022 pensat,
1601 4951 1700 5004 sed
1746 4951 1836 5005 vi—

157 5044 314 5098 vendo
349 5060 470 5098 non
504 5048 678 5096 amat.

213 5133 364 5188 Vens.
405 5138 492 5187 t7.
529 5163 598 5170 —
625 5130 830 5186 Videbo
860 5145 998 5196 eum,
1020 5128 1116 5184 sed
1141 5144 1246 5182 non
1266 5126 1437 5182 modo.
1459 5127 1583 5181 Alia
1608 5127 1794 5182 littera
1819 5145 1832 5182 :

164 5220 426 5276 Ostendam
458 5224 535 5286 ei,
610 5225 660 5274 et
697 5235 804 5272 non
833 5218 1007 5272 modo.
1041 5217 1372 5286 Beatiﬁcabo
1410 5221 1460 5270 et
1492 5231 1598 5270 non
1636 5232 1834 5285 appro-

159 5310 378 5378 pinquat.
417 5311 558 5364 Hac
587 5308 656 5361 ad
705 5307 834 5360 illos
882 5321 1132 5376 quorum
1175 5320 1480 5374 personam
1511 5302 1660 5373 gerit
1691 5304 1833 5356 refe-

160 5406 351 5453 runtur.
421 5397 575 5463 Quia
629 5396 888 5450 doctores
945 5395 1087 5464 legis
1161 5399 1216 5447 et
1269 5392 1469 5446 scriba:
1528 5393 1839 5446 ostendunt

164 5483 420 5542 Christum
466 5485 536 5540 in
577 5485 702 5556 lege
744 5488 799 5537 et
850 5481 1146 5553 prothetis
1185 5481 1556 5552 promissum,
1591 5480 1689 5534 sed
1718 5495 1838 5534 non

165 5576 332 5642 modo;
361 5576 421 5631 id
468 5579 562 5629 est
591 5573 818 5644 quando
836 5570 1034 5644 venit,
1063 5570 1164 5625 sed
1191 5584 1324 5624 cum
1353 5568 1656 5642 plenitudo
1690 5583 1838 5638 gen-

492 5643 769 5712 PA’t‘ROL.
817 5643 1035 5709 CXlll.

1933 532 2104 587 modo
2138 533 2558 602 blasphemant.
2581 533 2692 587 Sed
2723 536 2950 603 tempus
2980 549 3094 604 quo
3117 534 3237 588 haec
3257 534 3450 588 futura
3478 539 3631 596 sunt,

1936 620 2101 690 longe
2128 627 2213 675 est
2251 626 2305 674 et
2340 622 2401 674 in
2428 621 2541 675 fine
2573 621 2786 675 saeculi.
2817 621 2948 675 Ideo
2975 621 3054 676 ait
3084 639 3098 675 :
3123 623 3412 678 Ostendam
3437 625 3543 689 illi,
3574 624 3632 678 id

1935 714 2017 762 est
2049 711 2280 780 populo,
2316 710 2415 780 qui
2440 714 2575 763 tunc
2604 710 2916 764 salvabitur
2933 710 3029 765 sed
3047 727 3152 765 non
3173 712 3345 766 modo.

2004 799 2122 852 Non
2160 798 2335 866 modo,
2394 814 2525 851 cum
2565 797 2670 851 ista
2713 798 2964 868 loquor:
3011 798 3156 862 Quia
3190 800 3286 853 ubi
3326 802 3474 854 venit
3519 801 3632 869 ple-

1932 885 2121 938 nitudo
2178 889 2428 954 temporis
2485 889 2634 941 misit
2687 889 2824 941 Deus
2879 889 3079 942 Filium
3118 903 3276 942 suum
3332 888 3480 957 (Gal.
3529 892 3628 960 iv).

2005 974 2222 1028 Orielur
2244 974 2404 1028 stella
2429 991 2498 1028 ea:
2520 975 2708 1030 Jacob.
2760 975 2965 1046 (ORIG.)
3003 977 3080 1030 De
3129 976 3235 1030 hac
3262 977 3445 1046 stella,
3497 982 3629 1047 etc.,

1933 1076 2102 1129 usque
2143 1063 2218 1116 ad
2274 1068 2335 1116 ut
2379 1069 2686 1133 utrumque
2735 1064 3029 1119 evidenter
3073 1065 3479 1136 prophetatum
3526 1082 3632 1137 ap-

1937 1155 2155 1218 pareat.

2007 1241 2075 1292 Et
2100 1240 2364 1307 percutiet
2393 1238 2572 1305 duces,
2602 1240 2948 1308 principatus
2973 1245 3024 1295 et
3055 1244 3345 1310 potestates
3389 1240 3631 1311 affigens

1936 1329 2082 1380 cruci
2131 1327 2260 1395 (Col.
2322 1329 2405 1395 11).
2443 1327 2623 1382 Aliter
2680 1343 2791 1381 non
2840 1333 3026 1398 potest
3071 1331 3284 1382 salvare
3333 1329 3628 1396 Moabitas,

1935 1415 2042 1468 nisi
2071 1415 2228 1484 prius
2249 1420 2518 1469 vastasset
2546 1416 2716 1469 duces
2749 1416 3080 1482 impietatis.

2013 1505 2367 1571 Vastabitque
2402 1520 2600 1558 omnes.
2681 1505 2884 1575 (ORIG.)
2945 1508 3014 1560 Et
3065 1506 3412 1575 pradabitur
3454 1523 3632 1562 omnes

1933 1593 2073 1660 ﬁlios
2099 1593 2248 1646 Seth.
2285 1594 2390 1646 Iste
2422 1598 2504 1646 est
2533 1593 2667 1647 Seth
2706 1593 2859 1647 (ilius
2903 1595 3106 1660 Adam,
3153 1603 3285 1664 etc.,
3340 1611 3509 1665 usque
3558 1597 3633 1651 ad

1938 1681 2006 1734 de
2046 1685 2226 1734 morte
2249 1681 2533 1734 revocavit
2562 1681 2634 1734 ad
2657 1681 2847 1736 vitam.

2001 1771 2081 1822 Et
2115 1774 2218 1823 erit
2256 1770 2505 1824 Idumaea
2547 1773 2808 1837 possessio
2855 1771 2988 1839 ejus.
3033 1771 3155 1839 (11).)
3191 1774 3257 1826 Et
3303 1775 3407 1826 erit
3461 1775 3632 1829 Edam

1931 1858 2218 1912 hereditas
2269 1861 2337 1922 ei,
2371 1861 2518 1911 Esau
2548 1860 2800 1911 inimicus
2829 1859 2966 1926 ejus,
3000 1863 3104 1912 etc.
3137 1859 3330 1926 (Edom
3363 1861 3514 1914 idem
3547 1865 3633 1914 est

1931 1945 2030 2014 qui
2081 1946 2243 2010 Esau,
2295 1950 2425 2012 etc.,
2477 1961 2645 2014 usque
2692 1947 2766 1999 ad
2810 1962 2914 2016 per
2964 1947 3349 2002 obedientiam
3397 1949 3631 2019 spiritus

1931 2048 2164 2086 consors
2195 2033 2402 2088 futurae
2434 2034 2779 2088 hazreditatis
2812 2034 3031 2090 existet.

2000 2122 2159 2175 Vens.
2224 2124 2306 2177 18.
2370 2152 2440 2162 —-
2495 2124 2664 2176 Israel
2712 2139 2832 2177 vero
2902 2126 3126 2190 fortiter
3162 2129 3304 2191 aget.
3375 2126 3500 2196 (Id.)
3560 2129 3631 2182 Et

1931 2211 2101 2264 Israel
2143 2212 2274 2275 fecit
2311 2212 2371 2263 in
2397 2213 2614 2265 virtute.
2666 2210 2809 2274 Quia
2859 2211 3072 2265 scilicet
3100 2216 3237 2266 tunc
3271 2213 3466 2280 Edom,
3497 2219 3626 2282 etc.,

1929 2314 2099 2366 usque
2145 2299 2219 2352 ad
2263 2299 2364 2370 qui
2403 2303 2586 2370 potest
2627 2299 2881 2354 animam
2926 2305 2983 2354 et
3017 2315 3223 2371 corpus
3279 2302 3520 2371 perdere
3568 2304 3630 2356 in

1931 2389 2275 2458 gehennam.

2002 2480 2072 2532 Et
2097 2478 2293 2546 perdat
2316 2478 2577 2546 reliquias
2615 2479 2874 2532 civitatis.
2909 2477 3035 2549 (11).)
3078 2478 3284 2533 Perdet
3321 2479 3627 2533 liberatum

1933 2567 2002 2620 de
2032 2566 2276 2632 civitate,
2313 2572 2442 2633 etc.,
2471 2581 2641 2635 usque
2674 2567 2748 2619 ad
2786 2566 2878 2620 cui
2908 2567 2956 2620 si
2985 2568 3417 2629 commorimur,
3451 2567 3625 2621 etiam

1934 2654 2299 2708 convivemus
2331 2654 2400 2724 (Il
2434 2655 2568 2708 Tim.
2607 2655 2692 2722 11).

2007 2744 2166 2798 Vens.
2199 2745 2286 2796 20.
2323 2773 2384 2782 —
2433 2745 2787 2812 Principium.
2835 2744 2959 2797 Non
3005 2744 3110 2797 hoc
3153 2743 3223 2796 ad
3263 2742 3628 2796 ’historialem

1936 2833 2162 2886 Amalec
2191 2831 2388 2886 referri
2419 2836 2608 2902 potest
2641 2848 2653 2884 :
2684 2848 2797 2885 non
2836 2832 2990 2886 enim
3049 2831 3270 2902 primus
3317 2837 3440 2886 erat
3483 2831 3628 2885 anti-

1934 2921 2180 2992 quitate;
2213 2921 2310 2974 sed
2339 2922 2410 2974 ad
2443 2920 2779 2990 spiritalem,
2812 2921 2912 2990 qui
2951 2920 3288 2975 declinando
3322 2921 3579 2991 'populos
3600 2937 3633 2974 a

1868 3013 1906 3066 C
1939 3011 2053 3064 Deo
2101 3014 2156 3062 et
2197 3008 2456 3062 faciendo
2500 3008 2740 3078 gentiles
2787 3025 2855 3062 ex
2902 3009 3001 3062 Dei
3032 3009 3364 3076 cultoribus,
3395 3009 3629 3062 Amalec

1937 3097 2290 3150 nominatur.
2326 3095 2390 3148 Et
2425 3095 2650 3148 initium
2679 3095 2940 3165 gentium
2973 3096 3199 3164 dicitur,
3232 3096 3368 3167 quia
3398 3096 3631 3150 initium

1939 3183 2115 3248 dedit,
2156 3187 2218 3236 ut
2260 3182 2522 3235 homines
2561 3182 2766 3235 tierent
2795 3183 3037 3252 gentiles
3068 3183 3345 3236 mutando
3377 3182 3624 3252 gloriam

1936 3270 2385 3341 incorruptibilis
2427 3269 2526 3324 Dei
2554 3269 2616 3323 in
2648 3269 3086 3324 similitudinem
3129 3271 3399 3341 imaginis
3429 3285 3624 3325 corru-

1935 3359 2157 3430 ptibilis
2187 3358 2437 3413 hominis
2468 3374 2481 3412 :
2515 3370 2578 3412 ut
2605 3358 2759 3412 enim
2791 3357 2850 3412 in
2879 3360 3092 3428 populo
3125 3359 3226 3414 Dei
3265 3359 3520 3415 Christus
3549 3364 3636 3414 est

1937 3448 2190 3512 initium,
2222 3447 2302 3502 sic
2332 3447 2393 3500 in
2421 3447 2633 3518 populo
2666 3446 2766 3517 qui
2796 3447 3046 3501 declinat
3071 3463 3105 3501 a
3140 3449 3276 3515 Deo,
3313 3453 3370 3504 et
3400 3449 3632 3520 gentilis

1937 3537 2186 3592 efficitur
2209 3537 2458 3591 Amalec.

2011 3626 2209 3696 (Orum)
2251 3625 2485 3679 Initium
2515 3623 2773 3694 gentium
2813 3624 3063 3692 Amalec,
3096 3629 3229 3688 etc.,
3261 3641 3428 3696 usque
3469 3627 3544 3681 ad
3576 3631 3636 3682 et

1940 3715 2126 3770 omnis
2155 3719 2306 3767 secta
2337 3729 2465 3783 quae
2488 3729 2521 3765 a
2545 3714 2657 3766 Deo
2681 3715 2960 3783 populum
2991 3715 3264 3782 declinat,
3288 3721 3626 3785 exponetur.

2009 3805 2168 3856 Vens.
2201 3805 2292 3856 21.
2337 3831 2406 3840 -
2450 3801 2602 3856 Vidit
2645 3816 2875 3869 quoque,
2927 3807 3034 3856 etc.
3083 3803 3201 3873 (Ιο.)
3245 3804 3370 3857 Alia
3414 3804 3627 3870 littera,

1940 3896 2068 3956 etc.,
2098 3904 2269 3958 usque
2299 3889 2374 3943 ad
2393 3895 2450 3943 et
2477 3887 2698 3942 discant
2721 3904 2839 3943 non
2865 3889 3281 3960 blasphemare.

2011 3980 2135 4034 Non
2165 3979 2394 4033 videtur
2424 3976 2681 4031 Ciuaeum
2710 3978 2875 4032 valde
2919 3978 3286 4049 culpabiliter
3312 3980 3632 4046 nominare,
3661 3999 3670 4010 ·

1941 4069 2031 4123 cui
2069 4066 2213 4122 dixit
2249 4066 2381 4121 Saul
2413 4081 2426 4120 :
2460 4064 2682 4119 Discede
2726 4065 2793 4120 de
2832 4065 3003 4119 medio
3035 4066 3256 4121 Amalec
3285 4071 3336 4122 et
3376 4082 3484 4121 non
3504 4083 3632 4136 per-

1939 4159 2142 4212 cutiam
2155 4161 2222 4221 te,
2247 4157 2380 4224 quia
2396 4155 2579 4221 fecisti
2597 4153 3029 4209 misericordiam
3071 4156 3266 4222 Israel,
3288 4161 3393 4210 etc.
3420 4156 3471 4226 (I
3492 4157 3629 4224 Reg.

1941 4247 2050 4315 xv.)
2102 4245 2279 4316 Hujus
2333 4243 2629 4297 robustum
2679 4248 2764 4298 est
2806 4242 3218 4313 habitaculum,
3273 4244 3322 4299 si
3350 4251 3530 4316 ponat
3575 4245 3637 4300 in

1943 4338 2122 4403 petra,
2157 4347 2285 4402 quas
2324 4336 2412 4385 est
2436 4331 2711 4398 Christus,
2744 4331 2944 4385 nidum
2975 4347 3164 4385 suum.

2016 4421 2198 4490 (ΗΑΒ.)
2231 4421 2480 4482 Οἱηωιιε,
2511 4425 2645 4484 etc.,
2683 4436 2853 4489 usque
2885 4420 2960 4475 ad
3008 4425 3068 4475 et
3104 4436 3270 4475 omne
3300 4420 3454 4492 quod
3490 4435 3634 4491 pras-

1943 4509 2078 4563 terit
2102 4508 2286 4563 cordis
2317 4509 2509 4563 volatu
2536 4509 2967 4564 transcendunt.

2016 4598 2178 4651 Vens.
2211 4599 2300 4651 22.
2329 4624 2396 4636 -
2429 4599 2663 4652 Electus.
2693 4598 2866 4651 Electi
2895 4598 2990 4652 ide
3018 4614 3261 4653 numero
3291 4597 3636 4668 sapientum,

1944 4686 2194 4740 veritatis
2245 4686 2612 4756 inquisitores
2654 4686 2768 4740 vita
2813 4687 3012 4741 vivunt
3057 4693 3376 4758 perpetua;
3424 4687 3575 4741 unde
3620 4703 3635 4739 :

1943 4775 2218 4830 elucidant
2261 4790 2370 4840 me;
2421 4778 2595 4830 vitam
2625 4780 2881 4829 aeternam
2941 4775 3211 4829 habebunt
3241 4775 3432 4840 (Eccli.
3491 4776 3636 4843 xxiv)

2015 4865 2209 4918 Assur.
2272 4863 2541 4917 Diabolus
2598 4863 2831 4930 scilicet,
2888 4863 2982 4917 cui
3024 4863 3280 4918 haeretici
3334 4863 3640 4918 traduntur

1945 4951 2229 5022 dirigendi
2257 4955 2312 5005 et
2339 4953 2680 5023 corrigendi.

2013 5041 2174 5094 Vnus.
2210 5043 2299 5095 23.
2351 5071 2419 5082 -—-
2449 5042 2737 5096 Parabola.
2788 5039 2950 5111 Sape
2975 5039 3299 5110 parabolice
3340 5040 3504 5111 loqui
3555 5040 3640 5094 di-

1943 5130 2111 5193 citur,
2145 5145 2217 5182 ne
2249 5129 2387 5199 quid
2430 5130 2488 5182 in
2530 5129 2619 5184 bis
2652 5145 2768 5183 non
2814 5130 2974 5199 quasi
3025 5128 3380 5199 parabolam,
3426 5128 3522 5183 sed
3552 5145 3639 5183 se-

1945 5219 2195 5273 cundum
2224 5217 2475 5271 litteram
2503 5217 2868 5288 accipiamus.

2014 5305 2164 5370 Quis.
2217 5305 2354 5357 Tam
2403 5303 2555 5369 felix,
2616 5304 2716 5375 qui
2747 5305 2868 5359 haec
2910 5303 3121 5371 videat,
3177 5305 3405 5370 sentiat,
3432 5305 3641 5360 intelli-

1946 5398 2064 5462 gat,
2097 5396 2154 5446 et
2170 5391 2382 5452 credat.
2413 5391 2568 5461 quod
2596 5391 2718 5446 haec
2738 5392 2818 5446 ita
2849 5393 3047 5447 fecerit
3074 5394 3242 5448 Deus.

2017 5481 2243 5547 Quando
2296 5482 2425 5534 ista.
2481 5480 2626 5534 Cum
2679 5481 2893 5536 scilicet
2944 5484 3154 5537 orietur
3199 5483 3362 5537 stella
3388 5497 3457 5537 ea:
3485 5482 3646 5537 Jacob

1945 5574 2127 5637 surget
2165 5570 2318 5623 homo
2355 5583 2423 5622 ea:
2476 5569 2676 5638 Israel,
2723 5575 2774 5623 et
2825 5569 3024 5624 delebit
3069 5571 3318 5637 Amalec,
3369 5575 3420 5627 et
3473 5585 3645 5626 semen

3212 5643 3292 5706 14
