4038 6180
340 273 443 326 427

1086 271 1478 328 WALAFRIDI
1520 270 1765 327 STRABI
1803 270 2005 327 FULD.
2050 269 2209 327 ΜΟΝ.
2252 270 2427 326 PARS
2464 270 2507 324 l.
2588 299 2619 309 -
2657 270 3123 326 THEOLOGICA.
3729 272 3825 327 428

341 395 561 464 peribit.
594 395 655 449 Id
690 398 794 463 est,
825 409 954 448 cum
986 392 1173 448 veniet
1211 393 1466 448 Christus
1495 396 1553 447 et
1580 393 1795 447 cultum
1841 392 2025 447 idolo-
2053 395 2095 449 A
2133 397 2362 463 peccata
2406 408 2533 464 quae
2573 391 3007 460 committimus,
3048 394 3176 459 etc.,
3209 406 3378 460 usque
3407 390 3489 447 ad
3520 391 3829 462 praedicens

342 499 469 537 rum
498 484 767 549 destruet,
799 488 855 537 et
884 483 1212 537 daemonum
1239 486 1581 552 potestatem
1603 481 1887 552 subjiciet.

448 574 612 627 Vsus.
664 574 748 627 24.
818 603 885 612 ——
941 574 1180 627 Venient.
1231 571 1467 625 Videtur
1510 570 1821 641 signiﬁcari
1877 569 2032 641 quod

335 661 497 731 juxta
526 659 974 714 incarnationem
1010 658 1241 713 Domini
1289 659 1519 713 veniant
1560 658 1823 725 Romani,
1868 661 2037 729 Assy-

343 750 476 815 rios,
538 748 804 802 Hebrasos
874 752 931 801 et
988 763 1188 800 omnes
1234 747 1537 801 orientales
1580 746 1925 817 superaturi,
1977 752 2035 801 et

343 835 573 888 tandem
625 850 866 905 regnum
932 832 1229 903 perdituri,
1279 833 1593 887 secundum
1634 838 1878 886 statuam
1919 834 2031 886 Da-

345 923 509 977 nielis
541 924 732 993 (Dan.,
767 930 853 988 ii);
891 922 974 975 vel
1009 922 1162 991 quod
1206 922 1267 974 in
1319 922 1568 975 adventu
1598 920 1805 975 Christi
1829 922 1889 975 in
1922 921 2034 975 ﬁne

345 1017 705 1082 temporum,
735 1010 884 1081 quod
937 1026 1065 1080 pars
1110 1008 1472 1063 occidentalis
1503 1008 1806 1079 signiﬁcat,
1840 1008 2036 1061 omnia

344 1116 519 1169 regna
555 1100 751 1153 mundi
799 1098 988 1169 gladio
1030 1097 1285 1167 spiritus,
1339 1098 1392 1151 id
1438 1100 1542 1164 est,
1582 1097 1753 1150 verbo
1788 1096 1888 1150 Dei
1940 1113 2033 1149 su-

343 1193 636 1259 perentur,
671 1193 728 1242 et
754 1188 814 1242 in
844 1193 1103 1257 tempore
1129 1185 1460 1241 Antichristi
1492 1189 1670 1240 cesset
1701 1182 2034 1254 prmdicatio

348 1276 654 1347 Evangelii.

418 1366 619 1435 (Omc.)
669 1364 792 1419 Alia
836 1364 1046 1429 littera,
1099 1368 1227 1430 etc.,
1286 1377 1455 1431 usque
1491 1361 1565 1414 ad
1612 1360 1664 1415 ei
1710 1376 1883 1431 super
1911 1374 2033 1413 om-

346 1470 480 1507 nem
506 1454 775 1507 virtutem
807 1452 1044 1505 inimici.

418 1543 685 1596 Hebraeos.
735 1541 1006 1596 Hebrmus
1055 1543 1140 1593 est
1188 1538 1286 1611 qui
1333 1538 1403 1592 de
1446 1539 1684 1608 Egypto
1723 1536 1927 1590 transit
1965 1535 2034 1589 ad

346 1634 554 1685 terram
587 1630 997 1700 promissionis,
1031 1629 1099 1682 de
1130 1628 1381 1682 tenebris
1410 1628 1478 1681 ad
1510 1628 1718 1696 lucem,
1752 1627 1821 1680 de
1853 1630 2035 1679 morte

347 1719 418 1772 ad
448 1718 621 1772 vitam
665 1735 678 1772 :
710 1718 806 1771 sed
837 1734 950 1771 non
986 1718 1107 1771 sine
1142 1733 1348 1785 magno
1388 1715 1699 1770 certamine
1728 1719 1916 1785 potest
1943 1714 2040 1767 ob-

346 1808 560 1861 tinere:
593 1807 798 1877 afﬂigit
837 1822 975 1876 ergo
1004 1812 1061 1859 et
1102 1806 1401 1873 affligitur,
1447 1804 1610 1859 caedit
1651 1803 2037 1859 adversarium

350 1899 407 1949 et
433 1895 688 1949 caeditur.
740 1894 1018 1965 Afﬁigunt
1056 1910 1191 1964 ergo
1231 1893 1445 1964 Assyrii
1496 1893 1783 1955 Hebraeos,
1834 1891 1890 1947 id
1932 1896 2037 1956 est,

348 1983 627 2054 populum
662 1984 781 2052 Dei,
809 1983 954 2036 sicut
983 1982 1322 2051 afﬂiguntur
1346 1983 1418 2036 ab
1439 1982 1541 2036 eis.

418 2072 612 2125 Etiam
638 2073 749 2140 ipsi
768 2071 1042 2140 peribunt.
1077 2072 1195 2141 (1ο.)
1232 2073 1297 2125 Et
1339 2073 1455 2141 ipsi
1498 2072 1716 2140 pariter
1760 2069 2035 2140 peribunt.

350 2161 473 2214 Non
507 2176 633 2214 cum
673 2159 925 2214 Hebraeis
971 2160 1201 2225 scilicet,
1256 2160 1351 2213 sed
1408 2160 1644 2229 pariter,
1699 2164 1829 2223 etc.,
1872 2173 2040 2227 usque

348 2250 423 2303 ad
450 2266 592 2320 quos
620 2249 877 2319 deceptio
910 2248 1125 2302 diaboli
1156 2248 1393 2302 deduxit
1423 2249 1480 2301 in
1505 2253 1768 2301 mortem.

418 2338 584 2393 Vens.
616 2341 705 2391 25.
738 2367 809 2377 —-
846 2338 1202 2406 Surrexitque
1244 2336 1371 2405 (lo.,
1408 2337 1547 2390 hom.
1602 2336 1715 2406 20.)
1753 2335 1894 2400 Quia
1936 2337 2034 2389 Ba-

347 2427 496 2480 laam
529 2426 627 2480 Dei
656 2426 865 2479 virtute
896 2426 1254 2487 constrictus,
1289 2429 1419 2491 etc.,
1463 2439 1631 2493 usque
1669 2424 1743 2477 ad
1776 2441 1868 2477 rex
1902 2440 2036 2477 vero

352 2516 515 2570 Balac
552 2515 823 2568 continuo
854 2514 1089 2568 consilio
1129 2513 1333 2584 paruit,

994 2690 1217 2744 CAPUT
1246 2690 1395 2744 XXV.

419 2870 589 2923 Vsus.
629 2870 677 2922 i.
720 2898 789 2907 —
835 2868 1127 2935 Orabatur,
1175 2872 1307 2935 etc.,
1356 2869 1412 2921 in
1451 2867 1637 2923 Setim.
1686 2868 2037 2940 Interpreta-

2144 483 2279 553 quia
2310 482 2536 536 vincula
2565 487 2623 535 et
2648 497 2899 536 carceres
2930 486 3201 535 maneant
3230 496 3361 534 eum
3385 480 3484 534 ibi.

2215 570 2420 639 (Οιιισ.)
2456 570 2725 623 Fortassis
2756 569 3083 623 referuntur
3119 570 3241 623 haec
3288 572 3358 622 ad
3398 568 3658 639 angelos,
3700 574 3824 635 etc.,

2143 673 2311 727 usque
2339 660 2414 713 ad
2431 661 2696 713 rationem
2719 658 2994 713 reddituri
3020 674 3119 728 pro
3148 658 3435 712 animabus
3459 662 3673 713 vestris.

2215 748 2355 817 (In)
2403 748 2656 817 Populus
2706 752 2920 818 peccat,
2986 752 3116 812 etc.,
3167 762 3335 816 usque
3374 746 3451 800 ad
3481 752 3611 801 ante
3663 763 3826 818 quem

2144 836 2287 890 nihil
2317 842 2505 906 potest
2529 835 2823 904 abscondi,
2852 836 2995 890 nihil
3045 835 3352 890 obscurari.

2218 927 2397 993 (Acs,
2430 931 2617 994 quaest.
2656 927 2807 979 52in
2844 925 3026 995 Num.)
3077 926 3142 979 Et
3186 924 3325 979 dixit
3358 924 3655 985 Dominus.
3700 932 3825 995 etc.,

2145 1028 2312 1082 usque
2342 1014 2416 1067 ad
2445 1013 2813 1083 prudentium
2853 1012 2984 1067 fidei
3013 1012 3145 1067 satis
3176 1012 3467 1067 evidenter
3518 1013 3781 1067 ostendit.

2217 1102 2377 1156 Vens.
2411 1106 2461 1156 7.
2496 1132 2566 1142 —
2612 1102 2768 1168 Quod
2812 1118 2950 1168 cum,
3002 1106 3108 1155 etc.
3151 1099 3360 1169 (Οιιια.)
3409 1100 3544 1154 Haec
3590 1102 3816 1155 adifica-

2144 1194 2351 1242 verunt
2376 1188 2626 1259 priorem
2672 1190 2972 1258 populum,
3007 1194 3138 1253 etc.,
3170 1203 3341 1257 usque
3368 1188 3443 1241 ad
3468 1193 3523 1241 et
3552 1189 3816 1259 propitius

2146 1275 2310 1329 nobis
2342 1274 2441 1329 ﬁat
2478 1277 2621 1329 Deus
2679 1292 2782 1346 per
2826 1291 3024 1329 verum
3069 1276 3341 1329 Phineem
3390 1275 3683 1329 Dominum
3726 1292 3820 1329 no-

2147 1367 2325 1417 strum
2351 1364 2540 1417 Jesum
2571 1364 2880 1419 Christum.

2218 1452 2452 1521 Arrepto
2480 1454 2737 1521 pugione.
2772 1452 3062 1523 Signiﬁcat
3092 1468 3195 1522 per
3219 1468 3445 1507 crucem
3486 1452 3692 1508 Christi
3722 1468 3830 1507 non

2147 1539 2333 1593 solum
2380 1540 2788 1610 idololatriam,
2829 1540 2926 1595 sed
2970 1546 3025 1595 et
3071 1556 3300 1594 omnem
3343 1543 3528 1595 carnis
3575 1542 3831 1595 affectum

2152 1627 2236 1680 vel
2267 1629 2786 1699 concupiscentiam
2821 1629 3049 1699 perimi,
3082 1635 3137 1682 et
3175 1630 3253 1682 sic
3286 1631 3462 1684 Deum
3495 1630 3729 1701 placari.

2222 1717 2377 1769 Vens.
2421 1719 2468 1770 6.
2502 1747 2566 1755 —
2600 1718 2774 1771 Occisi
2804 1723 2929 1771 sunt
2960 1720 3162 1787 viginti
3202 1723 3435 1787 quatuor
3468 1718 3664 1771 millia.
3698 1716 3835 1780 Quia

2150 1803 2346 1858 lumen
2393 1805 2644 1858 veritatis
2683 1810 2739 1859 et
2774 1806 3010 1876 justitiaé
3058 1806 3471 1877 relinquentes,
3522 1805 3834 1859 caecitatem

2147 1892 2488 1946 idololatrias
2538 1899 2595 1947 et
2634 1892 3025 1948 fornicationis
3071 1899 3424 1959 amaverunt,
3466 1894 3598 1947 solis
3638 1893 3835 1947 aeterni

2150 1980 2367 2034 lumine
2406 1981 2634 2047 privati,
2685 1983 2883 2035 mortis
2920 1982 3182 2036 tenebras
3220 1982 3537 2036 incurrunt.
3592 1981 3838 2036 Visibilis

2150 2068 2301 2120 enim
2331 2068 2411 2121 sol
2446 2069 2646 2138 viginti
2679 2074 2923 2140 quatuor
2950 2070 3104 2123 horis
3130 2070 3326 2124 orbem
3356 2070 3622 2136 illustrat,
3657 2076 3715 2124 et
3742 2086 3840 2122 suo

2149 2155 2368 2209 ambitu
2417 2156 2602 2210 noctis
2641 2158 2903 2212 tenebras
2933 2158 3121 2229 fugat;
3157 2159 3235 2212 sic
3282 2164 3340 2213 et
3367 2160 3626 2215 Christus
3657 2159 3728 2213 ad
3759 2159 3842 2213 fu-

2148 2245 2365 2315 gandas
2395 2246 2609 2315 peccati
2655 2247 2917 2302 tenebras
2946 2263 3049 2319 per
3093 2248 3381 2318 apostolos
3428 2254 3484 2302 et
3527 2249 3843 2319 prophetas

2148 2332 2427 2386 mundum
2459 2332 2725 2388 illustrat.

2217 2423 2374 2476 Vens.
2414 2426 2497 2476 13.
2548 2452 2617 2463 —
2668 2426 2906 2477 Pactum.
2944 2424 3208 2495 Quisqais
3242 2425 3361 2479 zelo
3419 2425 3516 2479 Dei
3562 2441 3848 2495 compun—

2145 2516 2269 2563 ctus
2299 2512 2485 2564 carnis
2515 2512 2773 2566 stimulos
2803 2514 3133 2581 contemnit,
3183 2514 3546 2583 comprimit;
3578 2516 3665 2569 vel
3700 2515 3845 2567 sub-

2140 2598 2342 2667 jectos,
2384 2615 2457 2652 ne
2500 2600 2811 2666 lasciviant,
2844 2601 3093 2671 corrigit,
3127 2602 3542 2672 sempiternum
3573 2602 3851 2656 sacerdo-

2147 2688 2291 2740 tium
2317 2687 2581 2759 acquirit,
2613 2689 2907 2759 pertinens
2935 2690 3004 2743 ad
3036 2690 3326 2758 eumdem,
3357 2690 3425 2743 de
3451 2707 3565 2760 quo
3586 2690 3809 2744 dicitur
3834 2706 3847 2743 :

2151 2779 2231 2831 Tu
2258 2793 2310 2830 es
2339 2778 2586 2832 sacerdos
2616 2780 2673 2830 in
2704 2783 2966 2833 aeternum
3013 2780 3303 2833 secundum
3350 2779 3591 2833 ordinem
3620 2779 3850 2833 Melchi-

2146 2864 2333 2918 sedech
2361 2865 2525 2935 (Psal.
2561 2866 2699 2935 CIX),
2742 2882 2871 2920 cum
2913 2883 3027 2937 quo
3066 2873 3346 2921 internum
3380 2883 3621 2936 regnum
3666 2867 3852 2937 possi-

348 2957 502 3011 tione
537 2957 939 3011 Hebraicorum
960 2958 1285 3025 nominum,
1320 2956 1472 3014 ante
1503 2954 1686 3009 Sittim
1718 2956 2040 3013 invenimus
2077 2964 2115 3020 ρ
2148 2952 2323 3007 debit.
2358 2953 2770 3023 Interpretatur
2801 2961 2989 3009 autem
3026 2956 3268 3010 Phinees
3320 2972 3419 3009 ore
3466 2971 3729 3025 parcens,
3765 2954 3853 3010 vel

348 3046 410 3099 in
467 3046 665 3115 lingua
713 3050 909 3099 nostra
977 3045 1409 3114 responsionem
1479 3044 1569 3097 vel
1637 3045 2040 3102 refutationem

350 3134 479 3189 dici.
512 3134 803 3205 Applicuit
827 3149 965 3203 ergo
996 3134 1165 3187 Israel
1197 3133 1267 3189 ad
1297 3133 1729 3205 responsionem
1774 3136 1861 3189 vel
1894 3136 2043 3190 refu-

350 3222 644 3289 tationem,
678 3239 795 3277 non
833 3222 978 3276 bene
1009 3222 1302 3292 applicuit.

420 3329 623 3398 (ORIG.,
683 3330 821 3382 hom.
868 3330 937 3381 20
981 3330 1039 3381 in
1079 3329 1264 3397 Num.)
1306 3328 1433 3398 Ipsa
1465 3328 1701 3383 historia
1733 3344 1836 3383 nos
1865 3330 2041 3384 aediﬁ-

351 3422 456 3482 cat,
531 3421 663 3482 etc.,
715 3432 884 3484 usque
950 3415 1025 3469 ad
1080 3417 1372 3470 mendacio
1427 3424 1484 3471 et
1533 3416 1798 3471 omnibus
1852 3420 2038 3487 malis,

352 3520 481 3557 cum
508 3503 717 3573 quibus
744 3520 920 3557 unum
952 3519 1157 3574 corpus
1178 3503 1443 3557 efﬁcitur.

420 3610 579 3663 Vens.
628 3609 684 3661 2.
737 3638 804 3648 -—
851 3608 1229 3663 Comederunt.
1271 3608 1463 3676 Quasi,
1495 3610 1668 3665 etiam
1697 3611 1767 3666 de
1794 3611 1883 3666 his
1911 3629 2040 3685 qua;

349 3699 643 3753 immolata
691 3702 823 3750 sunt
866 3697 1035 3751 idolis
1094 3698 1421 3763 comedunt,
1484 3714 1615 3769 quin
1677 3701 2041 3756 exsecrabilia

348 3794 482 3840 sunt
508 3786 658 3857 apud
701 3785 902 3841 Deum.
962 3785 1099 3851 Quis
1146 3786 1300 3840 enim
1349 3803 1657 3842 consensus
1681 3791 1897 3861 templo
1936 3792 2038 3847 Dei

349 3891 479 3929 cum
511 3876 679 3930 idolis
701 3876 730 3931 ?

419 3981 616 4052 (Οιιιο.)
660 3981 752 4035 Ait
790 3982 1108 4052 Apostolus,
1150 3986 1281 4044 etc.,
1334 3996 1503 4052 usque
1547 3983 1622 4038 ad
1645 3987 1703 4038 et
1732 3983 1832 4056 qui
1882 4001 2037 4039 eum-

348 4070 551 4142 recipit
579 4070 745 4124 idolis
771 4070 1067 4125 immolata
1094 4070 1417 4126 manducat.

418 4160 487 4214 Et
512 4159 876 4213 adoraverunt
923 4159 1045 4214 deos
1087 4175 1293 4213 earum.
1337 4160 1482 4215 Nota
1521 4160 1822 4216 ordinem:
1858 4163 2038 4218 malos

348 4261 537 4301 servos
571 4246 760 4318 primo
807 4247 1263 4317 concupiscentia
1305 4247 1533 4318 decipit,
1564 4248 1697 4303 inde
1728 4248 2029 4320 ingluvies,
2075 4260 2117 4313 D
2219 4284 2382 4338 vus.
2421 4286 2470 4338 L
2500 4310 2570 4327 __
2615 4285 2906 4352 Postquam
2954 4287 3261 4351 noxiorum,
3306 4288 3414 4339 etc.

347 4337 638 4403 postremo
666 4331 912 4403 captivat
949 4332 1236 4404 impietas,
1283 4337 1444 4406 cujus
1483 4350 1698 4390 merces
1729 4337 2039 4391 exsolvitur

332 4420 668 4476 ,fornicatio.

421 4526 627 4597 (0816.)
669 4526 942 4582 Salomon
998 4542 1128 4582 cum
1177 4533 1325 4583 esset
1379 4528 1857 4600 sapientissimus,
1905 4536 2034 4597 etc.,

346 4632 515 4687 usque
543 4616 636 4681 ad,
664 4615 1198 4671 Adolescentularum
1226 4634 1332 4672 non
1387 4624 1465 4673 est
1516 4634 1909 4687 numerus,una
1947 4626 2033 4675 ta-

346 4720 467 4759 men
494 4710 572 4759 est
600 4703 841 4759 columba
868 4719 1002 4758 mea.

436 4810 596 4865 Vsus.
641 4811 693 4863 3.
742 4839 811 4850 —
846 4810 1115 4864 Initiatus
1147 4814 1225 4865 est
1273 4811 1465 4877 Israel,
1509 4814 1615 4865 etc.
1668 4813 2039 4869 Consecratus

347 4904 450 4964 est,
491 4898 704 4952 scilicet
768 4898 1050 4969 mysteriis
1090 4898 1250 4965 idoli,
1309 4901 1461 4971 quod
1495 4900 1650 4970 apud
1696 4902 2036 4958 Madianitas

346 4985 633 5054 praecipue
663 5003 697 5040 a
724 4986 1063 5041 mulieribus
1092 4988 1319 5057 colitur,
1349 4992 1407 5043 et
1429 4993 1515 5044 est
1543 4990 1757 5060 species
1787 4993 2038 5063 turpitu-

348 5070 516 5139 dinis,
548 5073 648 5128 sed
679 5074 951 5145 scriptum
980 5074 1069 5129 vix
1099 5076 1388 5146 reperitur
1415 5093 1565 5148 quas,
1608 5078 1697 5132 vel
1731 5079 1918 5149 qualis
1944 5080 2035 5143 sit,

2151 3056 2247 3095 ore
2312 3042 2610 3113 requievit,
2680 3045 2764 3097 vel
2834 3044 2950 3097 oris
3006 3045 3356 3115 augurium:
3392 3044 3649 3111 Eleazar,
3700 3045 3856 3099 Deus

2153 3146 2314 3183 meus
2358 3131 2605 3201 adjutor,
2653 3134 2737 3185 vel
2773 3132 2871 3185 Dei
2903 3132 3277 3203 adjutorium;
3312 3136 3500 3186 Aaron
3539 3149 3712 3187 mons
3742 3132 3857 3187 for-

2150 3217 2430 3286 titudinis,
2459 3220 2543 3273 vel
2578 3235 2742 3274 mons
2764 3220 2949 3276 fortis.
2990 3221 3124 3285 Quae
3155 3220 3389 3274 nomina
3417 3236 3675 3290 congrue
3704 3236 3857 3291 pra:-

2152 3306 2367 3361 dictum
2399 3323 2626 3363 sensum
2658 3308 2990 3379 exprimunt
3019 3326 3032 3363 :
3068 3309 3166 3379 qui
3189 3309 3342 3363 enim
3372 3324 3431 3362 se
3461 3325 3557 3362 ore
3588 3310 3860 3363 continet

2150 3411 2220 3448 ne
2252 3412 2423 3466 prava
2454 3398 2741 3468 loquatur,
2774 3404 2830 3451 et
2874 3398 3141 3469 mysteria
3176 3398 3424 3452 caelestia
3473 3398 3718 3467 exponit
3747 3414 3857 3450 au-

2149 3484 2450 3551 ditoribus,
2486 3501 2589 3554 per
2622 3486 2720 3539 Dei
2739 3486 3085 3556 adjutorium
3108 3485 3268 3556 pium
3301 3486 3553 3539 laborem
3585 3487 3853 3556 explens,

2150 3572 2219 3625 ad
2252 3579 2505 3628 montem
2531 3574 2898 3641 fortitudinis,
2933 3574 2990 3629 id
3020 3580 3106 3628 est
3138 3574 3448 3640 Christum,
3489 3573 3744 3628 feliciter
3773 3589 3859 3628 as-

2149 3661 2359 3716 cendit.

2218 3752 2357 3805 Erat
2388 3755 2587 3819 autem,
2642 3754 2746 3806 etc.
2788 3752 2948 3818 (Rau.
2981 3754 3041 3806 in
3082 3752 3267 3823 Num.)
3302 3751 3552 3806 Israelita
3583 3752 3691 3824 qui
3742 3751 3861 3805 for-

2147 3839 2369 3894 nicatus
2429 3844 2515 3894 est
2568 3856 2701 3894 cum
2766 3840 3148 3906 Madianitide,
3201 3845 3332 3906 etc.,
3387 3856 3559 3910 usque
3614 3842 3699 3895 ad
3759 3839 3861 3895 ubi

2146 3927 2433 3981 cruciatur
2474 3928 2566 3983 die
2616 3944 2680 3983 ac
2726 3935 2892 3984 nocte
2937 3945 3107 3999 usque
3151 3930 3225 3983 ad
3271 3930 3656 3985 novissimum
3717 3945 3861 4001 qua-

2148 4015 2430 4071 drantem.
2732 4043 2775 4085 α

2783 4141 3006 4197 CAPUT
3044 4142 3221 4198 XXVI.

3463 4284 3647 4356 (0am.
3663 4329 3678 4355 ,
3716 4288 3862 4342 hom.

2148 4375 2208 4427 2t
2263 4374 2322 4425 in
2369 4373 2559 4441 Num.)
2610 4370 2754 4435 Quia
2785 4372 2869 4425 illi
2916 4373 3013 4444 qui
3040 4373 3227 4444 primo
3265 4372 3426 4427 asciti
3464 4373 3708 4431 fuerant
3760 4392 3868 4447 pro

2148 4464 2378 4531 peccato
2411 4459 2756 4527 ceciderunt,
2785 4463 2914 4526 etc.,
2964 4476 3134 4531 usque
3169 4462 3245 4516 ad
3272 4461 3361 4516 his
3405 4466 3605 4517 autem
3655 4470 3871 4520 cuncta

2149 4564 2279 4620 qum
2313 4548 2731 4619 promittuntur
2750 4548 2987 4619 impleta
3013 4554 3163 4604 sunt.

2221 4639 2380 4692 Vens.
2414 4640 2467 4691 2.
2499 4668 2567 4677 —
2596 4639 2888 4693 Numerate
2931 4654 3154 4693 omnem.
3204 4640 3417 4694 Iterum
3446 4643 3711 4711 populus
3758 4660 3869 4697 nn-

2150 4730 2406 4780 meratur
2434 4730 2492 4780 et
2521 4726 2747 4793 Levitre,
2796 4731 2860 4780 ut
2893 4726 3202 4782 interfectis
3252 4728 3455 4799 primis
3497 4732 3870 4797 carnalibus,

2146 4830 2328 4870 novus
2349 4815 2595 4884 populus
2637 4814 2735 4868 Dei
2764 4820 3085 4883 censeatur,
3120 4815 3221 4887 qui
3241 4832 3346 4888 per
3362 4818 3639 4872 Iordanis
3669 4820 3870 4891 bapti-

2150 4919 2339 4958 smum
2371 4908 2644 4973 transeat,
2695 4908 2753 4959 et
2790 4905 3036 4959 caalestis
3062 4905 3413 4961 hereditatis
3442 4909 3868 4977 repromissio-

2147 5009 2280 5047 nem
2304 4991 2560 5063 accipiat.

2216 5081 2377 5135 Vens.
2429 5082 2515 5135 53.
2562 5110 2631 5119 ——
2668 5082 2799 5136 Istis
2842 5081 3121 5136 dividetur
3164 5085 3331 5137 terra.
3380 5084 3563 5150 Onic.,
3615 5087 3725 5140 ubi
3769 5101 3871 5141 su-

346 5160 433 5213 vel
493 5160 655 5231 cujus
709 5161 925 5227 formes,
957 5162 1101 5217 forte
1142 5179 1215 5218 ne
1247 5163 1566 5219 auditorem
1610 5166 1847 5237 polluat.
1896 5170 2038 5225 Cum
2140 5169 2293 5241 pra.)
2342 5169 2701 5239 Reprobatur
2731 5169 2892 5241 prior
2939 5171 3187 5242 populus
3212 5172 3311 5243 qui
3345 5178 3429 5227 est
3455 5173 3517 5227 in
3542 5174 3871 5231 circumci-

347 5263 485 5319 ergo
516 5250 714 5305 multa;
732 5250 845 5304 sint
873 5251 1244 5321 turpitudinis
1272 5252 1507 5323 species,
1541 5270 1658 5309 una
1687 5256 2042 5328 Beelphegor

346 5336 570 5391 dicitur.
612 5337 811 5393 Omnis
840 5354 977 5410 ergo
1007 5339 1107 5410 qui
1136 5343 1303 5411 turpe
1352 5341 1568 5413 aliquid
1605 5344 1930 5414 committit,
1977 5345 2038 5399 in

349 5426 544 5498 aliqua
564 5426 941 5498 turpitudinis
970 5427 1153 5499 specie
1173 5429 1524 5501 Beelphegor
1546 5436 1925 5488 consecratur.

416 5515 619 5586 (0316.)
681 5518 754 5572 Et
779 5518 1034 5572 initiatus
1079 5521 1160 5571 est
1209 5518 1549 5587 Beelphegor,
1582 5521 1802 5585 etc.Per
1844 5521 2037 5577 omnia

2145 5258 2325 5321 sione,
2352 5263 2482 5328 etc.,
2511 5274 2681 5328 usque
2708 5259 2783 5313 ad
2823 5265 2882 5315 et
2923 5276 3097 5315 mera:
3126 5262 3442 5316 divinitatis
3471 5278 3729 5332 capaces
3763 5282 3876 5336 per

2147 5346 2458 5419 puritatem
2483 5347 2687 5403 etfecti.

2216 5437 2341 5508 (ln.)
2371 5437 2561 5491 Terrae
2603 5437 2775 5508 hujus
2797 5436 3019 5505 divisio,
3077 5443 3207 5508 etc.,
3253 5455 3419 5509 usque
3455 5438 3530 5494 ad
3557 5442 3671 5497 sed
3705 5442 3875 5499 illius

2146 5540 2275 5595 quae
2303 5525 2543 5580 urbibus
2562 5527 2833 5597 contigua
2861 5532 2965 5582 est.
