3976 6178
164 335 242 388 429
1265 328 1516 385 GLOSSA
1554 327 1953 385 ORDINARIA.
1997 358 2063 367 -—
2106 328 2231 383 LIB.
2275 325 2439 383 NUM.

3505 329 3613 383 430

212 453 347 505 Vens.
375 449 456 503 54.
495 478 564 488 -
593 448 862 503 Pluribus
893 450 1173 517 majorem.
1204 450 1276 504 Ut
1330 449 1545 504 scilicet
1600 466 1802 504 nume-
1836 450 1884 506 Α
1992 451 2153 504 Vens.
2191 452 2273 504 12.
2309 480 2377 489 -
2408 448 2652 504 Ascende
2680 450 2738 503 in
2757 454 3003 513 montem,
3041 451 3148 503 etc.
3198 449 3326 520 (10.,
3350 448 3490 504 hom.
3524 453 3615 506 22.

161 540 309 596 rosior
324 538 492 592 tribus
534 538 751 608 majora
783 537 965 607 spatia
995 544 1163 592 terra:
1193 539 1493 605 sortiatur;
1535 554 1663 610 quae
1693 540 1804 593 mi-

160 644 240 683 nor
264 633 432 681 autem
467 626 643 681 fuerit
683 627 985 680 hominum
1018 643 1257 681 numero
1289 628 1594 682 minorem.

216 716 572 783 Uuusjustus,
628 714 946 768 secundum
980 716 1135 785 quod
1187 716 1301 769 Deo
1357 720 1640 787 acceptus,
1696 732 1804 785 pro

160 805 368 877 pluribus
398 803 676 869 habetur;
710 803 864 857 unde
898 818 913 857 :
951 805 1050 857 Per
1094 819 1261 858 unum
1309 807 1603 874 sapientem
1647 806 1805 859 habi-

160 896 323 947 tabitur
363 894 575 961 civitas,
634 892 808 946 tribus
836 897 1017 947 autem
1075 894 1389 961 iniquorum
1436 893 1803 961 desolabitur;

160 988 196 1037 et
218 995 333 1035 unus
348 980 531 1048 justus
558 994 663 1048 pro
686 982 792 1032 toto
822 979 1041 1033 mundo.
1069 981 1256 1048 Iniqui
1282 985 1480 1047 autem,
1507 986 1558 1035 et
1585 983 1635 1035 si
1662 983 1803 1035 mul-

162 1071 193 1121 ti
211 1070 320 1135 sint,
346 1068 533 1133 exigui
583 1070 633 1120 et
667 1081 768 1135 pro
797 1067 968 1119 nihilo
996 1066 1269 1120 ducuntur
1296 1067 1447 1136 apud
1478 1068 1653 1121 Deum
1692 1070 1806 1135 (Ec-

159 1160 226 1212 cti.
265 1162 381 1222 xu).
422 1156 518 1208 Est
547 1170 688 1224 ergo
722 1155 1028 1208 multitudo
1069 1155 1401 1221 laudabilis;
1436 1155 1586 1209 unde
1624 1156 1803 1210 Abra-

161 1249 228 1301 bas
260 1261 414 1316 quem
457 1244 659 1299 eduxit
703 1244 874 1306 foras,
919 1244 1000 1297 ait
1028 1260 1040 1297 :
1074 1245 1302 1314 Respice
1337 1246 1524 1299 caelum
1552 1247 1604 1299 si
1653 1250 1807 1314 potes

159 1335 454 1389 dinumerare
477 1334 683 1393 stellas.
714 1336 796 1387 ita
823 1335 927 1387 erit
955 1348 1134 1387 semen
1161 1338 1331 1399 tuum,
1373 1338 1481 1387 etc.
1506 1334 1663 1404 (Gen.
1703 1334 1802 1403 ιχ).

164 1424 208 1476 ln
233 1438 328 1493 quo
355 1421 667 1475 notandum
713 1420 846 1492 quia
867 1420 1058 1490 justus
1088 1420 1146 1474 in
1178 1421 1543 1475 interioribus
1581 1437 1808 1492 semper

160 1512 389 1577 consistit,
441 1511 579 1582 quia
610 1511 669 1564 in
695 1510 1027 1565 abscondito
1071 1514 1198 1564 orat
1227 1512 1471 1577 Patrem,
1530 1516 1588 1565 et
1619 1511 1805 1565 omnis

158 1598 304 1667 gloria
329 1599 457 1652 ﬁlias
506 1598 678 1669 regis,
707 1598 764 1651 id
794 1603 899 1662 est,
931 1598 1141 1669 regalis
1184 1597 1411 1657 animas,
1462 1598 1806 1653 intrinsecus

157 1686 365 1741 est:sed
396 1687 548 1741 Deus
592 1686 781 1741 educit
835 1702 967 1741 eum
1019 1685 1189 1753 foras,
1248 1702 1380 1742 cum
1422 1703 1511 1742 res
1558 1690 1807 1758 postulat

159 1781 200 1828 et
217 1792 381 1830 rerum
411 1775 727 1829 visibilium
757 1775 924 1831 ratio.

211 1863 348 1917 Vsus.
380 1866 472 1918 55.
514 1895 580 1903 —
615 1865 681 1919 Ut
719 1879 835 1919 sors
867 1869 1085 1919 terram.
1146 1864 1252 1918 Per
1280 1869 1490 1919 sortem
1542 1864 1806 1935 praecipi-

154 1956 227 2004 tur
247 1952 404 2006 dividi
433 1952 765 2020 hmreditas,
799 1953 895 2006 sed
929 1952 1091 2006 video
1118 1951 1428 2023 ipsummet
1460 1954 1686 2024 Moysen
1717 1954 1808 2007 cui

155 2038 237 2091 ista
263 2041 612 2107 mandantur,
642 2057 756 2095 non
787 2045 935 2094 sorte
975 2040 1229 2095 dividere
1261 2041 1655 2096 haereditatem
1692 2042 1806 2096 Ru-

153 2126 258 2194 ben,
307 2129 435 2189 Gad,
500 2134 555 2183 et
604 2129 856 2183 dimidiae
910 2129 1085 2182 tribui
1130 2131 1382 2185 Manasse
1427 2130 1604 2201 (Iosue
1662 2132 1804 2200 xv):

153 2216 278 2269 Jesus
307 2234 529 2288 quoque
572 2219 744 2284 Nave,
808 2223 965 2273 extra
1008 2222 1217 2272 sortem
1262 2219 1356 2273 dat
1411 2219 1810 2274 hmreditatem

152 2306 290 2359 tribui
340 2307 502 2361 ludas
533 2310 589 2361 et
620 2306 789 2361 Caleb
822 2312 878 2361 et
923 2306 1099 2361 tribui
1141 2308 1435 2377 Ephraim,
1467 2314 1523 2363 et
1554 2308 1810 2364 dimidiae

154 2394 293 2447 tribui
313 2396 583 2450 Manasse.
617 2397 679 2450 In
710 2396 930 2450 caeteris
960 2412 1084 2450 sors
1116 2396 1364 2450 mittitur
1396 2414 1409 2451 :
1447 2396 1597 2451 unde
1648 2401 1807 2468 puto,

152 2484 272 2550 quod
299 2484 351 2538 iu
380 2484 601 2539 ccelesti
630 2484 959 2539 hmreditate
982 2484 1160 2556 aliqui
1190 2500 1306 2538 non
1339 2485 1568 2539 venient
1605 2486 1675 2540 ad
1698 2503 1812 2539 sor-

152 2575 258 2638 tem,
313 2589 499 2645 neque
545 2589 675 2627 cum
706 2574 925 2628 caeteris
977 2573 1260 2645 (quamvis
1306 2575 1483 2628 sancti
1517 2574 1650 2645 sint)
1709 2591 1811 2628 nu-

152 2661 511 2730 merabantur,
558 2662 657 2717 sed
710 2661 819 2717 erit
849 2662 1077 2733 egregia
1107 2679 1308 2717 eorum
1340 2662 1662 2726 haereditas,
1700 2663 1811 2717 sic-

154 2755 199 2802 ut
220 2750 312 2804 fuit
337 2752 527 2819 Caleb,
562 2756 617 2805 et
668 2752 839 2806 tribui
870 2753 1049 2819 ludas,
1085 2756 1140 2805 et
1169 2751 1302 2806 Jesu
1329 2752 1447 2806 ﬁlio
1481 2753 1627 2806 Nave
1692 2751 1807 2806 Sic-

152 2841 197 2891 ut
239 2839 379 2894 enim
448 2857 585 2894 cum
635 2828 840 2911 adepta
915 2840 1151 2894 victoria
1216 2840 1549 2894 dividuntur
1606 2842 1804 2912 spolia,

150 2928 329 2998 egregii
366 2929 673 2983 bellatores
692 2944 820 2982 cum
852 2928 1072 2982 caeteris
1103 2945 1216 2982 non
1248 2928 1537 2983 ducuntur
1579 2929 1651 2984 ad
1682 2945 1808 2983 sor-

1915 539 2051 593 Vide
2080 539 2364 609 quomodo
2393 537 2491 609 qui
2523 537 2805 609 perfectus
2830 542 2887 592 et
2916 537 3119 592 beatus
3139 542 3243 604 est,
3278 542 3411 605 etc.,
3443 553 3615 608 usque

1914 628 1989 681 ad
2020 628 2118 681 Ille
2147 642 2284 697 ergo
2318 626 2471 681 solus
2501 626 2669 681 debet
2714 626 2956 697 requiri,
3008 626 3110 697 qui
3143 630 3439 697 peccatum
3494 643 3609 681 non

1913 715 2068 769 fecit.

1984 806 2101 866 (ῐο.)
2131 804 2274 857 Mors
2329 802 2509 874 Moysi
2556 802 2687 857 ﬁnis
2722 802 2883 874 legis,
2914 807 3044 869 etc.,
3076 817 3246 872 usque
3300 802 3375 857 ad
3421 803 3479 858 id
3513 809 3616 870 est,

1912 892 2017 946 sub
2060 893 2387 945 velamento
2418 891 2598 945 Patris
2652 896 2710 946 et
2758 892 2887 947 Filii
2930 896 2986 947 et
3016 891 3260 963 Spiritus
3306 890 3487 945 sancti
3527 907 3617 945 re-

1910 979 2167 1050 quiescet
2199 977 2407 1031 anima.
2424 983 2635 1033 nostra.

1982 1068 2143 1121 Vaas.
2191 1066 2273 1121 14.
2316 1095 2385 1106 -
2419 1067 2563 1131 Quia
2592 1065 2895 1135 offendistis
2924 1070 3030 1119 etc.
3077 1064 3259 1135 (Ana,
3289 1069 3483 1132 quast.
3549 1066 3616 1117 53

1908 1159 1968 1210 in
1998 1155 2184 1225 Num.)
2220 1156 2357 1209 Eam
2403 1170 2635 1209 causam
2668 1156 2869 1209 mortis
2900 1153 3073 1224 Moysi
3116 1152 3256 1207 dicit
3310 1151 3606 1207 Dominus.

1912 1261 2085 1315 quam
2136 1249 2190 1298 et
2239 1243 2428 1297 fratris
2459 1244 2604 1314 ejus,
2639 1244 2776 1315 quia
2827 1243 3040 1297 scilicet
3080 1257 3200 1296 non
3229 1241 3611 1295 sanctiﬁcave-

1912 1340 2048 1389 runt
2075 1350 2207 1388 eum
2238 1349 2429 1387 coram
2458 1333 2673 1403 populo
2705 1332 2776 1387 ad
2802 1347 3010 1404 aquam
3037 1329 3528 1400 contradictionis,
3557 1330 3617 1385 id

1912 1428 1998 1478 est
2028 1423 2162 1494 quia
2182 1422 2588 1476 dubitaverunt
2615 1421 2771 1492 quod
2803 1420 2954 1476 dono
2984 1420 3109 1490 ejus
3144 1422 3334 1490 posset
3358 1434 3509 1489 aqua
3539 1419 3610 1473 de

1852 1533 1871 1546 κ
1913 1516 2076 1583 petra
2116 1509 2418 1581 proﬂuere.

1985 1600 2209 1670 Mystice
2259 1604 2448 1652 autem
2497 1596 2870 1668 signiﬁcatur,
2914 1596 3051 1668 quia
3078 1611 3183 1651 nec
3236 1598 3397 1649 vetus
3426 1611 3615 1651 sacer-

1913 1689 2154 1753 dotium,
2200 1688 2362 1757 cujus
2420 1702 2730 1758 personam
2781 1689 2968 1741 Aaron
3034 1684 3288 1759 gerebat,
3344 1700 3449 1741 nec
3492 1686 3617 1757 ipsa

1918 1778 2026 1843 lex,
2083 1776 2242 1845 cujus
2301 1791 2606 1847 personam
2659 1776 2896 1846 gerebat
2936 1777 3186 1847 TMoyses,
3244 1778 3618 1834 introducunt

1917 1866 2195 1937 populum
2255 1866 2354 1919 Dei
2401 1864 2461 1918 in
2510 1869 2723 1918 terram
2775 1870 3004 1919 aeternae
3063 1866 3458 1923 hereditatis:
3519 1864 3615 1919 sed

1915 1958 2096 2023 Jesus,
2130 1956 2190 2009 in
2220 1972 2333 2026 quo
2364 1954 2719 2024 signiﬁcatur
2748 1953 3024 2021 Christus,
3062 1955 3121 2010 id
3164 1962 3244 2011 est
3278 1956 3460 2028 gratia
3516 1970 3621 2025 per

1920 2044 2113 2100 ﬁdem.
2157 2045 2223 2098 Et
2278 2047 2466 2098 Aaron
2510 2042 2745 2112 quidem
2804 2047 2938 2097 ante
2967 2043 3272 2100 defunctus
3300 2049 3387 2099 est
3442 2058 3616 2115 quam

1918 2134 2089 2190 Israel
2123 2133 2182 2187 in
2225 2131 2479 2203 aliquam
2512 2136 2733 2203 partem
2783 2136 2951 2186 terra:
2982 2133 3378 2202 promissionis
3435 2133 3617 2187 intra-

1920 2228 2049 2279 ret:
2104 2222 2296 2292 Moyse
2342 2226 2531 2275 autem
2583 2221 2770 2275 adhuc
2823 2221 3075 2275 viventes
3132 2227 3299 2293 capta
3354 2227 3439 2276 est
3468 2226 3621 2275 terra

1918 2312 2382 2369 Amorrhaaorum
2413 2314 2469 2364 et
2488 2326 2765 2380 possessa,
2792 2309 2893 2364 sed
2921 2310 3228 2365 Iordanem
3255 2327 3387 2365 eum
3406 2310 3488 2365 eis
3502 2325 3619 2363 non

1918 2396 2164 2451 transiit.
2202 2398 2275 2451 Ex
2304 2397 2500 2468 aliqua
2533 2397 2688 2451 enim
2720 2402 2881 2468 parte
2923 2398 3012 2452 lex
3051 2399 3385 2454 observatur
3412 2397 3474 2451 in
3505 2397 3619 2452 ﬁde

1920 2485 2256 2539 Christiana.
2294 2486 2377 2539 Ibi
2409 2486 2562 2540 enim
2596 2490 2731 2540 sunt
2753 2485 2923 2540 etiam
2957 2492 3245 2558 praacepta
3275 2502 3405 2558 quas
3430 2500 3617 2556 usque

1919 2575 2087 2629 hodie
2133 2574 2441 2629 Christiani
2494 2575 2795 2629 observare
2848 2575 3145 2645 jubentur.
3222 2574 3619 2631 Sacerdotium

1920 2678 2051 2716 vero
2083 2662 2221 2717 illud
2260 2667 2317 2717 et
2344 2662 2687 2717 sacriﬁcium
2720 2663 2937 2718 nullam
2969 2669 3192 2734 partem
3218 2668 3422 2718 tenent
3446 2661 3617 2717 hodie

1920 2751 2052 2805 ﬁdei
2108 2751 2463 2817 Christianas,
2523 2750 2633 2805 nisi
2683 2752 2841 2823 quod
2899 2752 2957 2806 in
3012 2752 3232 2807 umbris
3289 2752 3621 2807 futurorum

1918 2844 2041 2893 acta
2087 2847 2139 2895 et
2172 2844 2471 2893 transacta.
2521 2839 2663 2894 Cum
2712 2855 2844 2893 vero
2874 2840 3151 2895 ambobus
3207 2839 3499 2907 fratribus,
3557 2843 3623 2892 ut

1918 2934 2281 3001 apponantur
2312 2929 2379 2983 ad
2422 2930 2704 3000 populum
2729 2927 2917 2999 lsuum
2968 2929 3195 2997 dicitur,
3255 2928 3623 2984 manifestum

153 3018 258 3081 tem,
288 3018 375 3071 sed
418 3018 643 3089 optima
672 3033 916 3088 quasque
937 3017 1214 3071 virtutum
1233 3018 1438 3071 merito
1458 3018 1804 3089 percipiant,
1845 3022 1883 3077 C
1923 3024 2009 3073 est
2055 3034 2169 3072 non
2208 3034 2330 3073 esse
2380 3018 2439 3072 in
2490 3018 2601 3071 illis
2654 3018 2800 3072 iram
2836 3018 2959 3086 Dei,
3008 3033 3137 3089 qua:
3168 3021 3454 3088 separata
3484 3032 3623 3087 pace

148 3106 301 3158 ceteri
331 3112 477 3161 sorte
510 3111 755 3160 utuntur
788 3108 919 3177 jure
947 3106 1198 3160 victorias
1232 3122 1244 3161 :
1300 3106 1378 3161 ita
1415 3106 1641 3161 videtur
1696 3107 1812 3161 mi-

148 3190 191 3244 hi
217 3193 448 3249 Chrislus
495 3194 774 3250 Dominus
824 3210 985 3248 meus
1013 3194 1285 3248 facturus.
1336 3195 1453 3249 Illis
1485 3195 1641 3249 enim
1669 3211 1813 3267 prae-

145 3282 309 3351 cipuos
338 3290 393 3338 et
424 3285 704 3338 sublimes
753 3284 1019 3339 decernet
1045 3284 1315 3351 honores,
1374 3301 1621 3357 quorum
1665 3285 1813 3340 facta

150 3372 417 3441 magniﬁca
456 3378 513 3427 et
565 3372 838 3427 sublimes
867 3374 1161 3444 cognoscit
1205 3373 1465 3442 virtutes,
1497 3373 1651 3428 unde
1688 3374 1805 3429 ait:

150 3460 269 3525 Volo,
302 3464 481 3529 Pater,
516 3468 581 3516 ut
618 3462 713 3515 ubi
752 3477 845 3531 ego
888 3477 1026 3530 sum,
1068 3463 1182 3516 illic
1232 3467 1282 3517 et
1318 3464 1415 3516 isti
1456 3478 1659 3517 mecum
1702 3465 1813 3517 sint

145 3548 302 3608 (Joan.
348 3553 508 3621 xvn).
570 3552 637 3604 Et
666 3551 823 3618 alibi,
876 3551 1147 3606 Sedebilis
1188 3555 1239 3605 et
1277 3566 1370 3605 vos
1412 3566 1578 3620 super
1608 3551 1811 3605 duode-

140 3639 227 3693 cim
252 3640 487 3707 thronos,
511 3640 827 3708 judicantes
876 3639 1160 3694 duodecim
1198 3640 1393 3701 tribus,
1438 3644 1543 3694 etc.
1595 3640 1811 3711 (Matth.

144 3728 252 3793 XIX).
287 3728 353 3782 Et
389 3730 552 3797 alibi,
586 3730 737 3784 Sicut
769 3734 827 3782 tu
881 3731 939 3782 in
968 3744 1068 3794 me,
1119 3730 1299 3794 Pater,
1334 3733 1383 3782 et
1412 3743 1507 3796 ego
1538 3730 1595 3782 in
1638 3732 1705 3794 te,
1735 3730 1816 3781 ita

142 3817 181 3864 et
202 3816 285 3869 isti
308 3818 366 3871 in
393 3819 557 3872 nobis
577 3832 743 3872 unum
770 3819 881 3871 sint
912 3817 1101 3884 (Joan.
1132 3817 1284 3885 xvu).
1317 3818 1444 3871 Haec
1474 3816 1670 3870 omnia
1700 3832 1817 3870 non

143 3908 265 3956 sorte
291 3905 669 3967 descendunt,
699 3906 799 3960 sed
831 3904 1153 3959 dilectionis
1183 3905 1579 3975 prmrogativa.

196 3989 341 4049 Vens.
375 3996 462 4049 65.
493 4025 563 4034 -
594 3995 720 4049 Nisi
756 3994 916 4051 Caleb
946 3991 1098 4064 ﬁlius
1121 3993 1380 4062 Jephone,
1407 3998 1456 4047 et
1483 3996 1641 4048 Iosue
1659 3995 1817 4062 ﬁlius

142 4078 257 4134 Nan.
316 4081 500 4154 (lam)
553 4082 829 4137 Sexcenta
877 4081 1061 4137 millia
1117 4086 1467 4135 armatorum
1520 4082 1589 4135 de
1643 4081 1815 4152 Egy-

139 4171 217 4235 plo
258 4169 534 4225 dicuntur
573 4186 820 4241 egressa,
854 4175 912 4224 et
940 4170 1053 4225 duo
1104 4174 1326 4224 tantum
1354 4169 1416 4223 in
1447 4174 1657 4224 terram
1688 4187 1818 4241 pro-

138 4256 394 4313 missionis
440 4260 710 4330 ingressi.
744 4260 903 4314 Multi
929 4259 1082 4313 enim
1114 4275 1220 4329 per
1247 4259 1597 4330 baptismum
1641 4260 1713 4313 ad
1741 4260 1813 4314 ﬁ—

138 4342 245 4400 dem
275 4352 602 4415 transeunt,
636 4349 730 4403 sed
771 4349 839 4403 ad
889 4349 1172 4402 cmlestem
1211 4349 1458 4418 patriam
1492 4347 1818 4418 paucissimi

139 4434 479 4499 perveniunt,
570 4434 883 4488 secundum
938 4433 1125 4487 illud:
1199 4434 1364 4488 Multi
1421 4435 1563 4487 enim
1619 4434 1816 4500 vocati,

135 4522 282 4583 pauci
315 4537 443 4576 vero
474 4523 631 4576 electi
662 4522 874 4590 (Matth.
908 4522 1023 4590 xx).
1060 4522 1182 4575 Duo
1213 4526 1436 4575 tantum
1477 4520 1814 4590 ingrediun-

138 4610 233 4675 tur,
256 4616 506 4679 propter
543 4626 640 4664 eos
668 4610 767 4681 qui
795 4625 861 4663 ex
893 4615 1139 4681 utroque
1200 4610 1417 4680 populo
1470 4610 1699 4664 cmleste
1728 4625 1818 4663 re-

138 4708 292 4759 gnum
324 4698 751 4768 adipiscuntur,
783 4698 867 4751 vel
901 4696 1001 4768 qui
1036 4712 1141 4766 per
1171 4696 1454 4751 actionem
1484 4700 1539 4749 et
1565 4699 1819 4750 contem-

138 4781 436 4848 plationem
508 4785 579 4839 ad
648 4790 921 4839 aeternam
949 4784 1360 4839 beatitudinem
1416 4783 1821 4855 praedestinan-

140 4873 233 4922 tur.

740 4998 965 5055 CAPUT
1006 4998 1211 5054 XXVII.

196 5141 347 5197 Vsus.
415 5144 472 5196 6.
511 5172 578 5181 —
606 5141 696 5196 Da
742 5144 817 5198 eis
872 5141 1080 5210 (0mm,
1131 5142 1272 5196 hom.
1304 5141 1373 5195 22
1408 5141 1467 5195 in
1509 5138 1693 5210 Num)
1727 5142 1826 5194 Da-

148 5228 206 5283 bis
254 5235 302 5286 ei
351 5235 769 5302 possessionem,
832 5236 935 5286 etc.
1002 5231 1125 5285 Haec
1154 5229 1465 5285 secundum
1526 5228 1825 5283 historiam

147 5323 249 5385 etc.,
278 5336 455 5389 usque
487 5320 565 5373 ad
595 5326 745 5373 recte
776 5336 911 5391 ergo
965 5320 1168 5375 locuta
1197 5324 1329 5374 sunt
1368 5318 1503 5374 ﬁlias
1550 5318 1827 5390 Saphaad.

199 5406 346 5461 Vens.
411 5411 468 5462 8.
536 5436 603 5447 —
658 5409 825 5462 Homo
890 5407 1017 5478 Icum
1082 5411 1325 5462 mortuus
1391 5410 1565 5475 fuerit
1628 5407 1830 5476 absque

149 5492 251 5560 ﬂio,
280 5500 388 5551 etc.
426 5494 562 5567 (10.)
591 5496 968 5568 .Supponitur
1002 5496 1092 5553 lex
1149 5497 1219 5551 de
1269 5495 1641 5561 successione,
1697 5500 1826 5561 etc.,

152 5592 288 5649 usque
307 5585 383 5639 ad
400 5601 533 5639 non
564 5585 763 5656 perdet
790 5585 1113 5640 mercedem
1145 5599 1331 5641 suam.

1923 3113 2155 3162 aeternas
2184 3106 2485 3163 societatis.
2522 3106 2679 3161 Unde
2718 3110 2878 3177 patet
2907 3122 3021 3161 non
3051 3106 3237 3161 solum
3268 3105 3477 3172 ofﬁcia,
3523 3104 3623 3159 sed

1921 3201 1980 3251 et
2032 3201 2246 3251 mortes
2283 3211 2484 3250 eorum
2532 3195 2698 3267 signa
2744 3194 2915 3250 fuisse
2962 3195 3309 3262 futurorum,
3341 3210 3459 3249 nou
3487 3210 3621 3265 sup-

1921 3285 2093 3357 plicia
2124 3284 2538 3356 indignationis
2568 3284 2690 3339 Dei.

1994 3375 2308 3429 Prouideat.
2360 3375 2521 3439 Nota,
2579 3389 2695 3428 non
2743 3373 2917 3445 elegit
2956 3373 3130 3442 ﬁlios,
3181 3389 3299 3428 non
3363 3376 3622 3444 nepotes,

1920 3480 2026 3519 nec
2053 3468 2219 3535 rogat
2258 3467 2323 3517 ut
2353 3462 2780 3518 constituantur
2822 3462 2995 3517 duces
3027 3481 3042 3516 :
3094 3460 3195 3517 Dei
3239 3460 3473 3533 judicia"
3508 3462 3621 3516 ele-

1923 3552 2174 3608 ctionem
2205 3551 2537 3606 committit.

1994 3641 2152 3693 Vens.
2240 3642 2321 3692 l6.
2391 3669 2458 3677 -—
2520 3638 2809 3693 Provideat
2882 3640 3141 3693 Dominus
3198 3640 3356 3694 Deus.
3418 3638 3620 3708 (Orum)

1925 3728 2267 3781 Recessurus
2298 3726 2366 3780 de
2397 3727 2629 3790 saeculo,
2663 3730 2764 3783 etc.
2784 3768 2796 3789 .
2826 3740 2996 3794 usque
3026 3726 3102 3781 ad
3140 3729 3203 3780 ut
3229 3726 3450 3798 possint
3487 3742 3621 3781 eum

1924 3814 2123 3868 audire
2152 3813 2259 3868 ﬁlii
2287 3814 2479 3867 Israel.

1996 3905 2258 3973 Spiritus.
2300 3902 2539 3957 Sanctus
2570 3901 2802 3956 scilicet.
2839 3902 2967 3956 Non
2999 3901 3153 3956 enim
3184 3901 3255 3956 de
3278 3890 3487 3973 [spiritu
3518 3902 3620 3956 ho-

1926 3992 2098 4046 minis
2156 3991 2388 4057 diceret,
2437 4006 2610 4061 quem
2650 3990 2843 4045 nullus
2894 3993 3013 4043 erat
3047 3988 3148 4060 qui
3186 4005 3305 4044 non
3361 3989 3617 4044 haberet.

1924 4081 2164 4137 Jubetur
2210 4083 2402 4133 tamen
2465 4094 2669 4132 manus
2716 4078 2769 4132 ei
2825 4077 3149 4148 imponere,
3181 4092 3254 4132 ne
3314 4078 3618 4149 quisquam

1927 4168 2282 4242 quantalibet
2317 4168 2542 4238 pollens
2578 4167 2764 4238 gratia
2799 4171 3157 4221 sacramenta
3184 4166 3623 4222 consecrationis

1930 4258 2132 4312 audeat
2161 4271 2422 4311 recusare
2435 4296 2449 4311 .

1998 4348 2160 4401 Vsas.
2210 4347 2297 4399 20.
2331 4372 2399 4385 -
2454 4345 2526 4399 Et
2572 4343 2756 4399 dabis.
2791 4344 2939 4413 (lsm.
2972 4345 3032 4397 in
3079 4343 3269 4415 Num.)
3302 4344 3463 4399 Jesus
3503 4357 3622 4397 suc-

1926 4434 2076 4489 cedit
2121 4432 2319 4505 Moysi,
2383 4436 2515 4500 etc.,
2580 4448 2751 4503 usque
2802 4433 2876 4487 ad
2921 4432 3319 4488 remissionem
3364 4435 3623 4504 peccato-

1928 4538 2078 4589 rum,
2111 4525 2216 4576 etc.

2002 4612 2069 4665 Et
2097 4614 2309 4679 partem
2338 4610 2542 4676 gloriae.
2586 4609 2779 4676 Quasi,
2822 4608 2992 4664 facies
3022 4624 3153 4665 eum
3185 4609 3399 4664 socium
3428 4607 3623 4679 glorias

1930 4701 2043 4752 tuas
2078 4712 2090 4749 :
2126 4712 2246 4750 non
2278 4696 2430 4750 enim
2454 4712 2545 4749 res
2576 4696 2905 4766 hujusmodi
2932 4696 3094 4767 quasi
3124 4695 3409 4766 partiliter
3433 4694 3623 4749 divise

1930 4784 2291 4851 minuuntur,
2321 4784 2416 4839 sed
2443 4788 2578 4837 totae
2609 4789 2741 4838 sunt
2761 4784 3048 4850 omnibus,
3076 4788 3209 4838 tota:
3243 4783 3500 4853 singulis,
3525 4783 3625 4854 qui

1930 4888 2127 4928 earum
2160 4873 2374 4927 habent
2403 4871 2751 4926 societatem.

2006 4963 2073 5017 Ut
2116 4960 2329 5029 audiat,
2391 4966 2497 5016 etc.
2549 4962 2756 5029 (0mm,
2797 4962 2936 5014 hom.
2983 4959 3093 5027 23.)
3152 4957 3210 5012 Si
3249 4956 3522 5012 sacriﬁcia
3568 4962 3627 5013 et

1933 5050 2195 5106 instituta
2226 5050 2433 5120 legalia
2462 5065 2644 5120 usque
2674 5048 2732 5102 in
2763 5064 3010 5120 praesens
3043 5046 3405 5115 mansissent,
3436 5047 3625 5101 Evan-

1935 5140 2068 5212 gelii
2088 5139 2256 5194 ﬁdem
2291 5138 2677 5194 exclusissent.
2723 5139 2852 5192 Erat
2880 5138 3033 5191 enim
3060 5136 3121 5190 in
3146 5136 3260 5191 illis
3291 5136 3625 5208 magnitudo

1935 5234 1993 5284 et
2019 5226 2352 5283 reverentiae
2382 5227 2552 5296 plena
2591 5226 2811 5297 religio,
2852 5240 2980 5296 quas
3022 5225 3210 5296 primo
3242 5231 3469 5296 aspectu
3504 5230 3626 5279 stu-

1934 5317 2220 5389 pefaceret
2265 5316 2602 5369 intuentem.
2639 5314 2773 5379 Quis
2806 5314 2961 5369 enim
2989 5314 3188 5370 videns
3218 5314 3625 5382 sanctuarium,

1937 5408 2134 5471 altare,
2168 5404 2489 5460 sacerdotes
2521 5404 2859 5460 sacriﬁcium
2898 5409 3383 5474 consummantes,
3416 5409 3472 5459 et
3510 5420 3631 5459 om-

1936 5510 2071 5549 nem
2118 5493 2251 5548 illus
2307 5493 2391 5549 rei
2440 5492 2719 5561 ordinem,
2774 5508 2892 5547 non
2946 5496 3173 5564 putaret
3228 5490 3627 5564 plenissimum

1937 5583 2091 5637 hunc
2120 5598 2244 5637 esse
2267 5582 2444 5637 ritum
2470 5597 2586 5652 quo
2615 5582 2765 5636 Deus
2784 5582 3065 5635 coleretur
3091 5586 3315 5635 creator
3331 5578 3630 5635 omnium?
