4038 6180
351 311 448 369 431

970 306 1365 364 WALAFRIDI
1403 305 1648 363 STRABI
1688 305 1884 363 FULD.
1928 303 2099 363 ΜΟΝ.
2138 304 2289 364 OPP.
2330 302 2505 360 PARS
2542 304 2584 362 I.
2626 332 2695 344 -
2733 299 3186 359 THEOLOGICA.

3751 297 3846 354 432

350 432 460 491 Sed
486 432 699 505 gratias
729 430 1000 487 adventui
1053 429 1282 500 Christi,
1331 429 1432 503 qui
1480 430 1577 485 illa
1624 430 1865 486 destruit
1921 445 2049 501 quae
2085 434 2127 487 A
2166 433 2385 483 sentem
2423 428 2861 485 retributionem
2889 442 3236 500 quaeramus,
3270 426 3366 481 sed
3397 425 3654 480 omnium
3685 423 3848 481 hono-

352 538 565 593 magna
593 522 931 575 videbantur
954 521 1015 575 in
1043 520 1232 575 terris.
1267 524 1324 573 et
1351 520 1508 575 cultu
1540 520 1637 573 Dei
1666 537 1697 574 a
1728 518 2052 573 visibilibus

353 611 426 666 ad
456 610 747 665 invisibile
771 609 1083 675 transtulit,
1115 614 1171 662 et
1206 625 1240 662 a
1269 609 1681 680 temporalibus
1713 608 1783 662 ad
1814 613 2047 661 aeterna.

354 699 461 753 Sed
519 698 639 769 ipse
696 698 950 753 Christus
997 713 1161 751 aures
1213 696 1456 768 requirit
1500 713 1631 769 quaa
1679 696 1932 763 audiant,
1990 698 2049 747 et

360 787 556 842 oculos
587 785 685 856 qui
714 786 837 840 haec
865 786 1109 840 videant.

426 877 587 929 Vsus.
629 877 717 928 21.
764 904 832 914 -
879 877 982 929 Pro
1032 876 1146 941 hoc,
1200 877 1304 928 etc.
1360 873 1643 929 Moraliter
1688 871 2047 927 instruimur.

358 969 416 1017 ut
449 963 705 1035 quisquis
754 963 990 1034 accipiat
1015 968 1353 1034 potestatem
1394 963 1453 1015 in
1493 962 1706 1033 populo
1735 959 2053 1014 secundum

361 1051 753 1123 magisterium
803 1051 1013 1106 divinae
1044 1050 1184 1122 legis
1216 1052 1367 1121 (quae
1416 1050 1475 1103 in
1505 1049 1811 1104 sacerdotis
1864 1047 2051 1102 ofﬁcio

355 1142 602 1195 maxime
658 1140 1116 1210 commendatur)
1167 1140 1341 1194 vitam
1393 1155 1556 1193 suam
1587 1143 1642 1193 et
1693 1136 2052 1192 subditorum

358 1230 586 1285 ordinet
607 1234 775 1301 atque
803 1235 988 1299 regat.

982 1370 1210 1424 CAPUT
1247 1369 1474 1423 XXVIII.

430 1496 590 1549 Vnus.
633 1498 676 1548 Ι.
713 1524 780 1535 -
819 1495 984 1548 Dixit
1014 1509 1223 1562 quoque
1260 1492 1463 1561 (Oxum,
1498 1493 1637 1546 hom.
1670 1494 1739 1546 23
1770 1494 1827 1545 in
1866 1492 2049 1561 Num.)

356 1584 482 1639 Alia
514 1583 721 1649 littera,
754 1588 884 1649 etc.,
928 1597 1096 1651 usque
1124 1581 1199 1635 ad
1233 1580 1330 1651 qui
1362 1584 1527 1649 putat
1577 1579 1789 1651 aliquid
1839 1595 1897 1633 se
1940 1580 2053 1633 Deo

362 1678 633 1746 praestare
664 1673 816 1727 velut
844 1670 1146 1742 indigenti.

430 1762 559 1832 (11).)
588 1763 649 1815 In
687 1759 875 1813 diebus
918 1760 1077 1824 festis
1102 1761 1252 1813 meis.
1289 1758 1473 1813 Habet
1528 1759 1673 1812 Deus
1725 1756 1847 1812 dies
1875 1756 2052 1810 festos

252 1902 263 1903 ,
356 1866 510 1915 suos,
539 1854 664 1913 etc.,
713 1863 886 1917 usque
914 1846 989 1900 ad
1018 1846 1117 1901 ubi
1165 1848 1352 1902 adhuc
1408 1847 1567 1901 nulla
1614 1850 1746 1900 sunt
1796 1850 2049 1917 peccata,

355 1936 480 1992 dies
502 1937 673 1990 festos
706 1951 865 1989 meos
887 1934 1042 1989 dicit.

428 2026 586 2079 Vsus.
641 2026 692 2079 3.
738 2053 807 2064 —
856 2024 978 2078 Haec
1025 2028 1152 2078 sunt
1202 2026 1490 2093 sacriﬁcia.
1528 2023 1863 2087 Quaeramus
1914 2036 2051 2092 ergo

355 2112 680 2184 diligenter,
722 2117 853 2178 etc.,
886 2128 1055 2181 usque
1082 2111 1157 2166 ad
1187 2112 1283 2166 sed
1314 2118 1445 2166 sunt
1477 2111 1575 2165 alii
1630 2111 1749 2166 dies
1784 2110 1909 2164 festi
1967 2110 2053 2163 liis

358 2201 456 2271 qui
487 2218 605 2257 non
654 2205 891 2272 possunt
922 2201 1315 2255 indesinenter
1362 2201 1660 2255 immolare
1712 2199 2050 2254 sacriﬁcium

356 2290 645 2344 castitatis.

427 2379 588 2432 Vrsas.
646 2379 698 2431 9.
751 2406 820 2417 —
884 2379 977 2432 Die
1024 2382 1203 2431 autem
1259 2376 1505 2432 Sabbati.
1550 2364 1721 2447 (Ras.
1756 2377 1815 2429 in
1866 2375 2054 2442 Num)

356 2464 614 2519 Secunda
645 2481 782 2535 ergo
814 2464 1087 2518 festivitas
1116 2470 1222 2531 est,
1262 2469 1394 2531 etc.,
1439 2479 1609 2533 usque
1633 2463 1708 2517 ad
1737 2463 1837 2534 qui
1868 2478 2054 2517 sacer-

354 2555 455 2608 dos
486 2557 570 2607 est
600 2554 658 2607 in
689 2559 970 2608 aeternum
1001 2553 1313 2619 secundum
1355 2552 1617 2607 ordinem
1650 2551 2053 2606 Melchisedech

355 2642 525 2713 (Heb.
557 2643 637 2711 v).

423 2734 493 2785 Et
522 2731 660 2785 duas
701 2729 936 2786 decimas
965 2732 1159 2785 similae
1188 2731 1297 2784 cleo
1338 2745 1653 2799 conspersae.
1689 2728 1866 2800 (ΗΑΒ.)
1926 2729 2055 2783 Haec

354 2817 521 2874 oﬂ‘ert
549 2818 649 2890 qui
679 2818 963 2889 spirituali
988 2819 1170 2889 gratia
1196 2819 1449 2889 repletus
1475 2817 1772 2872 scientiam
1805 2817 2052 2872 duorum

2160 534 2290 573 rum
2332 519 2516 574 datori
2548 520 2662 573 Deo
2694 535 2798 589 per
2827 518 3019 572 omnia
3032 518 3378 588 placeamus,
3401 520 3458 569 et
3481 519 3710 569 aeternae
3726 516 3844 571 vita

2168 609 2608 663 retributionem
2638 624 2985 663 mereamur.

2233 699 2393 752 Vens.
2451 701 2534 753 l6.
2604 726 2661 739 -—
2725 699 2918 752 Mense.
2986 696 3168 762 ORIG,
3222 697 3357 748 hom.
3421 696 3490 749 23
3541 695 3600 748 in
3674 694 3843 763 Num.)

2118 774 2375 851 ‘Quarto
2429 786 2552 840 loco
2608 786 2841 856 ponitur
2892 785 3042 839 inter
3099 783 3454 850 festivitates,
3507 786 3640 849 etc.,
3684 798 3842 852 usque

2161 875 2236 930 ad
2266 880 2322 930 et
2349 874 2502 929 diem
2531 874 2739 928 festum
2753 874 2871 945 agit
2897 890 3028 927 cum
3053 874 3167 928 Deo
3198 877 3255 925 et
3284 872 3502 942 angelis
3532 872 3675 942 ejus.

2232 965 2393 1018 Vens.
2439 967 2523 1018 l7.
2556 993 2625 1005 -—
2655 962 3068 1029 Quintadecima
3105 962 3210 1017 die.
3260 961 3394 1031 (10.)
3423 961 3694 1031 Sequitur
3722 960 3841 1015 huic

2162 1052 2436 1106 continuo
2493 1050 2785 1117 festivitas,
2838 1055 2968 1119 etc.,
3000 1066 3172 1119 usque
3214 1049 3289 1104 ad
3334 1049 3579 1103 efﬁcitur
3610 1050 3835 1120 nequior

2162 1144 2218 1193 et
2248 1139 2515 1194 deterior.

2234 1229 2357 1297 (10.)
2399 1228 2610 1283 Omnes
2652 1227 2751 1298 qui
2790 1227 3088 1282 imbuendi
3146 1231 3280 1281 sunt
3334 1226 3629 1281 altioribus
3679 1224 3827 1279 disci-

2162 1315 2352 1386 plinis,
2404 1320 2536 1383 etc.,
2582 1331 2751 1386 usque
2797 1316 2871 1370 ad
2916 1315 3205 1370 sacriﬁciis
3255 1314 3607 1386 spiritalibus
3650 1314 3707 1367 in
3741 1328 3837 1383 pu-

2162 1403 2482 1459 riﬁcatione
2511 1404 2717 1459 mentis
2747 1403 2971 1458 oblatis.

2234 1494 2395 1548 Veas.
2460 1496 2550 1548 26.
2628 1522 2695 1535 —
2753 1495 2881 1548 Dies
2936 1494 3101 1546 etiam
3168 1494 3573 1561 primitiva
3640 1488 3845 1558 quando

2162 1580 2397 1650 σπαρείς
2450 1596 2617 1635 novas
2668 1582 2877 1649 fruges,
2934 1587 3039 1634 etc.
3104 1580 3305 1651 (Ome)
3362 1578 3527 1634 Sexta
3590 1576 3848 1631 festivitas

2161 1669 2368 1723 dicitur
2424 1684 2722 1735 novorum,
2777 1673 2907 1736 etc.,
2954 1684 3124 1737 usque
3170 1669 3245 1722 ad
3296 1667 3631 1731 bonitatem,
3693 1680 3846 1719 man-

2166 1757 2524 1811 suetudinem
2573 1762 2627 1811 et
2656 1758 2887 1812 similia.

2802 1873 3028 1929 CAPUT
3063 1873 3238 1929 XXIX.

2237 1981 2391 2034 Vens.
2432 1984 2485 2034 1.
2540 2012 2608 2020 -
2659 1982 2870 2035 Mensis
2897 1979 3072 2035 'etiam
3100 1981 3335 2050 septimi.
3372 1978 3553 2046 Omc.,
3612 1978 3755 2032 hom.
3787 1977 3853 2030 23

2164 2072 2223 2123 in
2260 2068 2445 2139 Num.)
2474 2067 2746 2138 Sequitur
2769 2068 3041 2123 festivitas
3071 2067 3467 2139 septimorum,
3523 2070 3659 2133 etc.,
3691 2079 3856 2132 usque

2164 2158 2238 2211 ad
2298 2173 2471 2228 quem
2531 2157 2718 2228 posuit
2776 2158 2923 2212 Deus
2978 2157 3410 2228 propitiatorem
3466 2156 3527 2209 in
3576 2153 3859 2225 sanguine

2165 2263 2288 2313 suo,
2314 2261 2417 2316 per
2447 2246 2618 2299 ﬁdem
2631 2286 2644 2299 .
3022 2288 3025 2293 ,

2236 2335 2436 2404 (Οιιιο.)
2473 2334 2717 2388 Ultimus
2777 2334 2900 2388 dies
2927 2333 3123 2400 festus,
3175 2337 3305 2400 etc.,
3362 2347 3531 2400 usque
3568 2332 3671 2397 ad,
3734 2332 3864 2388 Cum

2166 2429 2345 2476 autem
2386 2425 2591 2476 venerit
2638 2420 2782 2489 quod
2830 2422 3133 2490 perfectum
3180 2424 3279 2486 est,
3312 2419 3669 2475 evacuabitur
3720 2417 3865 2488 quod

2165 2526 2232 2565 em
2259 2516 2419 2580 parte
2447 2516 2525 2564 est
2556 2511 2596 2579 (ι
2630 2511 2760 2563 Cor.
2792 2509 2931 2579 xm).

2805 2625 3032 2680 CAPUT
3070 2625 3216 2679 XXX.

2237 2734 2395 2787 Vens.
2431 2734 2480 2786 3.
2518 2763 2584 2772 —
2613 2732 2677 2787 Si
2713 2733 2855 2800 quis.
2890 2730 3111 2786 Animae
3142 2746 3271 2802 qua:
3302 2730 3359 2784 in
3400 2730 3726 2800 perfectum
3781 2728 3873 2782 vi-

2169 2837 2293 2874 rum
2343 2820 2605 2888 occurrit,
2647 2836 2816 2873 nemo
2861 2820 3192 2874 dominatur
3220 2818 3279 2872 in
3312 2819 3478 2885 votis,
3533 2818 3633 2872 sed
3692 2817 3873 2872 liber-

352 2911 851 2971 teslamentorum,
920 2907 1171 2961 docente.
1215 2906 1431 2976 Spiritu
1482 2911 1697 2969 sancto,
1759 2906 1946 2960 verbis
2000 2911 2057 2960 et
2164 2912 2343 2961 tatem
2372 2922 2535 2960 suam
2572 2906 2744 2960 habet
2774 2906 2832 2960 in
2862 2906 2993 2960 illis.

351 2996 631 3067 exemplis
670 2995 832 3050 docet
895 2996 1180 3049 auditores
1230 3012 1379 3061 suos,
1429 3011 1543 3048 non
1595 3009 1701 3065 pro
1748 2995 2052 3067 temporali
2093 3021 2132 3076 ρ
2238 2995 2443 3066 (Otila,
2471 2996 2606 3049 hom.
2636 2999 2702 3049 24
2735 2997 2793 3048 in
2822 2993 3009 3065 Num.)
3042 2995 3310 3048 Votorum
3333 2993 3420 3047 lex
3450 2992 3715 3063 ponitur,
3741 2994 3873 3058 etc.,

352 3085 536 3151 lucro,
568 3084 665 3139 sed
695 3100 800 3153 pro
831 3084 959 3138 vita:
987 3089 1215 3138 aeternae
1253 3082 1513 3154 praemio.

420 3172 580 3227 Vsus.
617 3176 701 3227 ll.
741 3203 813 3214 —
840 3174 902 3228 In
932 3172 1211 3227 Kalendis.
1244 3172 1306 3227 Id
1336 3176 1422 3226 est
1450 3171 1508 3225 in
1552 3170 1888 3239 neomeniis,
1918 3187 2048 3225 cum

353 3260 601 3314 Ecclesia
631 3260 720 3313 vel
759 3260 1030 3331 quaelibet
1058 3260 1249 3313 anima
1280 3260 1386 3314 soli
1405 3259 1646 3330 justitiaa
1685 3259 1765 3313 sic
1800 3259 2045 3331 prOpin-

351 3353 511 3418 quat,
557 3353 622 3402 ut
642 3364 789 3402 unus
814 3348 1049 3418 spiritus
1077 3364 1209 3401 cum
1263 3364 1329 3401 eo
1360 3348 1479 3414 ﬁat,
1509 3351 1567 3401 et
1612 3362 1717 3417 per
1744 3347 1932 3418 ipsum
1966 3347 2049 3401 in-

353 3443 560 3491 novata
589 3440 837 3490 veterem
862 3436 1157 3490 hominem
1188 3435 1439 3505 abjiciat.

423 3525 553 3595 (In)
607 3525 796 3579 Tertia
848 3522 1117 3578 festivitas
1167 3524 1486 3577 neomenias
1526 3522 1665 3590 dies,
1707 3527 1840 3593 etc.,
1881 3539 2050 3594 usque

354 3613 429 3667 ad
458 3613 728 3666 innovata
749 3613 995 3682 jugulat.

427 3702 635 3755 Vitulos
664 3702 730 3755 de
757 3705 1017 3755 armento.
1047 3701 1236 3753 Potest
1266 3699 1324 3753 in
1354 3698 1575 3754 duobus
1615 3698 1805 3753 vitulis
1839 3699 2045 3769 jucun-

351 3788 494 3841 ditas
524 3787 664 3843 boni
692 3788 880 3857 operis
936 3788 996 3841 in
1044 3788 1235 3842 anima
1267 3788 1352 3842 vel
1397 3789 1455 3842 in
1500 3804 1738 3858 corpore
1786 3788 2042 3858 signari:

350 3892 481 3946 qum.
523 3877 836 3932 secundum
876 3876 990 3931 duo
1046 3878 1405 3932 Testamenta
1432 3876 1668 3932 offertur
1697 3877 1941 3932 Domino
1986 3879 2044 3931 iu

349 3964 575 4019 duobus
602 3964 906 4036 praeceptis
927 3964 1239 4019 charitatis.

418 4057 664 4109 Arietem
692 4071 880 4110 unum.
915 4056 979 4109 In
1012 4054 1186 4108 ariete
1225 4054 1486 4126 regimen
1526 4054 1845 4126 disciplinae
1896 4056 2044 4111 forte

345 4148 403 4196 et
428 4143 721 4196 immobile
752 4144 1065 4197 secundum
1098 4143 1373 4197 unitatem
1398 4142 1531 4197 ﬁdei
1578 4142 1891 4199 catholicae.

414 4234 600 4298 Agnos
629 4233 911 4287 anniculos
957 4237 1176 4301 septem.
1228 4231 1662 4301 Simplicitatem
1692 4235 1748 4284 et
1776 4247 2040 4285 mansue-

345 4318 606 4374 tudinem
631 4335 854 4374 morum
885 4334 989 4389 pro
1020 4320 1234 4374 caelesti
1263 4319 1461 4391 requie
1491 4335 1593 4389 per
1613 4318 1861 4389 gratiam
1873 4319 2043 4390 septi-

345 4406 547 4461 formis
574 4407 836 4477 Spiritus.

416 4496 578 4550 Vens.
619 4498 703 4549 12.
738 4525 804 4535 -
832 4496 913 4550 ’Et
942 4499 1048 4549 tres
1078 4495 1313 4550 decimas
1342 4495 1555 4549 similae.
1584 4495 1719 4549 Haec
1748 4494 1913 4550 oﬁ'ert
1941 4495 2042 4566 qui

2158 3100 2327 3155 usque
2352 3084 2427 3138 ad
2470 3089 2531 3138 ut
2568 3083 2739 3138 facias
2776 3089 2999 3138 tantum
3030 3083 3185 3155 quod
3214 3083 3461 3154 pertinet
3486 3082 3560 3136 ad
3590 3080 3865 3136 divinum

2158 3172 2394 3227 cultum.

2230 3261 2357 3331 (10.)
2411 3260 2773 3327 Animarum,
2821 3276 2951 3331 quae
2982 3259 3042 3313 in
3092 3259 3337 3314 Ecclesia
3386 3258 3486 3313 Dei
3518 3264 3685 3325 sunt,
3720 3263 3869 3324 etc.,

2157 3364 2325 3418 usque
2378 3349 2455 3403 ad
2514 3366 2617 3404 nec
2671 3364 2898 3403 necesse
2947 3349 3019 3403 sit
3066 3348 3231 3403 nobis
3279 3347 3567 3403 tutoribus
3616 3352 3679 3402 et
3740 3363 3875 3419 pro-

2158 3438 2517 3492 curatoribus
2547 3437 2868 3506 derelinqui
2896 3455 2927 3490 a
2959 3438 3143 3492 Patre.

2226 3528 2538 3581 Juramento
2595 3528 3003 3593 constrinxerit,
3050 3531 3157 3580 etc.
3199 3525 3389 3594 (Ana,
3423 3530 3615 3594 quaest.
3679 3527 3752 3579 56
3811 3526 3871 3578 in

2160 3614 2339 3681 Num.)
2386 3614 2511 3667 Non
2563 3614 2671 3667 hoc
2700 3614 2768 3668 ad
2828 3629 3084 3679 omnem,
3117 3618 3249 3681 etc.,
3275 3627 3444 3682 usque
3494 3612 3571 3666 ad
3602 3613 3713 3667 sed
3767 3627 3874 3683 per

2158 3708 2352 3755 votum
2386 3701 2506 3772 ipse
2534 3701 2641 3755 sibi
2671 3700 2847 3756 efﬁcit
2874 3716 2997 3756 non
3033 3700 3221 3755 licere.

2229 3790 2389 3843 Vens.
2423 3790 2475 3843 4.
2520 3819 2587 3829 -
2643 3790 2839 3844 Mulier
2867 3790 2939 3855 si,
2980 3793 3084 3842 etc.
3118 3787 3178 3841 Id
3235 3791 3340 3854 est,
3400 3786 3446 3841 si
3506 3786 3761 3853 femina,
3821 3791 3880 3840 et

2156 3878 2341 3932 adhuc
2364 3883 2561 3932 tenera
2587 3877 2764 3932 fuerit
2806 3878 3022 3943 anima,
3063 3876 3154 3930 cui
3207 3877 3314 3943 vir,
3360 3876 3444 3929 vel
3476 3881 3655 3946 pater
3682 3877 3875 3932 domi-

2156 3969 2325 4020 natur
2343 3965 2403 4020 in
2434 3965 2579 4019 votis
2612 3982 2625 4019 :
2658 3982 2775 4019 non
2822 3982 3049 4037 semper
3076 3966 3138 4020 in
3191 3965 3313 4035 ipsa
3365 3969 3450 4019 est
3502 3966 3710 4036 culpa,
3774 3964 3879 4018 sed

2157 4054 2446 4108 interdum
2474 4053 2623 4109 redit
2648 4054 2717 4109 ad
2752 4054 2906 4108 viros
2925 4054 3014 4108 vel
3044 4060 3331 4124 parentes.

2221 4145 2292 4197 Et
2312 4143 2717 4212 juramentum;
2752 4143 2874 4197 LXX
2904 4160 2918 4197 :
2951 4145 3021 4197 Et
3051 4142 3390 4211 deﬁnitiones
3424 4156 3566 4209 quas
3610 4142 3878 4211 deﬁnivit

2153 4231 2412 4286 adversus
2443 4233 2681 4285 animum
2734 4246 2915 4287 suam.
2978 4232 3107 4285 Non
3152 4229 3305 4301 quod
3333 4229 3542 4283 talibus
3575 4230 3738 4284 votis
3779 4245 3882 4284 no-

2085 4308 2127 4362 Ῑ)
2156 4325 2321 4373 ceant
2368 4319 2577 4373 anima:
2626 4335 2787 4373 sum:
2844 4319 2941 4374 sed
2995 4318 3263 4373 adversus
3302 4318 3585 4383 animam,
3654 4318 3880 4373 dicitur

3702 4408 3880 4475 Afﬂi-

2152 4408 2418 4461 adversus
2459 4407 2768 4462 animalem
2814 4407 3272 4474 delectationem,
3313 4406 3461 4460 sicut
3493 4405 3580 4460 ibi
3618 4423 3635 4462 :

2150 4498 2285 4563 getis
2307 4498 2520 4550 animas
2548 4501 2774 4550 vestras.

2222 4586 2404 4653 (Ana,
2428 4590 2623 4654 quast.
2663 4586 2753 4655 57)
2786 4583 2981 4638 Merito
3010 4583 3290 4654 quaeritur
3310 4582 3371 4636 in
3390 4582 3501 4636 hoc
3529 4582 3673 4637 loco
3698 4572 3884 4637 etiam

2150 4674 2221 4728 de
2260 4678 2391 4727 voto
2418 4673 2760 4745 virginitatis
2793 4690 2805 4727 :
2844 4674 3114 4727 mulieres
3154 4672 3331 4737 enim,
3364 4671 3540 4725 etiam
3583 4671 3881 4742 virgines:

2150 4767 2206 4818 in
2237 4762 2527 4833 Scriptura
2559 4764 2743 4817 solent
2768 4761 3081 4832 appellari;
3114 4766 3172 4815 et
3192 4760 3414 4814 videtur
3443 4760 3778 4829 Apostolus
3812 4759 3887 4813 de

2148 4857 2308 4922 patre
2355 4851 2538 4923 loqui,
2571 4866 2699 4904 cum
2730 4850 2903 4904 dicit:
2959 4851 3141 4905 Servet
3179 4851 3448 4917 virginem
3476 4863 3650 4904 suam
3702 4855 3760 4903 et
3792 4848 3890 4903 det

2145 4940 2413 5006 virginem
2464 4952 2639 5003 suam,
2696 4941 2798 4991 etc.
2848 4939 2899 5005 (1
2954 4938 3072 4993 Cor.
3131 4938 3246 5005 vn).
3311 4937 3426 4989 Hoc
3488 4936 3708 5002 modo,
3768 4951 3885 4989 nu-

2142 5032 2299 5097 ptum
2319 5026 2417 5080 ubi
2438 5025 2701 5081 nonnulli
2733 5025 3134 5080 intellexerunt
3153 5024 3444 5095 virginem
3469 5040 3681 5093 suam,
3707 5026 3770 5080 id
3795 5031 3887 5079 est

2149 5110 2535 5181 virginitatem
2554 5126 2717 5165 suam
2741 5127 2753 5164 :
2786 5110 2947 5165 nulla
2966 5117 3160 5164 tamen
3190 5110 3299 5163 hoc
3320 5108 3493 5163 simili
3522 5109 3886 5181 Scriptura-

2145 5216 2271 5255 rum
2307 5199 2593 5254 locutione
2625 5199 3042 5266 demonstrant,
3088 5213 3220 5251 cum
3270 5198 3343 5250 sit
3389 5196 3886 5252 inusitatissima.

2216 5290 2373 5343 Vsas.
2424 5290 2475 5343 6.
2512 5316 2581 5329 —
2628 5288 2731 5344 Nec
2757 5287 2991 5342 obnoxia
3030 5286 3313 5340 tenebitur.
3372 5284 3547 5339 LXX:
3600 5288 3889 5341 Dominus

2142 5376 2429 5431 mundabit
2455 5391 2592 5443 eam,
2622 5379 2755 5444 quia
2778 5376 2969 5429 abnuit
2995 5380 3158 5445 pater
3184 5374 3323 5442 ejus.
3355 5373 3418 5427 Id
3447 5377 3535 5425 est.
3573 5373 3891 5429 mundam

2141 5464 2397 5534 habebit,
2454 5467 2511 5519 et
2551 5464 2855 5535 judicabit,
2921 5463 3071 5517 sicut
3120 5460 3333 5516 dicitur
3359 5476 3372 5514 :
3403 5459 3728 5516 Mandubii
3756 5477 3892 5519 eum

2139 5553 2410 5620 sacerdos,
2463 5557 2515 5607 et
2560 5551 2909 5607 mundatione
2956 5567 3065 5608 non
3119 5549 3410 5605 mundabis
3460 5563 3634 5606 reum
3667 5550 3889 5622 (Leuit.

346 4581 644 4636 scientiam
683 4582 1036 4653 spiritualem
1070 4583 1129 4636 iu
1176 4588 1385 4637 sancta:
1407 4581 1698 4637 Trinitatis
1724 4582 1859 4649 ﬁde,
1915 4583 2041 4638 oleo

344 4671 559 4725 laetitiae
580 4671 937 4725 illuminatus
967 4670 1198 4724 exhibet
1224 4686 1354 4724 cum
1383 4670 1537 4724 bono
1562 4687 1755 4741 opere.

412 4762 483 4814 Et
511 4760 650 4815 duas
679 4760 931 4814 decimas.
967 4759 1087 4813 Hoc
1123 4758 1277 4826 facit,
1311 4758 1410 4830 qui
1442 4759 1783 4830 decalogum
1809 4758 1952 4830 legis
1978 4760 2038 4814 in

343 4848 566 4902 duobus
594 4847 893 4919 praeceptis
945 4846 1237 4900 charitatis
1265 4846 1333 4900 ad
1364 4863 1527 4901 suam
1558 4854 1616 4901 et
1643 4848 2039 4918 proximorum

342 4935 647 4991 utilitatem
675 4936 865 4991 studet
891 4940 1241 5001 convertere,
1265 4939 1321 4989 et
1352 4935 1429 4989 sic
1458 4940 1637 4990 totam
1674 4936 1845 4991 vitam
1877 4951 2038 4991 suam

342 5020 403 5075 in
424 5039 655 5078 suavem
685 5023 920 5078 odorem
952 5022 1195 5077 Domino
1224 5023 1505 5077 dedicare.

414 5109 576 5165 γης.
631 5113 721 5167 13.
785 5140 855 5152 --
894 5114 963 5166 Et
991 5111 1255 5166 decimam
1284 5110 1523 5179 decimae,
1564 5115 1694 5179 etc.,
1721 5127 1824 5182 per
1868 5128 2037 5181 agnos

338 5198 601 5264 singulos.
647 5199 762 5252 Hoc
792 5199 857 5254 ﬁt
895 5215 1026 5253 cum
1060 5199 1393 5270 simplicitas
1445 5215 1673 5255 morum
1722 5202 2035 5256 secundum

339 5282 761 5353 Scripturarum
803 5285 1061 5356 regulam
1087 5285 1273 5357 gratia
1318 5285 1565 5356 Spiritus
1612 5287 1791 5341 sancti
1830 5304 2033 5359 coope-

338 5378 502 5426 rante
530 5371 853 5427 instituitur
905 5378 961 5427 et
986 5379 1241 5429 ornatur.
1276 5375 1427 5429 Bene
1458 5380 1648 5430 autem
1690 5375 1812 5429 haec
1839 5376 2035 5431 omnia

336 5459 398 5515 in
438 5460 837 5517 holocaustum
870 5462 1113 5519 Domino
1136 5463 1421 5534 jubentur
1474 5463 1689 5532 offerri,
1721 5463 1856 5536 quia
1909 5465 2032 5520 haec

338 5563 509 5621 agere
547 5549 846 5621 debemus,
878 5567 997 5608 non
1029 5555 1091 5608 ut
1139 5553 1453 5609 humanam
1476 5553 1724 5621 laudem,
1756 5554 1845 5611 vel
1889 5570 2033 5627 pra:-
