4038 6180
183 247 276 300 433

182 463 270 510 est.

243 545 453 598 Vens.‘7
485 575 554 584 -
610 544 671 600 Si
699 547 980 598 maritum.
1028 544 1089 599 Id
1122 548 1228 610 est,
1276 543 1323 597 si
1370 544 1564 598 adulta
1613 548 1670 597 et
1739 541 1876 596 viri-

178 638 368 705 potens
404 633 578 686 fuerit
603 633 672 686 ad
706 633 1146 704 concipiendum
1201 649 1397 687 semen
1450 631 1606 686 verbi
1667 632 1784 695 Dei,
1819 635 1877 685 et

179 721 439 775 doctrinae
503 721 774 790 spiritalis
845 721 1122 792 capienda
1188 726 1441 788 secreta;
1496 720 1682 774 unde:
1746 721 1876 775 Volo

180 816 342 862 autem
376 825 552 864 omnes
598 825 689 864 vos
728 812 825 864 uni
873 813 990 865 viro
1034 813 1298 879 virginem
1361 815 1569 866 castam
1625 809 1876 864 exhibere

179 901 393 952 Christo
426 901 495 967 (II
523 899 652 952 Cor.
684 899 779 968 XI).

239 990 398 1052 (Aea.
427 991 615 1054 quasi.
649 987 758 1055 59.)
787 985 930 1051 Quia
954 987 1229 1040 Dominus
1253 985 1562 1050 mandavit,
1600 990 1688 1038 etc
1727 1023 1742 1050 ,
1788 1000 1876 1039 us-

182 1091 269 1143 que
298 1075 377 1127 ad
402 1091 530 1128 cum
565 1075 686 1144 ipse
716 1078 863 1128 Deus
885 1077 991 1129 hoc
1021 1075 1377 1145 praeceperit,
1407 1079 1463 1127 et
1480 1074 1587 1128 hoc
1607 1074 1868 1129 voluerit.

239 1165 400 1217 Vens.
447 1167 529 1217 11.
564 1195 632 1203 -
668 1166 814 1219 Uxor
854 1167 913 1218 in
964 1166 1137 1218 domo.
1192 1163 1373 1232 (Auc.)
1429 1164 1505 1217 De
1558 1163 1655 1217 illa
1713 1163 1872 1234 prius

177 1252 327 1312 dixit.
391 1269 520 1322 qua:
573 1252 632 1306 in
681 1253 854 1306 domo
910 1253 1086 1325 patris
1139 1253 1226 1307 sui
1287 1253 1456 1318 vovit,
1513 1256 1643 1316 etc.,
1705 1267 1874 1320 usque

175 1341 239 1393 ad
267 1341 345 1393 sic
391 1347 599 1404 tamen,
665 1348 725 1394 ut
769 1359 882 1395 non
932 1341 1041 1394 nisi
1100 1341 1306 1396 rationi
1367 1341 1544 1395 motio
1590 1340 1688 1395 illa
1743 1357 1873 1394 con-

175 1431 393 1482 sentiat.

769 1564 991 1619 CAPUT
1033 1565 1208 1620 XXXI.

1333 240 1589 296 GLOSSA
1629 240 2034 297 OBDINARIA.
2076 271 2144 281 —
2186 242 2312 297 LIB.
2355 241 2520 298 ΝΟΜ.

181 367 309 436 xm).
347 365 410 421 Id
439 371 660 420 estnon
703 365 857 420 dices
883 366 1166 420 mundum
1216 381 1348 420 eum
1381 366 1479 438 qui
1538 364 1870 420 immundus
1898 367 1945 418 Α
1984 365 2084 436 qui
2116 365 2548 421 revertebantur
2629 366 2699 421 de
2745 365 2982 437 prmlio:

3581 246 3693 301 434

3065 365 3170 419 viri
3217 370 3410 421 autem
3465 367 3689 422 virtutis

1987 458 2139 520 sunt,
2166 453 2267 524 qui
2297 454 2365 508 ad
2407 454 2618 508 bellum
2673 454 3013 525 procedunt,
3046 454 3146 526 qui
3195 454 3256 508 in
3312 471 3496 525 agone
3554 471 3690 509 con-

1985 541 2249 606 tendunt,
2275 547 2330 595 et
2358 542 2429 596 ab
2491 541 2758 596 omnibus
2786 557 2845 594 se
2895 541 3216 609 abstinent;
3247 541 3346 595 alii
3391 557 3524 596 vero
3573 557 3688 596 non

1985 629 2092 683 viri
2123 635 2256 684 sunt
2276 630 2524 684 virtutis.

2060 719 2216 773 Vens.
2268 721 2355 772 22.
2409 748 2481 761 -
2535 722 2770 775 Aurum.
2823 720 3072 789 Tempus
3123 719 3258 774 belli
3342 723 3426 773 est
3487 719 3548 772 in
3583 719 3690 774 hoc

1988 807 2201 861 mundo
2231 813 2426 861 contra
2478 808 2762 879 nequitias
2793 809 3114 878 spirituales
3168 813 3224 862 et
3279 807 3690 878 concupiscen-

1983 895 2092 948 tias
2123 897 2397 951 carnales.
2423 897 2650 966 Spectat
2680 913 2785 951 nos
2814 898 3152 967 angelorum
3211 896 3436 961 chorus,
3484 901 3541 950 et
3571 897 3684 950 vir-

1985 988 2174 1038 tutum
2204 985 2513 1040 cmlestium
2563 987 2656 1056 pia
2708 1002 2844 1056 erga
2903 1003 3004 1039 nos
3051 986 3258 1056 pendet
3309 985 3681 1055 exspectatio,

1983 1073 2213 1142 quando
2246 1073 2331 1127 vel
2379 1074 2665 1144 quomodo
2720 1073 2790 1127 de
2845 1073 3042 1142 praalio
3107 1077 3480 1139 revertamur,
3557 1073 3686 1143 quis

1981 1162 2110 1232 plus
2136 1161 2330 1216 afferat
2370 1163 2495 1216 auri
2540 1163 2626 1216 vel
2673 1162 2915 1232 argenti,
2959 1161 3087 1231 quis
3144 1160 3363 1231 lapides
3402 1161 3682 1230 pretiosos

1982 1250 2206 1304 curiose
2234 1251 2508 1304 intuetur.
2543 1250 2866 1322 Requirunt
2915 1252 3085 1304 etiam
3139 1250 3239 1320 qui
3287 1250 3552 1304 deferunt
3582 1266 3682 1314 aes,

1984 1339 2083 1409 qui
2113 1338 2349 1401 ferrum,
2376 1339 2472 1410 qui
2487 1339 2807 1410 plumbum,
2842 1340 2926 1391 vel
2957 1354 3054 1392 vas
3078 1339 3356 1409 ligneum,
3378 1339 3464 1392 vel
3487 1338 3678 1405 ﬁctile,

1983 1432 2082 1481 aut
2110 1427 2327 1499 aliquid
2357 1428 2684 1498 hujusmodi
2717 1443 2940 1498 magnae
2975 1428 3177 1481 domus
3207 1427 3399 1480 usibus
3430 1443 3683 1481 necessa-

1981 1516 2153 1570 rium.
2203 1517 2529 1572 Secundum
2584 1532 2723 1588 ergo
2778 1533 2846 1571 ea
2905 1533 3034 1587 qua:
3099 1516 3342 1587 quisque
3395 1517 3682 1582 detulerit,

1983 1605 2297 1660 mansionis
2327 1607 2379 1661 ei
2420 1607 2693 1661 meritum
2718 1605 3099 1677 deputabitur.
3141 1606 3463 1660 Probantur
3493 1611 3684 1660 tamen

235 1696 396 1748 Vens.
428 1698 481 1748 2.
543 1724 610 1734 —
663 1695 921 1750 Ulciscere
969 1698 1145 1764 prius.
1198 1693 1395 1762 (0ni6.)
1470 1695 1747 1751 Scandala
1796 1695 1869 1750 ﬁ-
1901 1693 1937 1702 “’
1977 1694 2100 1749 haec
2127 1695 2342 1762 omnia,
2374 1695 2486 1750 alia
2511 1713 2614 1767 per
2642 1696 2859 1766 ignem,
2894 1695 3003 1748 alia
3034 1709 3133 1766 per
3173 1710 3382 1765 aquam
3414 1695 3682 1748 uniuscu-

172 1785 251 1837 liis
277 1784 451 1838 Israel
497 1783 933 1838 Madianitarum
999 1783 1473 1853 tergiversatione
1523 1784 1868 1854 acciderant,
1971 1784 2181 1855 jusque
2210 1801 2352 1854 opus
2387 1787 2556 1856 quale
2595 1785 2668 1838 sit
2693 1784 2843 1854 ignis
2864 1784 3148 1855 probabit.

169 1877 288 1936 etc.,
315 1888 491 1941 usque
513 1872 586 1925 ad
614 1872 713 1926 ubi
753 1878 902 1926 recte
960 1872 1274 1926 ambulanti
1332 1872 1590 1944 deceptio
1639 1874 1711 1928 ad
1738 1891 1868 1945 pec-

170 1962 407 2014 candum
439 1961 760 2030 subjicitur.

232 2052 308 2106 Et
359 2055 441 2105 sic
484 2052 773 2118 colligeris.
819 2052 1120 2106 Novissime
1179 2053 1408 2120 inquit:
1442 2051 1747 2120 Apponeris
1795 2054 1870 2106 ad

165 2134 419 2201 populum
451 2137 624 2197 tuum,
684 2138 794 2187 etc.
854 2134 969 2187 Hoc
1017 2139 1212 2187 contra
1276 2135 1604 2200 Samaritas,
1641 2136 1740 2207 qui
1775 2154 1868 2191 ne-

167 2227 295 2290 gant
320 2222 830 2277 ressurrectionem
853 2227 1229 2289 mortuorum,
1262 2239 1335 2276 ne
1355 2223 1527 2278 ﬁdem
1551 2223 1728 2278 futuri
1758 2240 1868 2278 saa-

165 2311 266 2364 culi
297 2311 605 2382 recipiunt.
658 2313 838 2366 Nemo
907 2311 1060 2366 enim
1125 2312 1433 2382 apponitur
1491 2312 1560 2365 ad
1615 2329 1711 2366 eos
1767 2312 1868 2383 qui

167 2414 271 2453 non
299 2408 476 2454 sunt:
513 2406 739 2454 constat
778 2417 916 2471 ergo
969 2416 1090 2454 esse
1146 2401 1399 2472 aliquem
1448 2403 1728 2472 populum
1777 2402 1867 2455 cui

169 2488 387 2558 Moysen
412 2489 551 2542 dicit
580 2505 701 2542 esse
723 2489 1152 2559 apponendum.

232 2577 393 2631 Vens.
430 2577 483 2630 4.
537 2605 606 2616 --
664 2577 814 2631 Mille
867 2579 977 2631 viri
1030 2577 1095 2631 de
1140 2578 1396 2644 singulis,
1456 2582 1560 2632 etc.
1616 2578 1776 2648 (ΗΔΒ.
1811 2582 1867 2632 in

168 2667 340 2731 Nam,
404 2672 545 2719 tom.
598 2666 706 2735 II.)
758 2666 1002 2721 Adverte
1059 2665 1269 2720 divinae
1323 2667 1545 2722 virtutis
1601 2668 1864 2738 magniﬁ-

167 2755 429 2818 centiam,
464 2760 596 2820 etc.,
624 2769 797 2824 usque
839 2754 914 2808 ad
947 2754 1157 2808 talibus
1215 2755 1371 2809 enim
1427 2756 1602 2810 armis
1653 2755 1865 2810 instru-

163 2842 231 2895 cti
250 2842 538 2896 diabolica
565 2850 749 2897 castra
780 2842 1127 2912 fugabimus.

2049 1874 2130 1928 Et
2159 1875 2446 1940 lavabitis,
2468 1879 2579 1930 etc.
2620 1874 2829 1944 (0RlG.,
2862 1874 2956 1927 ubi
2972 1889 3189 1943 supra.)
3215 1873 3379 1926 Vides
3396 1871 3684 1943 quomodo

1978 1960 2321 2031 purgatione
2348 1961 2566 2031 indiget
2604 1960 2790 2016 omnis
2831 1960 2929 2031 qui
2977 1961 3093 2014 exit
3137 1961 3205 2014 de
3264 1960 3460 2030 prmlio
3514 1959 3686 2029 hujus

1977 2051 2130 2118 vitae,
2163 2054 2290 2117 etc.,
2328 2065 2495 2120 usque
2532 2051 2608 2104 ad
2640 2055 2699 2103 ut
2738 2050 2987 2105 mundus
3016 2049 3374 2120 ingrediatur
3401 2047 3684 2102 civitatem

1983 2139 2105 2193 Dei.

2047 2228 2213 2282 Vens.
2243 2229 2329 2281 27.
2365 2257 2434 2268 -
2484 2227 2592 2292 Qui
2644 2232 3052 2296 pugnaverunt.
3106 2227 3304 2295 (0n16.,
3356 2228 3496 2280 hom.
3533 2227 3600 2280 26
3627 2229 3685 2279 in

1976 2314 2163 2384 Num.)
2193 2315 2337 2369 Sunt
2365 2315 2598 2386 quidam
2658 2315 2718 2368 in
2767 2317 2979 2384 populo
3022 2314 3142 2378 Dei,
3205 2318 3333 2374 etc.,
3388 2328 3557 2383 usque
3611 2314 3686 2368 ad

1977 2407 2138 2456 tanto
2166 2403 2535 2475 priestantior
2575 2411 2659 2456 est
2687 2419 2962 2456 numerus
3019 2402 3471 2473 quingentorum
3510 2418 3683 2473 quam

1983 2491 2420 2564 quinquaginta.

2050 2581 2264 2651 (Οιιιθ.)
2317 2580 2673 2636 Diﬁ‘erentias
2726 2597 2844 2634 esse
2912 2579 3197 2651 profectus
3244 2583 3300 2633 et
3344 2579 3682 2634 meritorum

1976 2669 2036 2724 in
2080 2671 2295 2742 populo
2358 2669 2634 2734 ﬁdelium,
2697 2675 2822 2734 etc.,
2881 2684 3048 2738 usque
3102 2668 3176 2722 ad
3237 2668 3522 2722 Catenulm
3549 2683 3682 2722 vero

1977 2768 2133 2822 verbi
2173 2773 2229 2822 et
2257 2767 2533 2822 doctrinas
2589 2767 2974 2820 connexiones
3033 2766 3374 2836 signiﬁcant.

2050 2858 2210 2911 Vens.
2244 2859 2331 2912 50.
2363 2886 2434 2898 -
2482 2858 2808 2925 Depreceris.
2851 2853 3057 2923 (0ntc.)
3115 2854 3198 2908 Ad
3252 2852 3680 2923 propitiandum

229 2930 392 2984 Vens.
421 2932 476 2984 8.
527 2960 596 2970 -—
640 2933 711 2985 Et
752 2945 900 2997 reges
955 2945 1137 2984 eorum
1190 2934 1296 2984 etc.
1358 2930 1559 3000 (0ni6.,
1626 2932 1763 2986 hom.
1797 2935 1853 2986 2Ξ

2046 2961 2156 3000 ium
2174 2961 2278 3015 pro
2315 2945 2502 3011 nobis,
2528 2949 2659 3008 etc.,
2697 2959 2865 3012 usque
2911 2942 2986 2996 ad
3032 2956 3135 3013 pro
3170 2941 3378 3012 quibus
3407 2940 3543 2995 solis
3574 2940 3679 2994 de-

162 3020 212 3069 in
239 3020 420 3086 Nam.)
481 3019 907 3073 Interﬁciuutur
963 3034 1126 3088 reges
1215 3019 1672 3086 Madianitarum,
1732 3025 1863 3088 etc.,

161 3122 319 3173 usque
349 3106 637 3160 adfactus
701 3112 786 3160 est
858 3106 1020 3161 nobis
1052 3123 1084 3160 a
1132 3108 1246 3161 Deo
1309 3106 1554 3176 justitia,
1613 3113 1668 3163 et
1733 3126 1863 3180 pax,

161 3200 210 3248 et
237 3196 586 3265 redemptio.

222 3287 458 3339 Balaam
503 3300 730 3354 quoque.
765 3286 926 3339 Patet
967 3284 1202 3339 consilio
1242 3286 1469 3340 Balaam
1527 3285 1864 3342 subornatas

161 3387 270 3426 esse
304 3373 586 3427 mulieres
638 3373 1076 3428 Madianitarum
1111 3389 1242 3444 qua:
1268 3374 1600 3438 deciperant
1642 3377 1812 3431 Israel
1846 3393 1860 3441 ;

158 3462 296 3515 unde
327 3462 427 3516 hic
458 3463 612 3516 velut
658 3468 858 3516 auctor
903 3462 1131 3516 sceleris
1189 3463 1549 3518 interﬁcitur.

221 3550 430 3619 (0n16.)
464 3551 686 3605 Dictum
721 3555 806 3605 est
859 3552 1139 3622 superius,
1201 3553 1356 3622 quod
1417 3552 1643 3606 Balaam
1694 3554 1866 3609 rediit

155 3642 205 3692 in
263 3641 447 3694 locum
511 3655 688 3694 suum.
750 3639 860 3695 Sed
906 3640 1048 3694 forte
1119 3655 1374 3694 reversus
1444 3646 1549 3707 est,
1605 3645 1863 3713 quamvis

153 3727 446 3799 Scriptura
477 3744 593 3782 non
621 3728 862 3783 dixerit:
920 3729 1009 3783 vel
1059 3729 1203 3783 forte
1268 3731 1326 3782 in
1374 3730 1545 3784 locum
1597 3745 1753 3786 suum
1775 3748 1864 3785 re-

152 3817 245 3870 diit
273 3820 346 3872 ab
385 3834 461 3871 eo
492 3817 617 3870 loco
647 3817 748 3871 ubi
767 3817 1040 3872 sacriﬁcia
1060 3817 1320 3882 faciebat,
1353 3817 1412 3871 in
1458 3835 1590 3872 eum
1648 3821 1862 3875 scilicet

151 3906 355 3973 locum,
387 3906 496 3960 ubi
528 3911 804 3977 tanquam
834 3906 1173 3977 peregrinus
1219 3907 1466 3961 habebat
1505 3908 1856 3979 hospitium;

152 4009 258 4047 non
289 3995 462 4048 enim
513 3993 730 4048 dictum
763 3999 846 4048 est
896 3994 957 4048 in
997 3995 1232 4048 domum
1301 4011 1484 4060 suam,
1523 4001 1624 4050 aut
1678 3996 1738 4050 in
1760 4013 1860 4068 pa-

149 4083 306 4136 triam
339 4097 529 4136 suam.
573 4083 650 4136 De
706 4084 869 4136 Balac
917 4089 1110 4138 autem
1158 4083 1376 4137 dictum
1406 4089 1511 4148 est,
1571 4085 1646 4138 ad
1664 4092 1859 4141 semet-

149 4173 342 4239 ipsum.
373 4172 442 4226 Id
477 4175 580 4236 est,
606 4171 704 4225 ubi
737 4178 1010 4242 tanquam
1070 4172 1335 4226 dominus
1381 4171 1690 4227 habitabat.

197 4262 315 4314 Cur
335 4263 604 4325 feminas.
664 4260 842 4330 (ΗΑΒ.)
897 4261 1125 4331 Mystice
1192 4261 1467 4314 feminam
1501 4262 1558 4315 in
1608 4265 1860 4332 praedam

151 4347 213 4400 de
251 4349 411 4402 bello
470 4356 758 4402 revertens
821 4355 1025 4416 servat,
1073 4355 1202 4417 etc.,
1270 4365 1439 4419 usque
1475 4350 1568 4413 ad,
1635 4358 1695 4404 ut
1733 4369 1862 4422 quae

152 4436 256 4490 Deo
289 4439 510 4508 placita
555 4442 688 4490 sunt
742 4437 1152 4504 desideremus,
1206 4443 1264 4492 et
1312 4437 1583 4508 perﬁcere
1631 4441 1862 4494 studea-

145 4539 280 4578 H105.

215 4617 381 4669 Vens.
457 4615 540 4666 16.
608 4643 676 4653 -
721 4613 820 4667 Ad
890 4616 1299 4680 suggestionem.
1392 4615 1491 4670 Hic
1547 4614 1863 4670 evidentius

149 4704 480 4757 ostenditur
507 4701 684 4772 ipsius
740 4703 967 4756 Balaam
1004 4703 1372 4774 suggestione
1430 4705 1702 4758 mulieres
1734 4705 1864 4758 sub-

150 4799 375 4845 ornatus
409 4789 607 4845 fuisse.

216 4881 408 4948 (Istn.)
449 4881 575 4934 Non
607 4880 890 4934 dubitavit
919 4882 1168 4944 Balaam,
1227 4881 1416 4935 oblata
1470 4881 1635 4952 copia
1694 4880 1863 4934 femi-

153 4983 374 5034 narum,
442 4967 836 5022 fornicationis
902 4968 1068 5022 ruina
1148 4969 1430 5023 lsraelitas
1494 4971 1869 5044 collapsuros,

153 5059 273 5126 quia
325 5056 819 5126 concupiscibiles
865 5057 1112 5111 animm:
1157 5074 1356 5111 eorum
1410 5063 1598 5129 partes
1655 5058 1869 5112 sciebat

153 5160 257 5199 esse
279 5150 595 5214 corruptas
630 5161 644 5198 :
676 5146 760 5198 ita
787 5145 1078 5199 daemones
1123 5161 1604 5219 unumquemque
1634 5153 1863 5218 perten-

156 5237 282 5299 tant,
319 5235 445 5288 illis
475 5233 773 5287 alfectibus
799 5234 1007 5288 anima:
1037 5236 1272 5306 laqueos
1323 5236 1608 5291 tradentes
1660 5235 1868 5307 quibus

159 5335 244 5375 nos
273 5322 578 5377 senserint
607 5327 908 5392 aegrotare.

216 5412 381 5467 Vens.
418 5415 604 5465 21.-
646 5412 898 5465 Eleazar.
961 5412 1103 5466 Nota
1157 5413 1312 5484 quod
1369 5413 1599 5466 Eleazar
1644 5428 1763 5467 non
1796 5412 1869 5467 ad

167 5514 385 5557 omnem
450 5501 753 5574 populum,
813 5501 909 5556 sed
968 5501 1038 5556 ad
1092 5501 1240 5556 viros
1317 5501 1540 5556 virtutis
1594 5501 1867 5575 loquitur,

1975 3039 2063 3090 cet
2094 3050 2227 3088 eum
2265 3032 2588 3104 propitiari.

2040 3125 2207 3177 Vens.
2244 3125 2329 3176 51.
2363 3153 2431 3161 -
2461 3122 2940 3188 Susceperuntque.
2986 3117 3111 3172 Alia
3167 3117 3357 3171 littera
3388 3133 3401 3170 :
3437 3120 3505 3172 Et
3534 3133 3678 3172 acce-

1968 3212 2054 3280 pit
2078 3211 2285 3277 Moyses
2322 3213 2373 3262 et
2401 3209 2632 3263 Eleazar
2658 3206 2905 3260 sacerdos
2949 3221 3146 3259 aurum
3193 3206 3261 3258 ab
3283 3206 3531 3259 omnibus
3567 3208 3677 3259 tri-

1969 3301 2124 3352 bunis
2182 3303 2233 3353 et
2261 3297 2684 3361 centurionibus,
2743 3300 2793 3348 et
2824 3296 3012 3348 intulit
3063 3294 3202 3348 illud
3243 3297 3300 3348 in
3345 3295 3667 3348 tabernacu-

1971 3387 2083 3439 lum
2135 3386 2427 3439 testimonii
2463 3382 2772 3436 memoriale
2807 3382 2937 3449 ﬁliis
2991 3381 3157 3434 Israel
3204 3396 3384 3435 coram
3431 3383 3673 3435 Domino.

1975 3473 2118 3526 Nota
2149 3471 2285 3543 quia
2337 3487 2467 3542 quae
2515 3470 2806 3536 dicuntur,
2854 3484 2970 3522 non
2999 3468 3069 3522 ad
3111 3479 3483 3538 conspectum
3545 3467 3676 3521 visi-

1968 3560 2164 3627 bilem,
2189 3560 2286 3614 sed
2347 3560 2416 3614 ad
2456 3559 2662 3613 mentis
2715 3556 3055 3612 memoriam
3093 3556 3439 3610 referuntur.
3474 3557 3678 3612 Beatus

1970 3649 2126 3704 enim
2188 3654 2275 3703 est
2327 3648 2429 3720 qui
2485 3647 2817 3702 recordatur
2879 3663 2939 3701 se
3007 3645 3223 3714 aliquid
3283 3645 3421 3700 boni
3487 3645 3676 3714 operis

1969 3738 2168 3792 fecisse
2225 3753 2418 3791 coram
2481 3737 2718 3790 Domino
2773 3739 2829 3789 et
2887 3734 3159 3788 obtulisse
3205 3750 3448 3788 munera
3495 3734 3669 3789 bene-

1969 3827 2176 3898 placita
2205 3827 2342 3891 Deo,
2374 3824 2611 3878 virtutes
2644 3823 2856 3877 scilicet
2894 3822 3072 3876 animi
3103 3827 3160 3876 et
3189 3828 3528 3876 ornamenta
3560 3822 3677 3893 pie-

1970 3915 2129 3970 tatis.

2643 4033 2870 4089 CAPUT
2898 4032 3110 4090 XXXII.

2043 4174 2203 4227 Vens.
2246 4176 2289 4226 ι.
2321 4201 2393 4214 -
2445 4173 2574 4227 Filii
2627 4175 2805 4225 autem
2861 4171 3064 4236 Ruben,
3125 4174 3229 4224 etc.
3301 4169 3500 4240 (0n16.,
3529 4171 3673 4226 hom.

1968 4265 2037 4317 26
2068 4265 2126 4315 in
2153 4260 2334 4329 Num.)
2367 4260 2570 4315 Omnia
2598 4274 2728 4331 quas
2757 4259 3028 4314 dicuntur
3073 4275 3185 4312 non
3211 4259 3399 4313 solum
3452 4275 3521 4314 ex
3559 4275 3675 4314 ser-

1971 4367 2164 4410 mone.
2197 4349 2295 4420 qui
2337 4349 2563 4415 dicitur,
2612 4348 2906 4417 pensanda
2958 4353 3112 4414 sunt,
3145 4349 3242 4402 sed
3296 4364 3362 4402 ex
3431 4364 3678 4418 persona

1971 4438 2226 4503 dicentis,
2259 4443 2388 4503 etc.,
2422 4452 2592 4505 usque
2631 4437 2704 4490 ad
2726 4437 2824 4491 sed
2857 4453 2960 4508 per
2999 4437 3228 4507 Moysen
3280 4436 3672 4490 hereditatem

1971 4533 2130 4581 extra
2159 4526 2466 4580 Jordanem
2508 4525 2814 4595 accipiunt.

2042 4616 2206 4668 Vens.
2229 4616 2282 4668 4.
2343 4615 2510 4668 Terra
2559 4629 2722 4681 quam
2779 4617 3044 4681 percussit
3127 4615 3400 4668 Dominus.
3456 4613 3673 4681 (Gne6.,

1971 4705 2069 4759 lib.
2103 4720 2247 4757 xxvu
2279 4704 2492 4766 MoraL,
2547 4719 2670 4772 cap.
2743 4703 2856 4770 10.)
2907 4703 3051 4755 Sunt
3107 4701 3272 4755 mnlti
3332 4702 3392 4755 in
3437 4701 3679 4755 Ecclesia

1973 4792 2072 4864 qui
2105 4790 2324 4862 parvuli
2345 4807 2465 4844 esse
2494 4790 2837 4860 despiciunt,
2869 4795 3000 4854 etc.,
3033 4805 3200 4858 usque
3229 4789 3305 4843 ad
3347 4789 3484 4843 dum
3515 4794 3676 4843 tran-

1973 4880 2184 4936 sitoriis
2213 4886 2587 4934 excaecantur.

2040 4970 2303 5023 Jumenta
2328 4970 2586 5038 plurima.
2618 4967 2836 5038 [(0n16.)
2882 4968 3144 5021 Jumenta
3196 4971 3246 5020 et
3270 4982 3469 5035 pecora
3507 4968 3678 5020 multa

1971 5063 2117 5124 sunt,
2152 5063 2256 5112 etc.
2291 5057 2454 5112 Prior
2483 5058 2745 5128 populus,
2789 5063 2918 5123 etc.,
2955 5071 3123 5126 usque
3161 5056 3234 5109 ad
3281 5072 3382 5127 qui
3415 5063 3496 5110 est
3525 5062 3676 5109 terra

1972 5147 2369 5219 promissionis
2400 5147 2634 5200 intrare.

2047 5236 2210 5290 Vens.
2251 5239 2432 5289 29.-
2491 5235 2551 5290 Si
2613 5236 2934 5288 transierint
2984 5232 3093 5302 ﬁlii
3141 5233 3262 5289 Gad
3319 5238 3370 5288 et
3405 5235 3512 5303 filii
3567 5238 3678 5292 Ru-

1976 5325 2096 5393 ben,
2127 5330 2234 5378 etc.
2270 5324 2463 5392 (ORIG.,
2524 5323 2665 5377 hom.
2725 5323 2834 5389 26.)
2889 5321 3014 5374 Alia
3081 5321 3290 5389 littera,
3348 5327 3480 5388 etc.,
3511 5338 3678 5392 usque

1975 5413 2050 5467 ad
2079 5411 2178 5466 sed
2207 5427 2337 5482 quae
2375 5426 2603 5464 sursum
2635 5414 2737 5475 est,
2772 5413 2825 5464 et
2847 5408 3047 5476 libera,
3099 5415 3155 5464 et
3186 5414 3367 5464 mater
3417 5411 3675 5466 omnium

1981 5506 2239 5557 nostrum
2266 5503 2371 5556 est.
