3976 6178
338 249 444 305 435

946 388 1171 445 CAPUT
1219 389 1446 445 XXXIII.

408 556 570 610 Vens.
608 558 658 609 1.
705 583 775 594 -—
821 555 918 609 Ha
964 559 1092 608 sunt
1138 555 1461 619 mansiones,
1503 555 1609 607 etc.
1656 552 1862 621 (Orum,
1895 553 2038 607 hom.

338 647 494 699 27in
539 643 717 711 Num.)
778 643 1038 697 Diversas
1088 641 1299 696 creavit
1356 642 1504 696 Deus
1560 640 1816 696 ciborum
1876 640 2043 695 diffe-

340 732 570 793 rentias,
602 735 735 797 etc.,
791 745 962 799 usque
991 729 1067 784 ad
1105 730 1276 784 aliam
1324 745 1481 795 vero,
1539 745 1654 801 qua
1682 733 1811 799 post
1864 745 2045 784 resur-

340 820 653 876 rectionem
695 834 999 873 ascensura
1030 818 1097 873 ad
1150 817 1344 883 caalos,
1413 833 1531 871 non
1587 816 1775 872 subito
1800 832 1904 872 nec
1934 817 2042 872 im-

340 914 580 982 portune
608 906 1030 973 condescendit,
1075 905 1175 960 sed
1204 921 1308 977 per
1348 907 1556 961 multas
1604 905 1952 971 mansiones,
1983 906 2045 960 in

338 998 547 1070 quibus
569 996 809 1068 singulis
839 996 1053 1050 lumine
1103 996 1399 1066 sapientia
1430 995 1713 1051 illustrata
1757 995 1830 1051 ad
1855 995 2045 1066 ipsum

339 1091 562 1159 patrem
582 1084 865 1139 luminum
908 1083 1222 1154 perveniat.

410 1176 514 1229 Per
568 1178 776 1227 turmas
825 1187 974 1227 suas.
1033 1171 1410 1243 Septuaginta
1462 1171 1587 1228 sic:
1664 1173 1796 1229 Cum
1847 1174 2048 1227 virtute

343 1278 463 1329 sua,
493 1262 735 1328 Christo,
785 1261 1018 1327 scilicet,
1068 1260 1169 1332 qui
1200 1265 1285 1315 est
1328 1260 1430 1315 Dei
1481 1260 1659 1315 virtus
1714 1267 1773 1315 et
1818 1260 1920 1315 Dei
1948 1277 2049 1331 po-

344 1349 538 1406 tentia.
576 1350 717 1404 Cum
746 1349 871 1419 ipso
902 1364 1041 1420 ergo
1070 1348 1418 1417 ascenditur,
1454 1348 1557 1419 qui
1594 1348 1665 1403 ad
1685 1365 1791 1402 nos
1820 1348 2047 1403 descen-

343 1440 428 1495 dit
455 1444 518 1494 ut
537 1439 996 1494 ascenderemus.
1050 1438 1159 1504 Qui
1181 1440 1325 1492 enim
1369 1438 1663 1504 descendit,
1714 1439 1831 1507 ipse
1856 1439 2052 1508 estqui

344 1529 607 1592 ascendit,
646 1532 752 1582 etc.
817 1527 1038 1597 (Ephes.
1078 1528 1175 1598 1v).
1241 1526 1395 1581 Unde
1430 1542 1443 1580 :
1509 1529 1697 1581 Tecum
1733 1526 2050 1581 descendam

954 244 1353 301 WALAFBIDI
1392 246 1636 302 STRABI
1678 246 1873 302 FULD.
1921 245 2046 301 ΜΟΒ

2206 248 2272 301 Ῥ.
2316 244 2499 304 PARS
2538 249 2582 304 Ι.
2621 278 2691 288 -
2729 250 3179 307 THEOLOGICA.
3689 264 3776 318 486

2073 374 2119 427 Δ
2150 373 2501 429 celebratum
2532 390 2662 429 cum
2694 374 2784 429 lex
2810 374 2942 430 data
2972 378 3094 429 est:
3127 378 3182 429 et
3220 380 3348 445 post
3397 378 3514 434 hinc
3549 396 3795 454 nusquam

2150 462 2275 534 geri
2304 461 2412 516 nisi
2436 462 2495 516 in
2529 468 2682 517 terra
2711 462 3136 533 promissionis.

2221 551 2430 622 (0310.)
2482 552 2580 607 Hic
2626 552 2766 607 ordo
2793 557 2850 607 et
2907 552 3195 607 distinctio
3252 554 3595 612 mansionum
3658 562 3795 617 valde

2150 642 2466 695 necessaria
2503 646 2606 707 est,
2662 645 2805 707 etc.,
2863 657 3031 711 usque
3076 641 3152 696 ad
3186 642 3547 712 proﬁciscitur
3596 662 3659 702 ex
3682 649 3795 704 Soc-

2151 730 2303 798 coth,
2318 735 2376 784 et
2397 730 2647 800 applicat
2671 730 2725 783 in
2758 730 2960 785 Ethau.

2222 820 2389 874 Manu
2415 820 2644 873 excelsa.
2684 820 2782 872 tibi
2820 835 2933 872 non
2966 823 3053 874 est
3089 819 3402 875 humanum
3458 836 3609 893 opus,
3637 841 3797 896 neque

2152 911 2468 969 terrenum,
2500 906 2597 961 sed
2628 906 2908 974 divinum,
2932 907 3013 962 ibi
3057 908 3276 962 excelsa
3326 924 3521 963 manus
3569 913 3795 967 nomina-

2152 999 2282 1049 tur:
2315 1011 2417 1065 per
2467 1011 2705 1050 manum
2769 996 2927 1051 enim
2972 1012 3117 1066 opus
3146 997 3502 1068 intelligitur.

2225 1084 2385 1139 Vens.
2417 1084 2470 1138 4.
2497 1115 2565 1123 -
2597 1087 2667 1139 Et
2711 1088 2770 1139 in
2818 1085 2926 1139 diis
2979 1102 3179 1140 eorum.
3243 1087 3429 1142 Omnes
3473 1087 3552 1142 dii
3594 1092 3787 1157 gentium

2153 1173 2436 1228 daemonia.
2471 1174 2534 1228 In
2586 1173 2795 1244 quibus
2860 1174 3030 1229 faciet
3088 1176 3364 1229 Dominus
3429 1176 3696 1231 vindictam
3740 1179 3788 1233 in

2156 1262 2248 1317 die
2274 1262 2494 1332 judicii.
2528 1262 2680 1317 Facit
2709 1268 2956 1331 etnunc,
2997 1280 3127 1318 cum
3158 1264 3258 1335 qui
3289 1264 3358 1318 ab
3417 1264 3524 1318 illis
3572 1266 3791 1335 deceptus

2155 1350 2362 1417 fuerat,
2404 1356 2466 1404 ut
2490 1351 2639 1406 idola
2666 1354 2897 1419 coleret,
2932 1369 3033 1423 per
3062 1353 3301 1407 verbum
3359 1351 3574 1405 Domini
3604 1368 3797 1404 conver-

2156 1457 2250 1493 sus
2281 1441 2457 1494 Deum
2478 1440 2653 1508 colit;
2701 1443 2782 1495 vel
2833 1457 2962 1495 cum
3021 1440 3332 1495 fornicator
3386 1441 3457 1495 ad
3518 1439 3806 1511 pudicitiam

2156 1528 2522 1589 convertitur.
2559 1533 2615 1583 et
2638 1546 2695 1582 se
2736 1545 2953 1583 errasse
3000 1530 3279 1600 deplorat,
3342 1529 3516 1599 ipsius
3569 1528 3806 1599 paeniten-

344 1620 405 1672 in
431 1617 766 1686 JEgyptum,
822 1620 927 1671 etc.
991 1615 1199 1686 (Genes.
1266 1615 1429 1685 vax).
1479 1614 1627 1681 Ideo,
1687 1630 1795 1669 non
1833 1620 1950 1670 erat
1990 1618 2050 1669 in
2079 1635 2121 1691 Β
2159 1616 2254 1671 tiae
2283 1618 2547 1689 lacrymis
2580 1618 2765 1673 uritur
2800 1619 3027 1673 daemon
3058 1635 3073 1687 ;
3115 1619 3202 1672 vel
3242 1618 3314 1672 de
3344 1618 3597 1689 superbia
3632 1615 3695 1669 ad
3722 1615 3809 1670 hu-

347 1706 594 1761 iribubus
625 1720 807 1760 eorum
836 1706 1106 1773 inﬁrmus.

416 1796 492 1848 In
518 1809 684 1848 manu
745 1795 919 1862 Moysi
964 1797 1016 1847 et
1080 1794 1276 1846 Aaron
1348 1806 1485 1860 quas
1569 1791 1880 1860 descripsit,
1939 1794 2046 1846 etc.

349 1883 552 1955 (Otum,
578 1881 738 1951 ibid.)
770 1882 916 1936 ~Non
967 1880 1123 1935 enim
1179 1885 1403 1936 tantum
1460 1880 1757 1935 scientiam
1798 1880 1941 1951 legis
1997 1885 2053 1935 et

348 1971 504 2040 fidei,
560 1976 690 2035 etc.,
751 1985 922 2039 usque
976 1969 1051 2024 ad
1114 1985 1295 2023 unum
1338 1968 1496 2023 enim
1563 1983 1708 2039 opus
1753 1968 2053 2039 utriusque

349 2076 556 2116 manus
579 2064 682 2125 est,
715 2064 773 2114 et
803 2075 919 2113 una
945 2058 1312 2129 perfectionis
1365 2058 1636 2129 expletio.

423 2148 585 2202 Vens.
638 2150 691 2202 2.
752 2177 820 2188 -—
867 2149 1074 2216 Moyses
1125 2148 1297 2216 juxta
1368 2152 1668 2202 castrorum
1728 2147 1865 2216 loca,
1935 2161 2055 2215 quas

351 2239 576 2293 Domini
584 2237 847 2306 jussione,
888 2240 996 2290 etc.
1026 2236 1099 2291 Et
1150 2235 1378 2305 scripsit
1406 2236 1623 2306 Moyses
1666 2232 2054 2306 profectiones

353 2341 555 2381 eorum
577 2330 633 2379 et
659 2324 986 2380 mansiones
1006 2340 1111 2396 per
1156 2324 1395 2378 verbum
1439 2323 1687 2385 Domini,
1725 2328 1791 2377 ut
1842 2322 2057 2377 scilicet

353 2415 609 2486 legentes
659 2417 891 2485 quanta:
945 2412 1111 2468 nobis
1174 2412 1520 2467 immineant
1574 2411 1955 2483 profectiones
2002 2414 2058 2465 et

354 2512 698 2576 mansiones,
756 2526 1149 2582 praeparemus
1201 2526 1303 2563 nos
1341 2510 1411 2563 ad
1461 2509 1609 2563 hanc
1639 2508 1812 2577 viam,
1832 2524 1936 2562 nec
1962 2524 2056 2562 se-

355 2600 547 2671 gniter
600 2605 828 2671 tempus
873 2604 1133 2653 nostrum
1180 2613 1634 2653 consumamus:
1680 2613 1753 2651 ne
1791 2597 1927 2652 dum
1960 2613 2057 2651 va-

354 2689 627 2744 nitatibus
682 2689 1083 2754 immoramur,
1142 2692 1197 2742 et
1242 2687 1483 2757 singulis
1536 2702 1667 2756 quas
1716 2686 1788 2741 ad
1848 2685 2056 2752 visum,

356 2777 639 2845 auditum,
667 2782 906 2845 tactum,
940 2776 1262 2844 odoratum,
1297 2779 1644 2847 gustumque
1672 2774 1932 2841 veniunt,
1965 2774 2059 2829 de-

357 2868 655 2932 lectamur,
714 2869 1018 2937 praetereat
1048 2869 1300 2935 tempus,
1343 2880 1447 2919 nec
1502 2864 1752 2934 spatium
1806 2864 1913 2919 vim
1966 2880 2059 2918 ex-

358 2957 646 3027 pleamus,
690 2955 788 3010 sed
835 2954 898 3009 in
927 2953 1119 3009 medio
1148 2953 1483 3009 deﬁciamus
1510 2953 1675 3024 quasi
1707 2952 1769 3007 in
1808 2953 2052 3008 deserto.

358 3044 571 3100 Idcirco
598 3043 754 3099 enim
782 3044 1041 3098 venimus
1076 3042 1137 3096 in
1187 3042 1342 3098 hunc
1390 3042 1691 3108 mundum,
1721 3047 1783 3096 ut
1817 3046 2061 3097 transea-

360 3150 489 3188 mus
517 3133 588 3188 de
607 3133 818 3188 virtute
848 3132 909 3186 in
935 3133 1228 3194 virtutem,
1250 3146 1437 3202 neque
1490 3146 1928 3201 permaneamus
1954 3146 2059 3200 pro

361 3221 604 3277 terrenis
628 3220 689 3275 in
727 3226 899 3287 terra,
938 3221 1083 3277 sicut
1135 3220 1233 3276 ille
1265 3220 1364 3290 qui
1413 3220 1637 3274 dicebat
1668 3235 1682 3274 :
1715 3221 1939 3287 Anima,
1960 3221 2058 3273 ha-

363 3311 450 3365 bes
486 3312 659 3365 multa
687 3310 826 3364 bona
858 3326 870 3364 :
925 3308 1214 3376 manduca,
1268 3308 1386 3362 bibe
1416 3312 1467 3363 et
1514 3309 1695 3362 laetare
1754 3308 1907 3376 (Luc.
1941 3309 2057 3375 xu).

364 3399 458 3455 Ait
484 3398 639 3453 enim
693 3398 779 3452 illi
836 3397 1154 3452 Dominus:
1214 3397 1407 3463 Stulte,
1480 3398 1761 3463 auferetur
1796 3411 1833 3451 a
1857 3402 1907 3451 te
1959 3396 2060 3450 hac

362 3492 514 3543 nocte
557 3489 745 3542 anima
793 3491 889 3540 tua
940 3484 1157 3557 (Ibid.).
1216 3485 1341 3539 Non
1406 3484 1547 3539 dixit
1574 3483 1637 3538 in
1692 3484 1799 3538 hac
1873 3490 2058 3551 nocte,

365 3592 470 3630 nec
518 3575 581 3630 in
627 3576 733 3631 hac
770 3575 884 3644 die,
924 3574 1022 3629 sed
1068 3574 1172 3628 hac
1218 3577 1431 3641 nocte;
1491 3578 1654 3628 nocte
1705 3572 1861 3628 enim
1908 3573 2060 3645 peri-

364 3664 561 3729 mitur,
612 3663 755 3717 sicut
835 3661 1223 3733 primogenita
1294 3661 1713 3731 Egyptiorum,
1786 3661 1923 3732 quia
1974 3662 2062 3716 di-

364 3750 504 3806 lexit
551 3751 834 3806 mundum
887 3756 943 3805 et
1020 3749 1287 3804 tenebras
1342 3749 1484 3819 ejus,
1536 3749 1721 3803 socius
1777 3754 2060 3804 rectorum

365 3840 564 3894 mundi
593 3840 785 3910 hujus,
815 3839 1181 3894 tenebrarum
1207 3837 1433 3892 harum.
1485 3837 1755 3892 Tenebras
1787 3843 1979 3892 autem
2009 3841 2066 3893 et

364 3944 480 3983 nox
508 3929 757 3983 mundus
789 3928 893 3982 iste
939 3927 1168 3992 dicitur,
1212 3943 1316 3997 pro
1346 3926 1436 3980 bis
1482 3925 1584 3997 qui
1625 3926 1684 3980 in
1738 3925 2062 3997 ignorantia

365 4018 580 4083 vivunt,
614 4033 719 4071 nec
748 4017 946 4071 lumen
974 4015 1225 4071 veritatis
1256 4014 1560 4085 recipiunt,
1601 4019 1657 4069 et
1680 4014 1810 4070 ideo
1838 4015 1909 4071 de
1954 4016 2066 4071 Ra-

364 4121 548 4162 messe
577 4105 645 4160 ad
674 4105 912 4161 Soccoth
942 4121 1060 4159 non
1121 4108 1436 4159 transeunt.

437 4195 597 4289 Vens.
632 4197 684 4250 3.
711 4224 779 4234 —
803 4196 1038 4289 [traiecti
1091 4195 1284 4289 igitur,
1336 4191 1603 4289 etc.“Fili-i
1664 4193 1834 4247 Israel
1875 4192 2063 4247 adhuc
2093 4234 2137 4289 Β

364 4281 427 4337 in
455 4284 695 4354 Egypto
721 4282 894 4353 positi
948 4281 1386 4353 quartadecima
1426 4282 1517 4337 die
1559 4282 1819 4336 fecerunt
1853 4283 2064 4353 pascha

367 4375 426 4426 et
453 4370 685 4425 initium
725 4369 1016 4442 quoddam
1073 4370 1414 4425 festivitatis.
1458 4371 1731 4442 Sequenti
1786 4386 1923 4441 ergo
1950 4370 2061 4437 die,

367 4459 577 4531 quiest
622 4458 844 4530 primus
898 4474 1253 4530 azymorum,
1295 4459 1498 4530 quinto
1556 4459 1798 4519 decimo,
1852 4459 2066 4513 scilicet

365 4547 541 4618 primi
573 4547 801 4617 mensis,
833 4547 1219 4620 proliscuntur
1262 4547 1331 4601 de
1382 4548 1669 4612 Ramesse,
1720 4552 1779 4601 et
1829 4547 2067 4601 veniunt

365 4635 427 4691 in
457 4636 711 4703 Soccoth,
771 4642 836 4691 ut
889 4636 967 4691 ibi
1044 4635 1252 4690 faciant
1306 4635 1638 4690 festivitates
1709 4652 2063 4707 azymorum,

364 4726 456 4781 vel
477 4726 650 4783 diem.
674 4725 811 4791 Quis
839 4726 961 4780 hec
989 4724 1273 4795 intelligat
1297 4724 1326 4780 ?
1356 4723 1493 4789 Quis
1545 4724 1632 4777 vel
1689 4739 1756 4777 ex
1783 4728 1944 4793 parte
1974 4740 2065 4777 co-

366 4821 603 4886 gnoscat
626 4816 657 4870 ?
690 4814 837 4869 sicut
854 4814 1156 4885 Apostolus
1208 4811 1348 4867 dicit
1379 4827 1394 4866 :
1452 4814 1541 4867 Ea:
1560 4816 1721 4881 parte
1764 4814 1982 4877 scimus,
2018 4816 2067 4867 et

367 4918 435 4957 ea:
462 4909 621 4974 parte
646 4903 1035 4974 prophetamus
1066 4900 1119 4972 (Ι
1137 4902 1271 4956 Cor.
1316 4899 1465 4968 xm).
1499 4899 1636 4964 Quis
1692 4899 1849 4953 enim
1904 4899 2069 4955 intel-

366 4990 496 5062 ligit
523 4993 812 5064 quomodo
842 5007 907 5046 ex
962 4995 1126 5061 parte
1183 4989 1304 5044 dies
1330 4988 1503 5042 festos
1556 4987 1801 5058 agimus,
1833 4992 1899 5043 ut
1916 5003 2068 5043 nemo

366 5096 467 5138 nos
481 5083 693 5151 judicet
737 5085 798 5137 in
877 5085 1037 5152 parte
1100 5080 1210 5135 diei
1265 5080 1417 5147 festi,
1500 5082 1599 5132 aut
1633 5080 1939 5144 neomeniae,
1972 5083 2070 5133 aut

366 5171 588 5229 sabbati
614 5171 643 5226 ?
692 5170 913 5239 (Coloss.
949 5170 1046 5240 ιι.)
1078 5168 1275 5223 Omnis
1305 5166 1459 5222 enim
1478 5166 1601 5222 dies
1628 5166 1823 5229 festus,
1846 5166 1947 5236 qui
1976 5167 2070 5221 hic

370 5259 580 5332 agitur,
636 5258 695 5313 in
716 5264 876 5330 parte
923 5258 1163 5329 geritur,
1220 5272 1339 5312 non
1398 5257 1457 5310 in
1486 5256 1753 5327 integra:
1804 5257 1901 5310 sed
1938 5271 2069 5311 cum

369 5347 576 5404 exieris
622 5348 691 5403 de
743 5348 1005 5419 Egypto,
1053 5352 1189 5401 tunc
1238 5346 1346 5401 erit
1400 5344 1502 5400 tibi
1558 5346 1809 5418 perfecta
1858 5344 2071 5399 festivi-

366 5440 473 5494 tas.
525 5436 677 5494 Scito
721 5441 915 5491 tamen
961 5435 1097 5508 quia
1156 5440 1286 5509 post
1335 5434 1479 5492 illud
1552 5434 1782 5507 pascha,
1820 5432 2070 5505 quodin

368 5528 608 5601 Egypto
635 5526 848 5583 factum
878 5529 964 5581 est
993 5526 1189 5592 semel,
1221 5525 1509 5581 invenitur
1560 5524 1622 5581 in
1647 5524 1871 5580 deserto
1908 5520 2067 5577 aliud

2161 1708 2482 1770 militatem,
2512 1709 2583 1764 de
2614 1709 2841 1764 luxuria
2878 1710 2950 1764 ad
3005 1709 3438 1780 parcimoniam.
3491 1707 3704 1772 Quantis
3736 1721 3814 1759 eos

2159 1801 2328 1867 putas
2354 1797 2447 1866 agi
2475 1798 2793 1866 tormentis,
2826 1798 2873 1851 si
2899 1814 3072 1868 quem
3120 1797 3347 1853 videant
3370 1797 3601 1851 vendere
3651 1793 3817 1848 omnia

2161 1901 2282 1952 sua,
2316 1889 2372 1939 et
2416 1886 2550 1940 dare
2600 1886 2969 1958 pauperibus,
3028 1891 3085 1941 et
3137 1887 3341 1941 tollere
3391 1901 3607 1940 crucem
3658 1897 3816 1945 suam,

2162 1978 2217 2028 et
2271 1973 2433 2045 sequi
2489 1974 2821 2030 Christum:
2856 1977 2941 2029 vel
3000 1991 3130 2029 cum
3186 1975 3451 2030 viderunt
3496 1972 3693 2028 fraudis
3720 1986 3819 2024 suae

2162 2061 2400 2117 nebulas
2429 2079 2531 2134 per
2560 2062 2913 2133 agnitionem
2959 2063 3166 2117 divina:
3229 2062 3375 2133 legis
3422 2059 3688 2116 reserari?
3716 2059 3823 2113 Non

2163 2150 2316 2205 enim
2348 2152 2466 2205 sine
2497 2152 2636 2221 ipsis
2665 2158 3103 2207 consummatur
3143 2158 3459 2221 peccatum.
3500 2148 3663 2205 Nobis
3704 2161 3823 2216 ergo

2162 2256 2527 2311 summopere
2556 2241 2843 2312 agendum
2883 2245 2986 2303 est,
3021 2257 3092 2294 ne
3141 2241 3531 2311 Egyptiorum
3572 2239 3828 2308 primoge-

2163 2329 2305 2395 nita,
2338 2330 2425 2383 vel
2456 2328 2591 2383 deos
2639 2345 2857 2395 eorum,
2910 2345 3055 2400 quos
3100 2329 3380 2384 Dominus
3435 2326 3705 2392 exstinxit,
3751 2338 3827 2377 re-

2165 2418 2505 2472 suscitemus
2552 2418 2612 2472 in
2666 2418 2848 2484 nobis,
2899 2418 2942 2472 si
3006 2419 3334 2473 dederimus
3371 2417 3450 2472 eis
3489 2417 3663 2470 locum
3718 2426 3833 2483 ope-

2167 2507 2330 2562 randi
2360 2506 2421 2560 in
2450 2506 2614 2561 nobis
2643 2523 2773 2578 qua:
2809 2507 3086 2561 Dominus
3116 2508 3254 2562 odit.
3286 2506 3374 2563 Sic
3407 2506 3555 2560 enim
3584 2501 3833 2559 Dominus

2166 2596 2366 2667 puniet
2386 2597 2521 2651 deos
2546 2596 2939 2667 Egyptiorum
2996 2597 3066 2651 de
3115 2595 3513 2651 emendatione
3572 2600 3755 2647 nostra
3788 2592 3836 2641 et

2167 2686 2618 2740 conversatione.

2240 2776 2399 2829 Vens.
2426 2778 2477 2828 5.
2512 2804 2575 2815 -
2607 2776 2682 2829 In
2721 2774 2961 2831 Soccoth.
2996 2776 3059 2829 In
3100 2773 3503 2829 tabernaculis.
3542 2773 3679 2826 Dum
3701 2766 3838 2821 enim

2168 2864 2607 2936 peregrinamur
2652 2864 2713 2917 in
2769 2880 3028 2933 corpore,
3079 2864 3139 2916 in
3196 2860 3575 2917 tabernaculis
3645 2856 3841 2913 habita-

2172 2970 2317 3008 mus.
2369 2954 2510 3008 Cum
2541 2952 2846 3006 exicrimus
2885 2952 2953 3006 de
3003 2953 3267 3023 ngypto,
3322 2951 3387 3006 id
3417 2955 3500 3003 est
3536 2949 3602 3003 de
3632 2946 3836 3007 saeculo,

2168 3044 2421 3114 primum
2455 3042 2822 3096 tabernacula
2869 3040 3122 3111 ﬁgimus,
3172 3041 3414 3095 scientes
3446 3037 3578 3110 quia
3630 3035 3697 3089 ad
3727 3034 3843 3086 ulte-

2170 3130 2343 3197 riora,
2373 3133 2432 3183 et
2461 3129 2530 3182 ad
2559 3134 2772 3183 terram
2813 3134 3088 3195 sanctam,
3132 3128 3424 3182 ccelestem
3470 3124 3692 3185 scilicet.
3723 3135 3840 3191 pro-

2170 3234 2457 3289 peramus.

2243 3308 2406 3359 Vens.
2436 3308 2488 3359 6.
2522 3309 2693 3360 —De
2748 3306 2987 3362 Soccoth.
3065 3306 3269 3375 (Οιιιις.⁹
3332 3306 3475 3359 hom.
3533 3300 3639 3369 ‘27.)
3691 3295 3846 3353 Proti-

2170 3394 2459 3450 ciscuntur
2488 3410 2555 3449 ex
2582 3395 2842 3460 Soccoth,
2884 3399 3012 3461 etc.,
3041 3410 3212 3463 usque
3234 3393 3309 3447 ad
3368 3399 3435 3448 ut
3470 3406 3587 3446 non
3638 3387 3714 3444 ibi
3735 3400 3848 3439 mo-

2170 3490 2347 3552 retur,
2373 3484 2471 3538 sed
2494 3488 2553 3537 ut
2584 3483 2880 3537 vicioriam
2909 3488 3310 3554 consequatur.

2240 3575 2305 3629 In
2327 3574 2543 3629 Etham.
2582 3572 2782 3628 Etham
2821 3589 2957 3627 sana
3008 3572 3302 3637 fortitudo,
3340 3572 3429 3626 vel
3484 3565 3768 3641 professio,
3799 3562 3852 3617 in

2171 3678 2285 3733 qua
2315 3661 2710 3717 fortitudinem
2740 3667 2796 3717 et
2819 3660 2997 3715 robur
3039 3660 3404 3727 assumimus,
3467 3675 3539 3714 ne
3568 3658 3627 3712 in
3657 3655 3741 3709 via
3767 3652 3850 3707 de-

2170 3752 2447 3808 ﬁciamus.

2244 3842 2526 3911 (I‘IIERON.,
2571 3842 2727 3910 epist.
2760 3840 2835 3895 ad
2868 3840 3188 3910 Fabiolam.)
3237 3839 3455 3904 Quarta
3511 3834 3728 3892 mansio
3780 3834 3854 3885 est

2173 3929 2719 3997 Phihahiroth,etc.,
2777 3944 2946 3999 usque
2990 3928 3065 3983 ad
3107 3929 3247 3983 falso
3280 3928 3391 3983 sibi
3448 3939 3735 3981 assumens
3761 3936 3853 3972 vo-

2173 4018 2440 4073 cabulum
2468 4016 2696 4071 virtutis
2723 4022 2781 4071 et
2820 4016 3089 4083 dexterae,
3121 4032 3253 4071 cum
3283 4022 3441 4071 totus
3498 4016 3572 4070 sit
3602 4014 3661 4068 in
3723 4008 3853 4065 sini-

2175 4112 2310 4161 stra.

2246 4192 2418 4246 Vens.
2450 4193 2504 4245 8.
2535 4217 2605 4231 —
2631 4191 2696 4245 In
2724 4191 2904 4255 Μαῖα,
2959 4194 3064 4244 etc.
3087 4190 3223 4260 (lu.,
3261 4189 3423 4258 ibid.)
3478 4188 3683 4254 Quinta
3712 4197 3855 4239 man-

2174 4278 2257 4334 sio
2283 4280 2549 4345 estMara,
2576 4283 2705 4345 etc.,
2775 4293 2943 4348 usque
2988 4278 3062 4332 ad
3090 4294 3162 4332 ne
3218 4278 3474 4350 refugias
3518 4293 3653 4347 ergo
3695 4269 3857 4345 appli-

2173 4384 2301 4423 care
2331 4368 2401 4423 ad
2428 4367 2888 4422 amaritudinem.

2243 4457 2407 4511 Vens.
2466 4458 2519 4510 9.
2580 4483 2641 4496 --
2693 4457 2755 4509 In
2793 4457 2971 4509 Etiam
3020 4454 3117 4509 ubi
3159 4461 3333 4510 erant.
3410 4453 3768 4523 Profectique
3800 4447 3859 4502 de

2174 4545 2556 4599 amaritudine
2608 4550 2891 4599 venerunt
2936 4544 2995 4598 in
3030 4544 3192 4613 Elim,
3243 4544 3345 4598 ubi
3376 4548 3514 4599 sunt
3537 4538 3863 4599 duodecium

2172 4635 2359 4688 fontes
2388 4649 2692 4705 aquarum,
2724 4637 2779 4687 et
2807 4634 3168 4704 septuaginta
3213 4633 3424 4704 palmas
3486 4637 3672 4688 erant.
3715 4627 3866 4682 Vides

2174 4727 2303 4794 post
2322 4721 2732 4776 amaritudines
2775 4725 2832 4776 et
2894 4723 3279 4777 tentationum
3343 4722 3681 4793 asperitates
3709 4730 3867 4789 quam

2174 4827 2399 4866 amoena
2426 4814 2482 4864 te
2514 4810 2829 4879 suscipiant
2875 4811 3025 4866 loca!
3063 4813 3188 4867 Non
3218 4812 3474 4866 venisses
3529 4811 3601 4866 ad
3644 4808 3869 4880 palmas,

2174 4899 2284 4954 nisi
2314 4898 2700 4953 tentationum
2757 4898 3169 4953 amaritudines
3221 4900 3560 4970 pertulisses
3594 4914 3608 4965 ;
3670 4909 3770 4950 nec
3809 4890 3871 4945 ad

2174 4988 2530 5042 dulcedinem
2558 4987 2823 5049 fontium,
2854 4986 2967 5042 nisi
2991 4987 3174 5042 tristia
3195 4993 3255 5043 et
3273 5003 3479 5058 aspera
3536 4996 3868 5057 superasses.

2178 5077 2303 5132 Non
2327 5076 2483 5148 quod
2513 5076 2574 5131 in
2596 5076 2686 5131 bis
2713 5076 2786 5130 sit
2821 5076 2952 5130 ﬁnis
2982 5076 3203 5132 itineris
3234 5082 3293 5131 et
3331 5077 3609 5147 perfectio
3652 5075 3872 5129 cuncto-

2173 5182 2322 5234 rum,
2356 5165 2453 5220 sed
2483 5166 2839 5237 dispensator
2860 5166 3185 5221 animarum
3230 5167 3391 5220 Deus
3418 5163 3714 5219 interserit
3733 5160 3875 5216 labo-

2174 5255 2336 5310 ribus
2393 5254 2656 5325 quaedam
2709 5254 3028 5325 refrigeria,
3101 5255 3312 5327 quibus
3379 5259 3636 5308 recreata
3692 5250 3875 5305 anima

2176 5343 2499 5415 promptior
2528 5343 2803 5398 reddatur
2840 5344 2910 5399 ad
2950 5344 3170 5416 aliquos
3210 5344 3452 5399 labores.
3511 5344 3658 5398 Elim
3709 5342 3877 5395 inter-

2172 5438 2433 5505 pretatur
2456 5432 2660 5487 arietes
2691 5449 2705 5487 :
2733 5432 2939 5488 arietes
2991 5439 3125 5488 sunt
3162 5435 3332 5489 duces
3388 5433 3610 5505 gregis,
3665 5430 3725 5487 hi
3750 5430 3879 5482 sunt

2176 5519 2425 5592 apostoli
2444 5520 2618 5576 duces
2637 5521 2828 5594 gregis
2882 5522 3111 5588 Christi,
3172 5523 3275 5596 qui
3334 5527 3472 5578 sunt
3515 5523 3695 5579 etiam
3740 5519 3875 5574 dum
