  <div class='ocr_page' id='page_1' title='image "/cluster/home/n/w/nwhite01/storage/ocr_20150623/113/hvd.32044054759782/224.png"; bbox 0 0 4038 6180; ppageno 0'>
   <div class='ocr_carea' id='block_1_1' title="bbox 203 261 299 314">
    <p class='ocr_par' dir='ltr' id='par_1_1' title="bbox 203 261 299 314">
     <span class='ocr_line' id='line_1_1' title="bbox 203 261 299 314; baseline 0.01 -1"><span class='ocrx_word' id='word_1_1' title='bbox 203 261 299 314; x_wconf 68' lang='grc'>437</span> 
     </span>
    </p>
   </div>
   <div class='ocr_carea' id='block_1_2' title="bbox 197 469 1891 544">
    <p class='ocr_par' dir='ltr' id='par_1_2' title="bbox 197 469 1891 544">
     <span class='ocr_line' id='line_1_2' title="bbox 197 469 1891 544; baseline 0.004 -22"><span class='ocrx_word' id='word_1_2' title='bbox 197 478 330 533; x_wconf 86' lang='lat' dir='ltr'>stus,</span> <span class='ocrx_word' id='word_1_3' title='bbox 385 469 484 523; x_wconf 87' lang='lat' dir='ltr'>sed</span> <span class='ocrx_word' id='word_1_4' title='bbox 515 474 570 523; x_wconf 92' lang='lat' dir='ltr'>et</span> <span class='ocrx_word' id='word_1_5' title='bbox 618 469 762 523; x_wconf 90' lang='lat' dir='ltr'>alios</span> <span class='ocrx_word' id='word_1_6' title='bbox 810 471 1194 540; x_wconf 81' lang='lat' dir='ltr'>septuaginta,</span> <span class='ocrx_word' id='word_1_7' title='bbox 1243 471 1369 526; x_wconf 91' lang='lat' dir='ltr'>ideo</span> <span class='ocrx_word' id='word_1_8' title='bbox 1401 475 1764 544; x_wconf 83' lang='lat' dir='ltr'>septuaginta</span> <span class='ocrx_word' id='word_1_9' title='bbox 1803 491 1891 528; x_wconf 86' lang='lat' dir='ltr'>ar-</span> 
     </span>
    </p>
   </div>
   <div class='ocr_carea' id='block_1_3' title="bbox 195 559 1891 633">
    <p class='ocr_par' dir='ltr' id='par_1_3' title="bbox 195 559 1891 633">
     <span class='ocr_line' id='line_1_3' title="bbox 195 559 1891 633; baseline 0.002 -19"><span class='ocrx_word' id='word_1_10' title='bbox 195 560 358 614; x_wconf 81' lang='lat' dir='ltr'>bores</span> <span class='ocrx_word' id='word_1_11' title='bbox 404 559 732 612; x_wconf 85' lang='lat' dir='ltr'>scribuntur</span> <span class='ocrx_word' id='word_1_12' title='bbox 780 560 1273 628; x_wconf 72' lang='lat' dir='ltr'>essepalmarum,</span> <span class='ocrx_word' id='word_1_13' title='bbox 1327 566 1383 616; x_wconf 89' lang='lat' dir='ltr'>et</span> <span class='ocrx_word' id='word_1_14' title='bbox 1413 563 1522 632; x_wconf 88' lang='lat' dir='ltr'>ipsi</span> <span class='ocrx_word' id='word_1_15' title='bbox 1555 563 1706 617; x_wconf 91' lang='lat' dir='ltr'>enim</span> <span class='ocrx_word' id='word_1_16' title='bbox 1753 581 1891 633; x_wconf 87' lang='lat' dir='ltr'>apo-</span> 
     </span>
    </p>
   </div>
   <div class='ocr_carea' id='block_1_4' title="bbox 197 647 1892 720">
    <p class='ocr_par' dir='ltr' id='par_1_4' title="bbox 197 647 1892 720">
     <span class='ocr_line' id='line_1_4' title="bbox 197 647 1892 720; baseline 0.003 -20"><span class='ocrx_word' id='word_1_17' title='bbox 197 648 319 701; x_wconf 86' lang='lat' dir='ltr'>stoli</span> <span class='ocrx_word' id='word_1_18' title='bbox 376 647 782 714; x_wconf 83' lang='lat' dir='ltr'>nominantur;</span> <span class='ocrx_word' id='word_1_19' title='bbox 847 648 998 702; x_wconf 90' lang='lat' dir='ltr'>unde</span> <span class='ocrx_word' id='word_1_20' title='bbox 1059 650 1314 702; x_wconf 85' lang='lat' dir='ltr'>Paulus:</span> <span class='ocrx_word' id='word_1_21' title='bbox 1373 651 1583 704; x_wconf 80' lang='lat' dir='ltr'>Deinde</span> <span class='ocrx_word' id='word_1_22' title='bbox 1637 654 1892 720; x_wconf 83' lang='lat' dir='ltr'>apostolis</span> 
     </span>
    </p>
   </div>
   <div class='ocr_carea' id='block_1_5' title="bbox 194 737 1893 808">
    <p class='ocr_par' dir='ltr' id='par_1_5' title="bbox 194 737 1893 808">
     <span class='ocr_line' id='line_1_5' title="bbox 194 737 1893 808; baseline 0.004 -18"><span class='ocrx_word' id='word_1_23' title='bbox 194 737 454 790; x_wconf 81' lang='lat' dir='ltr'>omnibus.</span> <span class='ocrx_word' id='word_1_24' title='bbox 510 738 638 790; x_wconf 56' lang='lat' dir='ltr'>Haec</span> <span class='ocrx_word' id='word_1_25' title='bbox 668 742 722 788; x_wconf 89' lang='lat' dir='ltr'>te</span> <span class='ocrx_word' id='word_1_26' title='bbox 773 737 1067 791; x_wconf 65' lang='lat' dir='ltr'>amoenitas</span> <span class='ocrx_word' id='word_1_27' title='bbox 1100 742 1229 808; x_wconf 91' lang='lat' dir='ltr'>post</span> <span class='ocrx_word' id='word_1_28' title='bbox 1262 739 1728 801; x_wconf 83' lang='lat' dir='ltr'>amaritudinem.</span> <span class='ocrx_word' id='word_1_29' title='bbox 1771 742 1893 796; x_wconf 68' lang='lat' dir='ltr'>haec</span> 
     </span>
    </p>
   </div>
   <div class='ocr_carea' id='block_1_6' title="bbox 197 825 1890 897">
    <p class='ocr_par' dir='ltr' id='par_1_6' title="bbox 197 825 1890 897">
     <span class='ocr_line' id='line_1_6' title="bbox 197 825 1890 897; baseline 0.003 -19"><span class='ocrx_word' id='word_1_30' title='bbox 197 825 413 894; x_wconf 83' lang='lat' dir='ltr'>requies</span> <span class='ocrx_word' id='word_1_31' title='bbox 465 828 593 894; x_wconf 90' lang='lat' dir='ltr'>post</span> <span class='ocrx_word' id='word_1_32' title='bbox 651 825 921 890; x_wconf 86' lang='lat' dir='ltr'>laborem,</span> <span class='ocrx_word' id='word_1_33' title='bbox 982 825 1104 880; x_wconf 64' lang='lat' dir='ltr'>haec</span> <span class='ocrx_word' id='word_1_34' title='bbox 1148 826 1332 897; x_wconf 89' lang='lat' dir='ltr'>gratia</span> <span class='ocrx_word' id='word_1_35' title='bbox 1385 828 1655 897; x_wconf 83' lang='lat' dir='ltr'>suscipiat</span> <span class='ocrx_word' id='word_1_36' title='bbox 1705 834 1890 883; x_wconf 88' lang='lat' dir='ltr'>tenta-</span> 
     </span>
    </p>
   </div>
   <div class='ocr_carea' id='block_1_7' title="bbox 194 914 428 968">
    <p class='ocr_par' dir='ltr' id='par_1_7' title="bbox 194 914 428 968">
     <span class='ocr_line' id='line_1_7' title="bbox 194 914 428 968; baseline 0.004 -1"><span class='ocrx_word' id='word_1_37' title='bbox 194 914 428 968; x_wconf 78' lang='lat' dir='ltr'>tionem.</span> 
     </span>
    </p>
   </div>
   <div class='ocr_carea' id='block_1_8' title="bbox 255 1002 1892 1077">
    <p class='ocr_par' dir='ltr' id='par_1_8' title="bbox 255 1002 1892 1077">
     <span class='ocr_line' id='line_1_8' title="bbox 255 1002 1892 1077; baseline 0.005 -25"><span class='ocrx_word' id='word_1_38' title='bbox 255 1004 416 1056; x_wconf 73' lang='lat' dir='ltr'>Veas.</span> <span class='ocrx_word' id='word_1_39' title='bbox 459 1005 540 1056; x_wconf 84' lang='lat' dir='ltr'>l0.</span> <span class='ocrx_word' id='word_1_40' title='bbox 588 1031 658 1043; x_wconf 92' lang='lat'>—</span> <span class='ocrx_word' id='word_1_41' title='bbox 707 1002 813 1057; x_wconf 85' lang='lat' dir='ltr'>Sed</span> <span class='ocrx_word' id='word_1_42' title='bbox 840 1007 889 1056; x_wconf 90' lang='lat' dir='ltr'>et</span> <span class='ocrx_word' id='word_1_43' title='bbox 919 1003 1046 1055; x_wconf 85' lang='lat' dir='ltr'>inde</span> <span class='ocrx_word' id='word_1_44' title='bbox 1077 1005 1324 1071; x_wconf 84' lang='lat' dir='ltr'>ingressi,</span> <span class='ocrx_word' id='word_1_45' title='bbox 1357 1009 1489 1071; x_wconf 88' lang='lat' dir='ltr'>etc.,</span> <span class='ocrx_word' id='word_1_46' title='bbox 1539 1017 1708 1077; x_wconf 81' lang='lat' dir='ltr'>super</span> <span class='ocrx_word' id='word_1_47' title='bbox 1742 1023 1892 1062; x_wconf 87' lang='lat' dir='ltr'>mare</span> 
     </span>
    </p>
   </div>
   <div class='ocr_carea' id='block_1_9' title="bbox 191 1091 1889 1160">
    <p class='ocr_par' dir='ltr' id='par_1_9' title="bbox 191 1091 1889 1160">
     <span class='ocr_line' id='line_1_9' title="bbox 191 1091 1889 1160; baseline 0.001 -13"><span class='ocrx_word' id='word_1_48' title='bbox 191 1091 448 1147; x_wconf 80' lang='lat' dir='ltr'>Rubrum.</span> <span class='ocrx_word' id='word_1_49' title='bbox 503 1091 644 1155; x_wconf 85' lang='lat' dir='ltr'>Quia</span> <span class='ocrx_word' id='word_1_50' title='bbox 691 1096 818 1160; x_wconf 88' lang='lat' dir='ltr'>post</span> <span class='ocrx_word' id='word_1_51' title='bbox 845 1092 1218 1160; x_wconf 78' lang='lat' dir='ltr'>apostolicam</span> <span class='ocrx_word' id='word_1_52' title='bbox 1260 1092 1581 1147; x_wconf 82' lang='lat' dir='ltr'>doctrinam</span> <span class='ocrx_word' id='word_1_53' title='bbox 1613 1101 1670 1148; x_wconf 90' lang='lat' dir='ltr'>et</span> <span class='ocrx_word' id='word_1_54' title='bbox 1699 1096 1889 1148; x_wconf 79' lang='lat' dir='ltr'>dulces</span> 
     </span>
    </p>
   </div>
   <div class='ocr_carea' id='block_1_10' title="bbox 190 1179 1890 1252">
    <p class='ocr_par' dir='ltr' id='par_1_10' title="bbox 190 1179 1890 1252">
     <span class='ocr_line' id='line_1_10' title="bbox 190 1179 1890 1252; baseline 0.003 -19"><span class='ocrx_word' id='word_1_55' title='bbox 190 1180 404 1233; x_wconf 87' lang='lat' dir='ltr'>fructus</span> <span class='ocrx_word' id='word_1_56' title='bbox 458 1179 898 1249; x_wconf 86' lang='lat' dir='ltr'>triumphorum,</span> <span class='ocrx_word' id='word_1_57' title='bbox 952 1179 1240 1234; x_wconf 89' lang='lat' dir='ltr'>interdum</span> <span class='ocrx_word' id='word_1_58' title='bbox 1291 1187 1568 1252; x_wconf 84' lang='lat' dir='ltr'>apparent</span> <span class='ocrx_word' id='word_1_59' title='bbox 1597 1183 1890 1252; x_wconf 65' lang='lat' dir='ltr'>praeterita</span> 
     </span>
    </p>
   </div>
   <div class='ocr_carea' id='block_1_11' title="bbox 189 1269 530 1322">
    <p class='ocr_par' dir='ltr' id='par_1_11' title="bbox 189 1269 530 1322">
     <span class='ocr_line' id='line_1_11' title="bbox 189 1269 530 1322; baseline -0.003 0"><span class='ocrx_word' id='word_1_60' title='bbox 189 1269 530 1322; x_wconf 86' lang='lat' dir='ltr'>discrimina.</span> 
     </span>
    </p>
   </div>
   <div class='ocr_carea' id='block_1_12' title="bbox 253 1357 1883 1435">
    <p class='ocr_par' dir='ltr' id='par_1_12' title="bbox 253 1357 1883 1435">
     <span class='ocr_line' id='line_1_12' title="bbox 253 1357 1883 1435; baseline 0.001 -23"><span class='ocrx_word' id='word_1_61' title='bbox 253 1357 612 1428; x_wconf 84' lang='lat' dir='ltr'>Profectique</span> <span class='ocrx_word' id='word_1_62' title='bbox 663 1358 730 1410; x_wconf 92' lang='lat' dir='ltr'>de</span> <span class='ocrx_word' id='word_1_63' title='bbox 764 1357 908 1410; x_wconf 91' lang='lat' dir='ltr'>Elim</span> <span class='ocrx_word' id='word_1_64' title='bbox 941 1357 1342 1427; x_wconf 86' lang='lat' dir='ltr'>applicuerunt</span> <span class='ocrx_word' id='word_1_65' title='bbox 1374 1359 1536 1430; x_wconf 80' lang='lat' dir='ltr'>juxta</span> <span class='ocrx_word' id='word_1_66' title='bbox 1583 1375 1738 1435; x_wconf 90' lang='lat' dir='ltr'>mare</span> <span class='ocrx_word' id='word_1_67' title='bbox 1770 1361 1883 1414; x_wconf 80' lang='lat' dir='ltr'>Ru-</span> 
     </span>
    </p>
   </div>
   <div class='ocr_carea' id='block_1_13' title="bbox 190 1447 1886 1516">
    <p class='ocr_par' dir='ltr' id='par_1_13' title="bbox 190 1447 1886 1516">
     <span class='ocr_line' id='line_1_13' title="bbox 190 1447 1886 1516; baseline 0.001 -17"><span class='ocrx_word' id='word_1_68' title='bbox 190 1447 369 1500; x_wconf 90' lang='lat' dir='ltr'>brum.</span> <span class='ocrx_word' id='word_1_69' title='bbox 426 1448 569 1500; x_wconf 86' lang='lat' dir='ltr'>Nota</span> <span class='ocrx_word' id='word_1_70' title='bbox 598 1447 733 1516; x_wconf 84' lang='lat' dir='ltr'>quia</span> <span class='ocrx_word' id='word_1_71' title='bbox 777 1447 896 1515; x_wconf 85' lang='lat' dir='ltr'>jam</span> <span class='ocrx_word' id='word_1_72' title='bbox 947 1463 1062 1499; x_wconf 89' lang='lat' dir='ltr'>non</span> <span class='ocrx_word' id='word_1_73' title='bbox 1117 1447 1334 1501; x_wconf 87' lang='lat' dir='ltr'>intrant</span> <span class='ocrx_word' id='word_1_74' title='bbox 1363 1449 1422 1501; x_wconf 92' lang='lat' dir='ltr'>in</span> <span class='ocrx_word' id='word_1_75' title='bbox 1469 1465 1644 1516; x_wconf 87' lang='lat' dir='ltr'>mare,</span> <span class='ocrx_word' id='word_1_76' title='bbox 1677 1447 1886 1502; x_wconf 81' lang='lat' dir='ltr'>sufﬁcit</span> 
     </span>
    </p>
   </div>
   <div class='ocr_carea' id='block_1_14' title="bbox 189 1534 1883 1607">
    <p class='ocr_par' dir='ltr' id='par_1_14' title="bbox 189 1534 1883 1607">
     <span class='ocr_line' id='line_1_14' title="bbox 189 1534 1883 1607; baseline 0.001 -19"><span class='ocrx_word' id='word_1_77' title='bbox 189 1536 355 1588; x_wconf 85' lang='lat' dir='ltr'>semel</span> <span class='ocrx_word' id='word_1_78' title='bbox 392 1535 632 1588; x_wconf 77' lang='lat' dir='ltr'>intrasse</span> <span class='ocrx_word' id='word_1_79' title='bbox 660 1554 675 1590; x_wconf 84' lang='lat'><strong>:</strong></span> <span class='ocrx_word' id='word_1_80' title='bbox 706 1535 802 1588; x_wconf 89' lang='lat' dir='ltr'>sed</span> <span class='ocrx_word' id='word_1_81' title='bbox 844 1534 1134 1604; x_wconf 88' lang='lat' dir='ltr'>applicant</span> <span class='ocrx_word' id='word_1_82' title='bbox 1178 1535 1360 1604; x_wconf 83' lang='lat' dir='ltr'>juxta,</span> <span class='ocrx_word' id='word_1_83' title='bbox 1386 1541 1441 1589; x_wconf 92' lang='lat' dir='ltr'>et</span> <span class='ocrx_word' id='word_1_84' title='bbox 1469 1551 1624 1590; x_wconf 89' lang='lat' dir='ltr'>mare</span> <span class='ocrx_word' id='word_1_85' title='bbox 1651 1536 1883 1607; x_wconf 87' lang='lat' dir='ltr'>quidem</span> 
     </span>
    </p>
   </div>
   <div class='ocr_carea' id='block_1_15' title="bbox 189 1622 1878 1696">
    <p class='ocr_par' dir='ltr' id='par_1_15' title="bbox 189 1622 1878 1696">
     <span class='ocr_line' id='line_1_15' title="bbox 189 1622 1878 1696; baseline 0.002 -20"><span class='ocrx_word' id='word_1_86' title='bbox 189 1624 375 1677; x_wconf 86' lang='lat' dir='ltr'>vident</span> <span class='ocrx_word' id='word_1_87' title='bbox 425 1633 484 1677; x_wconf 87' lang='lat' dir='ltr'>et</span> <span class='ocrx_word' id='word_1_88' title='bbox 533 1622 741 1686; x_wconf 89' lang='lat' dir='ltr'>undas,</span> <span class='ocrx_word' id='word_1_89' title='bbox 797 1623 894 1676; x_wconf 88' lang='lat' dir='ltr'>sed</span> <span class='ocrx_word' id='word_1_90' title='bbox 950 1627 1138 1676; x_wconf 91' lang='lat' dir='ltr'>motus</span> <span class='ocrx_word' id='word_1_91' title='bbox 1188 1623 1311 1693; x_wconf 88' lang='lat' dir='ltr'>ejus</span> <span class='ocrx_word' id='word_1_92' title='bbox 1362 1629 1418 1678; x_wconf 91' lang='lat' dir='ltr'>et</span> <span class='ocrx_word' id='word_1_93' title='bbox 1464 1624 1714 1696; x_wconf 87' lang='lat' dir='ltr'>impetus</span> <span class='ocrx_word' id='word_1_94' title='bbox 1763 1641 1878 1679; x_wconf 92' lang='lat' dir='ltr'>non</span> 
     </span>
    </p>
   </div>
   <div class='ocr_carea' id='block_1_16' title="bbox 186 1711 404 1764">
    <p class='ocr_par' dir='ltr' id='par_1_16' title="bbox 186 1711 404 1764">
     <span class='ocr_line' id='line_1_16' title="bbox 186 1711 404 1764; baseline 0.005 -1"><span class='ocrx_word' id='word_1_95' title='bbox 186 1711 404 1764; x_wconf 89' lang='lat' dir='ltr'>timent.</span> 
     </span>
    </p>
   </div>
   <div class='ocr_carea' id='block_1_17' title="bbox 246 1798 1878 1870">
    <p class='ocr_par' dir='ltr' id='par_1_17' title="bbox 246 1798 1878 1870">
     <span class='ocr_line' id='line_1_17' title="bbox 246 1798 1878 1870; baseline 0.001 -16"><span class='ocrx_word' id='word_1_96' title='bbox 246 1801 398 1854; x_wconf 77' lang='lat' dir='ltr'>Mari</span> <span class='ocrx_word' id='word_1_97' title='bbox 442 1799 644 1863; x_wconf 83' lang='lat' dir='ltr'>Rubro,</span> <span class='ocrx_word' id='word_1_98' title='bbox 693 1803 801 1852; x_wconf 85' lang='lat' dir='ltr'>etc.</span> <span class='ocrx_word' id='word_1_99' title='bbox 864 1798 1142 1868; x_wconf 61' lang='lat'>0113110111.,</span> <span class='ocrx_word' id='word_1_100' title='bbox 1197 1799 1293 1853; x_wconf 84' lang='lat' dir='ltr'>ubi</span> <span class='ocrx_word' id='word_1_101' title='bbox 1336 1801 1548 1870; x_wconf 83' lang='lat' dir='ltr'>supra.)</span> <span class='ocrx_word' id='word_1_102' title='bbox 1608 1800 1878 1856; x_wconf 83' lang='lat' dir='ltr'>Hebraice</span> 
     </span>
    </p>
   </div>
   <div class='ocr_carea' id='block_1_18' title="bbox 184 1887 1747 1958">
    <p class='ocr_par' dir='ltr' id='par_1_18' title="bbox 184 1887 1747 1958">
     <span class='ocr_line' id='line_1_18' title="bbox 184 1887 1747 1958; baseline 0.002 -17"><span class='ocrx_word' id='word_1_103' title='bbox 184 1893 298 1947; x_wconf 84' lang='lat' dir='ltr'>etc.,</span> <span class='ocrx_word' id='word_1_104' title='bbox 329 1904 506 1957; x_wconf 86' lang='lat' dir='ltr'>usque</span> <span class='ocrx_word' id='word_1_105' title='bbox 534 1888 607 1941; x_wconf 88' lang='lat' dir='ltr'>ad</span> <span class='ocrx_word' id='word_1_106' title='bbox 637 1891 938 1958; x_wconf 88' lang='lat' dir='ltr'>postquam</span> <span class='ocrx_word' id='word_1_107' title='bbox 968 1887 1181 1956; x_wconf 82' lang='lat' dir='ltr'>egressi</span> <span class='ocrx_word' id='word_1_108' title='bbox 1214 1893 1349 1942; x_wconf 90' lang='lat' dir='ltr'>sunt</span> <span class='ocrx_word' id='word_1_109' title='bbox 1380 1889 1448 1942; x_wconf 89' lang='lat' dir='ltr'>de</span> <span class='ocrx_word' id='word_1_110' title='bbox 1480 1891 1747 1944; x_wconf 82' lang='lat' dir='ltr'>Ramesse</span> 
     </span>
    </p>
   </div>
   <div class='ocr_carea' id='block_1_19' title="bbox 247 1976 1878 2048">
    <p class='ocr_par' dir='ltr' id='par_1_19' title="bbox 247 1976 1878 2048">
     <span class='ocr_line' id='line_1_19' title="bbox 247 1976 1878 2048; baseline 0.004 -23"><span class='ocrx_word' id='word_1_111' title='bbox 247 1977 410 2030; x_wconf 78' lang='lat' dir='ltr'>Vaas.</span> <span class='ocrx_word' id='word_1_112' title='bbox 464 1980 552 2030; x_wconf 88' lang='grc'><strong>11.</strong></span> <span class='ocrx_word' id='word_1_113' title='bbox 597 2005 658 2014; x_wconf 96' lang='grc'><strong>-</strong></span> <span class='ocrx_word' id='word_1_114' title='bbox 692 1977 765 2028; x_wconf 86' lang='lat' dir='ltr'>In</span> <span class='ocrx_word' id='word_1_115' title='bbox 813 1976 1020 2029; x_wconf 88' lang='lat' dir='ltr'>deserto</span> <span class='ocrx_word' id='word_1_116' title='bbox 1053 1976 1168 2031; x_wconf 77' lang='lat' dir='ltr'>Sin.</span> <span class='ocrx_word' id='word_1_117' title='bbox 1219 1978 1509 2045; x_wconf 76' lang='lat' dir='ltr'>(HIERON.,</span> <span class='ocrx_word' id='word_1_118' title='bbox 1545 1978 1706 2048; x_wconf 90' lang='lat' dir='ltr'>ibid.)</span> <span class='ocrx_word' id='word_1_119' title='bbox 1740 1980 1878 2032; x_wconf 90' lang='lat' dir='ltr'>Pro-</span> 
     </span>
    </p>
   </div>
   <div class='ocr_carea' id='block_1_20' title="bbox 183 2063 1880 2133">
    <p class='ocr_par' dir='ltr' id='par_1_20' title="bbox 183 2063 1880 2133">
     <span class='ocr_line' id='line_1_20' title="bbox 183 2063 1880 2133; baseline 0.001 -17"><span class='ocrx_word' id='word_1_120' title='bbox 183 2063 426 2133; x_wconf 84' lang='lat' dir='ltr'>fectique</span> <span class='ocrx_word' id='word_1_121' title='bbox 455 2063 524 2117; x_wconf 92' lang='lat' dir='ltr'>de</span> <span class='ocrx_word' id='word_1_122' title='bbox 554 2064 700 2116; x_wconf 88' lang='lat' dir='ltr'>mari</span> <span class='ocrx_word' id='word_1_123' title='bbox 746 2064 942 2117; x_wconf 84' lang='lat' dir='ltr'>Rubro</span> <span class='ocrx_word' id='word_1_124' title='bbox 992 2066 1374 2118; x_wconf 87' lang='lat' dir='ltr'>castrametati</span> <span class='ocrx_word' id='word_1_125' title='bbox 1405 2071 1535 2119; x_wconf 89' lang='lat' dir='ltr'>sunt</span> <span class='ocrx_word' id='word_1_126' title='bbox 1564 2066 1621 2119; x_wconf 89' lang='lat' dir='ltr'>in</span> <span class='ocrx_word' id='word_1_127' title='bbox 1658 2067 1880 2120; x_wconf 89' lang='lat' dir='ltr'>deserto</span> 
     </span>
    </p>
   </div>
   <div class='ocr_carea' id='block_1_21' title="bbox 182 2152 1879 2226">
    <p class='ocr_par' dir='ltr' id='par_1_21' title="bbox 182 2152 1879 2226">
     <span class='ocr_line' id='line_1_21' title="bbox 182 2152 1879 2226; baseline 0.001 -18"><span class='ocrx_word' id='word_1_128' title='bbox 182 2155 290 2219; x_wconf 87' lang='lat' dir='ltr'>Sin,</span> <span class='ocrx_word' id='word_1_129' title='bbox 328 2159 462 2216; x_wconf 90' lang='lat' dir='ltr'>etc.,</span> <span class='ocrx_word' id='word_1_130' title='bbox 517 2168 686 2222; x_wconf 87' lang='lat' dir='ltr'>usque</span> <span class='ocrx_word' id='word_1_131' title='bbox 733 2152 807 2205; x_wconf 86' lang='lat' dir='ltr'>ad</span> <span class='ocrx_word' id='word_1_132' title='bbox 846 2152 984 2226; x_wconf 89' lang='lat' dir='ltr'>quia</span> <span class='ocrx_word' id='word_1_133' title='bbox 1013 2154 1206 2224; x_wconf 90' lang='lat' dir='ltr'>plures</span> <span class='ocrx_word' id='word_1_134' title='bbox 1254 2155 1492 2208; x_wconf 66' lang='lat' dir='ltr'>deserta:</span> <span class='ocrx_word' id='word_1_135' title='bbox 1539 2155 1664 2222; x_wconf 79' lang='lat' dir='ltr'>filii,</span> <span class='ocrx_word' id='word_1_136' title='bbox 1704 2171 1879 2226; x_wconf 87' lang='lat' dir='ltr'>quam</span> 
     </span>
    </p>
   </div>
   <div class='ocr_carea' id='block_1_22' title="bbox 184 2240 891 2311">
    <p class='ocr_par' dir='ltr' id='par_1_22' title="bbox 184 2240 891 2311">
     <span class='ocr_line' id='line_1_22' title="bbox 184 2240 891 2311; baseline -0.001 -16"><span class='ocrx_word' id='word_1_137' title='bbox 184 2242 297 2311; x_wconf 85' lang='lat' dir='ltr'>ejus</span> <span class='ocrx_word' id='word_1_138' title='bbox 326 2258 461 2311; x_wconf 68' lang='lat' dir='ltr'>qua:</span> <span class='ocrx_word' id='word_1_139' title='bbox 491 2240 662 2294; x_wconf 88' lang='lat' dir='ltr'>habet</span> <span class='ocrx_word' id='word_1_140' title='bbox 685 2241 891 2294; x_wconf 90' lang='lat' dir='ltr'>virum.</span> 
     </span>
    </p>
   </div>
   <div class='ocr_carea' id='block_1_23' title="bbox 247 2329 1879 2401">
    <p class='ocr_par' dir='ltr' id='par_1_23' title="bbox 247 2329 1879 2401">
     <span class='ocr_line' id='line_1_23' title="bbox 247 2329 1879 2401; baseline 0.002 -17"><span class='ocrx_word' id='word_1_141' title='bbox 247 2332 593 2398; x_wconf 79' lang='lat' dir='ltr'>Pro/ectique</span> <span class='ocrx_word' id='word_1_142' title='bbox 647 2329 713 2383; x_wconf 86' lang='lat' dir='ltr'>de</span> <span class='ocrx_word' id='word_1_143' title='bbox 762 2332 905 2383; x_wconf 91' lang='lat' dir='ltr'>mari</span> <span class='ocrx_word' id='word_1_144' title='bbox 956 2332 1138 2385; x_wconf 84' lang='lat' dir='ltr'>Rubro</span> <span class='ocrx_word' id='word_1_145' title='bbox 1203 2333 1616 2401; x_wconf 77' lang='lat' dir='ltr'>applicaverunt</span> <span class='ocrx_word' id='word_1_146' title='bbox 1670 2336 1728 2387; x_wconf 89' lang='lat' dir='ltr'>in</span> <span class='ocrx_word' id='word_1_147' title='bbox 1786 2333 1879 2387; x_wconf 86' lang='lat' dir='ltr'>de-</span> 
     </span>
    </p>
   </div>
   <div class='ocr_carea' id='block_1_24' title="bbox 186 2418 1876 2490">
    <p class='ocr_par' dir='ltr' id='par_1_24' title="bbox 186 2418 1876 2490">
     <span class='ocr_line' id='line_1_24' title="bbox 186 2418 1876 2490; baseline 0.002 -18"><span class='ocrx_word' id='word_1_148' title='bbox 186 2426 378 2472; x_wconf 82' lang='lat' dir='ltr'>sertum</span> <span class='ocrx_word' id='word_1_149' title='bbox 427 2420 547 2474; x_wconf 87' lang='lat' dir='ltr'>Sin.</span> <span class='ocrx_word' id='word_1_150' title='bbox 601 2418 722 2484; x_wconf 90' lang='lat' dir='ltr'>Sin,</span> <span class='ocrx_word' id='word_1_151' title='bbox 778 2419 952 2473; x_wconf 92' lang='lat' dir='ltr'>rubus</span> <span class='ocrx_word' id='word_1_152' title='bbox 1003 2419 1413 2490; x_wconf 77' lang='lat' dir='ltr'>interpretatur</span> <span class='ocrx_word' id='word_1_153' title='bbox 1455 2422 1542 2474; x_wconf 88' lang='lat' dir='ltr'>vel</span> <span class='ocrx_word' id='word_1_154' title='bbox 1594 2422 1876 2475; x_wconf 88' lang='lat' dir='ltr'>tentatio:</span> 
     </span>
    </p>
   </div>
   <div class='ocr_carea' id='block_1_25' title="bbox 189 2506 1879 2577">
    <p class='ocr_par' dir='ltr' id='par_1_25' title="bbox 189 2506 1879 2577">
     <span class='ocr_line' id='line_1_25' title="bbox 189 2506 1879 2577; baseline 0.002 -17"><span class='ocrx_word' id='word_1_155' title='bbox 189 2508 259 2561; x_wconf 89' lang='lat' dir='ltr'>ibi</span> <span class='ocrx_word' id='word_1_156' title='bbox 280 2508 407 2576; x_wconf 88' lang='lat' dir='ltr'>jam</span> <span class='ocrx_word' id='word_1_157' title='bbox 455 2507 658 2577; x_wconf 85' lang='lat' dir='ltr'>incipit</span> <span class='ocrx_word' id='word_1_158' title='bbox 687 2506 937 2561; x_wconf 88' lang='lat' dir='ltr'>arridere</span> <span class='ocrx_word' id='word_1_159' title='bbox 968 2507 1252 2562; x_wconf 91' lang='lat' dir='ltr'>bonorum</span> <span class='ocrx_word' id='word_1_160' title='bbox 1309 2525 1458 2577; x_wconf 87' lang='lat' dir='ltr'>spes,</span> <span class='ocrx_word' id='word_1_161' title='bbox 1490 2510 1587 2563; x_wconf 93' lang='lat' dir='ltr'>ubi</span> <span class='ocrx_word' id='word_1_162' title='bbox 1618 2509 1688 2563; x_wconf 93' lang='lat' dir='ltr'>de</span> <span class='ocrx_word' id='word_1_163' title='bbox 1736 2510 1879 2563; x_wconf 89' lang='lat' dir='ltr'>rubo</span> 
     </span>
    </p>
   </div>
   <div class='ocr_carea' id='block_1_26' title="bbox 189 2595 1880 2668">
    <p class='ocr_par' dir='ltr' id='par_1_26' title="bbox 189 2595 1880 2668">
     <span class='ocr_line' id='line_1_26' title="bbox 189 2595 1880 2668; baseline 0.001 -19"><span class='ocrx_word' id='word_1_164' title='bbox 189 2595 451 2666; x_wconf 89' lang='lat' dir='ltr'>apparuit</span> <span class='ocrx_word' id='word_1_165' title='bbox 500 2597 793 2665; x_wconf 86' lang='lat' dir='ltr'>Dominus,</span> <span class='ocrx_word' id='word_1_166' title='bbox 825 2600 880 2650; x_wconf 93' lang='lat' dir='ltr'>et</span> <span class='ocrx_word' id='word_1_167' title='bbox 927 2613 1198 2666; x_wconf 88' lang='lat' dir='ltr'>responsa</span> <span class='ocrx_word' id='word_1_168' title='bbox 1251 2598 1409 2652; x_wconf 92' lang='lat' dir='ltr'>dedit</span> <span class='ocrx_word' id='word_1_169' title='bbox 1456 2597 1649 2668; x_wconf 87' lang='lat' dir='ltr'>Moysi,</span> <span class='ocrx_word' id='word_1_170' title='bbox 1691 2602 1747 2652; x_wconf 90' lang='lat' dir='ltr'>et</span> <span class='ocrx_word' id='word_1_171' title='bbox 1771 2598 1880 2651; x_wconf 89' lang='lat' dir='ltr'>ini-</span> 
     </span>
    </p>
   </div>
   <div class='ocr_carea' id='block_1_27' title="bbox 188 2685 1883 2741">
    <p class='ocr_par' dir='ltr' id='par_1_27' title="bbox 188 2685 1883 2741">
     <span class='ocr_line' id='line_1_27' title="bbox 188 2685 1883 2741; baseline 0.001 -3"><span class='ocrx_word' id='word_1_172' title='bbox 188 2687 323 2739; x_wconf 88' lang='lat' dir='ltr'>tium</span> <span class='ocrx_word' id='word_1_173' title='bbox 356 2685 696 2739; x_wconf 86' lang='lat' dir='ltr'>visitationis</span> <span class='ocrx_word' id='word_1_174' title='bbox 726 2685 858 2739; x_wconf 85' lang='lat' dir='ltr'>ﬁliis</span> <span class='ocrx_word' id='word_1_175' title='bbox 892 2686 1083 2740; x_wconf 89' lang='lat' dir='ltr'>Israel.</span> <span class='ocrx_word' id='word_1_176' title='bbox 1116 2686 1268 2741; x_wconf 88' lang='lat' dir='ltr'>Solet</span> <span class='ocrx_word' id='word_1_177' title='bbox 1297 2686 1448 2740; x_wconf 90' lang='lat' dir='ltr'>enim</span> <span class='ocrx_word' id='word_1_178' title='bbox 1481 2686 1541 2740; x_wconf 91' lang='lat' dir='ltr'>in</span> <span class='ocrx_word' id='word_1_179' title='bbox 1569 2686 1883 2740; x_wconf 83' lang='lat' dir='ltr'>visionibus</span> 
     </span>
    </p>
   </div>
   <div class='ocr_carea' id='block_1_28' title="bbox 187 2773 1882 2846">
    <p class='ocr_par' dir='ltr' id='par_1_28' title="bbox 187 2773 1882 2846">
     <span class='ocr_line' id='line_1_28' title="bbox 187 2773 1882 2846; baseline 0.001 -20"><span class='ocrx_word' id='word_1_180' title='bbox 187 2790 296 2827; x_wconf 87' lang='lat' dir='ltr'>esse</span> <span class='ocrx_word' id='word_1_181' title='bbox 346 2773 631 2839; x_wconf 87' lang='lat' dir='ltr'>tentatio;</span> <span class='ocrx_word' id='word_1_182' title='bbox 664 2775 807 2827; x_wconf 90' lang='lat' dir='ltr'>solet</span> <span class='ocrx_word' id='word_1_183' title='bbox 846 2773 999 2827; x_wconf 90' lang='lat' dir='ltr'>enim</span> <span class='ocrx_word' id='word_1_184' title='bbox 1043 2775 1281 2844; x_wconf 82' lang='lat' dir='ltr'>angelus</span> <span class='ocrx_word' id='word_1_185' title='bbox 1327 2774 1647 2846; x_wconf 85' lang='lat' dir='ltr'>iniquitatis</span> <span class='ocrx_word' id='word_1_186' title='bbox 1693 2779 1882 2828; x_wconf 90' lang='lat' dir='ltr'>trans-</span> 
     </span>
    </p>
   </div>
   <div class='ocr_carea' id='block_1_29' title="bbox 190 2862 1877 2932">
    <p class='ocr_par' dir='ltr' id='par_1_29' title="bbox 190 2862 1877 2932">
     <span class='ocr_line' id='line_1_29' title="bbox 190 2862 1877 2932; baseline 0 -16"><span class='ocrx_word' id='word_1_187' title='bbox 190 2862 436 2932; x_wconf 82' lang='lat' dir='ltr'>ﬁgurare</span> <span class='ocrx_word' id='word_1_188' title='bbox 467 2878 527 2915; x_wconf 89' lang='lat' dir='ltr'>se</span> <span class='ocrx_word' id='word_1_189' title='bbox 551 2862 612 2915; x_wconf 90' lang='lat' dir='ltr'>in</span> <span class='ocrx_word' id='word_1_190' title='bbox 662 2862 933 2931; x_wconf 82' lang='lat' dir='ltr'>angelum</span> <span class='ocrx_word' id='word_1_191' title='bbox 985 2862 1142 2926; x_wconf 91' lang='lat' dir='ltr'>lucis,</span> <span class='ocrx_word' id='word_1_192' title='bbox 1195 2868 1251 2916; x_wconf 90' lang='lat' dir='ltr'>et</span> <span class='ocrx_word' id='word_1_193' title='bbox 1279 2863 1407 2916; x_wconf 78' lang='lat' dir='ltr'>ideo</span> <span class='ocrx_word' id='word_1_194' title='bbox 1439 2863 1677 2918; x_wconf 91' lang='lat' dir='ltr'>sollicite</span> <span class='ocrx_word' id='word_1_195' title='bbox 1708 2879 1877 2932; x_wconf 83' lang='lat' dir='ltr'>agen-</span> 
     </span>
    </p>
   </div>
   <div class='ocr_carea' id='block_1_30' title="bbox 188 2949 1947 3024">
    <p class='ocr_par' dir='ltr' id='par_1_30' title="bbox 188 2949 1947 3024">
     <span class='ocr_line' id='line_1_30' title="bbox 188 2949 1947 3024; baseline 0 -21"><span class='ocrx_word' id='word_1_196' title='bbox 188 2951 313 3003; x_wconf 89' lang='lat' dir='ltr'>dum</span> <span class='ocrx_word' id='word_1_197' title='bbox 374 2955 463 3003; x_wconf 87' lang='lat' dir='ltr'>est</span> <span class='ocrx_word' id='word_1_198' title='bbox 523 2954 585 3003; x_wconf 89' lang='lat' dir='ltr'>ut</span> <span class='ocrx_word' id='word_1_199' title='bbox 642 2950 926 3002; x_wconf 88' lang='lat' dir='ltr'>discernas</span> <span class='ocrx_word' id='word_1_200' title='bbox 974 2949 1236 3004; x_wconf 85' lang='lat' dir='ltr'>visiones.</span> <span class='ocrx_word' id='word_1_201' title='bbox 1289 2951 1444 3006; x_wconf 88' lang='lat' dir='ltr'>Unde</span> <span class='ocrx_word' id='word_1_202' title='bbox 1497 2953 1655 3005; x_wconf 85' lang='lat' dir='ltr'>Jesus</span> <span class='ocrx_word' id='word_1_203' title='bbox 1705 2953 1874 3017; x_wconf 85' lang='lat' dir='ltr'>Nave,</span> <span class='ocrx_word' id='word_1_204' title='bbox 1909 2969 1947 3024; x_wconf 71' lang='grc' dir='ltr'><strong>ρ</strong></span> 
     </span>
    </p>
   </div>
   <div class='ocr_carea' id='block_1_31' title="bbox 186 3036 1878 3109">
    <p class='ocr_par' dir='ltr' id='par_1_31' title="bbox 186 3036 1878 3109">
     <span class='ocr_line' id='line_1_31' title="bbox 186 3036 1878 3109; baseline 0.001 -19"><span class='ocrx_word' id='word_1_205' title='bbox 186 3055 304 3091; x_wconf 83' lang='lat' dir='ltr'>cum</span> <span class='ocrx_word' id='word_1_206' title='bbox 369 3037 618 3090; x_wconf 79' lang='lat' dir='ltr'>visiones</span> <span class='ocrx_word' id='word_1_207' title='bbox 665 3037 878 3102; x_wconf 89' lang='lat' dir='ltr'>videre,</span> <span class='ocrx_word' id='word_1_208' title='bbox 930 3036 1247 3106; x_wconf 89' lang='lat' dir='ltr'>interrogat</span> <span class='ocrx_word' id='word_1_209' title='bbox 1291 3054 1422 3091; x_wconf 92' lang='lat' dir='ltr'>eum</span> <span class='ocrx_word' id='word_1_210' title='bbox 1466 3039 1565 3109; x_wconf 91' lang='lat' dir='ltr'>qui</span> <span class='ocrx_word' id='word_1_211' title='bbox 1597 3038 1878 3108; x_wconf 88' lang='lat' dir='ltr'>apparuit,</span> 
     </span>
    </p>
   </div>
   <div class='ocr_carea' id='block_1_32' title="bbox 186 3125 1884 3197">
    <p class='ocr_par' dir='ltr' id='par_1_32' title="bbox 186 3125 1884 3197">
     <span class='ocr_line' id='line_1_32' title="bbox 186 3125 1884 3197; baseline 0 -17"><span class='ocrx_word' id='word_1_212' title='bbox 186 3129 364 3180; x_wconf 71' lang='lat' dir='ltr'>Noster</span> <span class='ocrx_word' id='word_1_213' title='bbox 431 3142 504 3191; x_wconf 89' lang='lat' dir='ltr'>es,</span> <span class='ocrx_word' id='word_1_214' title='bbox 556 3142 627 3179; x_wconf 89' lang='lat' dir='ltr'>an</span> <span class='ocrx_word' id='word_1_215' title='bbox 674 3125 1160 3180; x_wconf 76' lang='lat' dir='ltr'>adversariorum?</span> <span class='ocrx_word' id='word_1_216' title='bbox 1219 3128 1297 3179; x_wconf 88' lang='lat' dir='ltr'>Ita</span> <span class='ocrx_word' id='word_1_217' title='bbox 1345 3143 1479 3197; x_wconf 87' lang='lat' dir='ltr'>ergo</span> <span class='ocrx_word' id='word_1_218' title='bbox 1519 3128 1884 3197; x_wconf 83' lang='lat' dir='ltr'>proﬁciscens</span> 
     </span>
    </p>
   </div>
   <div class='ocr_carea' id='block_1_33' title="bbox 185 3214 1884 3286">
    <p class='ocr_par' dir='ltr' id='par_1_33' title="bbox 185 3214 1884 3286">
     <span class='ocr_line' id='line_1_33' title="bbox 185 3214 1884 3286; baseline 0.001 -19"><span class='ocrx_word' id='word_1_219' title='bbox 185 3217 368 3268; x_wconf 87' lang='lat' dir='ltr'>anima</span> <span class='ocrx_word' id='word_1_220' title='bbox 403 3232 536 3269; x_wconf 91' lang='lat' dir='ltr'>cum</span> <span class='ocrx_word' id='word_1_221' title='bbox 580 3214 862 3268; x_wconf 83' lang='lat' dir='ltr'>invenerit</span> <span class='ocrx_word' id='word_1_222' title='bbox 890 3214 1291 3268; x_wconf 90' lang='lat' dir='ltr'>discretionem</span> <span class='ocrx_word' id='word_1_223' title='bbox 1337 3215 1624 3270; x_wconf 88' lang='lat' dir='ltr'>visionum</span> <span class='ocrx_word' id='word_1_224' title='bbox 1673 3217 1884 3286; x_wconf 89' lang='lat' dir='ltr'>proba-</span> 
     </span>
    </p>
   </div>
   <div class='ocr_carea' id='block_1_34' title="bbox 189 3303 1884 3375">
    <p class='ocr_par' dir='ltr' id='par_1_34' title="bbox 189 3303 1884 3375">
     <span class='ocr_line' id='line_1_34' title="bbox 189 3303 1884 3375; baseline 0.001 -19"><span class='ocrx_word' id='word_1_225' title='bbox 189 3304 332 3358; x_wconf 86' lang='lat' dir='ltr'>bitur</span> <span class='ocrx_word' id='word_1_226' title='bbox 394 3304 670 3373; x_wconf 90' lang='lat' dir='ltr'>spiritalis</span> <span class='ocrx_word' id='word_1_227' title='bbox 717 3319 857 3356; x_wconf 90' lang='lat' dir='ltr'>esse.</span> <span class='ocrx_word' id='word_1_228' title='bbox 916 3304 1009 3356; x_wconf 87' lang='lat' dir='ltr'>Est</span> <span class='ocrx_word' id='word_1_229' title='bbox 1057 3303 1208 3356; x_wconf 92' lang='lat' dir='ltr'>enim</span> <span class='ocrx_word' id='word_1_230' title='bbox 1256 3303 1405 3357; x_wconf 92' lang='lat' dir='ltr'>inter</span> <span class='ocrx_word' id='word_1_231' title='bbox 1444 3303 1596 3358; x_wconf 89' lang='lat' dir='ltr'>dona</span> <span class='ocrx_word' id='word_1_232' title='bbox 1642 3305 1884 3375; x_wconf 88' lang='lat' dir='ltr'>Spiritus</span> 
     </span>
    </p>
   </div>
   <div class='ocr_carea' id='block_1_35' title="bbox 186 3392 1017 3462">
    <p class='ocr_par' dir='ltr' id='par_1_35' title="bbox 186 3392 1017 3462">
     <span class='ocr_line' id='line_1_35' title="bbox 186 3392 1017 3462; baseline 0.001 -19"><span class='ocrx_word' id='word_1_233' title='bbox 186 3393 355 3446; x_wconf 87' lang='lat' dir='ltr'>sancti</span> <span class='ocrx_word' id='word_1_234' title='bbox 392 3392 660 3446; x_wconf 90' lang='lat' dir='ltr'>discretio</span> <span class='ocrx_word' id='word_1_235' title='bbox 690 3392 1017 3462; x_wconf 86' lang='lat' dir='ltr'>spirituum.</span> 
     </span>
    </p>
   </div>
   <div class='ocr_carea' id='block_1_36' title="bbox 249 3480 1884 3551">
    <p class='ocr_par' dir='ltr' id='par_1_36' title="bbox 249 3480 1884 3551">
     <span class='ocr_line' id='line_1_36' title="bbox 249 3480 1884 3551; baseline 0.001 -19"><span class='ocrx_word' id='word_1_236' title='bbox 249 3484 412 3536; x_wconf 72' lang='lat' dir='ltr'>Vens.</span> <span class='ocrx_word' id='word_1_237' title='bbox 482 3484 565 3535; x_wconf 77' lang='lat' dir='ltr'>l2.</span> <span class='ocrx_word' id='word_1_238' title='bbox 620 3511 688 3520; x_wconf 90' lang='lat'>—-</span> <span class='ocrx_word' id='word_1_239' title='bbox 745 3483 806 3535; x_wconf 87' lang='lat' dir='ltr'>In</span> <span class='ocrx_word' id='word_1_240' title='bbox 883 3481 1126 3549; x_wconf 84' lang='lat' dir='ltr'>Daphca.</span> <span class='ocrx_word' id='word_1_241' title='bbox 1203 3480 1468 3536; x_wconf 85' lang='lat' dir='ltr'>Hebraice</span> <span class='ocrx_word' id='word_1_242' title='bbox 1557 3481 1884 3551; x_wconf 87' lang='lat' dir='ltr'>Daphquah,</span> 
     </span>
    </p>
   </div>
   <div class='ocr_carea' id='block_1_37' title="bbox 185 3566 1889 3652">
    <p class='ocr_par' dir='ltr' id='par_1_37' title="bbox 185 3566 1889 3652">
     <span class='ocr_line' id='line_1_37' title="bbox 185 3566 1889 3652; baseline -0.002 -28"><span class='ocrx_word' id='word_1_243' title='bbox 185 3579 362 3652; x_wconf 52' lang='lat'>71,251,</span> <span class='ocrx_word' id='word_1_244' title='bbox 399 3567 460 3622; x_wconf 90' lang='lat' dir='ltr'>id</span> <span class='ocrx_word' id='word_1_245' title='bbox 519 3572 604 3620; x_wconf 91' lang='lat' dir='ltr'>est</span> <span class='ocrx_word' id='word_1_246' title='bbox 642 3566 910 3636; x_wconf 87' lang='lat' dir='ltr'>pulsatio.</span> <span class='ocrx_word' id='word_1_247' title='bbox 963 3568 1094 3621; x_wconf 86' lang='lat' dir='ltr'>Post</span> <span class='ocrx_word' id='word_1_248' title='bbox 1150 3584 1425 3636; x_wconf 90' lang='lat' dir='ltr'>responsa</span> <span class='ocrx_word' id='word_1_249' title='bbox 1483 3568 1729 3632; x_wconf 89' lang='lat' dir='ltr'>Domini,</span> <span class='ocrx_word' id='word_1_250' title='bbox 1763 3573 1889 3640; x_wconf 87' lang='lat' dir='ltr'>post</span> 
     </span>
    </p>
   </div>
   <div class='ocr_carea' id='block_1_38' title="bbox 185 3654 1889 3728">
    <p class='ocr_par' dir='ltr' id='par_1_38' title="bbox 185 3654 1889 3728">
     <span class='ocr_line' id='line_1_38' title="bbox 185 3654 1889 3728; baseline 0.001 -19"><span class='ocrx_word' id='word_1_251' title='bbox 185 3664 444 3710; x_wconf 87' lang='lat' dir='ltr'>octavum</span> <span class='ocrx_word' id='word_1_252' title='bbox 491 3672 797 3710; x_wconf 89' lang='lat' dir='ltr'>numerum</span> <span class='ocrx_word' id='word_1_253' title='bbox 850 3654 1282 3710; x_wconf 88' lang='lat' dir='ltr'>resurrectionis</span> <span class='ocrx_word' id='word_1_254' title='bbox 1314 3657 1540 3723; x_wconf 86' lang='lat' dir='ltr'>Christi,</span> <span class='ocrx_word' id='word_1_255' title='bbox 1582 3657 1889 3728; x_wconf 89' lang='lat' dir='ltr'>incipimus</span> 
     </span>
    </p>
   </div>
   <div class='ocr_carea' id='block_1_39' title="bbox 188 3745 820 3814">
    <p class='ocr_par' dir='ltr' id='par_1_39' title="bbox 188 3745 820 3814">
     <span class='ocr_line' id='line_1_39' title="bbox 188 3745 820 3814; baseline 0 -16"><span class='ocrx_word' id='word_1_256' title='bbox 188 3750 542 3798; x_wconf 80' lang='lat' dir='ltr'>sacramenta</span> <span class='ocrx_word' id='word_1_257' title='bbox 573 3745 820 3814; x_wconf 89' lang='lat' dir='ltr'>pulsare.</span> 
     </span>
    </p>
   </div>
   <div class='ocr_carea' id='block_1_40' title="bbox 249 3832 1889 3905">
    <p class='ocr_par' dir='ltr' id='par_1_40' title="bbox 249 3832 1889 3905">
     <span class='ocr_line' id='line_1_40' title="bbox 249 3832 1889 3905; baseline -0.001 -16"><span class='ocrx_word' id='word_1_258' title='bbox 249 3834 461 3905; x_wconf 79' lang='lat'>(01116.)</span> <span class='ocrx_word' id='word_1_259' title='bbox 508 3832 756 3886; x_wconf 83' lang='lat' dir='ltr'>Profecti</span> <span class='ocrx_word' id='word_1_260' title='bbox 813 3832 881 3886; x_wconf 88' lang='lat' dir='ltr'>de</span> <span class='ocrx_word' id='word_1_261' title='bbox 941 3833 1163 3887; x_wconf 90' lang='lat' dir='ltr'>deserto</span> <span class='ocrx_word' id='word_1_262' title='bbox 1221 3833 1337 3899; x_wconf 90' lang='lat' dir='ltr'>Sin,</span> <span class='ocrx_word' id='word_1_263' title='bbox 1369 3838 1649 3887; x_wconf 88' lang='lat' dir='ltr'>venerunt</span> <span class='ocrx_word' id='word_1_264' title='bbox 1687 3833 1747 3887; x_wconf 91' lang='lat' dir='ltr'>in</span> <span class='ocrx_word' id='word_1_265' title='bbox 1780 3835 1889 3887; x_wconf 87' lang='lat' dir='ltr'>Da-</span> 
     </span>
    </p>
   </div>
   <div class='ocr_carea' id='block_1_41' title="bbox 182 3915 1889 3993">
    <p class='ocr_par' dir='ltr' id='par_1_41' title="bbox 182 3915 1889 3993">
     <span class='ocr_line' id='line_1_41' title="bbox 182 3915 1889 3993; baseline -0.002 -15"><span class='ocrx_word' id='word_1_266' title='bbox 182 3915 342 3992; x_wconf 84' lang='lat' dir='ltr'>phca,</span> <span class='ocrx_word' id='word_1_267' title='bbox 397 3940 531 3993; x_wconf 71' lang='lat' dir='ltr'>qua:</span> <span class='ocrx_word' id='word_1_268' title='bbox 567 3923 978 3991; x_wconf 89' lang='lat' dir='ltr'>interpretatur</span> <span class='ocrx_word' id='word_1_269' title='bbox 1022 3922 1251 3975; x_wconf 88' lang='lat' dir='ltr'>sanitas.</span> <span class='ocrx_word' id='word_1_270' title='bbox 1289 3924 1429 3976; x_wconf 82' lang='lat' dir='ltr'>Nota</span> <span class='ocrx_word' id='word_1_271' title='bbox 1461 3922 1722 3976; x_wconf 88' lang='lat' dir='ltr'>ordinem</span> <span class='ocrx_word' id='word_1_272' title='bbox 1758 3939 1889 3991; x_wconf 89' lang='lat' dir='ltr'>pro-</span> 
     </span>
    </p>
   </div>
   <div class='ocr_carea' id='block_1_42' title="bbox 183 4010 1893 4080">
    <p class='ocr_par' dir='ltr' id='par_1_42' title="bbox 183 4010 1893 4080">
     <span class='ocr_line' id='line_1_42' title="bbox 183 4010 1893 4080; baseline 0 -15"><span class='ocrx_word' id='word_1_273' title='bbox 183 4013 455 4066; x_wconf 87' lang='lat' dir='ltr'>fectuum.</span> <span class='ocrx_word' id='word_1_274' title='bbox 512 4011 614 4065; x_wconf 90' lang='lat' dir='ltr'>Ubi</span> <span class='ocrx_word' id='word_1_275' title='bbox 672 4010 940 4080; x_wconf 90' lang='lat' dir='ltr'>spiritalis</span> <span class='ocrx_word' id='word_1_276' title='bbox 997 4011 1243 4064; x_wconf 80' lang='lat' dir='ltr'>efficitur</span> <span class='ocrx_word' id='word_1_277' title='bbox 1296 4011 1507 4076; x_wconf 89' lang='lat' dir='ltr'>anima,</span> <span class='ocrx_word' id='word_1_278' title='bbox 1570 4016 1627 4064; x_wconf 93' lang='lat' dir='ltr'>et</span> <span class='ocrx_word' id='word_1_279' title='bbox 1680 4012 1893 4066; x_wconf 89' lang='lat' dir='ltr'>discre-</span> 
     </span>
    </p>
   </div>
   <div class='ocr_carea' id='block_1_43' title="bbox 183 4099 1893 4168">
    <p class='ocr_par' dir='ltr' id='par_1_43' title="bbox 183 4099 1893 4168">
     <span class='ocr_line' id='line_1_43' title="bbox 183 4099 1893 4168; baseline 0.001 -16"><span class='ocrx_word' id='word_1_280' title='bbox 183 4101 395 4154; x_wconf 87' lang='lat' dir='ltr'>tionem</span> <span class='ocrx_word' id='word_1_281' title='bbox 449 4099 623 4153; x_wconf 89' lang='lat' dir='ltr'>habet</span> <span class='ocrx_word' id='word_1_282' title='bbox 659 4099 964 4162; x_wconf 82' lang='lat' dir='ltr'>visionum,</span> <span class='ocrx_word' id='word_1_283' title='bbox 1020 4099 1279 4168; x_wconf 84' lang='lat' dir='ltr'>pervenit</span> <span class='ocrx_word' id='word_1_284' title='bbox 1323 4099 1394 4152; x_wconf 88' lang='lat' dir='ltr'>ad</span> <span class='ocrx_word' id='word_1_285' title='bbox 1443 4099 1768 4166; x_wconf 88' lang='lat' dir='ltr'>sanitatem,</span> <span class='ocrx_word' id='word_1_286' title='bbox 1830 4105 1893 4154; x_wconf 90' lang='lat' dir='ltr'>ut</span> 
     </span>
    </p>
   </div>
   <div class='ocr_carea' id='block_1_44' title="bbox 184 4185 1893 4256">
    <p class='ocr_par' dir='ltr' id='par_1_44' title="bbox 184 4185 1893 4256">
     <span class='ocr_line' id='line_1_44' title="bbox 184 4185 1893 4256; baseline 0.001 -16"><span class='ocrx_word' id='word_1_287' title='bbox 184 4188 384 4240; x_wconf 87' lang='lat' dir='ltr'>merito</span> <span class='ocrx_word' id='word_1_288' title='bbox 419 4186 605 4240; x_wconf 85' lang='lat' dir='ltr'>dicat:</span> <span class='ocrx_word' id='word_1_289' title='bbox 645 4185 900 4252; x_wconf 82' lang='lat' dir='ltr'>Benedic,</span> <span class='ocrx_word' id='word_1_290' title='bbox 943 4188 1127 4239; x_wconf 80' lang='lat' dir='ltr'>anima</span> <span class='ocrx_word' id='word_1_291' title='bbox 1158 4203 1292 4250; x_wconf 88' lang='lat' dir='ltr'>mea,</span> <span class='ocrx_word' id='word_1_292' title='bbox 1328 4190 1572 4254; x_wconf 85' lang='lat' dir='ltr'>Domino,</span> <span class='ocrx_word' id='word_1_293' title='bbox 1607 4191 1703 4256; x_wconf 86' lang='lat' dir='ltr'>qui</span> <span class='ocrx_word' id='word_1_294' title='bbox 1733 4193 1893 4242; x_wconf 84' lang='lat' dir='ltr'>sanat</span> 
     </span>
    </p>
   </div>
   <div class='ocr_carea' id='block_1_45' title="bbox 183 4274 1884 4345">
    <p class='ocr_par' dir='ltr' id='par_1_45' title="bbox 183 4274 1884 4345">
     <span class='ocr_line' id='line_1_45' title="bbox 183 4274 1884 4345; baseline -0.001 -16"><span class='ocrx_word' id='word_1_295' title='bbox 183 4291 356 4329; x_wconf 85' lang='lat' dir='ltr'>omnes</span> <span class='ocrx_word' id='word_1_296' title='bbox 414 4276 702 4342; x_wconf 80' lang='lat' dir='ltr'>languores</span> <span class='ocrx_word' id='word_1_297' title='bbox 753 4279 888 4327; x_wconf 83' lang='lat' dir='ltr'>tuos.</span> <span class='ocrx_word' id='word_1_298' title='bbox 923 4274 1083 4328; x_wconf 80' lang='lat' dir='ltr'>Multi</span> <span class='ocrx_word' id='word_1_299' title='bbox 1136 4279 1272 4327; x_wconf 90' lang='lat' dir='ltr'>sunt</span> <span class='ocrx_word' id='word_1_300' title='bbox 1301 4275 1606 4345; x_wconf 89' lang='lat' dir='ltr'>languores</span> <span class='ocrx_word' id='word_1_301' title='bbox 1655 4274 1884 4342; x_wconf 65' lang='lat' dir='ltr'>animm,</span> 
     </span>
    </p>
   </div>
   <div class='ocr_carea' id='block_1_46' title="bbox 185 4361 1891 4434">
    <p class='ocr_par' dir='ltr' id='par_1_46' title="bbox 185 4361 1891 4434">
     <span class='ocr_line' id='line_1_46' title="bbox 185 4361 1891 4434; baseline 0 -17"><span class='ocrx_word' id='word_1_302' title='bbox 185 4365 426 4418; x_wconf 82' lang='lat' dir='ltr'>avaritia</span> <span class='ocrx_word' id='word_1_303' title='bbox 475 4363 708 4429; x_wconf 90' lang='lat' dir='ltr'>scilicet,</span> <span class='ocrx_word' id='word_1_304' title='bbox 743 4361 1030 4434; x_wconf 86' lang='lat' dir='ltr'>superbia,</span> <span class='ocrx_word' id='word_1_305' title='bbox 1058 4362 1354 4434; x_wconf 86' lang='lat' dir='ltr'>jactantia,</span> <span class='ocrx_word' id='word_1_306' title='bbox 1387 4363 1652 4433; x_wconf 87' lang='lat' dir='ltr'>formido,</span> <span class='ocrx_word' id='word_1_307' title='bbox 1685 4365 1891 4417; x_wconf 89' lang='lat' dir='ltr'>incon-</span> 
     </span>
    </p>
   </div>
   <div class='ocr_carea' id='block_1_47' title="bbox 187 4451 744 4507">
    <p class='ocr_par' dir='ltr' id='par_1_47' title="bbox 187 4451 744 4507">
     <span class='ocr_line' id='line_1_47' title="bbox 187 4451 744 4507; baseline -0.007 0"><span class='ocrx_word' id='word_1_308' title='bbox 187 4454 395 4507; x_wconf 88' lang='lat' dir='ltr'>stantia</span> <span class='ocrx_word' id='word_1_309' title='bbox 429 4458 486 4505; x_wconf 92' lang='lat' dir='ltr'>et</span> <span class='ocrx_word' id='word_1_310' title='bbox 515 4451 744 4504; x_wconf 89' lang='lat' dir='ltr'>similia.</span> 
     </span>
    </p>
   </div>
   <div class='ocr_carea' id='block_1_48' title="bbox 257 4540 1889 4611">
    <p class='ocr_par' dir='ltr' id='par_1_48' title="bbox 257 4540 1889 4611">
     <span class='ocr_line' id='line_1_48' title="bbox 257 4540 1889 4611; baseline -0.001 -15"><span class='ocrx_word' id='word_1_311' title='bbox 257 4543 651 4597; x_wconf 85' lang='lat' dir='ltr'>Castrametati</span> <span class='ocrx_word' id='word_1_312' title='bbox 699 4545 842 4594; x_wconf 86' lang='lat' dir='ltr'>sunt.</span> <span class='ocrx_word' id='word_1_313' title='bbox 889 4540 1168 4610; x_wconf 76' lang='lat' dir='ltr'>(HIERON.,</span> <span class='ocrx_word' id='word_1_314' title='bbox 1200 4541 1359 4611; x_wconf 87' lang='lat' dir='ltr'>ibid.)</span> <span class='ocrx_word' id='word_1_315' title='bbox 1411 4541 1638 4594; x_wconf 91' lang='lat' dir='ltr'>Decima</span> <span class='ocrx_word' id='word_1_316' title='bbox 1669 4541 1889 4594; x_wconf 89' lang='lat' dir='ltr'>mansio</span> 
     </span>
    </p>
   </div>
   <div class='ocr_carea' id='block_1_49' title="bbox 187 4628 1890 4699">
    <p class='ocr_par' dir='ltr' id='par_1_49' title="bbox 187 4628 1890 4699">
     <span class='ocr_line' id='line_1_49' title="bbox 187 4628 1890 4699; baseline 0 -17"><span class='ocrx_word' id='word_1_317' title='bbox 187 4629 241 4682; x_wconf 89' lang='lat' dir='ltr'>in</span> <span class='ocrx_word' id='word_1_318' title='bbox 274 4629 472 4684; x_wconf 82' lang='lat' dir='ltr'>Exodo</span> <span class='ocrx_word' id='word_1_319' title='bbox 502 4645 617 4682; x_wconf 92' lang='lat' dir='ltr'>non</span> <span class='ocrx_word' id='word_1_320' title='bbox 648 4628 913 4695; x_wconf 87' lang='lat' dir='ltr'>habetur,</span> <span class='ocrx_word' id='word_1_321' title='bbox 946 4633 1074 4694; x_wconf 88' lang='lat' dir='ltr'>etc.,</span> <span class='ocrx_word' id='word_1_322' title='bbox 1107 4644 1274 4697; x_wconf 73' lang='lat' dir='ltr'>uSque</span> <span class='ocrx_word' id='word_1_323' title='bbox 1301 4629 1375 4683; x_wconf 90' lang='lat' dir='ltr'>ad</span> <span class='ocrx_word' id='word_1_324' title='bbox 1404 4634 1458 4683; x_wconf 92' lang='lat' dir='ltr'>et</span> <span class='ocrx_word' id='word_1_325' title='bbox 1487 4629 1716 4699; x_wconf 88' lang='lat' dir='ltr'>impleri</span> <span class='ocrx_word' id='word_1_326' title='bbox 1745 4629 1890 4682; x_wconf 90' lang='lat' dir='ltr'>Scri-</span> 
     </span>
    </p>
   </div>
   <div class='ocr_carea' id='block_1_50' title="bbox 187 4717 1888 4787">
    <p class='ocr_par' dir='ltr' id='par_1_50' title="bbox 187 4717 1888 4787">
     <span class='ocr_line' id='line_1_50' title="bbox 187 4717 1888 4787; baseline 0 -16"><span class='ocrx_word' id='word_1_327' title='bbox 187 4724 459 4787; x_wconf 85' lang='lat' dir='ltr'>pturam:</span> <span class='ocrx_word' id='word_1_328' title='bbox 509 4721 708 4773; x_wconf 89' lang='lat' dir='ltr'>Panem</span> <span class='ocrx_word' id='word_1_329' title='bbox 753 4719 1064 4784; x_wconf 83' lang='lat' dir='ltr'>angelorum</span> <span class='ocrx_word' id='word_1_330' title='bbox 1118 4719 1468 4774; x_wconf 85' lang='lat' dir='ltr'>manducabit</span> <span class='ocrx_word' id='word_1_331' title='bbox 1516 4719 1667 4773; x_wconf 81' lang='lat' dir='ltr'>homo</span> <span class='ocrx_word' id='word_1_332' title='bbox 1721 4717 1888 4787; x_wconf 89' lang='lat' dir='ltr'>(Psal.</span> 
     </span>
    </p>
   </div>
   <div class='ocr_carea' id='block_1_51' title="bbox 191 4808 409 4875">
    <p class='ocr_par' dir='ltr' id='par_1_51' title="bbox 191 4808 409 4875">
     <span class='ocr_line' id='line_1_51' title="bbox 191 4808 409 4875; baseline 0 -15"><span class='ocrx_word' id='word_1_333' title='bbox 191 4808 409 4875; x_wconf 82' lang='lat' dir='ltr'>Lxxvu).</span> 
     </span>
    </p>
   </div>
   <div class='ocr_carea' id='block_1_52' title="bbox 255 4894 1891 4966">
    <p class='ocr_par' dir='ltr' id='par_1_52' title="bbox 255 4894 1891 4966">
     <span class='ocr_line' id='line_1_52' title="bbox 255 4894 1891 4966; baseline -0.002 -16"><span class='ocrx_word' id='word_1_334' title='bbox 255 4895 629 4966; x_wconf 86' lang='lat' dir='ltr'>Profectique</span> <span class='ocrx_word' id='word_1_335' title='bbox 681 4894 750 4948; x_wconf 89' lang='lat' dir='ltr'>de</span> <span class='ocrx_word' id='word_1_336' title='bbox 803 4895 1035 4965; x_wconf 87' lang='lat' dir='ltr'>Daphca</span> <span class='ocrx_word' id='word_1_337' title='bbox 1084 4894 1322 4949; x_wconf 90' lang='lat' dir='ltr'>veniunt</span> <span class='ocrx_word' id='word_1_338' title='bbox 1359 4895 1418 4949; x_wconf 92' lang='lat' dir='ltr'>in</span> <span class='ocrx_word' id='word_1_339' title='bbox 1473 4897 1630 4964; x_wconf 83' lang='lat' dir='ltr'>Alus,</span> <span class='ocrx_word' id='word_1_340' title='bbox 1675 4895 1735 4949; x_wconf 93' lang='lat' dir='ltr'>id</span> <span class='ocrx_word' id='word_1_341' title='bbox 1787 4899 1891 4963; x_wconf 88' lang='lat' dir='ltr'>est,</span> 
     </span>
    </p>
   </div>
   <div class='ocr_carea' id='block_1_53' title="bbox 191 4982 1891 5054">
    <p class='ocr_par' dir='ltr' id='par_1_53' title="bbox 191 4982 1891 5054">
     <span class='ocr_line' id='line_1_53' title="bbox 191 4982 1891 5054; baseline 0 -19"><span class='ocrx_word' id='word_1_342' title='bbox 191 4982 437 5037; x_wconf 87' lang='lat' dir='ltr'>labores.</span> <span class='ocrx_word' id='word_1_343' title='bbox 474 4983 586 5036; x_wconf 81' lang='lat' dir='ltr'>Nec</span> <span class='ocrx_word' id='word_1_344' title='bbox 634 4982 860 5037; x_wconf 88' lang='lat' dir='ltr'>mireris</span> <span class='ocrx_word' id='word_1_345' title='bbox 893 4983 940 5036; x_wconf 91' lang='lat' dir='ltr'>si</span> <span class='ocrx_word' id='word_1_346' title='bbox 969 4983 1268 5037; x_wconf 89' lang='lat' dir='ltr'>sanitatem</span> <span class='ocrx_word' id='word_1_347' title='bbox 1301 4987 1618 5054; x_wconf 89' lang='lat' dir='ltr'>sequuntur</span> <span class='ocrx_word' id='word_1_348' title='bbox 1649 4983 1891 5047; x_wconf 89' lang='lat' dir='ltr'>labores,</span> 
     </span>
    </p>
   </div>
   <div class='ocr_carea' id='block_1_54' title="bbox 192 5071 1893 5140">
    <p class='ocr_par' dir='ltr' id='par_1_54' title="bbox 192 5071 1893 5140">
     <span class='ocr_line' id='line_1_54' title="bbox 192 5071 1893 5140; baseline 0 -16"><span class='ocrx_word' id='word_1_349' title='bbox 192 5071 323 5140; x_wconf 87' lang='lat' dir='ltr'>quia</span> <span class='ocrx_word' id='word_1_350' title='bbox 371 5072 503 5125; x_wconf 89' lang='lat' dir='ltr'>ideo</span> <span class='ocrx_word' id='word_1_351' title='bbox 546 5077 780 5125; x_wconf 89' lang='lat' dir='ltr'>sanatur</span> <span class='ocrx_word' id='word_1_352' title='bbox 829 5071 1042 5138; x_wconf 89' lang='lat' dir='ltr'>anima,</span> <span class='ocrx_word' id='word_1_353' title='bbox 1074 5079 1139 5127; x_wconf 92' lang='lat' dir='ltr'>ut</span> <span class='ocrx_word' id='word_1_354' title='bbox 1190 5073 1600 5127; x_wconf 88' lang='lat' dir='ltr'>delectabiliter</span> <span class='ocrx_word' id='word_1_355' title='bbox 1654 5071 1893 5137; x_wconf 86' lang='lat' dir='ltr'>laboret,</span> 
     </span>
    </p>
   </div>
   <div class='ocr_carea' id='block_1_55' title="bbox 194 5159 1894 5230">
    <p class='ocr_par' dir='ltr' id='par_1_55' title="bbox 194 5159 1894 5230">
     <span class='ocr_line' id='line_1_55' title="bbox 194 5159 1894 5230; baseline 0.001 -18"><span class='ocrx_word' id='word_1_356' title='bbox 194 5165 246 5213; x_wconf 88' lang='lat' dir='ltr'>et</span> <span class='ocrx_word' id='word_1_357' title='bbox 273 5161 502 5214; x_wconf 89' lang='lat' dir='ltr'>dicatur</span> <span class='ocrx_word' id='word_1_358' title='bbox 534 5159 622 5213; x_wconf 91' lang='lat' dir='ltr'>ei:</span> <span class='ocrx_word' id='word_1_359' title='bbox 677 5161 907 5216; x_wconf 88' lang='lat' dir='ltr'>Labores</span> <span class='ocrx_word' id='word_1_360' title='bbox 938 5177 1196 5216; x_wconf 88' lang='lat' dir='ltr'>manuum</span> <span class='ocrx_word' id='word_1_361' title='bbox 1245 5167 1462 5215; x_wconf 81' lang='lat' dir='ltr'>tuarum</span> <span class='ocrx_word' id='word_1_362' title='bbox 1493 5164 1622 5230; x_wconf 84' lang='lat' dir='ltr'>quia</span> <span class='ocrx_word' id='word_1_363' title='bbox 1663 5160 1894 5216; x_wconf 87' lang='lat' dir='ltr'>mandu-</span> 
     </span>
    </p>
   </div>
   <div class='ocr_carea' id='block_1_56' title="bbox 196 5250 1620 5319">
    <p class='ocr_par' dir='ltr' id='par_1_56' title="bbox 196 5250 1620 5319">
     <span class='ocr_line' id='line_1_56' title="bbox 196 5250 1620 5319; baseline 0.001 -18"><span class='ocrx_word' id='word_1_364' title='bbox 196 5250 360 5308; x_wconf 84' lang='lat' dir='ltr'>cabis.</span> <span class='ocrx_word' id='word_1_365' title='bbox 395 5250 583 5303; x_wconf 84' lang='lat' dir='ltr'>beatus</span> <span class='ocrx_word' id='word_1_366' title='bbox 621 5264 674 5302; x_wconf 87' lang='lat' dir='ltr'>es</span> <span class='ocrx_word' id='word_1_367' title='bbox 701 5257 751 5302; x_wconf 86' lang='lat' dir='ltr'>et</span> <span class='ocrx_word' id='word_1_368' title='bbox 771 5250 898 5303; x_wconf 85' lang='lat' dir='ltr'>bene</span> <span class='ocrx_word' id='word_1_369' title='bbox 925 5250 1027 5304; x_wconf 85' lang='lat' dir='ltr'>tibi</span> <span class='ocrx_word' id='word_1_370' title='bbox 1057 5252 1159 5304; x_wconf 84' lang='lat' dir='ltr'>erit</span> <span class='ocrx_word' id='word_1_371' title='bbox 1191 5250 1357 5319; x_wconf 88' lang='lat' dir='ltr'>(Psal.</span> <span class='ocrx_word' id='word_1_372' title='bbox 1392 5252 1620 5318; x_wconf 81' lang='lat' dir='ltr'>cxxvu).</span> 
     </span>
    </p>
   </div>
   <div class='ocr_carea' id='block_1_57' title="bbox 265 5339 1899 5408">
    <p class='ocr_par' dir='ltr' id='par_1_57' title="bbox 265 5339 1899 5408">
     <span class='ocr_line' id='line_1_57' title="bbox 265 5339 1899 5408; baseline 0.002 -19"><span class='ocrx_word' id='word_1_373' title='bbox 265 5339 424 5392; x_wconf 70' lang='lat' dir='ltr'>Vrsas.</span> <span class='ocrx_word' id='word_1_374' title='bbox 467 5340 548 5392; x_wconf 71' lang='grc'><strong>14.</strong></span> <span class='ocrx_word' id='word_1_375' title='bbox 584 5369 653 5379; x_wconf 92' lang='grc'><strong><em>-</em></strong></span> <span class='ocrx_word' id='word_1_376' title='bbox 686 5340 1008 5408; x_wconf 84' lang='lat' dir='ltr'>Raphidim.</span> <span class='ocrx_word' id='word_1_377' title='bbox 1053 5340 1339 5407; x_wconf 74' lang='lat' dir='ltr'>(HIERON.,</span> <span class='ocrx_word' id='word_1_378' title='bbox 1387 5339 1550 5408; x_wconf 83' lang='lat' dir='ltr'>ibid.)</span> <span class='ocrx_word' id='word_1_379' title='bbox 1583 5339 1899 5393; x_wconf 87' lang='lat' dir='ltr'>Castrame-</span> 
     </span>
    </p>
   </div>
   <div class='ocr_carea' id='block_1_58' title="bbox 203 5427 1899 5498">
    <p class='ocr_par' dir='ltr' id='par_1_58' title="bbox 203 5427 1899 5498">
     <span class='ocr_line' id='line_1_58' title="bbox 203 5427 1899 5498; baseline 0.002 -20"><span class='ocrx_word' id='word_1_380' title='bbox 203 5427 298 5479; x_wconf 85' lang='lat' dir='ltr'>tati</span> <span class='ocrx_word' id='word_1_381' title='bbox 318 5433 456 5480; x_wconf 84' lang='lat' dir='ltr'>sunt</span> <span class='ocrx_word' id='word_1_382' title='bbox 477 5428 538 5482; x_wconf 90' lang='lat' dir='ltr'>in</span> <span class='ocrx_word' id='word_1_383' title='bbox 568 5428 899 5498; x_wconf 80' lang='lat' dir='ltr'>Raphidim,</span> <span class='ocrx_word' id='word_1_384' title='bbox 923 5433 1055 5495; x_wconf 90' lang='lat' dir='ltr'>etc.,</span> <span class='ocrx_word' id='word_1_385' title='bbox 1073 5444 1242 5498; x_wconf 83' lang='lat' dir='ltr'>usque</span> <span class='ocrx_word' id='word_1_386' title='bbox 1263 5428 1338 5484; x_wconf 87' lang='lat' dir='ltr'>ad</span> <span class='ocrx_word' id='word_1_387' title='bbox 1362 5430 1549 5483; x_wconf 91' lang='lat' dir='ltr'>solent</span> <span class='ocrx_word' id='word_1_388' title='bbox 1572 5429 1899 5483; x_wconf 73' lang='lat' dir='ltr'>daemonum</span> 
     </span>
    </p>
   </div>
   <div class='ocr_carea' id='block_1_59' title="bbox 205 5520 953 5589">
    <p class='ocr_par' dir='ltr' id='par_1_59' title="bbox 205 5520 953 5589">
     <span class='ocr_line' id='line_1_59' title="bbox 205 5520 953 5589; baseline 0.005 -21"><span class='ocrx_word' id='word_1_389' title='bbox 205 5520 555 5570; x_wconf 80' lang='lat' dir='ltr'>tentamenta</span> <span class='ocrx_word' id='word_1_390' title='bbox 591 5533 953 5589; x_wconf 88' lang='lat' dir='ltr'>consurgere.</span> 
     </span>
    </p>
   </div>
   <div class='ocr_carea' id='block_1_60' title="bbox 1319 263 2499 323">
    <p class='ocr_par' dir='ltr' id='par_1_60' title="bbox 1319 263 2499 323">
     <span class='ocr_line' id='line_1_60' title="bbox 1319 263 2499 323; baseline 0.005 -8"><span class='ocrx_word' id='word_1_391' title='bbox 1319 263 1572 320; x_wconf 72' lang='lat' dir='ltr'>GLOSSA</span> <span class='ocrx_word' id='word_1_392' title='bbox 1609 265 2016 322; x_wconf 79' lang='lat' dir='ltr'>OBDINARIA.</span> <span class='ocrx_word' id='word_1_393' title='bbox 2061 296 2128 306; x_wconf 87' lang='lat'>-—-</span> <span class='ocrx_word' id='word_1_394' title='bbox 2169 268 2296 323; x_wconf 86' lang='lat' dir='ltr'>LIB.</span> <span class='ocrx_word' id='word_1_395' title='bbox 2339 267 2499 323; x_wconf 75' lang='grc' dir='ltr'><strong>ΝΟΜ.</strong></span> 
     </span>
    </p>
   </div>
   <div class='ocr_carea' id='block_1_61' title="bbox 198 380 1965 455">
    <p class='ocr_par' dir='ltr' id='par_1_61' title="bbox 198 380 1965 455">
     <span class='ocr_line' id='line_1_61' title="bbox 198 380 1965 455; baseline 0.005 -21"><span class='ocrx_word' id='word_1_396' title='bbox 198 381 378 436; x_wconf 89' lang='lat' dir='ltr'>decim</span> <span class='ocrx_word' id='word_1_397' title='bbox 421 381 623 435; x_wconf 82' lang='lat' dir='ltr'>fontes.</span> <span class='ocrx_word' id='word_1_398' title='bbox 672 381 782 435; x_wconf 90' lang='lat' dir='ltr'>Sed</span> <span class='ocrx_word' id='word_1_399' title='bbox 809 380 945 451; x_wconf 84' lang='lat' dir='ltr'>quia</span> <span class='ocrx_word' id='word_1_400' title='bbox 973 397 1090 435; x_wconf 91' lang='lat' dir='ltr'>non</span> <span class='ocrx_word' id='word_1_401' title='bbox 1121 383 1308 436; x_wconf 90' lang='lat' dir='ltr'>solum</span> <span class='ocrx_word' id='word_1_402' title='bbox 1338 383 1467 438; x_wconf 89' lang='lat' dir='ltr'>illos</span> <span class='ocrx_word' id='word_1_403' title='bbox 1497 385 1669 455; x_wconf 91' lang='lat' dir='ltr'>elegit</span> <span class='ocrx_word' id='word_1_404' title='bbox 1716 387 1885 441; x_wconf 86' lang='lat' dir='ltr'>Chri-</span> <span class='ocrx_word' id='word_1_405' title='bbox 1922 391 1965 445; x_wconf 86' lang='lat' dir='ltr'><strong>A</strong></span> 
     </span>
    </p>
   </div>
   <div class='ocr_carea' id='block_1_62' title="bbox 3592 276 3694 332">
    <p class='ocr_par' dir='ltr' id='par_1_62' title="bbox 3592 276 3694 332">
     <span class='ocr_line' id='line_1_62' title="bbox 3592 276 3694 332; baseline 0.02 -2"><span class='ocrx_word' id='word_1_406' title='bbox 3592 276 3694 332; x_wconf 66' lang='grc'>438</span> 
     </span>
    </p>
   </div>
   <div class='ocr_carea' id='block_1_63' title="bbox 2070 392 3692 468">
    <p class='ocr_par' dir='ltr' id='par_1_63' title="bbox 2070 392 3692 468">
     <span class='ocr_line' id='line_1_63' title="bbox 2070 392 3692 468; baseline 0.003 -21"><span class='ocrx_word' id='word_1_407' title='bbox 2070 392 2268 462; x_wconf 89' lang='lat'>(01116.)</span> <span class='ocrx_word' id='word_1_408' title='bbox 2321 395 2453 447; x_wconf 90' lang='lat' dir='ltr'>Post</span> <span class='ocrx_word' id='word_1_409' title='bbox 2501 394 2620 447; x_wconf 67' lang='lat' dir='ltr'>haec</span> <span class='ocrx_word' id='word_1_410' title='bbox 2669 392 2906 448; x_wconf 87' lang='lat' dir='ltr'>veniunt</span> <span class='ocrx_word' id='word_1_411' title='bbox 2947 393 3007 448; x_wconf 92' lang='lat' dir='ltr'>in</span> <span class='ocrx_word' id='word_1_412' title='bbox 3054 395 3378 465; x_wconf 82' lang='lat' dir='ltr'>Raphidim,</span> <span class='ocrx_word' id='word_1_413' title='bbox 3431 414 3560 468; x_wconf 65' lang='lat' dir='ltr'>quas</span> <span class='ocrx_word' id='word_1_414' title='bbox 3602 399 3692 452; x_wconf 89' lang='lat' dir='ltr'>in-</span> 
     </span>
    </p>
   </div>
   <div class='ocr_carea' id='block_1_64' title="bbox 2000 479 3693 554">
    <p class='ocr_par' dir='ltr' id='par_1_64' title="bbox 2000 479 3693 554">
     <span class='ocr_line' id='line_1_64' title="bbox 2000 479 3693 554; baseline 0.004 -22"><span class='ocrx_word' id='word_1_415' title='bbox 2000 483 2349 550; x_wconf 89' lang='lat' dir='ltr'>terpretatur</span> <span class='ocrx_word' id='word_1_416' title='bbox 2377 480 2499 533; x_wconf 91' lang='lat' dir='ltr'>laus</span> <span class='ocrx_word' id='word_1_417' title='bbox 2540 479 2761 550; x_wconf 88' lang='lat' dir='ltr'>judicii.</span> <span class='ocrx_word' id='word_1_418' title='bbox 2800 481 2950 534; x_wconf 90' lang='lat' dir='ltr'>Bene</span> <span class='ocrx_word' id='word_1_419' title='bbox 2999 482 3119 535; x_wconf 88' lang='lat' dir='ltr'>laus</span> <span class='ocrx_word' id='word_1_420' title='bbox 3150 484 3409 554; x_wconf 88' lang='lat' dir='ltr'>sequitur</span> <span class='ocrx_word' id='word_1_421' title='bbox 3456 490 3584 554; x_wconf 91' lang='lat' dir='ltr'>post</span> <span class='ocrx_word' id='word_1_422' title='bbox 3614 488 3693 539; x_wconf 86' lang='lat' dir='ltr'>la-</span> 
     </span>
    </p>
   </div>
   <div class='ocr_carea' id='block_1_65' title="bbox 1998 568 3691 641">
    <p class='ocr_par' dir='ltr' id='par_1_65' title="bbox 1998 568 3691 641">
     <span class='ocr_line' id='line_1_65' title="bbox 1998 568 3691 641; baseline 0.003 -19"><span class='ocrx_word' id='word_1_423' title='bbox 1998 568 2186 634; x_wconf 90' lang='lat' dir='ltr'>bores,</span> <span class='ocrx_word' id='word_1_424' title='bbox 2237 569 2333 622; x_wconf 92' lang='lat' dir='ltr'>sed</span> <span class='ocrx_word' id='word_1_425' title='bbox 2363 569 2486 622; x_wconf 90' lang='lat' dir='ltr'>laus</span> <span class='ocrx_word' id='word_1_426' title='bbox 2527 568 2767 638; x_wconf 88' lang='lat' dir='ltr'>judicii:</span> <span class='ocrx_word' id='word_1_427' title='bbox 2803 569 2867 622; x_wconf 86' lang='lat' dir='ltr'>tit</span> <span class='ocrx_word' id='word_1_428' title='bbox 2893 587 3028 640; x_wconf 86' lang='lat' dir='ltr'>ergo</span> <span class='ocrx_word' id='word_1_429' title='bbox 3060 571 3232 641; x_wconf 82' lang='lat' dir='ltr'>digna</span> <span class='ocrx_word' id='word_1_430' title='bbox 3265 573 3429 626; x_wconf 90' lang='lat' dir='ltr'>laude</span> <span class='ocrx_word' id='word_1_431' title='bbox 3481 574 3691 637; x_wconf 86' lang='lat' dir='ltr'>anima,</span> 
     </span>
    </p>
   </div>
   <div class='ocr_carea' id='block_1_66' title="bbox 1999 657 3693 732">
    <p class='ocr_par' dir='ltr' id='par_1_66' title="bbox 1999 657 3693 732">
     <span class='ocr_line' id='line_1_66' title="bbox 1999 657 3693 732; baseline 0.004 -22"><span class='ocrx_word' id='word_1_432' title='bbox 1999 673 2129 728; x_wconf 67' lang='lat' dir='ltr'>quas</span> <span class='ocrx_word' id='word_1_433' title='bbox 2157 663 2308 712; x_wconf 89' lang='lat' dir='ltr'>recte</span> <span class='ocrx_word' id='word_1_434' title='bbox 2352 657 2572 728; x_wconf 89' lang='lat' dir='ltr'>judicat</span> <span class='ocrx_word' id='word_1_435' title='bbox 2600 661 2656 711; x_wconf 89' lang='lat' dir='ltr'>et</span> <span class='ocrx_word' id='word_1_436' title='bbox 2705 658 2993 720; x_wconf 86' lang='lat' dir='ltr'>discernit,</span> <span class='ocrx_word' id='word_1_437' title='bbox 3028 676 3155 729; x_wconf 67' lang='lat' dir='ltr'>qua:</span> <span class='ocrx_word' id='word_1_438' title='bbox 3186 660 3396 715; x_wconf 91' lang='lat' dir='ltr'>scilicet</span> <span class='ocrx_word' id='word_1_439' title='bbox 3425 661 3693 732; x_wconf 89' lang='lat' dir='ltr'>spiritua-</span> 
     </span>
    </p>
   </div>
   <div class='ocr_carea' id='block_1_67' title="bbox 2000 746 3463 818">
    <p class='ocr_par' dir='ltr' id='par_1_67' title="bbox 2000 746 3463 818">
     <span class='ocr_line' id='line_1_67' title="bbox 2000 746 3463 818; baseline 0.004 -19"><span class='ocrx_word' id='word_1_440' title='bbox 2000 746 2127 800; x_wconf 90' lang='lat' dir='ltr'>liter</span> <span class='ocrx_word' id='word_1_441' title='bbox 2155 746 2428 816; x_wconf 84' lang='lat' dir='ltr'>dijudicat</span> <span class='ocrx_word' id='word_1_442' title='bbox 2456 747 2667 813; x_wconf 91' lang='lat' dir='ltr'>omnia,</span> <span class='ocrx_word' id='word_1_443' title='bbox 2698 751 2753 800; x_wconf 92' lang='lat' dir='ltr'>et</span> <span class='ocrx_word' id='word_1_444' title='bbox 2782 763 2815 800; x_wconf 90' lang='lat' dir='ltr'>a</span> <span class='ocrx_word' id='word_1_445' title='bbox 2843 749 3071 801; x_wconf 90' lang='lat' dir='ltr'>nemine</span> <span class='ocrx_word' id='word_1_446' title='bbox 3102 748 3463 818; x_wconf 87' lang='lat' dir='ltr'>dijudicatur.</span> 
     </span>
    </p>
   </div>
   <div class='ocr_carea' id='block_1_68' title="bbox 2072 836 3690 907">
    <p class='ocr_par' dir='ltr' id='par_1_68' title="bbox 2072 836 3690 907">
     <span class='ocr_line' id='line_1_68' title="bbox 2072 836 3690 907; baseline 0.003 -19"><span class='ocrx_word' id='word_1_447' title='bbox 2072 836 2228 889; x_wconf 73' lang='lat' dir='ltr'>Vens.</span> <span class='ocrx_word' id='word_1_448' title='bbox 2266 838 2347 889; x_wconf 82' lang='grc'><strong>15.</strong></span> <span class='ocrx_word' id='word_1_449' title='bbox 2379 865 2448 876; x_wconf 89' lang='grc'><strong>-</strong></span> <span class='ocrx_word' id='word_1_450' title='bbox 2493 838 2556 890; x_wconf 88' lang='lat' dir='ltr'>In</span> <span class='ocrx_word' id='word_1_451' title='bbox 2601 836 2808 890; x_wconf 83' lang='lat' dir='ltr'>deserto</span> <span class='ocrx_word' id='word_1_452' title='bbox 2848 837 3021 891; x_wconf 82' lang='lat' dir='ltr'>Sinai.</span> <span class='ocrx_word' id='word_1_453' title='bbox 3077 839 3281 907; x_wconf 62' lang='lat' dir='ltr'>(Hum)</span> <span class='ocrx_word' id='word_1_454' title='bbox 3340 837 3498 893; x_wconf 89' lang='lat' dir='ltr'>Sinai</span> <span class='ocrx_word' id='word_1_455' title='bbox 3543 840 3690 894; x_wconf 89' lang='lat' dir='ltr'>duo-</span> 
     </span>
    </p>
   </div>
   <div class='ocr_carea' id='block_1_69' title="bbox 1990 915 3689 998">
    <p class='ocr_par' dir='ltr' id='par_1_69' title="bbox 1990 915 3689 998">
     <span class='ocr_line' id='line_1_69' title="bbox 1990 915 3689 998; baseline 0.002 -21"><span class='ocrx_word' id='word_1_456' title='bbox 1990 915 2214 977; x_wconf 79' lang='lat' dir='ltr'>decima</span> <span class='ocrx_word' id='word_1_457' title='bbox 2263 923 2507 978; x_wconf 91' lang='lat' dir='ltr'>mansio.</span> <span class='ocrx_word' id='word_1_458' title='bbox 2564 924 2767 978; x_wconf 88' lang='lat' dir='ltr'>Statim</span> <span class='ocrx_word' id='word_1_459' title='bbox 2799 924 2901 978; x_wconf 87' lang='lat' dir='ltr'>tibi</span> <span class='ocrx_word' id='word_1_460' title='bbox 2932 925 3123 978; x_wconf 85' lang='lat' dir='ltr'>veniat</span> <span class='ocrx_word' id='word_1_461' title='bbox 3162 925 3221 978; x_wconf 89' lang='lat' dir='ltr'>in</span> <span class='ocrx_word' id='word_1_462' title='bbox 3254 931 3503 980; x_wconf 90' lang='lat' dir='ltr'>mentem</span> <span class='ocrx_word' id='word_1_463' title='bbox 3554 945 3689 998; x_wconf 88' lang='lat' dir='ltr'>apo-</span> 
     </span>
    </p>
   </div>
   <div class='ocr_carea' id='block_1_70' title="bbox 1997 1012 3690 1085">
    <p class='ocr_par' dir='ltr' id='par_1_70' title="bbox 1997 1012 3690 1085">
     <span class='ocr_line' id='line_1_70' title="bbox 1997 1012 3690 1085; baseline 0.003 -21"><span class='ocrx_word' id='word_1_464' title='bbox 1997 1012 2273 1065; x_wconf 89' lang='lat' dir='ltr'>stolorum</span> <span class='ocrx_word' id='word_1_465' title='bbox 2309 1027 2601 1066; x_wconf 88' lang='lat' dir='ltr'>numerus.</span> <span class='ocrx_word' id='word_1_466' title='bbox 2655 1013 2774 1066; x_wconf 90' lang='lat' dir='ltr'>Una</span> <span class='ocrx_word' id='word_1_467' title='bbox 2801 1012 2870 1066; x_wconf 91' lang='lat' dir='ltr'>de</span> <span class='ocrx_word' id='word_1_468' title='bbox 2902 1012 3182 1081; x_wconf 86' lang='lat' dir='ltr'>pluribus,</span> <span class='ocrx_word' id='word_1_469' title='bbox 3216 1015 3314 1068; x_wconf 89' lang='lat' dir='ltr'>sed</span> <span class='ocrx_word' id='word_1_470' title='bbox 3347 1016 3532 1085; x_wconf 84' lang='lat' dir='ltr'>major</span> <span class='ocrx_word' id='word_1_471' title='bbox 3560 1033 3690 1070; x_wconf 88' lang='lat' dir='ltr'>om-</span> 
     </span>
    </p>
   </div>
   <div class='ocr_carea' id='block_1_71' title="bbox 1997 1101 3683 1172">
    <p class='ocr_par' dir='ltr' id='par_1_71' title="bbox 1997 1101 3683 1172">
     <span class='ocr_line' id='line_1_71' title="bbox 1997 1101 3683 1172; baseline 0.002 -18"><span class='ocrx_word' id='word_1_472' title='bbox 1997 1101 2183 1166; x_wconf 91' lang='lat' dir='ltr'>nibus,</span> <span class='ocrx_word' id='word_1_473' title='bbox 2215 1117 2331 1155; x_wconf 91' lang='lat' dir='ltr'>non</span> <span class='ocrx_word' id='word_1_474' title='bbox 2371 1105 2668 1170; x_wconf 87' lang='lat' dir='ltr'>separatur</span> <span class='ocrx_word' id='word_1_475' title='bbox 2707 1101 2766 1154; x_wconf 91' lang='lat' dir='ltr'>in</span> <span class='ocrx_word' id='word_1_476' title='bbox 2799 1101 3020 1166; x_wconf 90' lang='lat' dir='ltr'>ordine,</span> <span class='ocrx_word' id='word_1_477' title='bbox 3066 1103 3340 1172; x_wconf 69' lang='lat' dir='ltr'>praecellit</span> <span class='ocrx_word' id='word_1_478' title='bbox 3369 1103 3427 1156; x_wconf 91' lang='lat' dir='ltr'>in</span> <span class='ocrx_word' id='word_1_479' title='bbox 3459 1105 3683 1158; x_wconf 91' lang='lat' dir='ltr'>merito.</span> 
     </span>
    </p>
   </div>
   <div class='ocr_carea' id='block_1_72' title="bbox 1993 1189 3686 1267">
    <p class='ocr_par' dir='ltr' id='par_1_72' title="bbox 1993 1189 3686 1267">
     <span class='ocr_line' id='line_1_72' title="bbox 1993 1189 3686 1267; baseline -0.001 -23"><span class='ocrx_word' id='word_1_480' title='bbox 1993 1191 2077 1244; x_wconf 83' lang='lat' dir='ltr'>Ad</span> <span class='ocrx_word' id='word_1_481' title='bbox 2121 1190 2265 1244; x_wconf 90' lang='lat' dir='ltr'>hanc</span> <span class='ocrx_word' id='word_1_482' title='bbox 2314 1189 2751 1267; x_wconf 85' lang='lat' dir='ltr'>quadragesima</span> <span class='ocrx_word' id='word_1_483' title='bbox 2792 1190 3035 1259; x_wconf 87' lang='lat' dir='ltr'>septima</span> <span class='ocrx_word' id='word_1_484' title='bbox 3068 1190 3157 1244; x_wconf 91' lang='lat' dir='ltr'>die</span> <span class='ocrx_word' id='word_1_485' title='bbox 3210 1191 3552 1261; x_wconf 81' lang='lat' dir='ltr'>perveniunt</span> <span class='ocrx_word' id='word_1_486' title='bbox 3601 1191 3686 1244; x_wconf 92' lang='lat' dir='ltr'>di-</span> 
     </span>
    </p>
   </div>
   <div class='ocr_carea' id='block_1_73' title="bbox 1993 1278 3688 1350">
    <p class='ocr_par' dir='ltr' id='par_1_73' title="bbox 1993 1278 3688 1350">
     <span class='ocr_line' id='line_1_73' title="bbox 1993 1278 3688 1350; baseline 0.002 -20"><span class='ocrx_word' id='word_1_487' title='bbox 1993 1282 2154 1332; x_wconf 85' lang='lat' dir='ltr'>cente</span> <span class='ocrx_word' id='word_1_488' title='bbox 2213 1278 2538 1347; x_wconf 86' lang='lat' dir='ltr'>Scriptura:</span> <span class='ocrx_word' id='word_1_489' title='bbox 2591 1281 2767 1333; x_wconf 81' lang='lat' dir='ltr'>Mense</span> <span class='ocrx_word' id='word_1_490' title='bbox 2843 1283 2996 1333; x_wconf 88' lang='lat' dir='ltr'>tertio</span> <span class='ocrx_word' id='word_1_491' title='bbox 3070 1284 3389 1347; x_wconf 82' lang='lat' dir='ltr'>egressionis</span> <span class='ocrx_word' id='word_1_492' title='bbox 3449 1280 3688 1350; x_wconf 82' lang='lat' dir='ltr'>ﬁliorum</span> 
     </span>
    </p>
   </div>
   <div class='ocr_carea' id='block_1_74' title="bbox 1995 1366 3686 1434">
    <p class='ocr_par' dir='ltr' id='par_1_74' title="bbox 1995 1366 3686 1434">
     <span class='ocr_line' id='line_1_74' title="bbox 1995 1366 3686 1434; baseline 0.001 -15"><span class='ocrx_word' id='word_1_493' title='bbox 1995 1368 2170 1420; x_wconf 88' lang='lat' dir='ltr'>Israel</span> <span class='ocrx_word' id='word_1_494' title='bbox 2224 1366 2288 1419; x_wconf 87' lang='lat' dir='ltr'>de</span> <span class='ocrx_word' id='word_1_495' title='bbox 2335 1369 2584 1434; x_wconf 59' lang='lat' dir='ltr'>JEgv/pto,</span> <span class='ocrx_word' id='word_1_496' title='bbox 2638 1370 2696 1420; x_wconf 87' lang='lat' dir='ltr'>in</span> <span class='ocrx_word' id='word_1_497' title='bbox 2744 1367 2844 1421; x_wconf 87' lang='lat' dir='ltr'>hac</span> <span class='ocrx_word' id='word_1_498' title='bbox 2883 1368 2969 1420; x_wconf 84' lang='lat' dir='ltr'>die</span> <span class='ocrx_word' id='word_1_499' title='bbox 3018 1371 3349 1422; x_wconf 79' lang='lat' dir='ltr'>transierunt</span> <span class='ocrx_word' id='word_1_500' title='bbox 3395 1371 3452 1422; x_wconf 89' lang='lat' dir='ltr'>in</span> <span class='ocrx_word' id='word_1_501' title='bbox 3499 1370 3686 1422; x_wconf 76' lang='lat' dir='ltr'>solitu-</span> 
     </span>
    </p>
   </div>
   <div class='ocr_carea' id='block_1_75' title="bbox 1992 1456 3684 1528">
    <p class='ocr_par' dir='ltr' id='par_1_75' title="bbox 1992 1456 3684 1528">
     <span class='ocr_line' id='line_1_75' title="bbox 1992 1456 3684 1528; baseline 0.001 -19"><span class='ocrx_word' id='word_1_502' title='bbox 1992 1456 2170 1509; x_wconf 83' lang='lat' dir='ltr'>dinem</span> <span class='ocrx_word' id='word_1_503' title='bbox 2224 1457 2382 1510; x_wconf 85' lang='lat' dir='ltr'>Sinai</span> <span class='ocrx_word' id='word_1_504' title='bbox 2437 1456 2633 1525; x_wconf 64' lang='lat' dir='ltr'>(Exod.</span> <span class='ocrx_word' id='word_1_505' title='bbox 2694 1457 2828 1523; x_wconf 80' lang='lat' dir='ltr'>xix),</span> <span class='ocrx_word' id='word_1_506' title='bbox 2894 1461 3024 1526; x_wconf 87' lang='lat' dir='ltr'>post</span> <span class='ocrx_word' id='word_1_507' title='bbox 3081 1457 3413 1528; x_wconf 88' lang='lat' dir='ltr'>pervenitur</span> <span class='ocrx_word' id='word_1_508' title='bbox 3469 1457 3528 1511; x_wconf 93' lang='lat' dir='ltr'>in</span> <span class='ocrx_word' id='word_1_509' title='bbox 3583 1458 3684 1511; x_wconf 88' lang='lat' dir='ltr'>de-</span> 
     </span>
    </p>
   </div>
   <div class='ocr_carea' id='block_1_76' title="bbox 1991 1544 2388 1599">
    <p class='ocr_par' dir='ltr' id='par_1_76' title="bbox 1991 1544 2388 1599">
     <span class='ocr_line' id='line_1_76' title="bbox 1991 1544 2388 1599; baseline 0.005 -2"><span class='ocrx_word' id='word_1_510' title='bbox 1991 1549 2204 1598; x_wconf 90' lang='lat' dir='ltr'>sertum</span> <span class='ocrx_word' id='word_1_511' title='bbox 2236 1544 2388 1599; x_wconf 91' lang='lat' dir='ltr'>Sina.</span> 
     </span>
    </p>
   </div>
   <div class='ocr_carea' id='block_1_77' title="bbox 2060 1632 3685 1704">
    <p class='ocr_par' dir='ltr' id='par_1_77' title="bbox 2060 1632 3685 1704">
     <span class='ocr_line' id='line_1_77' title="bbox 2060 1632 3685 1704; baseline 0.001 -17"><span class='ocrx_word' id='word_1_512' title='bbox 2060 1633 2194 1688; x_wconf 88' lang='lat' dir='ltr'>Sina</span> <span class='ocrx_word' id='word_1_513' title='bbox 2225 1633 2458 1703; x_wconf 90' lang='lat' dir='ltr'>quidem</span> <span class='ocrx_word' id='word_1_514' title='bbox 2507 1633 2666 1686; x_wconf 90' lang='lat' dir='ltr'>locus</span> <span class='ocrx_word' id='word_1_515' title='bbox 2695 1632 2903 1687; x_wconf 86' lang='lat' dir='ltr'>deserti</span> <span class='ocrx_word' id='word_1_516' title='bbox 2935 1637 3037 1700; x_wconf 90' lang='lat' dir='ltr'>est,</span> <span class='ocrx_word' id='word_1_517' title='bbox 3091 1649 3219 1704; x_wconf 63' lang='lat' dir='ltr'>quae</span> <span class='ocrx_word' id='word_1_518' title='bbox 3250 1650 3420 1704; x_wconf 88' lang='lat' dir='ltr'>supra</span> <span class='ocrx_word' id='word_1_519' title='bbox 3450 1634 3548 1689; x_wconf 91' lang='lat' dir='ltr'>Sin</span> <span class='ocrx_word' id='word_1_520' title='bbox 3580 1651 3685 1688; x_wconf 87' lang='lat' dir='ltr'>no-</span> 
     </span>
    </p>
   </div>
   <div class='ocr_carea' id='block_1_78' title="bbox 1989 1721 3684 1793">
    <p class='ocr_par' dir='ltr' id='par_1_78' title="bbox 1989 1721 3684 1793">
     <span class='ocr_line' id='line_1_78' title="bbox 1989 1721 3684 1793; baseline 0.001 -17"><span class='ocrx_word' id='word_1_521' title='bbox 1989 1721 2262 1777; x_wconf 90' lang='lat' dir='ltr'>minavit:</span> <span class='ocrx_word' id='word_1_522' title='bbox 2311 1722 2411 1776; x_wconf 89' lang='lat' dir='ltr'>sed</span> <span class='ocrx_word' id='word_1_523' title='bbox 2458 1722 2550 1776; x_wconf 92' lang='lat' dir='ltr'>hic</span> <span class='ocrx_word' id='word_1_524' title='bbox 2589 1721 2772 1791; x_wconf 85' lang='lat' dir='ltr'>magis</span> <span class='ocrx_word' id='word_1_525' title='bbox 2821 1723 2978 1776; x_wconf 90' lang='lat' dir='ltr'>locus</span> <span class='ocrx_word' id='word_1_526' title='bbox 3027 1723 3259 1790; x_wconf 89' lang='lat' dir='ltr'>montis,</span> <span class='ocrx_word' id='word_1_527' title='bbox 3311 1722 3410 1793; x_wconf 90' lang='lat' dir='ltr'>qui</span> <span class='ocrx_word' id='word_1_528' title='bbox 3456 1724 3515 1776; x_wconf 93' lang='lat' dir='ltr'>in</span> <span class='ocrx_word' id='word_1_529' title='bbox 3561 1723 3684 1792; x_wconf 91' lang='lat' dir='ltr'>ipso</span> 
     </span>
    </p>
   </div>
   <div class='ocr_carea' id='block_1_79' title="bbox 1989 1811 3684 1882">
    <p class='ocr_par' dir='ltr' id='par_1_79' title="bbox 1989 1811 3684 1882">
     <span class='ocr_line' id='line_1_79' title="bbox 1989 1811 3684 1882; baseline 0 -16"><span class='ocrx_word' id='word_1_530' title='bbox 1989 1812 2212 1866; x_wconf 89' lang='lat' dir='ltr'>deserto</span> <span class='ocrx_word' id='word_1_531' title='bbox 2288 1815 2393 1880; x_wconf 93' lang='lat' dir='ltr'>est,</span> <span class='ocrx_word' id='word_1_532' title='bbox 2457 1811 2797 1880; x_wconf 87' lang='lat' dir='ltr'>appellatur,</span> <span class='ocrx_word' id='word_1_533' title='bbox 2853 1811 2952 1882; x_wconf 91' lang='lat' dir='ltr'>qui</span> <span class='ocrx_word' id='word_1_534' title='bbox 3010 1827 3076 1865; x_wconf 88' lang='lat' dir='ltr'>ex</span> <span class='ocrx_word' id='word_1_535' title='bbox 3132 1811 3401 1866; x_wconf 90' lang='lat' dir='ltr'>vocabulo</span> <span class='ocrx_word' id='word_1_536' title='bbox 3477 1811 3684 1866; x_wconf 90' lang='lat' dir='ltr'>deserti</span> 
     </span>
    </p>
   </div>
   <div class='ocr_carea' id='block_1_80' title="bbox 1987 1898 3686 1970">
    <p class='ocr_par' dir='ltr' id='par_1_80' title="bbox 1987 1898 3686 1970">
     <span class='ocr_line' id='line_1_80' title="bbox 1987 1898 3686 1970; baseline -0.001 -16"><span class='ocrx_word' id='word_1_537' title='bbox 1987 1899 2122 1955; x_wconf 89' lang='lat' dir='ltr'>Sina</span> <span class='ocrx_word' id='word_1_538' title='bbox 2156 1898 2386 1953; x_wconf 89' lang='lat' dir='ltr'>dicitur.</span> <span class='ocrx_word' id='word_1_539' title='bbox 2451 1900 2758 1968; x_wconf 86' lang='lat' dir='ltr'>Postquam</span> <span class='ocrx_word' id='word_1_540' title='bbox 2807 1914 2942 1970; x_wconf 88' lang='lat' dir='ltr'>ergo</span> <span class='ocrx_word' id='word_1_541' title='bbox 2974 1900 3273 1953; x_wconf 88' lang='lat' dir='ltr'>laudabilis</span> <span class='ocrx_word' id='word_1_542' title='bbox 3295 1898 3499 1969; x_wconf 90' lang='lat' dir='ltr'>judicii</span> <span class='ocrx_word' id='word_1_543' title='bbox 3541 1900 3686 1953; x_wconf 89' lang='lat' dir='ltr'>facta</span> 
     </span>
    </p>
   </div>
   <div class='ocr_carea' id='block_1_81' title="bbox 1989 1986 3684 2058">
    <p class='ocr_par' dir='ltr' id='par_1_81' title="bbox 1989 1986 3684 2058">
     <span class='ocr_line' id='line_1_81' title="bbox 1989 1986 3684 2058; baseline -0.001 -16"><span class='ocrx_word' id='word_1_544' title='bbox 1989 1992 2073 2042; x_wconf 88' lang='lat' dir='ltr'>est</span> <span class='ocrx_word' id='word_1_545' title='bbox 2100 1989 2312 2052; x_wconf 88' lang='lat' dir='ltr'>anima,</span> <span class='ocrx_word' id='word_1_546' title='bbox 2342 1990 2396 2040; x_wconf 90' lang='lat' dir='ltr'>et</span> <span class='ocrx_word' id='word_1_547' title='bbox 2443 1991 2656 2040; x_wconf 87' lang='lat' dir='ltr'>rectum</span> <span class='ocrx_word' id='word_1_548' title='bbox 2688 1988 2857 2057; x_wconf 74' lang='lat' dir='ltr'>cmpit</span> <span class='ocrx_word' id='word_1_549' title='bbox 2902 1987 3112 2041; x_wconf 89' lang='lat' dir='ltr'>habere</span> <span class='ocrx_word' id='word_1_550' title='bbox 3158 1986 3460 2058; x_wconf 86' lang='lat' dir='ltr'>judicium,</span> <span class='ocrx_word' id='word_1_551' title='bbox 3517 1987 3684 2041; x_wconf 88' lang='lat' dir='ltr'>datur</span> 
     </span>
    </p>
   </div>
   <div class='ocr_carea' id='block_1_82' title="bbox 1989 2076 3680 2145">
    <p class='ocr_par' dir='ltr' id='par_1_82' title="bbox 1989 2076 3680 2145">
     <span class='ocr_line' id='line_1_82' title="bbox 1989 2076 3680 2145; baseline -0.001 -15"><span class='ocrx_word' id='word_1_552' title='bbox 1989 2076 2041 2130; x_wconf 92' lang='lat' dir='ltr'>ei</span> <span class='ocrx_word' id='word_1_553' title='bbox 2071 2077 2162 2130; x_wconf 91' lang='lat' dir='ltr'>lex</span> <span class='ocrx_word' id='word_1_554' title='bbox 2191 2093 2223 2129; x_wconf 91' lang='lat' dir='ltr'>a</span> <span class='ocrx_word' id='word_1_555' title='bbox 2253 2077 2387 2141; x_wconf 92' lang='lat' dir='ltr'>Deo,</span> <span class='ocrx_word' id='word_1_556' title='bbox 2439 2076 2574 2145; x_wconf 87' lang='lat' dir='ltr'>quia</span> <span class='ocrx_word' id='word_1_557' title='bbox 2620 2092 2795 2145; x_wconf 85' lang='lat' dir='ltr'>capax</span> <span class='ocrx_word' id='word_1_558' title='bbox 2841 2082 2928 2130; x_wconf 90' lang='lat' dir='ltr'>est</span> <span class='ocrx_word' id='word_1_559' title='bbox 2955 2076 3280 2130; x_wconf 88' lang='lat' dir='ltr'>divinorum</span> <span class='ocrx_word' id='word_1_560' title='bbox 3314 2078 3680 2141; x_wconf 87' lang='lat' dir='ltr'>secretorum,</span> 
     </span>
    </p>
   </div>
   <div class='ocr_carea' id='block_1_83' title="bbox 1989 2164 2727 2221">
    <p class='ocr_par' dir='ltr' id='par_1_83' title="bbox 1989 2164 2727 2221">
     <span class='ocr_line' id='line_1_83' title="bbox 1989 2164 2727 2221; baseline -0.003 0"><span class='ocrx_word' id='word_1_561' title='bbox 1989 2171 2045 2221; x_wconf 92' lang='lat' dir='ltr'>et</span> <span class='ocrx_word' id='word_1_562' title='bbox 2073 2165 2389 2220; x_wconf 85' lang='lat' dir='ltr'>caelestium</span> <span class='ocrx_word' id='word_1_563' title='bbox 2423 2164 2727 2219; x_wconf 89' lang='lat' dir='ltr'>visionum.</span> 
     </span>
    </p>
   </div>
   <div class='ocr_carea' id='block_1_84' title="bbox 2058 2253 3681 2322">
    <p class='ocr_par' dir='ltr' id='par_1_84' title="bbox 2058 2253 3681 2322">
     <span class='ocr_line' id='line_1_84' title="bbox 2058 2253 3681 2322; baseline -0.002 -15"><span class='ocrx_word' id='word_1_564' title='bbox 2058 2256 2219 2308; x_wconf 75' lang='lat' dir='ltr'>Vsas.</span> <span class='ocrx_word' id='word_1_565' title='bbox 2280 2257 2364 2309; x_wconf 88' lang='grc'><strong>16.</strong></span> <span class='ocrx_word' id='word_1_566' title='bbox 2416 2283 2488 2293; x_wconf 94' lang='grc'><strong><em>-</em></strong></span> <span class='ocrx_word' id='word_1_567' title='bbox 2559 2253 2651 2307; x_wconf 82' lang='lat' dir='ltr'>Ad</span> <span class='ocrx_word' id='word_1_568' title='bbox 2734 2255 2982 2322; x_wconf 86' lang='lat' dir='ltr'>sepulcra</span> <span class='ocrx_word' id='word_1_569' title='bbox 3036 2254 3497 2320; x_wconf 59' lang='lat' dir='ltr'>concupiscentia,</span> <span class='ocrx_word' id='word_1_570' title='bbox 3577 2255 3681 2304; x_wconf 90' lang='lat' dir='ltr'>etc.</span> 
     </span>
    </p>
   </div>
   <div class='ocr_carea' id='block_1_85' title="bbox 1989 2342 3685 2414">
    <p class='ocr_par' dir='ltr' id='par_1_85' title="bbox 1989 2342 3685 2414">
     <span class='ocr_line' id='line_1_85' title="bbox 1989 2342 3685 2414; baseline -0.004 -16"><span class='ocrx_word' id='word_1_571' title='bbox 1989 2342 2275 2414; x_wconf 68' lang='lat'>(8115110111.)</span> <span class='ocrx_word' id='word_1_572' title='bbox 2345 2343 2531 2398; x_wconf 88' lang='lat' dir='ltr'>Tertia</span> <span class='ocrx_word' id='word_1_573' title='bbox 2577 2342 2798 2396; x_wconf 91' lang='lat' dir='ltr'>decima</span> <span class='ocrx_word' id='word_1_574' title='bbox 2857 2342 3077 2395; x_wconf 88' lang='lat' dir='ltr'>mansio</span> <span class='ocrx_word' id='word_1_575' title='bbox 3164 2342 3421 2411; x_wconf 89' lang='lat' dir='ltr'>sepulcra</span> <span class='ocrx_word' id='word_1_576' title='bbox 3475 2355 3685 2393; x_wconf 92' lang='lat' dir='ltr'>concu-</span> 
     </span>
    </p>
   </div>
   <div class='ocr_carea' id='block_1_86' title="bbox 1989 2429 3685 2502">
    <p class='ocr_par' dir='ltr' id='par_1_86' title="bbox 1989 2429 3685 2502">
     <span class='ocr_line' id='line_1_86' title="bbox 1989 2429 3685 2502; baseline -0.002 -16"><span class='ocrx_word' id='word_1_577' title='bbox 1989 2432 2299 2502; x_wconf 74' lang='lat' dir='ltr'>piscentiae.</span> <span class='ocrx_word' id='word_1_578' title='bbox 2340 2433 2431 2487; x_wconf 86' lang='lat' dir='ltr'>Est</span> <span class='ocrx_word' id='word_1_579' title='bbox 2461 2436 2651 2485; x_wconf 88' lang='lat' dir='ltr'>autem</span> <span class='ocrx_word' id='word_1_580' title='bbox 2696 2447 2894 2485; x_wconf 76' lang='lat' dir='ltr'>sensus</span> <span class='ocrx_word' id='word_1_581' title='bbox 2926 2431 3019 2485; x_wconf 89' lang='lat' dir='ltr'>ille</span> <span class='ocrx_word' id='word_1_582' title='bbox 3050 2432 3120 2485; x_wconf 92' lang='lat' dir='ltr'>de</span> <span class='ocrx_word' id='word_1_583' title='bbox 3172 2430 3495 2497; x_wconf 80' lang='lat' dir='ltr'>Evangelio,</span> <span class='ocrx_word' id='word_1_584' title='bbox 3531 2429 3685 2498; x_wconf 89' lang='lat' dir='ltr'>quod</span> 
     </span>
    </p>
   </div>
   <div class='ocr_carea' id='block_1_87' title="bbox 1992 2518 3687 2590">
    <p class='ocr_par' dir='ltr' id='par_1_87' title="bbox 1992 2518 3687 2590">
     <span class='ocr_line' id='line_1_87' title="bbox 1992 2518 3687 2590; baseline -0.004 -13"><span class='ocrx_word' id='word_1_585' title='bbox 1992 2521 2269 2577; x_wconf 90' lang='lat' dir='ltr'>Dominus</span> <span class='ocrx_word' id='word_1_586' title='bbox 2315 2522 2476 2575; x_wconf 85' lang='lat' dir='ltr'>Jesus</span> <span class='ocrx_word' id='word_1_587' title='bbox 2516 2520 2858 2590; x_wconf 88' lang='lat' dir='ltr'>baptizatus,</span> <span class='ocrx_word' id='word_1_588' title='bbox 2890 2519 3082 2574; x_wconf 90' lang='lat' dir='ltr'>statim</span> <span class='ocrx_word' id='word_1_589' title='bbox 3109 2537 3140 2573; x_wconf 92' lang='lat' dir='ltr'>a</span> <span class='ocrx_word' id='word_1_590' title='bbox 3170 2520 3385 2590; x_wconf 86' lang='lat' dir='ltr'>Spiritu</span> <span class='ocrx_word' id='word_1_591' title='bbox 3414 2518 3687 2572; x_wconf 88' lang='lat' dir='ltr'>deductus</span> 
     </span>
    </p>
   </div>
   <div class='ocr_carea' id='block_1_88' title="bbox 1993 2605 3685 2676">
    <p class='ocr_par' dir='ltr' id='par_1_88' title="bbox 1993 2605 3685 2676">
     <span class='ocr_line' id='line_1_88' title="bbox 1993 2605 3685 2676; baseline -0.003 -13"><span class='ocrx_word' id='word_1_592' title='bbox 1993 2614 2077 2664; x_wconf 90' lang='lat' dir='ltr'>est</span> <span class='ocrx_word' id='word_1_593' title='bbox 2104 2610 2164 2664; x_wconf 89' lang='lat' dir='ltr'>in</span> <span class='ocrx_word' id='word_1_594' title='bbox 2194 2609 2504 2674; x_wconf 88' lang='lat' dir='ltr'>desertum,</span> <span class='ocrx_word' id='word_1_595' title='bbox 2537 2613 2592 2663; x_wconf 88' lang='lat' dir='ltr'>et</span> <span class='ocrx_word' id='word_1_596' title='bbox 2642 2608 2966 2662; x_wconf 87' lang='lat' dir='ltr'>tentabatur</span> <span class='ocrx_word' id='word_1_597' title='bbox 2995 2625 3028 2662; x_wconf 88' lang='lat' dir='ltr'>a</span> <span class='ocrx_word' id='word_1_598' title='bbox 3058 2608 3285 2662; x_wconf 91' lang='lat' dir='ltr'>diabolo</span> <span class='ocrx_word' id='word_1_599' title='bbox 3335 2607 3546 2676; x_wconf 68' lang='lat' dir='ltr'>(Matth.</span> <span class='ocrx_word' id='word_1_600' title='bbox 3592 2605 3685 2674; x_wconf 88' lang='lat' dir='ltr'>1v).</span> 
     </span>
    </p>
   </div>
   <div class='ocr_carea' id='block_1_89' title="bbox 1994 2696 3685 2767">
    <p class='ocr_par' dir='ltr' id='par_1_89' title="bbox 1994 2696 3685 2767">
     <span class='ocr_line' id='line_1_89' title="bbox 1994 2696 3685 2767; baseline -0.003 -16"><span class='ocrx_word' id='word_1_601' title='bbox 1994 2700 2191 2767; x_wconf 88' lang='lat' dir='ltr'>Itaque</span> <span class='ocrx_word' id='word_1_602' title='bbox 2232 2697 2404 2750; x_wconf 90' lang='lat' dir='ltr'>Israel</span> <span class='ocrx_word' id='word_1_603' title='bbox 2447 2701 2576 2766; x_wconf 89' lang='lat' dir='ltr'>post</span> <span class='ocrx_word' id='word_1_604' title='bbox 2618 2696 2962 2750; x_wconf 86' lang='lat' dir='ltr'>familiarem</span> <span class='ocrx_word' id='word_1_605' title='bbox 3012 2713 3140 2750; x_wconf 92' lang='lat' dir='ltr'>cum</span> <span class='ocrx_word' id='word_1_606' title='bbox 3188 2698 3299 2749; x_wconf 90' lang='lat' dir='ltr'>Deo</span> <span class='ocrx_word' id='word_1_607' title='bbox 3339 2709 3685 2755; x_wconf 87' lang='lat' dir='ltr'>sermonem,</span> 
     </span>
    </p>
   </div>
   <div class='ocr_carea' id='block_1_90' title="bbox 1993 2785 3686 2855">
    <p class='ocr_par' dir='ltr' id='par_1_90' title="bbox 1993 2785 3686 2855">
     <span class='ocr_line' id='line_1_90' title="bbox 1993 2785 3686 2855; baseline -0.002 -17"><span class='ocrx_word' id='word_1_608' title='bbox 1993 2790 2296 2855; x_wconf 90' lang='lat' dir='ltr'>postquam</span> <span class='ocrx_word' id='word_1_609' title='bbox 2321 2785 2481 2853; x_wconf 83' lang='lat' dir='ltr'>juxta</span> <span class='ocrx_word' id='word_1_610' title='bbox 2515 2791 2772 2838; x_wconf 88' lang='lat' dir='ltr'>montem</span> <span class='ocrx_word' id='word_1_611' title='bbox 2803 2785 2956 2838; x_wconf 89' lang='lat' dir='ltr'>Sinai</span> <span class='ocrx_word' id='word_1_612' title='bbox 2987 2790 3370 2837; x_wconf 83' lang='lat' dir='ltr'>commoratus</span> <span class='ocrx_word' id='word_1_613' title='bbox 3401 2791 3500 2847; x_wconf 86' lang='lat' dir='ltr'>est,</span> <span class='ocrx_word' id='word_1_614' title='bbox 3536 2797 3686 2834; x_wconf 88' lang='lat' dir='ltr'>anno</span> 
     </span>
    </p>
   </div>
   <div class='ocr_carea' id='block_1_91' title="bbox 1994 2872 3687 2944">
    <p class='ocr_par' dir='ltr' id='par_1_91' title="bbox 1994 2872 3687 2944">
     <span class='ocr_line' id='line_1_91' title="bbox 1994 2872 3687 2944; baseline -0.003 -17"><span class='ocrx_word' id='word_1_615' title='bbox 1994 2891 2109 2928; x_wconf 90' lang='lat' dir='ltr'>uno</span> <span class='ocrx_word' id='word_1_616' title='bbox 2137 2878 2193 2928; x_wconf 90' lang='lat' dir='ltr'>et</span> <span class='ocrx_word' id='word_1_617' title='bbox 2222 2873 2424 2928; x_wconf 91' lang='lat' dir='ltr'>diebus</span> <span class='ocrx_word' id='word_1_618' title='bbox 2476 2879 2744 2944; x_wconf 89' lang='lat' dir='ltr'>quatuor,</span> <span class='ocrx_word' id='word_1_619' title='bbox 2787 2873 2930 2926; x_wconf 91' lang='lat' dir='ltr'>mira</span> <span class='ocrx_word' id='word_1_620' title='bbox 2961 2872 3330 2942; x_wconf 84' lang='lat' dir='ltr'>dispositione</span> <span class='ocrx_word' id='word_1_621' title='bbox 3374 2875 3687 2925; x_wconf 90' lang='lat' dir='ltr'>castrorum</span> 
     </span>
    </p>
   </div>
   <div class='ocr_carea' id='block_1_92' title="bbox 1988 2961 3688 3034">
    <p class='ocr_par' dir='ltr' id='par_1_92' title="bbox 1988 2961 3688 3034">
     <span class='ocr_line' id='line_1_92' title="bbox 1988 2961 3688 3034; baseline -0.004 -16"><span class='ocrx_word' id='word_1_622' title='bbox 1988 2979 2250 3034; x_wconf 86' lang='lat' dir='ltr'>egressus</span> <span class='ocrx_word' id='word_1_623' title='bbox 2284 2968 2370 3017; x_wconf 90' lang='lat' dir='ltr'>est</span> <span class='ocrx_word' id='word_1_624' title='bbox 2406 2963 2468 3016; x_wconf 90' lang='lat' dir='ltr'>in</span> <span class='ocrx_word' id='word_1_625' title='bbox 2514 2963 2883 3017; x_wconf 89' lang='lat' dir='ltr'>solitudinem</span> <span class='ocrx_word' id='word_1_626' title='bbox 2929 2963 3173 3028; x_wconf 87' lang='lat' dir='ltr'>Pharan,</span> <span class='ocrx_word' id='word_1_627' title='bbox 3224 2978 3352 3032; x_wconf 69' lang='lat' dir='ltr'>quas</span> <span class='ocrx_word' id='word_1_628' title='bbox 3401 2961 3688 3029; x_wconf 88' lang='lat' dir='ltr'>interpre-</span> 
     </span>
    </p>
   </div>
   <div class='ocr_carea' id='block_1_93' title="bbox 1995 3049 3690 3122">
    <p class='ocr_par' dir='ltr' id='par_1_93' title="bbox 1995 3049 3690 3122">
     <span class='ocr_line' id='line_1_93' title="bbox 1995 3049 3690 3122; baseline -0.003 -15"><span class='ocrx_word' id='word_1_629' title='bbox 1995 3058 2146 3108; x_wconf 90' lang='lat' dir='ltr'>tatur</span> <span class='ocrx_word' id='word_1_630' title='bbox 2201 3067 2436 3122; x_wconf 88' lang='lat' dir='ltr'>onager,</span> <span class='ocrx_word' id='word_1_631' title='bbox 2487 3051 2572 3104; x_wconf 88' lang='lat' dir='ltr'>vel</span> <span class='ocrx_word' id='word_1_632' title='bbox 2629 3051 2858 3117; x_wconf 81' lang='lat' dir='ltr'>feritas;</span> <span class='ocrx_word' id='word_1_633' title='bbox 2916 3050 3109 3120; x_wconf 90' lang='lat' dir='ltr'>ibique</span> <span class='ocrx_word' id='word_1_634' title='bbox 3160 3049 3478 3104; x_wconf 89' lang='lat' dir='ltr'>succumbit</span> <span class='ocrx_word' id='word_1_635' title='bbox 3523 3049 3690 3102; x_wconf 70' lang='lat' dir='ltr'>mala:</span> 
     </span>
    </p>
   </div>
   <div class='ocr_carea' id='block_1_94' title="bbox 1993 3138 3089 3209">
    <p class='ocr_par' dir='ltr' id='par_1_94' title="bbox 1993 3138 3089 3209">
     <span class='ocr_line' id='line_1_94' title="bbox 1993 3138 3089 3209; baseline -0.003 -14"><span class='ocrx_word' id='word_1_636' title='bbox 1993 3141 2190 3195; x_wconf 65' lang='lat' dir='ltr'>bestias</span> <span class='ocrx_word' id='word_1_637' title='bbox 2221 3139 2513 3194; x_wconf 89' lang='lat' dir='ltr'>fastidiens</span> <span class='ocrx_word' id='word_1_638' title='bbox 2546 3138 2830 3192; x_wconf 70' lang='lat' dir='ltr'>cmlestem</span> <span class='ocrx_word' id='word_1_639' title='bbox 2861 3153 3089 3209; x_wconf 87' lang='lat' dir='ltr'>panem.</span> 
     </span>
    </p>
   </div>
   <div class='ocr_carea' id='block_1_95' title="bbox 2065 3226 3689 3301">
    <p class='ocr_par' dir='ltr' id='par_1_95' title="bbox 2065 3226 3689 3301">
     <span class='ocr_line' id='line_1_95' title="bbox 2065 3226 3689 3301; baseline -0.002 -18"><span class='ocrx_word' id='word_1_640' title='bbox 2065 3229 2269 3301; x_wconf 89' lang='lat'>(01116.)</span> <span class='ocrx_word' id='word_1_641' title='bbox 2320 3226 2563 3282; x_wconf 82' lang='lat' dir='ltr'>Profecti</span> <span class='ocrx_word' id='word_1_642' title='bbox 2595 3227 2662 3280; x_wconf 90' lang='lat' dir='ltr'>de</span> <span class='ocrx_word' id='word_1_643' title='bbox 2696 3227 2847 3291; x_wconf 90' lang='lat' dir='ltr'>Sina,</span> <span class='ocrx_word' id='word_1_644' title='bbox 2898 3227 3134 3280; x_wconf 89' lang='lat' dir='ltr'>veniunt</span> <span class='ocrx_word' id='word_1_645' title='bbox 3169 3227 3235 3280; x_wconf 91' lang='lat' dir='ltr'>ad</span> <span class='ocrx_word' id='word_1_646' title='bbox 3268 3227 3524 3296; x_wconf 90' lang='lat' dir='ltr'>sepulcra</span> <span class='ocrx_word' id='word_1_647' title='bbox 3557 3243 3689 3280; x_wconf 90' lang='lat' dir='ltr'>con-</span> 
     </span>
    </p>
   </div>
   <div class='ocr_carea' id='block_1_96' title="bbox 1995 3313 3692 3388">
    <p class='ocr_par' dir='ltr' id='par_1_96' title="bbox 1995 3313 3692 3388">
     <span class='ocr_line' id='line_1_96' title="bbox 1995 3313 3692 3388; baseline -0.003 -17"><span class='ocrx_word' id='word_1_648' title='bbox 1995 3315 2380 3388; x_wconf 68' lang='lat' dir='ltr'>cupiscentias,</span> <span class='ocrx_word' id='word_1_649' title='bbox 2452 3314 2551 3368; x_wconf 91' lang='lat' dir='ltr'>ubi</span> <span class='ocrx_word' id='word_1_650' title='bbox 2605 3313 2818 3367; x_wconf 87' lang='lat' dir='ltr'>scilicet</span> <span class='ocrx_word' id='word_1_651' title='bbox 2886 3314 3126 3382; x_wconf 59' lang='lat' dir='ltr'>sepultae</span> <span class='ocrx_word' id='word_1_652' title='bbox 3176 3317 3306 3366; x_wconf 91' lang='lat' dir='ltr'>sunt</span> <span class='ocrx_word' id='word_1_653' title='bbox 3361 3318 3417 3366; x_wconf 90' lang='lat' dir='ltr'>et</span> <span class='ocrx_word' id='word_1_654' title='bbox 3472 3313 3692 3367; x_wconf 66' lang='lat' dir='ltr'>obruta:</span> 
     </span>
    </p>
   </div>
   <div class='ocr_carea' id='block_1_97' title="bbox 1995 3400 3693 3476">
    <p class='ocr_par' dir='ltr' id='par_1_97' title="bbox 1995 3400 3693 3476">
     <span class='ocr_line' id='line_1_97' title="bbox 1995 3400 3693 3476; baseline -0.004 -16"><span class='ocrx_word' id='word_1_655' title='bbox 1995 3403 2487 3476; x_wconf 64' lang='lat' dir='ltr'>concupiscentias,</span> <span class='ocrx_word' id='word_1_656' title='bbox 2547 3406 2604 3456; x_wconf 90' lang='lat' dir='ltr'>et</span> <span class='ocrx_word' id='word_1_657' title='bbox 2668 3401 2944 3455; x_wconf 89' lang='lat' dir='ltr'>exstincta</span> <span class='ocrx_word' id='word_1_658' title='bbox 3020 3401 3206 3454; x_wconf 89' lang='lat' dir='ltr'>omnis</span> <span class='ocrx_word' id='word_1_659' title='bbox 3264 3400 3572 3470; x_wconf 72' lang='lat' dir='ltr'>cupiditas.</span> <span class='ocrx_word' id='word_1_660' title='bbox 3622 3416 3693 3454; x_wconf 88' lang='lat' dir='ltr'>ne</span> 
     </span>
    </p>
   </div>
   <div class='ocr_carea' id='block_1_98' title="bbox 1995 3489 3688 3560">
    <p class='ocr_par' dir='ltr' id='par_1_98' title="bbox 1995 3489 3688 3560">
     <span class='ocr_line' id='line_1_98' title="bbox 1995 3489 3688 3560; baseline -0.002 -13"><span class='ocrx_word' id='word_1_661' title='bbox 1995 3495 2144 3548; x_wconf 90' lang='lat' dir='ltr'>ultra</span> <span class='ocrx_word' id='word_1_662' title='bbox 2203 3491 2567 3560; x_wconf 89' lang='lat' dir='ltr'>concupiscat</span> <span class='ocrx_word' id='word_1_663' title='bbox 2613 3506 2742 3543; x_wconf 88' lang='lat' dir='ltr'>caro</span> <span class='ocrx_word' id='word_1_664' title='bbox 2795 3491 3064 3543; x_wconf 90' lang='lat' dir='ltr'>adversus</span> <span class='ocrx_word' id='word_1_665' title='bbox 3112 3489 3398 3560; x_wconf 89' lang='lat' dir='ltr'>spiritum,</span> <span class='ocrx_word' id='word_1_666' title='bbox 3452 3489 3688 3543; x_wconf 82' lang='lat' dir='ltr'>mortifi-</span> 
     </span>
    </p>
   </div>
   <div class='ocr_carea' id='block_1_99' title="bbox 1996 3577 2838 3635">
    <p class='ocr_par' dir='ltr' id='par_1_99' title="bbox 1996 3577 2838 3635">
     <span class='ocr_line' id='line_1_99' title="bbox 1996 3577 2838 3635; baseline -0.006 0"><span class='ocrx_word' id='word_1_667' title='bbox 1996 3585 2118 3635; x_wconf 89' lang='lat' dir='ltr'>cata</span> <span class='ocrx_word' id='word_1_668' title='bbox 2148 3578 2360 3632; x_wconf 88' lang='lat' dir='ltr'>scilicet</span> <span class='ocrx_word' id='word_1_669' title='bbox 2393 3583 2577 3631; x_wconf 84' lang='lat' dir='ltr'>morte</span> <span class='ocrx_word' id='word_1_670' title='bbox 2611 3577 2838 3632; x_wconf 82' lang='lat' dir='ltr'>Christi.</span> 
     </span>
    </p>
   </div>
   <div class='ocr_carea' id='block_1_100' title="bbox 2069 3661 3691 3733">
    <p class='ocr_par' dir='ltr' id='par_1_100' title="bbox 2069 3661 3691 3733">
     <span class='ocr_line' id='line_1_100' title="bbox 2069 3661 3691 3733; baseline -0.003 -13"><span class='ocrx_word' id='word_1_671' title='bbox 2069 3668 2227 3720; x_wconf 78' lang='lat' dir='ltr'>Vsas.</span> <span class='ocrx_word' id='word_1_672' title='bbox 2293 3668 2374 3720; x_wconf 88' lang='grc'>18.</span> <span class='ocrx_word' id='word_1_673' title='bbox 2431 3694 2500 3705; x_wconf 90' lang='grc'><strong>-</strong></span> <span class='ocrx_word' id='word_1_674' title='bbox 2549 3666 2613 3719; x_wconf 88' lang='lat' dir='ltr'>In</span> <span class='ocrx_word' id='word_1_675' title='bbox 2666 3665 2952 3718; x_wconf 87' lang='lat' dir='ltr'>Haseroth.</span> <span class='ocrx_word' id='word_1_676' title='bbox 3015 3662 3290 3733; x_wconf 78' lang='lat' dir='ltr'>(HIERON.)</span> <span class='ocrx_word' id='word_1_677' title='bbox 3344 3662 3555 3726; x_wconf 87' lang='lat' dir='ltr'>Quarta</span> <span class='ocrx_word' id='word_1_678' title='bbox 3595 3661 3691 3715; x_wconf 87' lang='lat' dir='ltr'>de-</span> 
     </span>
    </p>
   </div>
   <div class='ocr_carea' id='block_1_101' title="bbox 1998 3749 3690 3822">
    <p class='ocr_par' dir='ltr' id='par_1_101' title="bbox 1998 3749 3690 3822">
     <span class='ocr_line' id='line_1_101' title="bbox 1998 3749 3690 3822; baseline -0.004 -12"><span class='ocrx_word' id='word_1_679' title='bbox 1998 3756 2145 3810; x_wconf 91' lang='lat' dir='ltr'>cima</span> <span class='ocrx_word' id='word_1_680' title='bbox 2189 3753 2406 3808; x_wconf 90' lang='lat' dir='ltr'>mansio</span> <span class='ocrx_word' id='word_1_681' title='bbox 2438 3752 2496 3806; x_wconf 91' lang='lat' dir='ltr'>in</span> <span class='ocrx_word' id='word_1_682' title='bbox 2555 3753 2850 3815; x_wconf 86' lang='lat' dir='ltr'>Haseroth,</span> <span class='ocrx_word' id='word_1_683' title='bbox 2903 3768 3034 3822; x_wconf 77' lang='lat' dir='ltr'>quae</span> <span class='ocrx_word' id='word_1_684' title='bbox 3085 3752 3496 3819; x_wconf 89' lang='lat' dir='ltr'>interpretatur</span> <span class='ocrx_word' id='word_1_685' title='bbox 3529 3749 3690 3803; x_wconf 89' lang='lat' dir='ltr'>atria.</span> 
     </span>
    </p>
   </div>
   <div class='ocr_carea' id='block_1_102' title="bbox 1999 3837 3696 3908">
    <p class='ocr_par' dir='ltr' id='par_1_102' title="bbox 1999 3837 3696 3908">
     <span class='ocr_line' id='line_1_102' title="bbox 1999 3837 3696 3908; baseline -0.004 -11"><span class='ocrx_word' id='word_1_686' title='bbox 1999 3843 2081 3897; x_wconf 92' lang='lat' dir='ltr'>Ibi</span> <span class='ocrx_word' id='word_1_687' title='bbox 2134 3842 2326 3897; x_wconf 83' lang='lat' dir='ltr'>Aaron</span> <span class='ocrx_word' id='word_1_688' title='bbox 2387 3845 2445 3893; x_wconf 90' lang='lat' dir='ltr'>et</span> <span class='ocrx_word' id='word_1_689' title='bbox 2500 3839 2672 3893; x_wconf 81' lang='lat' dir='ltr'>Maria</span> <span class='ocrx_word' id='word_1_690' title='bbox 2724 3843 2960 3908; x_wconf 89' lang='lat' dir='ltr'>propter</span> <span class='ocrx_word' id='word_1_691' title='bbox 3027 3837 3426 3907; x_wconf 58' lang='lat' dir='ltr'>Althiopissam</span> <span class='ocrx_word' id='word_1_692' title='bbox 3499 3841 3696 3891; x_wconf 87' lang='lat' dir='ltr'>contra</span> 
     </span>
    </p>
   </div>
   <div class='ocr_carea' id='block_1_103' title="bbox 2001 3925 3697 4001">
    <p class='ocr_par' dir='ltr' id='par_1_103' title="bbox 2001 3925 3697 4001">
     <span class='ocr_line' id='line_1_103' title="bbox 2001 3925 3697 4001; baseline -0.005 -15"><span class='ocrx_word' id='word_1_693' title='bbox 2001 3933 2226 4001; x_wconf 85' lang='lat' dir='ltr'>Moysen</span> <span class='ocrx_word' id='word_1_694' title='bbox 2275 3932 2661 3994; x_wconf 88' lang='lat' dir='ltr'>murmurant,</span> <span class='ocrx_word' id='word_1_695' title='bbox 2699 3933 2755 3980; x_wconf 90' lang='lat' dir='ltr'>et</span> <span class='ocrx_word' id='word_1_696' title='bbox 2785 3926 2843 3980; x_wconf 92' lang='lat' dir='ltr'>in</span> <span class='ocrx_word' id='word_1_697' title='bbox 2871 3931 3073 3997; x_wconf 83' lang='lat' dir='ltr'>typum</span> <span class='ocrx_word' id='word_1_698' title='bbox 3115 3925 3527 3979; x_wconf 86' lang='lat' dir='ltr'>murmurantis</span> <span class='ocrx_word' id='word_1_699' title='bbox 3557 3941 3697 3978; x_wconf 91' lang='lat' dir='ltr'>con-</span> 
     </span>
    </p>
   </div>
   <div class='ocr_carea' id='block_1_104' title="bbox 2000 4013 3694 4084">
    <p class='ocr_par' dir='ltr' id='par_1_104' title="bbox 2000 4013 3694 4084">
     <span class='ocr_line' id='line_1_104' title="bbox 2000 4013 3694 4084; baseline -0.004 -11"><span class='ocrx_word' id='word_1_700' title='bbox 2000 4025 2087 4074; x_wconf 88' lang='lat' dir='ltr'>tra</span> <span class='ocrx_word' id='word_1_701' title='bbox 2117 4016 2418 4073; x_wconf 86' lang='lat' dir='ltr'>Ecclesiam</span> <span class='ocrx_word' id='word_1_702' title='bbox 2453 4015 2521 4070; x_wconf 91' lang='lat' dir='ltr'>de</span> <span class='ocrx_word' id='word_1_703' title='bbox 2553 4014 2820 4084; x_wconf 84' lang='lat' dir='ltr'>gentibus</span> <span class='ocrx_word' id='word_1_704' title='bbox 2867 4018 3268 4083; x_wconf 88' lang='lat' dir='ltr'>congregatam</span> <span class='ocrx_word' id='word_1_705' title='bbox 3317 4014 3562 4082; x_wconf 91' lang='lat' dir='ltr'>populus</span> <span class='ocrx_word' id='word_1_706' title='bbox 3596 4013 3694 4067; x_wconf 82' lang='lat' dir='ltr'>Ju-</span> 
     </span>
    </p>
   </div>
   <div class='ocr_carea' id='block_1_105' title="bbox 2001 4100 3696 4175">
    <p class='ocr_par' dir='ltr' id='par_1_105' title="bbox 2001 4100 3696 4175">
     <span class='ocr_line' id='line_1_105' title="bbox 2001 4100 3696 4175; baseline -0.006 -13"><span class='ocrx_word' id='word_1_707' title='bbox 2001 4110 2257 4163; x_wconf 76' lang='lat' dir='ltr'>dieorum</span> <span class='ocrx_word' id='word_1_708' title='bbox 2311 4107 2467 4175; x_wconf 89' lang='lat' dir='ltr'>lepra</span> <span class='ocrx_word' id='word_1_709' title='bbox 2515 4103 2898 4173; x_wconf 82' lang='lat' dir='ltr'>perfunditur,</span> <span class='ocrx_word' id='word_1_710' title='bbox 2949 4117 3053 4154; x_wconf 90' lang='lat' dir='ltr'>nec</span> <span class='ocrx_word' id='word_1_711' title='bbox 3109 4100 3256 4154; x_wconf 87' lang='lat' dir='ltr'>redit</span> <span class='ocrx_word' id='word_1_712' title='bbox 3301 4101 3371 4154; x_wconf 89' lang='lat' dir='ltr'>ad</span> <span class='ocrx_word' id='word_1_713' title='bbox 3425 4100 3696 4154; x_wconf 88' lang='lat' dir='ltr'>taberna-</span> 
     </span>
    </p>
   </div>
   <div class='ocr_carea' id='block_1_106' title="bbox 2002 4187 3694 4262">
    <p class='ocr_par' dir='ltr' id='par_1_106' title="bbox 2002 4187 3694 4262">
     <span class='ocr_line' id='line_1_106' title="bbox 2002 4187 3694 4262; baseline -0.005 -12"><span class='ocrx_word' id='word_1_714' title='bbox 2002 4197 2193 4250; x_wconf 92' lang='lat' dir='ltr'>culum</span> <span class='ocrx_word' id='word_1_715' title='bbox 2223 4209 2354 4248; x_wconf 90' lang='lat' dir='ltr'>cum</span> <span class='ocrx_word' id='word_1_716' title='bbox 2398 4191 2641 4262; x_wconf 90' lang='lat' dir='ltr'>pristina</span> <span class='ocrx_word' id='word_1_717' title='bbox 2693 4189 2951 4256; x_wconf 85' lang='lat' dir='ltr'>sanitate,</span> <span class='ocrx_word' id='word_1_718' title='bbox 3001 4189 3182 4242; x_wconf 87' lang='lat' dir='ltr'>donec</span> <span class='ocrx_word' id='word_1_719' title='bbox 3213 4191 3485 4242; x_wconf 89' lang='lat' dir='ltr'>statutum</span> <span class='ocrx_word' id='word_1_720' title='bbox 3513 4187 3694 4258; x_wconf 87' lang='lat' dir='ltr'>pleni-</span> 
     </span>
    </p>
   </div>
   <div class='ocr_carea' id='block_1_107' title="bbox 1999 4279 3161 4353">
    <p class='ocr_par' dir='ltr' id='par_1_107' title="bbox 1999 4279 3161 4353">
     <span class='ocr_line' id='line_1_107' title="bbox 1999 4279 3161 4353; baseline -0.008 -14"><span class='ocrx_word' id='word_1_721' title='bbox 1999 4283 2212 4340; x_wconf 87' lang='lat' dir='ltr'>tudinis</span> <span class='ocrx_word' id='word_1_722' title='bbox 2241 4281 2497 4353; x_wconf 90' lang='lat' dir='ltr'>gentium</span> <span class='ocrx_word' id='word_1_723' title='bbox 2527 4284 2755 4350; x_wconf 90' lang='lat' dir='ltr'>tempus</span> <span class='ocrx_word' id='word_1_724' title='bbox 2785 4279 3161 4347; x_wconf 89' lang='lat' dir='ltr'>compleatur.</span> 
     </span>
    </p>
   </div>
   <div class='ocr_carea' id='block_1_108' title="bbox 2069 4354 3697 4434">
    <p class='ocr_par' dir='ltr' id='par_1_108' title="bbox 2069 4354 3697 4434">
     <span class='ocr_line' id='line_1_108' title="bbox 2069 4354 3697 4434; baseline -0.006 -17"><span class='ocrx_word' id='word_1_725' title='bbox 2069 4363 2283 4434; x_wconf 87' lang='lat'>(01116.)</span> <span class='ocrx_word' id='word_1_726' title='bbox 2315 4363 2448 4415; x_wconf 90' lang='lat' dir='ltr'>Post</span> <span class='ocrx_word' id='word_1_727' title='bbox 2477 4360 2596 4414; x_wconf 60' lang='lat' dir='ltr'>haec</span> <span class='ocrx_word' id='word_1_728' title='bbox 2641 4358 2868 4412; x_wconf 90' lang='lat' dir='ltr'>venitur</span> <span class='ocrx_word' id='word_1_729' title='bbox 2896 4357 2954 4412; x_wconf 91' lang='lat' dir='ltr'>in</span> <span class='ocrx_word' id='word_1_730' title='bbox 2983 4357 3276 4422; x_wconf 88' lang='lat' dir='ltr'>Haseroth,</span> <span class='ocrx_word' id='word_1_731' title='bbox 3329 4355 3481 4427; x_wconf 91' lang='lat' dir='ltr'>quod</span> <span class='ocrx_word' id='word_1_732' title='bbox 3512 4354 3697 4409; x_wconf 89' lang='lat' dir='ltr'>inter-</span> 
     </span>
    </p>
   </div>
   <div class='ocr_carea' id='block_1_109' title="bbox 1999 4443 3694 4522">
    <p class='ocr_par' dir='ltr' id='par_1_109' title="bbox 1999 4443 3694 4522">
     <span class='ocr_line' id='line_1_109' title="bbox 1999 4443 3694 4522; baseline -0.005 -17"><span class='ocrx_word' id='word_1_733' title='bbox 1999 4456 2253 4522; x_wconf 88' lang='lat' dir='ltr'>pretatur</span> <span class='ocrx_word' id='word_1_734' title='bbox 2282 4450 2427 4503; x_wconf 88' lang='lat' dir='ltr'>atria</span> <span class='ocrx_word' id='word_1_735' title='bbox 2457 4449 2706 4520; x_wconf 88' lang='lat' dir='ltr'>perfecta</span> <span class='ocrx_word' id='word_1_736' title='bbox 2731 4448 2818 4501; x_wconf 89' lang='lat' dir='ltr'>vel</span> <span class='ocrx_word' id='word_1_737' title='bbox 2845 4447 3154 4500; x_wconf 89' lang='lat' dir='ltr'>beatitudo.</span> <span class='ocrx_word' id='word_1_738' title='bbox 3190 4446 3442 4513; x_wconf 88' lang='lat' dir='ltr'>Intuere,</span> <span class='ocrx_word' id='word_1_739' title='bbox 3499 4443 3694 4509; x_wconf 90' lang='lat' dir='ltr'>viator,</span> 
     </span>
    </p>
   </div>
   <div class='ocr_carea' id='block_1_110' title="bbox 2000 4534 3696 4609">
    <p class='ocr_par' dir='ltr' id='par_1_110' title="bbox 2000 4534 3696 4609">
     <span class='ocr_line' id='line_1_110' title="bbox 2000 4534 3696 4609; baseline -0.005 -16"><span class='ocrx_word' id='word_1_740' title='bbox 2000 4538 2332 4609; x_wconf 90' lang='lat' dir='ltr'>diligentius</span> <span class='ocrx_word' id='word_1_741' title='bbox 2379 4537 2508 4608; x_wconf 90' lang='lat' dir='ltr'>quis</span> <span class='ocrx_word' id='word_1_742' title='bbox 2556 4535 2630 4590; x_wconf 92' lang='lat' dir='ltr'>sit</span> <span class='ocrx_word' id='word_1_743' title='bbox 2657 4535 2796 4589; x_wconf 89' lang='lat' dir='ltr'>ordo</span> <span class='ocrx_word' id='word_1_744' title='bbox 2840 4534 3240 4604; x_wconf 89' lang='lat' dir='ltr'>profectuum:</span> <span class='ocrx_word' id='word_1_745' title='bbox 3271 4536 3574 4604; x_wconf 89' lang='lat' dir='ltr'>postquam</span> <span class='ocrx_word' id='word_1_746' title='bbox 3603 4547 3696 4584; x_wconf 82' lang='lat' dir='ltr'>se-</span> 
     </span>
    </p>
   </div>
   <div class='ocr_carea' id='block_1_111' title="bbox 1999 4618 3695 4696">
    <p class='ocr_par' dir='ltr' id='par_1_111' title="bbox 1999 4618 3695 4696">
     <span class='ocr_line' id='line_1_111' title="bbox 1999 4618 3695 4696; baseline -0.006 -15"><span class='ocrx_word' id='word_1_747' title='bbox 1999 4627 2232 4696; x_wconf 90' lang='lat' dir='ltr'>pelieris</span> <span class='ocrx_word' id='word_1_748' title='bbox 2300 4630 2355 4679; x_wconf 91' lang='lat' dir='ltr'>et</span> <span class='ocrx_word' id='word_1_749' title='bbox 2424 4622 2857 4678; x_wconf 82' lang='lat' dir='ltr'>mortiﬁcaveris</span> <span class='ocrx_word' id='word_1_750' title='bbox 2927 4621 3415 4692; x_wconf 88' lang='lat' dir='ltr'>concupiscentias</span> <span class='ocrx_word' id='word_1_751' title='bbox 3487 4618 3695 4685; x_wconf 90' lang='lat' dir='ltr'>carnis,</span> 
     </span>
    </p>
   </div>
   <div class='ocr_carea' id='block_1_112' title="bbox 1999 4708 3697 4782">
    <p class='ocr_par' dir='ltr' id='par_1_112' title="bbox 1999 4708 3697 4782">
     <span class='ocr_line' id='line_1_112' title="bbox 1999 4708 3697 4782; baseline -0.004 -14"><span class='ocrx_word' id='word_1_752' title='bbox 1999 4715 2191 4768; x_wconf 88' lang='lat' dir='ltr'>venies</span> <span class='ocrx_word' id='word_1_753' title='bbox 2216 4714 2287 4768; x_wconf 89' lang='lat' dir='ltr'>ad</span> <span class='ocrx_word' id='word_1_754' title='bbox 2314 4712 2722 4782; x_wconf 87' lang='lat' dir='ltr'>amplitudines</span> <span class='ocrx_word' id='word_1_755' title='bbox 2765 4711 3066 4776; x_wconf 11' lang='lat' dir='ltr'>artriorum,</span> <span class='ocrx_word' id='word_1_756' title='bbox 3100 4715 3156 4764; x_wconf 92' lang='lat' dir='ltr'>et</span> <span class='ocrx_word' id='word_1_757' title='bbox 3186 4711 3377 4764; x_wconf 88' lang='lat' dir='ltr'>venies</span> <span class='ocrx_word' id='word_1_758' title='bbox 3408 4709 3479 4762; x_wconf 89' lang='lat' dir='ltr'>ad</span> <span class='ocrx_word' id='word_1_759' title='bbox 3513 4708 3697 4762; x_wconf 87' lang='lat' dir='ltr'>beati-</span> 
     </span>
    </p>
   </div>
   <div class='ocr_carea' id='block_1_113' title="bbox 2000 4797 3698 4871">
    <p class='ocr_par' dir='ltr' id='par_1_113' title="bbox 2000 4797 3698 4871">
     <span class='ocr_line' id='line_1_113' title="bbox 2000 4797 3698 4871; baseline -0.005 -13"><span class='ocrx_word' id='word_1_760' title='bbox 2000 4803 2281 4858; x_wconf 91' lang='lat' dir='ltr'>tudinem.</span> <span class='ocrx_word' id='word_1_761' title='bbox 2338 4804 2504 4856; x_wconf 88' lang='lat' dir='ltr'>Beata</span> <span class='ocrx_word' id='word_1_762' title='bbox 2563 4806 2649 4856; x_wconf 88' lang='lat' dir='ltr'>est</span> <span class='ocrx_word' id='word_1_763' title='bbox 2705 4801 2858 4855; x_wconf 88' lang='lat' dir='ltr'>enim</span> <span class='ocrx_word' id='word_1_764' title='bbox 2919 4799 3115 4854; x_wconf 90' lang='lat' dir='ltr'>anima</span> <span class='ocrx_word' id='word_1_765' title='bbox 3157 4815 3288 4871; x_wconf 67' lang='lat' dir='ltr'>quin</span> <span class='ocrx_word' id='word_1_766' title='bbox 3353 4799 3474 4869; x_wconf 89' lang='lat' dir='ltr'>jam</span> <span class='ocrx_word' id='word_1_767' title='bbox 3527 4797 3698 4851; x_wconf 90' lang='lat' dir='ltr'>nullis</span> 
     </span>
    </p>
   </div>
   <div class='ocr_carea' id='block_1_114' title="bbox 2000 4891 2627 4960">
    <p class='ocr_par' dir='ltr' id='par_1_114' title="bbox 2000 4891 2627 4960">
     <span class='ocr_line' id='line_1_114' title="bbox 2000 4891 2627 4960; baseline -0.005 -14"><span class='ocrx_word' id='word_1_768' title='bbox 2000 4892 2152 4947; x_wconf 88' lang='lat' dir='ltr'>vitiis</span> <span class='ocrx_word' id='word_1_769' title='bbox 2179 4891 2362 4944; x_wconf 90' lang='lat' dir='ltr'>carnis</span> <span class='ocrx_word' id='word_1_770' title='bbox 2389 4895 2627 4960; x_wconf 88' lang='lat' dir='ltr'>urgetur</span> 
     </span>
    </p>
   </div>
   <div class='ocr_carea' id='block_1_115' title="bbox 2072 4977 3698 5045">
    <p class='ocr_par' dir='ltr' id='par_1_115' title="bbox 2072 4977 3698 5045">
     <span class='ocr_line' id='line_1_115' title="bbox 2072 4977 3698 5045; baseline -0.004 -10"><span class='ocrx_word' id='word_1_771' title='bbox 2072 4982 2230 5035; x_wconf 72' lang='lat' dir='ltr'>Vens.</span> <span class='ocrx_word' id='word_1_772' title='bbox 2297 4983 2380 5034; x_wconf 89' lang='grc'><strong>18.</strong></span> <span class='ocrx_word' id='word_1_773' title='bbox 2435 5010 2503 5020; x_wconf 89' lang='grc'><strong><em>-</em></strong></span> <span class='ocrx_word' id='word_1_774' title='bbox 2550 4981 2624 5034; x_wconf 92' lang='lat' dir='ltr'>In</span> <span class='ocrx_word' id='word_1_775' title='bbox 2680 4979 2924 5034; x_wconf 83' lang='lat' dir='ltr'>Rethma.</span> <span class='ocrx_word' id='word_1_776' title='bbox 3001 4978 3282 5045; x_wconf 65' lang='lat' dir='ltr'>(lin-111011.,</span> <span class='ocrx_word' id='word_1_777' title='bbox 3341 4977 3435 5030; x_wconf 83' lang='lat' dir='ltr'>ubi</span> <span class='ocrx_word' id='word_1_778' title='bbox 3491 4977 3698 5043; x_wconf 84' lang='lat' dir='ltr'>supra.)</span> 
     </span>
    </p>
   </div>
   <div class='ocr_carea' id='block_1_116' title="bbox 2003 5065 3702 5134">
    <p class='ocr_par' dir='ltr' id='par_1_116' title="bbox 2003 5065 3702 5134">
     <span class='ocr_line' id='line_1_116' title="bbox 2003 5065 3702 5134; baseline -0.004 -10"><span class='ocrx_word' id='word_1_779' title='bbox 2003 5069 2396 5126; x_wconf 88' lang='lat' dir='ltr'>Castrametati</span> <span class='ocrx_word' id='word_1_780' title='bbox 2435 5073 2568 5123; x_wconf 91' lang='lat' dir='ltr'>sunt</span> <span class='ocrx_word' id='word_1_781' title='bbox 2595 5069 2655 5122; x_wconf 91' lang='lat' dir='ltr'>in</span> <span class='ocrx_word' id='word_1_782' title='bbox 2685 5068 2946 5132; x_wconf 83' lang='lat' dir='ltr'>Rethma,</span> <span class='ocrx_word' id='word_1_783' title='bbox 2982 5070 3122 5132; x_wconf 91' lang='lat' dir='ltr'>etc.,</span> <span class='ocrx_word' id='word_1_784' title='bbox 3153 5081 3323 5134; x_wconf 85' lang='lat' dir='ltr'>usque</span> <span class='ocrx_word' id='word_1_785' title='bbox 3364 5065 3438 5120; x_wconf 87' lang='lat' dir='ltr'>ad</span> <span class='ocrx_word' id='word_1_786' title='bbox 3467 5069 3522 5119; x_wconf 89' lang='lat' dir='ltr'>et</span> <span class='ocrx_word' id='word_1_787' title='bbox 3549 5065 3702 5119; x_wconf 87' lang='lat' dir='ltr'>claro</span> 
     </span>
    </p>
   </div>
   <div class='ocr_carea' id='block_1_117' title="bbox 2004 5157 3007 5230">
    <p class='ocr_par' dir='ltr' id='par_1_117' title="bbox 2004 5157 3007 5230">
     <span class='ocr_line' id='line_1_117' title="bbox 2004 5157 3007 5230; baseline -0.008 -15"><span class='ocrx_word' id='word_1_788' title='bbox 2004 5159 2192 5215; x_wconf 88' lang='lat' dir='ltr'>sonitu</span> <span class='ocrx_word' id='word_1_789' title='bbox 2223 5160 2591 5230; x_wconf 87' lang='lat' dir='ltr'>Evangelium</span> <span class='ocrx_word' id='word_1_790' title='bbox 2617 5157 3007 5227; x_wconf 68' lang='lat' dir='ltr'>praedicemus.</span> 
     </span>
    </p>
   </div>
   <div class='ocr_carea' id='block_1_118' title="bbox 2078 5243 3696 5319">
    <p class='ocr_par' dir='ltr' id='par_1_118' title="bbox 2078 5243 3696 5319">
     <span class='ocr_line' id='line_1_118' title="bbox 2078 5243 3696 5319; baseline -0.006 -15"><span class='ocrx_word' id='word_1_791' title='bbox 2078 5250 2280 5319; x_wconf 89' lang='lat'>(01116.)</span> <span class='ocrx_word' id='word_1_792' title='bbox 2356 5249 2490 5304; x_wconf 90' lang='lat' dir='ltr'>Inde</span> <span class='ocrx_word' id='word_1_793' title='bbox 2558 5247 2782 5301; x_wconf 88' lang='lat' dir='ltr'>venitur</span> <span class='ocrx_word' id='word_1_794' title='bbox 2835 5245 2897 5299; x_wconf 91' lang='lat' dir='ltr'>in</span> <span class='ocrx_word' id='word_1_795' title='bbox 2970 5245 3212 5299; x_wconf 83' lang='lat' dir='ltr'>Rethma</span> <span class='ocrx_word' id='word_1_796' title='bbox 3264 5243 3381 5298; x_wconf 86' lang='lat' dir='ltr'>sive</span> <span class='ocrx_word' id='word_1_797' title='bbox 3450 5243 3696 5298; x_wconf 89' lang='lat' dir='ltr'>Pbaran.</span> 
     </span>
    </p>
   </div>
   <div class='ocr_carea' id='block_1_119' title="bbox 2009 5332 3702 5406">
    <p class='ocr_par' dir='ltr' id='par_1_119' title="bbox 2009 5332 3702 5406">
     <span class='ocr_line' id='line_1_119' title="bbox 2009 5332 3702 5406; baseline -0.005 -12"><span class='ocrx_word' id='word_1_798' title='bbox 2009 5340 2254 5394; x_wconf 82' lang='lat' dir='ltr'>Rethma</span> <span class='ocrx_word' id='word_1_799' title='bbox 2323 5338 2463 5392; x_wconf 89' lang='lat' dir='ltr'>visio</span> <span class='ocrx_word' id='word_1_800' title='bbox 2514 5340 2906 5391; x_wconf 89' lang='lat' dir='ltr'>consummata</span> <span class='ocrx_word' id='word_1_801' title='bbox 2979 5335 3422 5406; x_wconf 88' lang='lat' dir='ltr'>interpretatur;</span> <span class='ocrx_word' id='word_1_802' title='bbox 3478 5332 3702 5386; x_wconf 88' lang='lat' dir='ltr'>Pharan</span> 
     </span>
    </p>
   </div>
   <div class='ocr_carea' id='block_1_120' title="bbox 2005 5423 3702 5493">
    <p class='ocr_par' dir='ltr' id='par_1_120' title="bbox 2005 5423 3702 5493">
     <span class='ocr_line' id='line_1_120' title="bbox 2005 5423 3702 5493; baseline -0.005 -13"><span class='ocrx_word' id='word_1_803' title='bbox 2005 5444 2139 5482; x_wconf 87' lang='lat' dir='ltr'>vero</span> <span class='ocrx_word' id='word_1_804' title='bbox 2165 5445 2226 5481; x_wconf 90' lang='lat' dir='ltr'>os</span> <span class='ocrx_word' id='word_1_805' title='bbox 2256 5427 2491 5482; x_wconf 89' lang='lat' dir='ltr'>visibile.</span> <span class='ocrx_word' id='word_1_806' title='bbox 2526 5426 2693 5493; x_wconf 87' lang='lat' dir='ltr'>Quid,</span> <span class='ocrx_word' id='word_1_807' title='bbox 2726 5425 2835 5479; x_wconf 91' lang='lat' dir='ltr'>nisi</span> <span class='ocrx_word' id='word_1_808' title='bbox 2865 5426 2944 5479; x_wconf 89' lang='lat' dir='ltr'>ita</span> <span class='ocrx_word' id='word_1_809' title='bbox 2987 5429 3202 5479; x_wconf 87' lang='lat' dir='ltr'>crescat</span> <span class='ocrx_word' id='word_1_810' title='bbox 3232 5423 3444 5488; x_wconf 88' lang='lat' dir='ltr'>anima,</span> <span class='ocrx_word' id='word_1_811' title='bbox 3479 5427 3544 5475; x_wconf 91' lang='lat' dir='ltr'>ut</span> <span class='ocrx_word' id='word_1_812' title='bbox 3572 5435 3702 5474; x_wconf 92' lang='lat' dir='ltr'>cum</span> 
     </span>
    </p>
   </div>
   <div class='ocr_carea' id='block_1_121' title="bbox 2007 5509 3702 5587">
    <p class='ocr_par' dir='ltr' id='par_1_121' title="bbox 2007 5509 3702 5587">
     <span class='ocr_line' id='line_1_121' title="bbox 2007 5509 3702 5587; baseline -0.006 -16"><span class='ocrx_word' id='word_1_813' title='bbox 2007 5515 2241 5571; x_wconf 89' lang='lat' dir='ltr'>desierit</span> <span class='ocrx_word' id='word_1_814' title='bbox 2316 5516 2589 5571; x_wconf 89' lang='lat' dir='ltr'>molestiis</span> <span class='ocrx_word' id='word_1_815' title='bbox 2668 5514 2854 5570; x_wconf 84' lang='lat' dir='ltr'>carnis</span> <span class='ocrx_word' id='word_1_816' title='bbox 2924 5514 3139 5587; x_wconf 89' lang='lat' dir='ltr'>urgeri,</span> <span class='ocrx_word' id='word_1_817' title='bbox 3196 5512 3443 5568; x_wconf 88' lang='lat' dir='ltr'>visiones</span> <span class='ocrx_word' id='word_1_818' title='bbox 3499 5509 3702 5564; x_wconf 86' lang='lat' dir='ltr'>habeat</span> 
     </span>
    </p>
   </div>
  </div>
