3976 6178
309 236 417 292 439

942 233 1342 290 WALAFBIDI
1380 232 1625 289 STRABI
1665 234 1865 291 FULD.
1908 233 2069 290 HON.
2108 232 2259 291 OPP.
2304 232 2478 288 PARS
2516 231 2561 287 l.
2602 259 2671 270 ——
2708 228 3162 287 THEOLOGICA.

3698 234 3796 289 440

311 354 753 420 consummatas,
813 357 873 410 et
925 366 1120 408 rerum
1180 352 1501 424 perfectam
1549 351 1740 424 capiat
1793 351 2013 408 intelli-
2043 354 2092 408 Α
2200 351 2410 423 (Οιιια.)
2440 353 2519 407 De
2557 356 2753 406 monte
2781 351 2998 423 Sepher
3032 356 3314 408 venerunt
3340 352 3403 408 in
3429 354 3627 421 Arada,
3656 358 3793 427 quod

312 443 614 514 gentiam?
669 457 869 497 causas
917 440 1129 496 scilicet
1194 439 1602 495 incarnationis
1672 440 1831 495 verbi
1888 440 2010 509 Dei,

313 536 373 585 et
402 530 651 585 rationes
677 530 1167 601 dispensationum
1196 529 1319 599 ejus
1350 528 1518 583 altius
1538 544 1903 598 cognoscens.

386 621 547 674 Vens.
610 621 694 674 l9.
754 648 822 660 —
871 620 946 672 In
999 618 1488 686 Remmomphares.
1549 618 1829 688 (Ηιειιοη.)
1887 617 2013 673 Mali

316 708 520 764 Punici
579 704 802 773 divisio,
850 706 913 762 in
969 721 1085 776 quo
1138 705 1497 776 significatur
1552 706 1797 760 Ecclesia
1850 707 2009 777 quasi

316 795 500 849 multa
543 810 723 866 grana
750 810 868 850 uno
918 793 1124 849 cortice
1154 793 1420 864 contegi:
1463 795 1603 849 dum
1628 810 1860 849 omnem
1892 799 2010 849 tur-

313 886 449 940 bam
509 883 863 938 credentium
920 883 981 936 in
1028 881 1165 938 fidei
1224 883 1505 937 unitatem
1561 882 1869 938 concludit.
1915 883 2015 937 Vel

314 971 554 1027 varietas
584 975 643 1025 et
666 970 1035 1025 consonantia
1077 969 1379 1040 virtutum,
1408 970 1562 1025 unde
1592 986 1606 1025 :
1640 970 2013 1026 Multitudinis

316 1062 645 1119 credentium
696 1065 814 1116 erat
858 1076 949 1116 cor
994 1076 1162 1115 unum
1207 1065 1257 1116 et
1303 1063 1489 1117 anima
1535 1077 1647 1116 una
1693 1061 1840 1133 (Act.
1895 1063 2010 1129 1v);

316 1151 509 1221 sicque
559 1148 726 1205 divisi
775 1153 908 1203 sunt
950 1147 1164 1220 singuli
1210 1148 1440 1219 gradus,
1475 1153 1538 1204 ut
1565 1165 1764 1204 omnes
1813 1149 2015 1205 eadem

317 1253 593 1309 compage
623 1240 949 1292 teneantur.

387 1324 595 1398 (Οιιιϐ.)
636 1325 775 1381 Inde
822 1325 1051 1381 venitur
1074 1325 1134 1379 in
1177 1325 1708 1396 Remmomphares,
1757 1325 1859 1381 ubi
1900 1327 2015 1380 sci—

318 1416 451 1472 licet
506 1414 835 1469 divitiarum
893 1418 951 1469 et
992 1413 1307 1470 caelestium
1356 1430 1550 1469 rerum
1589 1432 1623 1469 a
1661 1416 1907 1470 terrenis
1959 1421 2017 1471 et

318 1503 533 1559 infimis
584 1502 858 1558 discretio'
898 1502 964 1558 fit
1010 1508 1292 1557 crescente
1350 1503 1506 1558 enim
1556 1504 1844 1559 intellectu
1888 1504 2013 1559 ani-

318 1609 454 1661 mas,
496 1591 705 1647 notitia
755 1592 809 1647 ei
855 1592 1207 1647 excelsorum
1257 1591 1568 1663 praebetur,
1623 1597 1680 1647 et
1730 1592 2012 1664 judicium

319 1681 489 1737 datur
547 1696 662 1751 quo
717 1679 856 1735 sciat
907 1696 939 1734 a
984 1678 1398 1751 temporalibus
1443 1684 1675 1746 interna,
1724 1684 1840 1734 eta
1877 1695 2013 1752 per-

318 1768 509 1841 petuis
538 1768 751 1823 caduca
782 1784 1065 1837 separare.

391 1859 550 1911 Vens.
609 1858 698 1911 20.
728 1885 802 1898 —
836 1858 902 1912 In
936 1856 1138 1923 Lebna,
1200 1859 1308 1910 etc.
1368 1855 1624 1911 Laterem
1679 1854 1911 1911 scilicet.
1948 1856 2013 1911 In

319 1947 431 2002 hoc
486 1945 641 2000 enim
700 1944 945 2000 transitu
1000 1960 1155 1999 nunc
1210 1944 1535 2011 crescimus,
1600 1960 1755 1999 nunc
1820 1944 2017 1999 decre-

315 2035 546 2101 scimus,
580 2038 636 2088 et
676 2039 809 2105 post
857 2033 1066 2088 multos
1112 2033 1397 2104 profectus
1444 2050 1594 2103 saepe
1636 2034 1707 2089 ad
1748 2033 2012 2099 laterem,

315 2122 375 2179 id
407 2126 495 2178 est
547 2121 798 2176 carnalia
842 2137 1019 2192 opera
1058 2120 1332 2176 redimus.
1374 2122 1506 2176 Post
1532 2120 1655 2175 haec
1700 2120 1928 2176 venitur
1954 2120 2015 2176 in

319 2211 533 2277 Lebna,
587 2210 743 2282 quod
798 2208 1211 2280 interpretatur
1265 2208 1570 2264 dealbatio.
1624 2209 1748 2265 Scio
1787 2209 1850 2263 in
1890 2208 2016 2264 aliis

319 2298 741 2355 dealbationem
760 2297 1120 2369 culpabiliter
1150 2297 1311 2369 poni,
1342 2302 1406 2352 ut
1438 2313 1571 2352 cum
1594 2297 1802 2353 dicitur
1829 2298 2017 2369 paries

320 2388 635 2456 dealbatus,
664 2392 722 2442 et
768 2389 1142 2442 monumenta
1196 2386 1474 2441 dealbata.
1523 2386 1622 2442 Hic
1645 2391 1838 2441 autem
1867 2386 2019 2442 deal-

318 2477 475 2533 batio
504 2480 590 2531 est
633 2476 704 2531 de
733 2492 848 2547 qua
883 2474 1127 2531 dicitur:
1170 2475 1406 2530 Lavabis
1441 2491 1521 2530 me
1549 2480 1599 2529 et
1649 2490 1814 2544 super
1841 2477 2018 2531 nivem

317 2566 607 2622 dealbabor
636 2566 801 2637 (Psal.
835 2565 925 2637 L);
959 2569 1034 2631 et,
1065 2565 1115 2619 si
1141 2565 1352 2630 fuerint
1395 2568 1619 2632 peccata
1657 2568 1839 2619 vestra
1876 2566 2018 2619 sicut

315 2656 667 2722 Phoenicium,
719 2658 779 2709 ut
832 2654 1009 2708 nivem
1062 2651 1345 2708 dealbabo.
1381 2652 1444 2707 Et
1479 2651 1637 2718 alibi,
1684 2654 1816 2709 Nive
1862 2653 2016 2708 deal-

318 2743 593 2799 babuntur
643 2744 705 2798 in
760 2743 991 2798 Selmon.
1040 2742 1107 2797 Et
1160 2740 1367 2796 vetusti
1424 2740 1648 2796 dierum
1687 2741 1878 2812 capilli
1929 2741 2016 2796 di-

319 2837 528 2887 cuntur
584 2847 705 2886 esse
758 2830 1008 2897 candidi,
1064 2830 1126 2884 id
1171 2834 1274 2894 est,
1317 2829 1433 2884 albi
1492 2829 1639 2884 sicut
1685 2831 1835 2885 lana.
1890 2831 2019 2886 Haec

318 2920 498 2993 igitur
553 2919 838 2976 dealbatio
882 2936 951 2974 ex
981 2919 1285 2990 splendore
1331 2933 1461 2973 vere
1488 2917 1629 2973 lucis
1672 2918 2020 2991 intelligitur
2048 2927 2089 2984 ς.

317 3008 640 3082 provenire,
681 3011 738 3064 et
788 3023 857 3064 ex
909 3006 1192 3063 visionum
1245 3007 1561 3064 caelestium
1615 3007 1873 3064 claritate
1923 3009 2019 3064 de-

322 3096 611 3152 scandere.

391 3186 554 3241 Vsas.
583 3186 673 3240 2t.
704 3215 772 3227 —
800 3186 862 3241 In
907 3186 1089 3241 Ressa.
1140 3184 1318 3240 Frena
1361 3183 1591 3241 scilicet.
1642 3184 1701 3240 Si
1750 3185 1906 3240 enim
1945 3185 2019 3241 ad

321 3273 608 3330 lutulenta
655 3288 832 3344 Opera
884 3273 1307 3340 descendimus,
1354 3272 1680 3328 infrenandi
1705 3289 1923 3339 sumus,
1964 3278 2020 3328 et

323 3378 496 3439 curs‘p
544 3362 674 3433 vagi
733 3367 905 3433 atque
959 3362 1281 3433 praecipites
1322 3362 1743 3433 Scripturarum
1797 3362 2020 3418 retina-

321 3450 465 3506 culis
495 3450 802 3523 dirigendi.

395 3540 594 3609 (0a16.)
640 3540 773 3594 Post
826 3538 949 3593 haec
979 3537 1044 3592 fit
1076 3535 1299 3592 mansio
1341 3535 1404 3591 in
1450 3536 1645 3603 Ressa,
1678 3540 1803 3605 etc.,
1852 3552 2021 3608 usque

322 3628 399 3685 ad
423 3644 560 3700 ergo
586 3632 671 3682 est
697 3625 935 3681 visibilis
964 3627 1053 3681 vel
1079 3625 1380 3681 laudabilis
1412 3624 1669 3680 tentatio.

397 3717 554 3771 Vens.
589 3718 677 3772 23.
710 3746 777 3757 —
822 3718 892 3773 In
936 3721 1112 3770 monte
1149 3715 1369 3784 Sepher.
1425 3713 1707 3785 (Eranos)
1757 3715 2018 3771 Pulchri-

324 3803 561 3859 tudinis.
630 3804 786 3859 Mons
836 3808 1029 3859 autem
1104 3802 1547 3873 pulchritudinis
1606 3808 1692 3858 est
1742 3804 2018 3860 Christus.

324 3891 605 3947 Vicesima
646 3892 866 3947 mansio
908 3892 970 3946 in
995 3895 1190 3946 monte
1221 3890 1662 3962 pulchritudinis
1712 3892 2023 3948 constituta

324 3984 432 4049 est,
461 3981 531 4036 de
560 3997 673 4051 qua
716 3980 927 4036 dicitur
954 3997 968 4036 :
1002 3982 1243 4046 Domine,
1292 3982 1416 4049 quis
1446 3979 1717 4035 habitabit
1745 3982 1805 4035 in
1835 3981 2022 4036 taber-

323 4070 516 4124 naculo
544 4069 680 4123 tuo?
734 4074 842 4123 etc.
884 4068 1050 4139 (Psal.
1104 4067 1240 4139 x1v).
1289 4068 1449 4122 Vides
1477 4067 1619 4140 quid
1650 4068 1875 4140 prosint
1901 4069 2020 4124 fre-

323 4170 434 4210 na:
469 4170 504 4209 a
554 4153 706 4210 vitiis
758 4172 861 4209 nos
914 4155 1231 4225 retrahunt,
1268 4155 1341 4210 ad
1372 4155 1652 4211 virtutum
1699 4156 1900 4212 choros
1928 4156 2019 4212 in-

298 4243 652 4309 troducunt,
682 4247 739 4298 et
762 4242 825 4298 in
853 4243 1074 4298 Christo
1118 4249 1313 4299 monte
1341 4243 1730 4314 pulcherrimo
1758 4244 2019 4301 habitare

322 4330 557 4389 faciunt.

397 4418 603 4493 (0316.)
627 4419 752 4474 Alia
794 4418 1001 4475 littera.
1036 4419 1169 4475 Inde
1191 4422 1407 4476 venitur
1440 4421 1498 4475 in
1543 4425 1768 4476 montem
1798 4422 2018 4491 Sepher,

326 4508 481 4580 quod
522 4506 859 4563 tubicinatio
888 4506 1115 4562 dicitur.
1159 4508 1318 4562 Tuba
1341 4508 1572 4579 signum
1603 4508 1738 4562 belli
1785 4514 1890 4575 est,
1923 4509 2023 4564 ubi

327 4598 484 4654 enim
515 4614 575 4652 se
620 4597 793 4652 tantis
839 4613 906 4652 ac
931 4597 1140 4653 talibus
1190 4597 1493 4653 virtutibus
1533 4603 1811 4652 armatam
1854 4599 2026 4654 sentit

327 4687 543 4751 anima,
607 4686 926 4742 necessario
994 4686 1254 4759 procedit
1308 4685 1381 4741 ad
1431 4686 1669 4753 bellum,
1730 4687 1883 4758 quod
1941 4691 2026 4741 est

326 4781 526 4833 contra
552 4776 905 4849 principatus
936 4780 994 4831 et
1038 4780 1364 4848 potestates,
1396 4779 1455 4830 et
1483 4775 1656 4846 hujus
1698 4776 1899 4831 mundi
1930 4792 2024 4831 re-

329 4870 529 4921 ctores.
578 4867 673 4922 Vel
702 4866 840 4921 tuba
869 4864 1019 4920 canit
1048 4865 1109 4919 in
1155 4863 1327 4919 verbo
1363 4862 1462 4918 Dei
1491 4864 1764 4919 doctrinae
1812 4865 2026 4920 scilicet

330 4960 390 5010 et
419 4954 878 5025 praedicationis:
909 4958 975 5009 ut
1002 4953 1104 5026 qui
1148 4953 1394 5009 audierit
1437 4952 1653 5019 tubam,
1699 4968 2022 5024 praeparare

328 5057 389 5096 se
416 5042 594 5113 possit
616 5043 687 5097 ad
713 5042 951 5097 bellum.

398 5130 562 5186 Vens.
616 5133 703 5186 24.
759 5162 826 5173 —
876 5133 944 5188 In
986 5130 1202 5187 Arada.
1237 5131 1516 5201 (Ηιειιοκ.)
1560 5128 1913 5185 Miraculum.
1958 5130 2024 5184 Et

327 5224 464 5275 nota
512 5219 796 5286 ordinem,
848 5225 981 5292 post
1031 5220 1223 5275 frenos
1268 5220 1328 5274 in
1371 5217 1673 5273 Ecclesium
1729 5218 2019 5273 intromit-

325 5308 523 5378 timur,
566 5307 699 5363 inde
736 5309 806 5363 ad
854 5314 1110 5365 montem
1139 5308 1350 5364 Christi
1398 5307 1776 5375 ascendimus,
1806 5306 1867 5362 in
1903 5323 2020 5379 quo

324 5397 495 5469 positi
532 5396 812 5453 miramur
855 5413 987 5470 quas
1018 5413 1123 5454 nec
1150 5399 1348 5454 oculus
1390 5397 1550 5465 vidit,
1582 5413 1689 5453 nec
1733 5397 1888 5452 auris
1912 5412 2019 5451 au-

323 5485 483 5543 divit.

2118 441 2534 511 interpretatur
2563 440 2807 496 idoneus
2836 441 3093 508 effectus,
3124 445 3187 495 ut
3214 441 3429 497 scilicet
3473 442 3651 500 dicat:
3683 447 3793 501 ldo-

2117 546 2245 585 neos
2284 545 2381 585 nos
2422 533 2554 595 fecit
2600 533 2878 587 ministros
2927 528 3073 587 Noui
3126 532 3451 585 Testamenti
3492 534 3547 601 (Ι
3566 534 3675 589 Cor.
3708 536 3789 606 ιι).

2191 621 2357 674 Vens.
2412 621 2501 672 25.
2560 650 2628 659 -
2658 620 2944 675 Maceloth.
3004 619 3237 685 Coetus;
3284 619 3409 673 haec
3436 624 3522 673 est
3576 622 3796 678 Ecclesia

2117 707 2187 761 de
2234 723 2349 778 qua
2401 706 2645 762 dicitur:
2708 711 2833 762 Ecce
2880 723 3046 779 quam
3093 707 3290 761 bonum
3333 713 3385 762 et
3421 724 3581 777 quam
3611 711 3793 777 jucun-

2116 795 2263 856 dum.
2294 796 2561 862 habitare,
2606 799 2811 863 fratres
2842 799 2900 850 in
2938 811 3108 851 unum
3135 795 3197 867 (Ι
3237 797 3366 853 Cor.
3404 798 3506 866 ιιι).
3555 797 3645 853 Vel
3673 814 3793 854 cou-

2118 882 2377 937 sonantia
2408 882 2667 938 omnium
2698 884 2997 961 virtutum.

2190 971 2396 1042 (0a16.)
2445 972 2585 1027 Inde
2632 973 2859 1027 venitur
2884 972 2953 1027 ad
2998 972 3295 1037 Maceloth,
3343 972 3497 1043 quod
3528 972 3789 1045 interpre-

2118 1064 2272 1115 tatur
2316 1061 2388 1115 ab
2440 1060 2626 1116 initio.
2679 1062 3114 1132 Contemplatur
3160 1061 3317 1115 enim
3366 1061 3467 1133 qui
3522 1061 3589 1116 ad
3631 1064 3785 1133 perfe-

2119 1150 2367 1203 ctionem
2402 1150 2585 1204 tendit
2630 1150 2861 1204 initium
2909 1166 3126 1216 rerum,
3168 1150 3287 1203 imo
3321 1155 3527 1204 cuncta
3566 1151 3627 1204 ad
3669 1168 3777 1207 eum

2120 1238 2293 1292 refert
2321 1238 2420 1309 qui
2450 1245 2571 1292 erat
2598 1238 2659 1292 in
2698 1238 2980 1310 principio
3024 1239 3180 1309 apud
3213 1240 3418 1305 Deum,
3466 1254 3565 1293 nec
3586 1240 3646 1294 ab
3684 1240 3777 1296 isto

2121 1342 2378 1398 unquam
2408 1326 2621 1381 recedit
2649 1326 2829 1381 initio.

2193 1416 2401 1485 (Ηιειι.)
2471 1415 2542 1469 Ex
2591 1415 2697 1469 hac
2756 1413 2985 1469 venitur
3034 1414 3096 1467 in
3167 1414 3469 1479 Maceloth,
3523 1415 3663 1485 quod
3717 1420 3793 1470 est

2120 1504 2476 1576 principatus
2504 1504 2592 1557 vel
2621 1503 2818 1573 virgae,
2852 1508 3099 1573 utroque
3139 1507 3392 1573 potestas
3422 1502 3712 1569 indicatur,
3746 1509 3796 1558 et

2123 1592 2279 1665 quod
2331 1591 2523 1646 anima
2566 1607 2817 1663 eousque
2858 1591 3182 1662 profecerit,
3225 1595 3292 1646 ut
3341 1591 3662 1646 dominetur
3693 1607 3798 1646 cor-

2125 1681 2250 1753 pori
2279 1679 2443 1752 quasi
2474 1684 2676 1733 tenens
2700 1680 2918 1749 virgam
2949 1679 3269 1749 potestatis,
3304 1679 3425 1734 imo
3453 1679 3553 1733 toti
3583 1681 3797 1747 mundo,

2123 1786 2254 1826 cum
2283 1768 2451 1825 dicit:
2480 1769 2629 1822 Mihi
2649 1767 2883 1823 mundus
2912 1770 3206 1837 cruciﬁxus
3236 1774 3337 1833 est,
3370 1773 3498 1835 etc.,
3525 1766 3673 1837 (Gal.
3707 1770 3797 1835 v1).

2196 1860 2356 1913 Vsus.
2388 1859 2478 1912 26.
2514 1887 2580 1896 —
2612 1855 2882 1910 Thabath.
2919 1856 3119 1922 Pavor,
3155 1854 3258 1925 qui
3307 1860 3394 1910 est
3421 1861 3607 1910 custos
3632 1854 3801 1909 beati-

2122 1944 2361 2012 tudinis,
2426 1948 2491 1997 ut
2548 1942 2650 2014 qui
2706 1946 2932 1996 tantum
2987 1942 3260 2009 ascendit,
3324 1958 3445 1996 non
3493 1942 3798 2012 superbiat;

2123 2033 2319 2105 quasi:
2369 2031 2581 2086 Venisti
2629 2031 2701 2085 ad
2750 2030 3066 2096 ecclesiam,
3115 2030 3424 2085 ascendisti
3464 2032 3535 2086 ad
3567 2036 3802 2086 montem

2123 2120 2597 2195 pulcherrimum,
2652 2125 2885 2190 stupore
2918 2126 2977 2174 et
3012 2120 3290 2175 miraculo
3323 2127 3423 2176 tuo
3460 2120 3659 2176 Christi
3694 2135 3803 2174 ma-

2124 2209 2488 2278 gnitudinem
2533 2207 2842 2263 confiteris.
2892 2208 3059 2263 Vides
3101 2209 3181 2264 ibi
3226 2212 3440 2265 multos
3476 2208 3692 2264 virtutis
3726 2225 3805 2263 so-

2124 2300 2275 2354 cios:
2325 2299 2452 2353 Noli
2507 2298 2677 2352 altum
2722 2311 2933 2367 sapere,
2987 2297 3082 2352 sed
3129 2313 3322 2368 sapere
3367 2299 3441 2353 ad
3485 2299 3804 2353 sobrietatem

2127 2388 2298 2459 [Rom.
2329 2386 2449 2457 xu].
2481 2386 2679 2441 Timor
2724 2386 3003 2441 virtutum
3050 2392 3260 2454 custos,
3311 2388 3583 2442 securitas
3613 2387 3801 2453 labilis,

2125 2476 2316 2531 unde:
2356 2477 2527 2544 Virga
2582 2479 2678 2529 tua
2726 2480 2777 2529 et
2806 2476 3028 2530 baculus
3082 2480 3228 2543 tuus,
3280 2478 3409 2546 ipsa
3445 2493 3527 2532 me
3553 2478 3807 2531 consulatu

2124 2570 2252 2620 sunt
2303 2565 2464 2634 (Psal.
2524 2564 2640 2633 xu).
2700 2564 2817 2618 Hoc
2870 2568 2957 2619 est
3012 2564 3150 2619 dum
3207 2569 3499 2621 tormenta
3554 2564 3805 2629 formido,

2126 2654 2369 2725 gratiam
2401 2657 2689 2725 acceptam
2718 2668 2901 2707 servo.

2200 2760 2408 2829 (Οκιθ.)
2460 2761 2594 2814 Post
2622 2759 2743 2813 haec
2775 2759 2839 2813 fit
2889 2759 3106 2814 mansio
3137 2761 3197 2814 in
3243 2760 3522 2827 Thabath,
3559 2760 3703 2831 quod
3732 2763 3810 2812 est

2126 2848 2487 2903 conﬁrmatio
2539 2849 2628 2901 vel
2658 2848 2953 2918 patientia.
2989 2849 3224 2903 Necesse
3263 2854 3351 2903 est
3381 2849 3534 2904 enim
3564 2864 3689 2902 eum
3720 2846 3808 2917 qui

2125 2939 2249 2995 vult
2307 2939 2431 2993 aliis
2458 2938 2753 3009 prodesse,
2804 2939 2983 2992 multa
3023 2938 3161 3008 pati,
3218 2944 3276 2993 et
3304 2945 3510 2993 cuncta
3548 2938 3810 3010 patienter

2126 3029 2314 3095 ferre;
2346 3027 2531 3081 unde:
2589 3030 2703 3095 Ego
2746 3028 2888 3081 enim
2938 3026 3215 3081 ostendam
3243 3029 3295 3081 ei
3320 3032 3532 3097 quanta
3585 3031 3809 3097 oporteat

2126 3134 2246 3173 eum
2270 3119 2394 3187 pati
2414 3131 2516 3186 pro
2543 3117 2760 3170 nomine
2784 3130 2896 3170 meo
2930 3116 3074 3179 (Act.
3107 3116 3201 3183 1x).

2199 3208 2361 3260 Vans.
2392 3208 2480 3259 2‘1.
2514 3234 2583 3245 —
2613 3205 2997 3261 Castrametati
3046 3208 3173 3259 sunt
3202 3206 3261 3259 in
3302 3205 3501 3260 Thare.
3538 3202 3803 3273 (HIERON.)

2128 3292 2188 3347 Id
2235 3296 2322 3345 est
2349 3290 2588 3352 malitia,
2636 3293 2793 3357 etc.,'
2826 3305 2996 3359 usque
3043 3290 3118 3344 ad
3160 3296 3217 3345 et
3252 3291 3401 3346 Elias
3446 3309 3477 3346 a
3504 3290 3681 3347 corvis
3715 3304 3805 3360 pa-

2128 3380 2323 3433 scitur.

2200 3484 2403 3555 (01116.)
2452 3483 2589 3539 Inde
2632 3482 2864 3537 venitur
2894 3483 2967 3537 ad
3011 3483 3213 3545 Thare,
3260 3484 3418 3554 quod
3448 3489 3534 3538 est
3573 3486 3808 3537 contem-

2128 3575 2307 3648 platio
2363 3573 2631 3645 stuporis,
2680 3572 2740 3627 id
2784 3578 2869 3628 est
2899 3572 3105 3627 extasis
3133 3589 3263 3627 cum
3315 3575 3555 3645 alicujus
3601 3586 3810 3644 magna

2129 3663 2213 3719 rei
2244 3661 2515 3733 stupescit
2543 3660 2770 3715 animus
2797 3660 3208 3715 admiratione.

2202 3752 2473 3823 (ΗιεῐιοΝ.)
2514 3750 2695 3804 Thare
2721 3749 2937 3804 malitia
2981 3750 3071 3804 vel
3118 3753 3371 3820 pastura,
3408 3748 3560 3821 quod
3586 3748 3652 3803 ad
3685 3763 3812 3819 pra:-

2130 3842 2345 3914 positos
2382 3838 2666 3904 Ecclesiae,
2711 3839 2797 3891 vel
2831 3837 2902 3892 ad
2947 3837 3267 3892 custodiam
3311 3837 3521 3892 animae
3567 3837 3809 3900 refertur,

2131 3933 2195 3984 ut
2241 3928 2518 3983 sollicitus
2570 3927 2643 3981 sit
2698 3925 2800 3997 qui
2851 3926 3052 3997 pascit,
3107 3943 3179 3981 ne
3226 3926 3494 3981 diabolus
3537 3925 3596 3981 in
3640 3925 3812 3981 caulas

2132 4017 2349 4087 ovium,
2382 4017 2440 4072 id
2470 4020 2556 4072 est
2599 4015 2865 4071 ecclesias
2914 4015 3104 4087 aliquo
3147 4015 3417 4071 vitiorum
3462 4015 3733 4071 foramine
3759 4026 3811 4066 se

2130 4105 2378 4177 ingerat.

2058 4211 2103 4265 D
2198 4211 2359 4264 Vsus.
2416 4209 2506 4264 28.
2548 4239 2614 4249 -
2668 4209 2936 4265 Methcha.
3004 4211 3127 4281 (11).)
3174 4211 3442 4267 Dulcedo.
3502 4210 3701 4277 Quasi:
3739 4224 3813 4262 as-

2132 4297 2371 4354 cendisti
2399 4297 2460 4351 in
2513 4296 2799 4351 excelsum
2848 4302 3106 4353 montem
3150 4298 3350 4369 patris,
3403 4304 3460 4355 et
3506 4299 3734 4355 miratus
3760 4312 3811 4351 es

2132 4388 2410 4443 virtutum
2456 4386 2679 4453 choros,
2713 4386 2961 4441 timuisti
2990 4386 3241 4452 ruinam,
3291 4386 3551 4458 abjecisti
3594 4383 3809 4440 insidia-

2133 4481 2304 4542 tores,
2351 4476 2480 4530 ideo
2531 4475 2711 4531 dulcis
2759 4480 2815 4530 te
2873 4474 3089 4529 fructus
3133 4475 3345 4530 laboris
3394 4474 3726 4547 insequitur,
3756 4475 3813 4526 ut

2134 4564 2282 4620 dicat
2328 4564 2662 4620 Psalmista:
2715 4564 2886 4631 Quam
2932 4564 3116 4618 dulcia
3160 4564 3415 4631 faucibus
3455 4566 3585 4619 meis
3621 4562 3815 4631 eloquia

2135 4658 2231 4709 tua
2278 4655 2444 4723 (Psal.
2482 4655 2701 4723 cum)!
2746 4652 3009 4719 Samson,
3054 4652 3155 4724 qui
3186 4653 3455 4723 abegerat
3484 4669 3517 4706 a
3555 4648 3813 4707 fructibus

2134 4743 2251 4797 suis
2306 4758 2455 4808 aves,
2506 4745 2562 4795 et
2591 4742 2791 4811 vulpes
2844 4757 2975 4812 quae
3021 4740 3407 4795 exterminant
3446 4740 3634 4795 vineas
3677 4734 3816 4792 colli-

2133 4834 2381 4903 gaverat,
2419 4829 2644 4883 leonem
2689 4844 2917 4900 quoque
2962 4828 3329 4885 interfecerat
3374 4818 3714 4900 rugientem,
3744 4823 3814 4879 fa-

2132 4935 2267 4974 vum
2295 4917 2514 4973 invenit
2537 4917 2599 4972 in
2630 4932 2729 4972 ore
2762 4917 2993 4972 mortui.

2204 5028 2338 5082 Post
2386 5025 2509 5081 haec
2555 5028 2836 5080 venerunt
2893 5023 3290 5095 adﬂethcha,
3349 5025 3504 5097 quod
3555 5023 3813 5091 interpre-

2132 5118 2285 5168 tatur
2332 5128 2486 5168 mors
2539 5129 2722 5168 nova:
2784 5128 2939 5168 mors
2995 5117 3190 5167 autem
3254 5129 3403 5167 nova
3441 5117 3543 5180 est,
3600 5104 3811 5183 quando

2132 5202 2355 5258 Christo
2428 5200 2840 5257 commorimur
2892 5206 2949 5256 et
3004 5201 3449 5274 consepelimur,
3510 5204 3572 5254 nt
3624 5193 3807 5253 convi-

2130 5307 2329 5347 vamus
2361 5306 2432 5346 ει.

2201 5399 2363 5453 Vsas.
2424 5399 2514 5453 29.
2565 5427 2633 5439 —
2680 5400 2965 5453 Hesmona.
3024 5396 3164 5462 Qum
3216 5396 3621 5467 interpretatur
3665 5385 3803 5447 festi-

2128 5485 2308 5554 natio,
2354 5484 2494 5559 quia
2519 5490 2652 5559 post
2679 5485 2872 5542 dulces
2901 5485 3125 5542 fructus
3152 5484 3362 5541 laboris
3407 5497 3526 5539 non
3551 5479 3807 5537 debemus
