3976 6178
173 264 262 320 441

1297 259 1554 317 GLOSSA
1589 260 1989 318 ORDINARIA.
2026 288 2097 301 -
2135 261 2271 317 LIB.
2315 259 2478 317 NUM.

3552 260 3663 317 442

170 401 282 440 esse
319 383 508 450 otiosi,
557 383 657 439 sed
702 382 867 439 obliti
929 384 1354 457 preteritorum
1403 383 1465 439 in
1508 384 1704 439 futura
1756 387 1929 441 nosA
1964 383 2028 440 in
2092 384 2434 440 Jetebatha:
2488 385 2790 440 Jetebatha
2841 385 3258 457 interpretatur
3338 384 3520 452 bona;
3588 386 3657 441 ad

170 474 555 529 extendamus.

232 562 442 634 (01116.)
476 563 613 617 Inde
661 561 735 616 ad
777 562 987 617 Semen
1015 561 1264 628 venitur,
1299 562 1453 633 quod
1484 578 1567 629 os,
1617 563 1703 617 vel
1732 579 1858 617 ossa

171 650 486 722 signiﬁcare
534 649 763 716 dicitur,
806 650 867 704 in
914 665 1031 722 quo
1072 650 1250 704 virtus
1279 656 1332 705 et
1362 651 1538 706 robur
1565 650 1857 723 patientiae

166 738 499 793 declaratur.

231 828 390 881 Vens.
445 829 532 883 30.
580 856 647 867 —
715 826 1012 881 Moseroth.
1092 825 1369 897 (Ηιειιοκ.)
1444 827 1700 894 Vincula,
1769 828 1859 882 vel

171 915 485 987 disciplina.
523 916 595 970 Ut
623 915 1034 987 magistrorum
1058 919 1312 969 teramus
1352 915 1585 983 limina;
1616 920 1673 971 et
1705 932 1857 986 prae-

168 1011 324 1075 cepta
373 1005 676 1071 virtutum,
718 1020 784 1058 ac
834 1004 1106 1075 mysteria
1149 1004 1591 1074 Scripturarum,
1636 1006 1861 1059 vincula

166 1100 435 1164 putemus
487 1109 606 1147 esse
660 1098 877 1148 interna
922 1097 1117 1147 contra
1162 1093 1377 1148 diaboli
1420 1098 1757 1164 potestatem
1805 1101 1860 1149 et

167 1183 435 1237 vincula:
490 1182 700 1253 quibus
753 1181 999 1252 diruptis
1052 1181 1187 1236 vicit
1237 1183 1428 1237 hostes
1487 1183 1744 1237 Samson.
1782 1184 1859 1238 De

169 1271 374 1342 quibus
427 1270 684 1325 dicitur:
746 1271 1031 1340 Dirupisti
1098 1272 1317 1326 vincula
1356 1287 1477 1325 mea
1519 1271 1666 1343 (Psat
1711 1276 1854 1341 cxv).

167 1359 266 1423 Qui
311 1358 542 1414 vinculo
587 1360 791 1415 Christi
842 1359 1018 1414 fuerit
1074 1359 1303 1430 ligatus,
1371 1360 1556 1414 dicet:
1621 1361 1862 1415 Sinistra

167 1449 273 1517 ejus
301 1448 407 1502 sub
463 1450 642 1519 capite
686 1464 797 1503 meo
838 1456 889 1502 et
935 1448 1161 1503 dextera
1190 1450 1303 1519 ejus
1341 1449 1753 1518 amplexabitur
1777 1464 1860 1503 me

168 1536 396 1604 (Cantia.
424 1538 510 1605 11).

229 1624 439 1695 (0a16.)
473 1624 612 1680 Inde
652 1624 724 1679 ad
763 1624 1066 1690 Moseroth,
1122 1626 1275 1696 quod
1306 1629 1393 1680 est
1438 1626 1763 1688 excludens,
1796 1632 1860 1680 ut

159 1713 272 1782 jam
293 1713 566 1767 excludat
596 1713 990 1785 suggestiones
1032 1714 1305 1768 contrarii
1340 1714 1577 1785 spiritus
1602 1715 1671 1769 de
1697 1714 1855 1786 cogi-

166 1800 476 1856 tationibus
504 1802 660 1867 suis;
695 1801 843 1855 unde
877 1818 890 1855 :
922 1803 983 1859 Si
1028 1804 1258 1873 spiritus
1288 1809 1611 1874 potestatem
1640 1805 1862 1859 habenti

165 1890 464 1944 ascenderit
491 1905 656 1960 super
686 1897 756 1957 te,
786 1891 957 1946 locum
980 1896 1130 1947 tuum
1157 1908 1223 1947 ne
1258 1893 1508 1947 dimittas
1540 1892 1735 1963 (Eccli.
1766 1894 1849 1960 x).

165 1977 465 2032 Tenendus
502 1982 589 2032 est
642 1995 780 2051 ergo
835 1980 1016 2045 locus,
1068 1986 1125 2035 et
1175 1981 1562 2035 excludendus
1594 1981 1858 2037 adversa-

166 2066 296 2132 rius,
350 2083 428 2121 ne
481 2067 738 2121 inveniat
800 2067 990 2122 locum
1038 2068 1097 2122 in
1151 2070 1320 2125 corde
1386 2075 1602 2137 nostro,
1661 2070 1856 2125 unde:

168 2158 329 2213 Nolite
360 2158 538 2212 locum
563 2156 697 2211 dare
725 2156 941 2212 diabolo
966 2158 1178 2227 (Ephes.
1215 2166 1314 2231 ιν).
1747 2227 1759 2232 _

235 2247 397 2301 Vens.
430 2249 519 2301 32.
572 2275 641 2286 —
692 2246 1033 2314 Benejaacan
1082 2252 1358 2313 venerunt,
1419 2251 1524 2302 etc.
1579 2248 1860 2319 (Ηιιιιιοιι.)

174 2334 287 2388 Filii
314 2333 679 2388 necessitatis
720 2335 809 2388 vel
857 2334 1120 2390 stridoris
1158 2335 1427 2390 vicesima
1462 2342 1657 2391 octava
1695 2352 1860 2391 man-

171 2421 265 2477 sio.
298 2423 452 2477 Nota
475 2438 805 2491 numerum,
838 2423 973 2493 quia
1001 2422 1051 2477 si
1080 2424 1150 2479 ab
1183 2440 1300 2478 uno
1331 2424 1589 2495 incipias,
1642 2428 1697 2479 et
1726 2441 1865 2496 pau-

170 2512 319 2566 latim
346 2512 571 2566 addens
623 2511 694 2566 ad
753 2512 1062 2583 septimum
1120 2529 1301 2584 usque
1353 2513 1675 2584 pervenias,
1722 2513 1864 2567 vice-

172 2600 336 2654 simus
367 2605 603 2654 octavus
641 2600 902 2655 efﬁcitur.

233 2689 345 2758 (In)
432 2689 785 2758 Benejaacan
851 2688 1262 2759 interpretatur
1334 2687 1439 2743 ﬁlii
1511 2687 1865 2743 necessitatis

172 2778 248 2831 vel
295 2777 581 2832 stridoris.
637 2779 719 2831 De
759 2777 849 2831 his
896 2777 1032 2831 ﬁliis
1080 2776 1325 2832 dicitur:
1383 2777 1591 2845 Afferte
1640 2780 1863 2832 Domino

175 2864 298 2929 ﬁlios
325 2867 566 2918 arietum
599 2863 768 2933 (Psal.
804 2866 1018 2934 xxvm).
1050 2864 1192 2920 Cum
1238 2869 1433 2918 autem
1464 2862 1672 2919 divinis
1716 2863 1862 2918 Scri-

1896 1681 1938 1736 Β

1965 474 2184 529 bonum
2215 490 2351 545 ergo
2399 491 2513 530 non
2546 474 2656 529 nisi
2684 478 2815 545 post
2855 474 3241 529 tentationum
3270 474 3660 546 experimenta

1966 564 2214 618 venitur.

2033 652 2350 707 Jetebathaa.
2401 652 2676 720 (Hlaaoxv)
2732 651 2983 719 Bonitas,
3032 667 3163 722 quae
3218 656 3302 705 est
3352 650 3655 705 Christus:

1965 745 2031 795 ut
2057 756 2188 795 cum
2219 740 2545 795 venerimus
2574 740 2646 794 ad
2667 740 2979 811 perfectum
3011 741 3219 805 virum,
3252 739 3660 794 sacerdotalem

1966 830 2230 900 gradum,
2263 834 2320 884 et
2344 835 2567 883 atatem
2600 828 2971 900 plenitudinis
3001 829 3227 894 Christi,
3261 828 3323 883 in
3370 845 3485 899 qua
3526 829 3657 882 Eze-

1966 917 2113 972 chiel
2146 923 2268 972 erat
2284 918 2447 987 juxta
2472 918 2711 973 ﬂuvium
2743 918 2967 974 Chobar
3007 920 3225 987 (Ezech.
3269 919 3332 986 1),
3373 917 3660 989 possimus

1966 1021 2095 1059 cum
2132 1006 2303 1060 David
2330 1006 2390 1060 in
2424 1008 2645 1077 psalmo
2673 1023 2877 1061 canere
2910 1023 2923 1060 :
2959 1008 3208 1071 Domine,
3260 1009 3320 1060 in
3360 1011 3409 1059 te
3444 1007 3663 1074 speravi

1965 1111 2072 1149 non
2097 1096 2403 1162 confundor
2430 1099 2488 1150 in
2523 1102 2778 1151 aeternum
2823 1097 3006 1165 (Psal.
3056 1098 3207 1162 xxx).
3254 1097 3449 1150 Pastor
3493 1098 3656 1155 enim,

1969 1184 2134 1239 bonus
2158 1187 2314 1254 ponit
2343 1189 2584 1239 animam
2620 1200 2775 1239 suam
2811 1200 2911 1254 pro
2958 1185 3146 1239 ovibus
3190 1185 3325 1238 suis.
3361 1181 3547 1251 (Joan.
3578 1182 3658 1249 x.)

2042 1274 2208 1328 Vsus.
2243 1275 2330 1328 34.
2357 1302 2427 1315 -
2455 1274 2725 1328 Hebrona.
2758 1273 2892 1343 (l1).)
2919 1273 3232 1338 Transitus,
3282 1271 3343 1325 id
3378 1276 3461 1324 est
3492 1285 3659 1324 mun-

1967 1361 2091 1416 dus.
2120 1364 2365 1417 Przterit
2393 1366 2535 1416 enim
2580 1362 2765 1433 ﬁgura
2794 1363 2957 1430 hujus
3006 1362 3218 1426 mundi,
3250 1359 3311 1413 in
3350 1374 3523 1430 quem
3562 1374 3657 1410 ve-

1968 1450 2189 1505 nientes
2235 1450 2413 1505 sancti
2465 1452 2706 1522 cupiunt
2733 1451 2803 1504 ad
2834 1450 3073 1504 meliora
3103 1450 3364 1503 transire.
3398 1448 3483 1501 Ad
3514 1448 3660 1500 hanc

1970 1538 2328 1592 mansionem
2385 1539 2540 1592 venit
2594 1554 2762 1591 verus
2814 1538 3103 1604 Hebrmus,
3156 1538 3215 1591 id
3254 1544 3337 1591 est
3367 1536 3657 1603 transitur,

1968 1627 2069 1699 qui
2111 1627 2298 1681 dicere
2329 1632 2559 1696 potest:
2610 1630 2926 1693 Transiens,
2979 1626 3171 1681 videbo
3212 1628 3472 1681 visionem
3522 1626 3660 1678 hanc

1965 1731 2219 1782 magnam
2254 1716 2450 1785 (Exod.
2485 1716 2602 1787 111);
2640 1717 2792 1770 unde
2825 1732 2837 1769 :
2879 1718 2948 1771 Et
2979 1731 3085 1769 non
3111 1715 3372 1770 dicarunt
3400 1715 3497 1784 qui
3516 1728 3657 1783 pra-

1967 1806 2223 1869 teribant,
2264 1804 2574 1859 Benedictio
2604 1807 2815 1858 Domini
2851 1820 3014 1873 super
3040 1819 3152 1857 vos.
3186 1805 3351 1872 (Psal.
3407 1801 3658 1868 cxxvm.)

2036 1892 2239 1962 (0n16.)
2288 1892 2427 1946 Inde
2473 1892 2877 1963 applicuerunt
2924 1892 2982 1946 in
3037 1892 3319 1957 Hebrona,
3370 1889 3526 1961 quod
3577 1894 3662 1943 est

1966 1982 2237 2035 transitus
2279 1998 2292 2047 ;
2324 1982 2674 2035 transeunda
2702 1981 2858 2035 enim
2889 1988 3024 2035 sunt
3055 1980 3269 2048 omnia,
3303 1979 3454 2051 quod
3484 1978 3659 2032 etiam

1967 2067 2015 2121 si
2051 2069 2123 2121 ad
2163 2068 2316 2122 bona
2364 2068 2576 2134 venias,
2621 2073 2847 2138 oportet
2894 2074 2949 2123 te
2992 2068 3060 2123 ad
3110 2068 3347 2124 meliora
3394 2065 3657 2131 transire,

1966 2172 2269 2227 usquequo
2307 2156 2380 2210 ad
2410 2157 2552 2211 illud
2578 2156 2794 2211 bonum
2826 2156 3041 2223 venias,
3072 2155 3133 2210 in
3164 2172 3280 2227 quo
3302 2169 3529 2226 semper
3559 2154 3659 2209 de-

1966 2244 2101 2298 beas
2138 2261 2496 2315 permanere.

2039 2334 2200 2389 Vens.
2248 2336 2341 2389 35.
2406 2363 2476 2374 —
2521 2336 2587 2389 In
2635 2333 2999 2402 Asiongaber.
3049 2333 3253 2404 (Ηιειι.)
3308 2332 3661 2400 Asiongaber

1969 2423 2126 2491 ligna
2152 2424 2276 2478 viri.
2311 2424 2454 2489 Quia
2482 2424 2695 2479 scilicet
2714 2424 2962 2478 saltuum
2998 2428 3056 2478 et
3092 2423 3352 2477 omnium
3386 2422 3658 2477 arborum

1970 2528 2181 2582 genera
2210 2518 2449 2583 possunt
2476 2513 2906 2568 multitudinem
2938 2512 3197 2583 gentium
3220 2512 3487 2583 ﬁgurare.
3524 2512 3661 2566 Huc-

1972 2615 2151 2670 usque
2217 2600 2466 2655 solitudo
2532 2602 2756 2657 Pharan
2831 2600 3081 2655 decimas
3130 2605 3354 2653 octavas
3409 2598 3663 2654 continet

1970 2689 2316 2753 mansiones,
2360 2706 2489 2760 quas
2540 2690 2841 2760 descriptas
2883 2690 2943 2745 in
2990 2689 3254 2760 catalogo
3284 2689 3343 2742 in
3374 2685 3660 2757 superiori

1970 2777 2173 2832 itinere
2204 2795 2319 2832 non
2348 2783 2665 2849 ponuntur.

2044 2885 2205 2955 (OBIG
2232 2885 2252 2953 )
2287 2886 2418 2939 Post
2454 2885 2577 2939 haec
2605 2884 2833 2939 venitur
2865 2884 2935 2939 ad
2984 2885 3357 2956 Asiongaber,
3385 2882 3537 2954 quod
3567 2881 3659 2935 in-

175 2954 338 3045 Ρίξλτίξ
365 2952 549 3007 fueris
575 2951 857 3045 erudit?!"
888 2957 947 3045 (ἴθ’
986 2951 1140 3045 Ῑξῗεθῗ
1193 2967 1392 3006 earum
1435 2956 1492 3045 εί
1534 2950 1861 3045 ίξδδίίωθηίδ
1898 2975 1937 3029 C
1966 2950 2317 3045 ter‘pretatur
2358 2973 2597 3029 consilia
2642 2974 2766 3029 viri.
2836 2974 2893 3029 Si
2947 2974 3075 3045 quis
3117 2950 3284 3029 desiit
3340 2950 3484 3044 puer
3538 2985 3663 3025 esse

174 3041 351 3094 δθίθτίδ
407 3056 532 3094 esse
599 3040 825 3133 νίυίξυιδ
868 3039 1175 3104 θιλδτίίδίίδι
1227 3045 1284 3095 εί
1331 3040 1681 3096 contendens
1731 3056 1859 3094 cum
1969 3039 2249 3129 sensibus,
2306 3063 2564 3133 pervenit
2594 3063 2664 3117 ad
2716 3039 3113 3129 consilia—viri,
3145 3063 3291 3116 sicut
3319 3039 3414 3116 ille
3444 3060 3544 3132 qui
3572 3061 3663 3115 di-

174 3128 502 3182 adversariis
551 3127 754 3199 ligabis
805 3144 921 3195 eos,
981 3132 1037 3182 et
1090 3128 1270 3182 victos
1325 3128 1497 3183 duces
1538 3129 1597 3183 in
1626 3129 1860 3201 captivi-

173 3222 353 3280 tatem,
414 3223 476 3272 et
524 3217 594 3272 de
649 3216 908 3271 hostibus
965 3222 1023 3271 et
1078 3216 1312 3288 captivis
1369 3217 1578 3272 efﬁcies
1649 3218 1862 3272 liberos

177 3306 295 3372 Dei;
336 3310 396 3361 et
447 3305 552 3360 ﬁlii
601 3306 865 3360 stridoris
890 3305 1100 3361 timore
1130 3306 1419 3377 supplicii,
1450 3307 1551 3361 ubi
1581 3311 1665 3360 est
1694 3307 1862 3361 ﬂetus

173 3398 223 3447 et
249 3395 461 3450 stridor
488 3394 771 3459 dentium,
804 3394 1132 3450 deserentes
1160 3394 1389 3450 vincula
1432 3394 1664 3464 diaboli,
1698 3394 1863 3451 Chri-

171 3487 248 3537 sto
269 3485 420 3539 collo
442 3483 798 3538 submittant.

234 3572 442 3641 (Οιιω.)
483 3573 614 3627 Post
660 3573 782 3627 haee
821 3572 1046 3627 venitur
1086 3572 1155 3628 ad
1191 3572 1562 3645 Benejaacan,
1592 3573 1749 3644 quod
1786 3573 1860 3628 si-

170 3661 394 3731 gniﬁcat
444 3661 631 3716 fontes
678 3662 767 3717 vel
811 3661 1213 3729 excolationes,
1250 3661 1348 3716 ubi
1398 3662 1610 3716 scilicet
1637 3661 1860 3717 divino-

171 3765 290 3803 rum
329 3750 643 3805 verborum
672 3750 857 3805 fontes
906 3750 1117 3818 haurit,
1169 3767 1467 3822 usquequo
1505 3752 1718 3806 excolet
1764 3768 1862 3806 eos

170 3837 434 3906 bibendo,
487 3842 549 3892 ut
582 3853 683 3892 nec
732 3838 1038 3893 minimum
1069 3838 1305 3909 quidem
1348 3838 1678 3893 mandatum
1713 3854 1860 3909 prae-

170 3930 357 3992 tereat,
394 3927 517 3981 imo
549 3942 652 3980 nec
683 3942 864 3980 unum
910 3926 1047 3993 iota,
1081 3931 1180 3980 aut
1213 3942 1360 3980 unus
1400 3942 1545 3997 apex
1583 3926 1654 3981 de
1691 3926 1860 3981 verbo

173 4014 264 4068 Dei
294 4015 352 4069 in
378 4014 676 4069 intellectu
699 4015 822 4085 ejus
854 4015 1132 4069 habeatur
1159 4014 1396 4069 otiosus.

234 4105 491 4159 Montem.
526 4102 808 4174 (HIEBON.)
866 4103 1096 4174 Gadgad
1149 4104 1234 4158 vel
1286 4103 1542 4174 Galgath,
1586 4102 1863 4175 interpre-

174 4195 318 4246 tatur
343 4192 603 4259 nuntius,
638 4193 723 4247 vel
753 4191 920 4255 actio,
945 4192 1033 4246 vel
1062 4191 1328 4248 concisio.
1365 4192 1487 4247 Non
1526 4192 1680 4247 enim
1724 4208 1862 4262 pos-

173 4294 366 4333 sumus
421 4280 607 4334 facere
671 4280 821 4335 ﬁlios
892 4279 1265 4348 necessitatis,
1328 4279 1437 4334 nisi
1486 4284 1865 4351 praeceptores
1905 4257 1949 4313 Ῐ)

174 4381 368 4422 eorum
444 4367 921 4436 interfecerimus,
982 4383 1083 4421 nec
1146 4372 1344 4438 parcat
1408 4383 1615 4422 manus
1672 4373 1868 4421 nostra

171 4472 396 4511 armum
445 4461 545 4509 aut
591 4461 910 4511 extremum
965 4455 1235 4511 auricula:
1292 4456 1591 4511 extrahere
1647 4456 1718 4511 de
1766 4470 1863 4510 ore

172 4542 371 4614 leonis,
406 4548 465 4597 et
490 4543 946 4599 nuntiaverimus
977 4544 1212 4615 praemia
1240 4543 1453 4611 futura,
1498 4548 1557 4599 et
1586 4544 1866 4599 accinctos

173 4647 289 4686 esse
342 4633 408 4687 in
458 4632 795 4687 rebellando
852 4633 1244 4699 docuerimus;
1296 4633 1488 4688 unde:
1542 4633 1865 4689 Maledictus

173 4724 263 4791 qui
306 4723 454 4788 facit
508 4736 642 4791 opus
691 4724 787 4777 Dei
828 4723 1163 4791 negligenter
1203 4726 1255 4777 et
1298 4723 1554 4791 prohibet
1618 4722 1867 4791 gladium

170 4826 321 4865 suum
352 4828 388 4865 a
420 4814 685 4880 sanguine
734 4812 960 4881 (Jerem.
1010 4812 1216 4882 vam).
1257 4813 1319 4866 Et
1352 4812 1522 4866 David
1558 4828 1570 4865 :
1605 4813 1667 4867 In
1686 4815 1864 4865 matu-

171 4903 277 4955 tino
328 4900 721 4970 interﬁciebam
750 4916 926 4955 omnes
950 4906 1254 4971 peccatores
1286 4905 1441 4956 terra
1470 4903 1640 4970 (Psal.
1682 4902 1757 4971 c).

235 4990 447 5059 (0316.)
502 4991 633 5044 Post
673 4990 795 5044 haec
841 4990 999 5044 venit
1026 4990 1085 5044 in
1122 4990 1370 5060 Gadgad,
1403 4990 1555 5061 quod
1586 4989 1864 5060 interpre-

172 5079 318 5131 tatur
344 5082 789 5143 tentamentum,
834 5079 920 5132 vel
959 5078 1319 5150 constipatio.
1370 5078 1662 5132 Fortitudo
1706 5094 1863 5150 quaa-

175 5164 299 5221 dam
327 5167 391 5222 in
440 5168 555 5222 Deo
586 5171 644 5221 et
687 5166 1007 5236 munimen,
1050 5171 1139 5221 est
1184 5166 1392 5221 animae
1421 5171 1863 5222 tentamentum.

180 5252 253 5308 Ita
291 5256 449 5310 enim
480 5255 789 5311 virtutibus
842 5255 1206 5321 admiscetur,
1240 5259 1305 5309 ut
1353 5255 1656 5310 videantur
1683 5271 1866 5327 usque

178 5357 236 5396 eo
281 5360 394 5399 nec
434 5346 655 5399 decorae
685 5361 805 5399 esse
854 5361 958 5401 nec
1011 5346 1217 5415 plenae,
1250 5348 1305 5398 et
1350 5344 1475 5399 ideo
1506 5345 1866 5417 proﬁciscen-

177 5430 319 5487 tibus
368 5433 441 5489 ad
469 5433 743 5489 virtutem
785 5434 961 5489 varia:
988 5438 1048 5489 et
1089 5433 1420 5505 frequentes
1447 5433 1775 5491 mansiones
1803 5434 1867 5489 in

178 5521 583 5577 tentationibus
626 5523 795 5578 ﬁunt.
847 5522 999 5589 Quas
1027 5539 1160 5579 cum
1204 5522 1527 5591 transieris,
1552 5523 1866 5595 applicabis

1967 3152 2130 3206 cehat
2154 3168 2167 3204 :
2198 3151 2428 3217 Quando
2448 3157 2625 3206 antem
2636 3154 2817 3219 factus
2828 3167 2947 3206 sum
2960 3154 3069 3219 vir,
3092 3154 3350 3207 evacuavi
3370 3166 3488 3222 qua:
3506 3153 3663 3203 erant

1964 3241 2189 3311 parvuli
2245 3242 2290 3309 (Ι
2326 3240 2444 3296 Cor.
2498 3240 2635 3311 χιιι).
2670 3240 2815 3295 Sunt
2842 3256 2978 3311 ergo
3008 3256 3219 3309 magna
3247 3239 3485 3294 consilia
3517 3238 3661 3305 viri;

1968 3328 2121 3381 unde
2150 3344 2164 3381 :
2196 3329 2360 3397 Aqua
2389 3329 2504 3383 alta
2530 3331 2815 3384 consilium
2859 3332 2919 3384 in
2965 3329 3121 3383 corde
3170 3331 3278 3383 viri
3318 3329 3513 3397 (Prov.
3549 3325 3660 3394 xx.)

2039 3416 2202 3470 Vens.
2233 3418 2320 3471 36.
2352 3447 2420 3456 —
2463 3418 2532 3472 In
2582 3417 2869 3485 desertum,
2926 3423 3058 3483 etc.,
3112 3417 3416 3485 (menon)
3449 3413 3662 3481 Quaeri-

1967 3508 2082 3568 tur,
2118 3509 2248 3569 etc.,
2275 3520 2445 3575 usque
2474 3506 2549 3559 ad
2597 3505 2668 3560 de
2721 3506 2828 3560 hac
2883 3506 3179 3560 mansione
3207 3505 3414 3560 dicitur
3445 3522 3458 3559 :
3519 3505 3666 3561 Com-

1966 3594 2198 3648 movebit
2224 3597 2480 3649 Dominus
2512 3593 2778 3649 desertum
2807 3594 2999 3650 Gades.

2038 3701 2253 3770 (Οιιιο.)
2306 3700 2446 3754 Hinc
2489 3700 2697 3754 iterum
2737 3701 2856 3766 Sin,
2892 3700 2948 3755 id
2997 3705 3081 3755 est
3106 3702 3364 3761 tentatio,
3396 3699 3530 3772 quia
3561 3716 3667 3753 nec

1968 3790 2134 3843 aliter
2162 3789 2391 3859 expedit
2420 3789 2528 3842 hoc
2554 3789 2665 3843 iter
2717 3804 2906 3858 agere.
2956 3790 3187 3844 Aurifex
3241 3790 3395 3844 enim
3447 3806 3540 3842 vas
3571 3805 3666 3843 ne-

1968 3877 2273 3931 cessarium
2333 3877 2517 3931 facere
2570 3878 2766 3931 volens
2822 3878 3151 3949 frequenter
3205 3879 3469 3931 admovet
3523 3877 3662 3947 igni,

1971 3966 2161 4021 subdit
2217 3964 2458 4031 malleis,
2508 3965 2737 4019 rasoriis
2804 3966 3159 4036 perstringit,
3235 3970 3295 4019 ut
3364 3966 3665 4036 purgatius

1969 4055 2089 4121 ﬁat,
2125 4058 2182 4108 et
2210 4053 2281 4108 ad
2311 4054 2578 4125 speciem,
2640 4070 2815 4125 quam
2876 4053 3149 4125 prospicit
3200 4053 3422 4120 artifex,
3463 4070 3663 4125 perve-

1969 4145 2104 4197 niat.

2049 4249 2175 4321 (11).)
2216 4250 2348 4304 Post
2384 4247 2507 4303 hinc
2551 4252 2830 4304 venerunt
2885 4250 2955 4305 ad
3004 4249 3228 4305 Pharan
3286 4248 3475 4313 Cades,
3532 4253 3662 4315 etc.,

1972 4354 2142 4410 usque
2194 4338 2268 4392 ad
2298 4336 2459 4392 Alius
2509 4336 2664 4392 enim
2714 4337 2774 4392 in
2821 4338 2985 4405 valle,
3040 4338 3186 4392 alius
3237 4337 3472 4409 campis,
3522 4337 3666 4391 alius

1974 4426 2220 4482 moritur
2246 4427 2308 4481 in
2342 4422 2558 4493 monte,
2592 4426 2737 4481 alius
2766 4426 2825 4481 in
2851 4433 3045 4482 monte
3074 4426 3307 4482 montis.

2047 4533 2170 4605 (Ιυ.)
2220 4534 2354 4589 Inde
2403 4533 2720 4605 applicatur
2766 4532 2827 4589 in
2885 4538 3079 4590 monte
3124 4535 3258 4601 Hor,
3298 4534 3451 4605 quod
3496 4534 3667 4588 inter-

1974 4628 2239 4694 pretatur
2287 4627 2614 4678 montanus.
2664 4623 2827 4678 Venit
2856 4624 3015 4678 enim
3042 4622 3113 4678 ad
3142 4628 3399 4677 montem
3452 4623 3574 4689 Dei,
3603 4627 3671 4676 ut

1975 4712 2077 4767 ﬁat
2135 4727 2300 4766 mons
2348 4711 2511 4778 uber,
2564 4728 2727 4766 mons
2779 4712 3133 4784 coagulatus.
3182 4712 3280 4766 Vel
3310 4712 3381 4799 ab
3410 4727 3479 4766 eo
3510 4711 3667 4783 quod

1974 4815 2200 4871 semper
2228 4798 2283 4852 in
2316 4804 2513 4852 monte
2536 4798 2630 4852 Dei
2661 4798 2898 4866 habitet,
2923 4798 3143 4851 dicatur
3176 4798 3503 4852 montanus.

2044 4907 2207 4961 Veas.
2242 4908 2329 4961 38.
2361 4935 2432 4946 —
2463 4905 2652 4959 Aaron
2700 4904 2951 4959 sacerdos
2980 4906 3058 4969 in,
3110 4908 3214 4958 etc.
3248 4902 3423 4974 (1510.)
3458 4901 3668 4958 Eodem

1974 5011 2125 5050 anno
2157 5000 2416 5049 mortuus
2473 4997 2559 5048 est
2610 4995 2820 5061 Aaron,
2868 5008 2983 5064 quo
3016 5008 3199 5046 novus
3247 4992 3494 5062 populus
3549 4996 3665 5047 ter-

1974 5099 2095 5138 ram
2129 5080 2530 5154 promissionis
2573 5081 2886 5136 intraturus
2942 5085 3091 5137 erat.
3141 5082 3206 5136 Et
3242 5096 3575 5153 quanquam
3604 5081 3666 5136 in

1975 5176 2195 5237 monte,
2249 5170 2512 5227 Eleazaro
2580 5169 2962 5224 sacerdotium
3017 5168 3412 5241 dereliquerit,
3465 5174 3524 5224 et
3578 5170 3668 5226 lex

1973 5274 2068 5313 eos
2115 5257 2216 5330 qui
2278 5272 2406 5312 eam
2453 5256 2821 5326 impleverint
2878 5256 3153 5327 perducat
3201 5256 3269 5311 ad
3332 5271 3660 5325 summum;

1972 5350 2168 5401 tamen
2193 5345 2316 5416 ipsa
2348 5343 2670 5400 sublimitas
2694 5360 2810 5399 non
2841 5350 2926 5399 est
2953 5351 3109 5400 trans
3132 5345 3353 5401 ﬂuenta
3378 5345 3663 5414 Jordanis,

1974 5434 2071 5490 sed
2090 5434 2152 5489 in
2181 5432 2452 5489 extremis
2480 5438 2847 5489 terrenorum
2877 5450 3118 5506 operum
3150 5434 3379 5491 ﬁnibus.
3424 5434 3490 5489 Et
3512 5436 3669 5504 plan-

1973 5525 2058 5595 git
2103 5538 2235 5579 eum
2280 5524 2533 5593 populus
2558 5523 2799 5594 triginta
2826 5524 3065 5580 diebus:
3109 5528 3322 5589 Aaron,
3352 5524 3667 5597 plangitur,
