3976 6178
311 207 425 263 443

939 209 1328 265 WALAFRIDI
1370 209 1615 265 STRABI
1657 208 1861 264 FULD.
1903 209 2068 265 MON.
2109 211 2258 267 OPP.
2301 211 2476 266 PARS
2513 211 2554 266 Ι.
2595 240 2665 249 —-
2703 209 3156 267 THEOLOGICA.
3688 220 3782 277 ω

315 333 477 387 Jesus
505 347 625 386 non
675 332 997 404 plangitur;
1029 332 1090 386 in
1121 331 1272 404 lege,
1316 331 1617 387 descensus
1648 331 1720 386 ad
1767 331 2009 398 inferos;
2050 332 2100 390 Α
2130 336 2572 388 contemnantur
2601 333 2832 405 penitus
2858 337 3089 390 terrena
3117 349 3132 389 :
3164 333 3274 388 nisi
3311 335 3462 390 enim
3487 341 3783 411 contempta

319 422 380 476 in
414 422 739 492 Evangelia,
775 423 847 476 ad
878 421 1206 491 paradisum
1227 420 1500 475 ascensio.

391 511 556 564 Vens.
581 510 671 564 40.
694 538 763 550 -
792 510 1146 579 Audivitque.
1178 508 1356 580 ([sm.)
1379 508 1609 563 Audivit
1629 524 1858 580 quoque
1879 509 2016 564 Cha-

323 614 559 654 naneus
616 599 773 670 quod
805 599 1049 654 venisset
1093 599 1286 660 Israel,
1343 603 1399 652 et
1445 598 1504 652 in
1535 599 1657 652 loco
1695 598 2015 668 explorato-

319 704 473 755 rum,
509 687 608 742 ubi
638 688 929 759 quondam
961 687 1241 758 populum
1268 686 1572 742 offendisse
1603 691 1856 752 noverat,
1888 685 2016 740 iniit

322 778 586 848 praelium
617 782 675 830 et
702 777 988 846 captivum
1017 777 1180 830 duxit
1207 777 1404 830 Israel.
1446 776 1692 830 Rursum
1724 775 1780 828 in
1812 776 2016 829 eodem

321 867 447 920 loco
481 871 863 935 expugnatur,
919 882 983 919 ex
1032 869 1160 919 voto
1207 865 1389 920 victor
1439 865 1702 928 vincitur,
1745 870 2017 934 superant

323 953 468 1008 victi.
507 956 613 1009 Per
642 955 792 1025 quod
823 954 1216 1024 intelligimus,
1253 959 1312 1008 ut
1353 970 1485 1008 cum
1515 970 1617 1008 nos
1654 953 1865 1007 auxilio
1917 953 2017 1007 Dei

323 1043 624 1099 destitutos
674 1044 865 1098 hostes
911 1041 1271 1114 captivarint,
1319 1058 1435 1097 non
1473 1042 1842 1111 desperemus
1871 1043 2014 1096 salu-

327 1140 468 1199 tem,
497 1133 591 1187 sed
616 1130 828 1186 iterum
859 1147 1204 1202 pugnemus.
1239 1133 1430 1185 Potest
1463 1131 1590 1185 fieri
1609 1136 1673 1185 ut
1698 1130 2012 1196 vincamus,

325 1221 422 1276 ubi
475 1221 605 1275 victi
654 1237 872 1276 sumus.
927 1221 1378 1292 Appellaturque
1436 1235 1646 1274 nomen
1697 1218 1806 1274 loci
1856 1218 2014 1274 illius

322 1310 564 1375 Horma,
601 1309 656 1363 id
689 1313 777 1363 est
804 1310 1126 1364 anathema.

392 1400 555 1453 Vens.
611 1400 698 1454 41.
741 1428 811 1440 -ο
862 1401 928 1454 In
971 1400 1231 1454 salmona.
1297 1397 1568 1468 (Ηιεκοκ.)
1617 1396 2014 1453 Castrametati

323 1492 458 1542 sunt
505 1487 566 1542 in
595 1487 882 1554 Salmona,
937 1492 1064 1552 etc.,
1123 1503 1291 1557 usque
1328 1488 1402 1542 ad
1452 1503 1662 1542 manna
1690 1486 2008 1552 fastidiunt,

319 1594 356 1630 a
382 1576 745 1648 serpentibus
765 1576 1154 1630 vulnerantur.

393 1666 600 1736 (ORIG)
643 1664 935 1735 Sequitur,
989 1664 1328 1736 etc.,{usque
1381 1665 1456 1720 ad
1509 1663 1765 1720 Christus
1807 1669 1912 1734 est,
1961 1671 2018 1721 et

323 1754 569 1826 Spiritus
597 1761 841 1808 sanctus.

399 1843 679 1914 (Ηιειιοη.)
727 1844 994 1899 Salmona
1035 1842 1424 1910 imaguncula,
1465 1842 1600 1914 quia
1645 1843 1726 1898 ibi
1755 1858 2019 1914 expressa

326 1937 412 1986 est
440 1931 631 2002 imago
679 1931 989 1987 Salvatoris
1034 1947 1141 2002 per
1184 1937 1509 2002 serpentem
1557 1948 1784 1988 aeneum
1831 1933 2019 2005 quiin

325 2019 486 2091 ligno
518 2020 810 2091 pependit.

408 2110 568 2164 Vens.
625 2110 713 2163 42.
771 2139 840 2150 —-
886 2110 1132 2165 Phunon.
1193 2109 1288 2173 Os,
1329 2107 1467 2180 quia
1519 2124 1650 2163 cum
1699 2110 2018 2181 passionem

332 2197 460 2252 Filii
493 2198 592 2253 Dei
623 2199 1041 2268 cognoscimus,
1075 2198 1227 2269 quod
1244 2198 1414 2252 corde
1432 2198 1736 2267 credimus,
1764 2216 1861 2254 ore
1892 2216 2020 2271 pro-

326 2287 675 2350 nuntiamus,
711 2287 1026 2342 secundum
1056 2286 1198 2342 illud
1223 2303 1236 2341 :
1266 2287 1432 2344 Corde
1458 2287 1698 2342 creditur
1727 2288 1802 2342 ad
1845 2289 2015 2358 justi-

327 2378 482 2441 tiam,
515 2381 622 2430 etc.
658 2375 829 2443 (Rom.
869 2377 952 2445 x.)

403 2463 604 2535 (Onlc.)
651 2465 793 2519 Hinc
851 2462 1075 2518 venitur
1125 2464 1197 2519 ad
1255 2463 1515 2528 Phunon,
1567 2465 1718 2536 quod
1750 2471 2022 2536 putamus

327 2568 450 2607 esse
503 2553 618 2607 oris
655 2552 1098 2623 parcimoniam;
1150 2551 1250 2623 qui
1309 2550 1465 2605 enim
1518 2553 1768 2622 potuerit
1818 2562 2021 2624 myste-

325 2641 480 2695 rium
513 2640 740 2706 Christi,
772 2645 830 2695 et
854 2639 1098 2710 Spiritus
1133 2639 1323 2710 {sancti
1352 2639 1585 2706 intueri,
1617 2644 1674 2694 et
1704 2640 1907 2696 viderit
1933 2643 2018 2697 vel

329 2730 579 2784 audierit
621 2745 750 2801 quia
800 2745 916 2783 non
954 2729 1085 2783 licet
1114 2727 1336 2784 homini
1367 2728 1542 2799 loqui,
1577 2731 1896 2785 necessario
1925 2731 2022 2786 ha-

328 2816 488 2873 bebit
523 2817 635 2872 oris
690 2817 1126 2888 parcimoniam,
1177 2816 1358 2870 sciens
1405 2815 1634 2886 quibus,
1675 2817 1906 2887 quando
1934 2817 2021 2872 vel

330 2905 620 2978 quomodo
639 2906 708 2960 de
737 2905 1020 2977 mysteriis
1045 2905 1252 2960 divinis
1276 2909 1537 2976 oporteat
1565 2904 1743 2976 loqui.

401 2996 560 3050 Vens.
612 2996 701 3050 43.
734 3025 804 3036 -
851 2996 1041 3052 Oboth.
1084 2994 1362 3066 (ΗιειιοΝ.)
1412 2993 1560 3065 Magi
1595 2994 1682 3049 vel
1721 2994 2023 3066 pythones,

332 3083 470 3156 quia
522 3088 651 3155 post
715 3084 1032 3155 imaginem
1095 3083 1198 3139 Dei
1267 3100 1398 3154 quae
1464 3083 1521 3137 in
1575 3084 1745 3138 corde
1807 3083 2026 3138 ratione

331 3177 708 3239 monstratur,
741 3179 798 3227 et
833 3173 1252 3227 confessionem
1274 3172 1409 3227 ﬁdei
1429 3188 1560 3242 qua:
1589 3188 1688 3226 ore
1719 3173 2024 3244 profertur,

333 3267 690 3331 consurgunt
720 3267 1032 3331 serpentes,
1071 3265 1128 3315 et
1154 3261 1431 3315 maleﬁca:
1462 3265 1611 3314 artes
1642 3261 1711 3315 ad
1741 3260 1890 3315 bella
1923 3278 2026 3315 nos

333 3354 670 3419 provocant.
709 3349 815 3404 Sed
846 3349 1004 3402 omni
1030 3349 1288 3403 custodia
1315 3353 1603 3402 servantes
1628 3364 1724 3402 cor
1744 3355 2022 3417 nostrum,

333 3438 666 3492 obturemus
716 3453 882 3492 aures
921 3443 1144 3490 nostras
1183 3453 1254 3492 ne
1298 3437 1602 3492 audiamus
1630 3453 1794 3491 voces
1829 3437 2029 3493 incan-

332 3525 577 3582 tantium
608 3532 664 3584 et
692 3525 944 3581 carmina
973 3526 1314 3582 sirenarum.

407 3613 615 3686 (Ome)
666 3616 798 3670 Post
838 3614 944 3669 hoc
981 3614 1210 3668 venitur
1242 3613 1302 3667 in
1332 3613 1534 3670 Oboth.
1570 3613 1744 3684 Cujus
1776 3613 2028 3668 nominis

335 3703 594 3774 quamvis
633 3719 750 3757 nou
779 3701 1171 3758 invenerimus
1200 3702 1752 3774 interpretationem,
1779 3719 1895 3756 non
1920 3702 2027 3756 du-

325 3777 580 3846 bitamus
610 3792 754 3846 sicut
807 3791 869 3846 in
928 3791 1170 3859 caeteris,
1206 3795 1262 3846 et
1291 3791 1353 3845 in
1400 3791 1511 3846 hoc
1558 3791 2028 3864 consequentiam

335 3879 693 3950 profectuum
726 3879 1068 3935 conservari.

407 3969 573 4024 Vens.
606 3971 695 4024 44.
763 4001 815 4010 -
866 3969 932 4024 Ιη
962 3967 1525 4040 ﬁnibusnSigniﬁcat
1576 3967 1886 4022 secundum
1943 3967 2031 4020 lit-

337 4065 542 4128 teram,
569 4059 724 4131 quod
747 4060 1044 4130 hucusque
1066 4060 1297 4114 fuerunt
1326 4057 1387 4112 in
1414 4057 1626 4112 ﬁnibus
1644 4057 2028 4112 Idumaeorum

340 4154 399 4204 et
426 4165 581 4203 nunc
610 4149 847 4203 veniunt
875 4148 944 4202 ad
975 4149 1252 4201 terminos
1285 4147 1461 4202 Moab.

410 4237 614 4308 (Onlc.)
681 4236 951 4307 Sequitur
1000 4241 1128 4307 post
1172 4236 1294 4290 haec
1359 4235 1581 4290 mansio
1651 4233 1772 4299 Gai,
1839 4232 1896 4287 id
1952 4237 2036 4287 est

341 4325 527 4380 Chaos
558 4341 573 4378 :
601 4323 934 4395 appropriat
964 4323 1118 4376 enim
1151 4338 1253 4393 per
1288 4322 1395 4377 hoc
1424 4321 1712 4393 profectus
1737 4323 1807 4376 ad
1847 4321 2037 4375 sinum

338 4413 600 4478 Abrahae,
633 4412 731 4484 qui
759 4413 840 4466 ait
871 4428 884 4466 :
919 4414 1070 4467 Inter
1114 4427 1215 4468 nos
1235 4415 1286 4466 et
1312 4427 1403 4466 vos
1427 4426 1684 4479 magnum
1723 4411 1888 4465 chaos
1935 4409 2036 4480 ﬁr-

339 4508 546 4558 matum
583 4507 662 4556 est
685 4501 835 4571 (Luc.
869 4500 981 4570 xv),
1028 4504 1093 4554 ut
1121 4515 1249 4554 cum
1283 4501 1492 4555 Lazaro
1519 4498 1857 4570 requiescat.

408 4593 474 4646 In
505 4590 812 4656 Dibongad.
859 4589 1141 4660 (HIEBON.)
1191 4588 1507 4658 Dibongad,
1548 4597 1680 4654 etc.,
1744 4603 1914 4657 usque
1962 4588 2039 4642 ad

341 4679 440 4734 sed
499 4677 815 4734 econtrario
875 4676 1245 4732 solitudinem
1298 4676 1466 4731 nobis
1517 4676 1870 4748 propositam
1929 4692 2032 4730 no-

339 4767 612 4821 verimus.

413 4855 626 4926 (Ome)
682 4854 818 4910 Inde
877 4853 1106 4909 venitur
1148 4853 1360 4908 iterum
1408 4853 1480 4909 ad
1530 4853 1850 4924 Dibongad,
1905 4857 2038 4922 etc.,

342 4961 514 5014 usque
559 4945 633 5000 ad
687 4961 862 5017 quam
915 4943 1163 5016 perfecte
1191 4948 1249 4999 et
1284 4944 1378 5014 pie
1427 4943 1497 4999 de
1545 4944 1658 4998 Deo
1709 4942 1919 4998 sentiat
1945 4959 2038 4998 co-

342 5039 669 5105 gnoscatur.

412 5124 572 5179 Vens.
638 5125 728 5181 46.
785 5153 859 5165 -
915 5122 1498 5179 Hetmondeblathaim.
1547 5120 1824 5192 (Ηιιςιιοκ.)
1878 5121 2039 5186 Quod

347 5211 777 5283 interpretatur,
828 5218 960 5281 etc.,
990 5229 1159 5285 usque
1205 5213 1280 5268 ad
1323 5212 1413 5267 vix
1447 5212 1648 5284 populi
1679 5211 1944 5282 precibus
1971 5210 2038 5265 li-

341 5301 626 5358 beratum.

417 5393 624 5464 (Onic.)
670 5393 804 5447 Post
855 5392 978 5447 hinc
1027 5391 1257 5447 venitur
1307 5391 1369 5446 in
1421 5389 2035 5454 Helmondeblatbaim,

345 5483 502 5556 quod
551 5481 964 5555 interpretatur
1008 5484 1370 5553 contemptus
1416 5480 1657 5546 ﬁcuum,
1706 5478 1766 5533 id
1811 5481 1898 5533 est
1940 5476 2041 5531 ubi

2127 421 2363 487 fuerint,
2393 438 2521 492 quas
2552 422 2838 477 delectare
2868 422 3132 478 videntur
3156 422 3217 478 in
3246 424 3426 490 terris,
3459 426 3524 481 ad
3557 428 3782 484 caelestia

2127 511 2372 565 transire
2401 527 2515 566 non
2545 527 2869 581 possumus.

2196 601 2355 655 Vens.
2413 601 2502 654 47.
2547 629 2617 641 --
2673 603 2945 656 Venerunt
2992 601 3067 654 ad
3106 606 3331 656 montem
3369 603 3589 658 Abarim
3614 612 3781 661 contra

2125 689 2296 756 Nabo,
2355 693 2462 744 etc.
2531 688 2815 759 (Ηιεηοκ.)
2865 689 3304 760 Quadragesima
3355 691 3535 762 prima
3581 695 3779 750 mansio

2125 776 2366 830 vertitur
2413 777 2473 830 in
2513 783 2740 830 montes
2791 777 3232 845 transeuntium,
3279 784 3336 833 et
3380 786 3464 835 est
3497 787 3680 836 contra
3711 785 3780 839 fa-

2124 865 2278 924 ciem.
2300 865 2507 920 montis
2538 865 2712 920 Nabo.

2197 953 2401 1022 (Ome)
2451 953 2721 1024 Sequitur
2767 953 2987 1008 mansio
3019 954 3269 1020 Abarim,
3326 958 3474 1030 quod
3511 964 3590 1013 est
3616 965 3774 1014 trans-

2121 1038 2237 1094 itus
2266 1047 2472 1096 contra
2512 1041 2730 1107 Naban,
2766 1042 2918 1112 quod
2943 1048 3029 1096 est
3050 1043 3349 1098 abscessio.
3388 1043 3490 1098 Ubi
3524 1045 3663 1100 enim
3687 1063 3773 1116 per

2123 1129 2226 1184 has
2257 1147 2456 1184 omnes
2485 1129 2723 1185 virtutes
2746 1131 2939 1184 anima
2968 1131 3278 1198 transierit,
3311 1138 3370 1188 et
3413 1134 3482 1188 ad
3520 1151 3764 1190 summum

2122 1219 2490 1289 perfectionis
2545 1219 2886 1286 ascenderit,
2935 1221 3138 1275 transit
3182 1221 3306 1292 jam
3363 1222 3434 1277 de
3485 1224 3678 1291 saeculo,
3717 1230 3766 1278 et

2122 1307 2377 1362 abscedit
2405 1308 2550 1362 sicut
2574 1308 2828 1376 Henoch,
2883 1309 2984 1379 qui
3037 1325 3151 1363 non
3201 1309 3605 1376 inveniebatur,
3655 1312 3770 1382 quia

2121 1397 2417 1452 transtulit
2461 1398 2624 1452 illum
2682 1398 2851 1452 Deus.
2907 1397 3070 1462 Quod
3128 1398 3175 1452 si
3215 1399 3476 1454 videatur
3521 1401 3685 1456 adhuc
3720 1401 3774 1456 in

2121 1488 2327 1540 saeculo
2384 1503 2524 1554 esse,
2557 1492 2612 1542 et
2639 1504 2712 1541 ne
2741 1504 2911 1542 carne
2941 1487 3217 1555 habitare,
3253 1495 3448 1544 tamen
3492 1506 3599 1545 non
3643 1491 3777 1546 inve-

2123 1575 2282 1630 nitur
2301 1576 2361 1630 in
2392 1577 2508 1630 ullo
2539 1577 2799 1632 saeculari
2819 1582 2966 1645 actu,
2999 1577 3134 1649 quia
3165 1579 3454 1634 transtulit
3470 1579 3624 1634 illum
3654 1581 3781 1635 Deus

2124 1662 2185 1717 in
2206 1666 2501 1734 regionem
2524 1666 2821 1720 virtutum.

2195 1756 2470 1826 (manem)
2506 1754 2606 1808 Hic
2662 1755 2908 1809 moritur
2951 1755 3182 1826 Moyses,
3228 1761 3384 1811 terra
3427 1757 3789 1827 promissionis

2124 1851 2258 1901 ante
2313 1848 2637 1914 conspecta.
2699 1843 2857 1898 Nabo
2920 1843 3335 1915 interpretatur
3387 1847 3680 1913 conclusio,
3737 1847 3789 1900 in

2125 1950 2242 2006 qua
2270 1933 2471 1988 ﬁnitur
2501 1933 2612 1998 lex,
2644 1936 2702 1987 et
2727 1947 2843 1986 non
2892 1931 3182 1986 invenitur
3211 1933 3338 2004 ejus
3385 1935 3668 2000 memoria,
3705 1935 3789 1989 sed

2125 2022 2308 2094 gratia
2349 2021 2641 2092 Evangelii
2687 2020 2811 2074 sine
2855 2021 2968 2074 ﬁne
3019 2025 3364 2091 perseverat.
3391 2023 3459 2077 Et
3503 2023 3792 2077 notandum

2126 2111 2283 2184 quod
2331 2111 2554 2164 mansio
2606 2111 3032 2165 transeuntium
3066 2111 3128 2164 in
3174 2112 3470 2167 montibus
3495 2113 3594 2166 sita
3625 2119 3719 2174 est,
3746 2119 3796 2166 et

2123 2200 2311 2256 adhuc
2337 2199 2593 2270 profectu
2619 2199 2841 2269 indiget
2873 2215 2886 2253 :
2926 2205 3054 2270 post
3096 2206 3372 2255 montana
3420 2201 3569 2256 enim
3599 2207 3706 2255 tam
3734 2203 3795 2256 ad

2125 2287 2475 2359 campestria
2519 2287 2682 2342 Moab
2734 2293 2794 2342 et
2837 2287 3097 2343 Jordanis
3149 2288 3365 2344 ﬂuenta
3408 2289 3793 2352 descendimus,

2125 2377 2226 2449 qui
2275 2379 2684 2448 interpretatur
2736 2376 3050 2430 descensio.
3103 2377 3256 2432 Nihil
3308 2378 3460 2433 enim
3507 2384 3619 2432 tam
3661 2377 3796 2448 peri-

2127 2466 2386 2522 culosum
2443 2481 2620 2536 quam
2689 2464 2886 2535 gloria:
2960 2465 3242 2536 cupiditas
3298 2471 3357 2521 et
3420 2466 3702 2538 jactantia,
3749 2472 3800 2519 et

2127 2553 2355 2608 animus
2392 2553 2738 2607 conscientia
2763 2552 3036 2606 virtutum
3065 2554 3344 2610 tumidus.

2198 2643 2359 2696 Vens.
2390 2643 2479 2697 48.
2507 2671 2577 2683 -—-
2609 2641 2702 2696 Ad
2730 2645 3058 2711 campestria
3101 2644 3278 2698 Moab.
3312 2643 3442 2714 (ln.)
3484 2645 3544 2697 In
3582 2641 3802 2714 quadra-

2129 2730 2347 2802 gesima
2379 2731 2626 2785 secunda
2674 2730 2994 2796 mansione,
3037 2738 3167 2798 etc.,
3213 2748 3387 2801 usque
3429 2733 3504 2787 ad
3549 2736 3603 2786 et
3631 2731 3803 2803 spinas

2129 2835 2260 2890 quas
2305 2818 2723 2874 suﬁ‘ocaverunt
2769 2825 3087 2874 sementem
3135 2821 3292 2875 verbi
3350 2820 3449 2876 Dei
3498 2821 3566 2876 de
3615 2819 3805 2890 quibus

2066 2909 2105 2964 C
2139 2907 2383 2962 dicitur:
2423 2909 2681 2963 Versatus
2701 2923 2820 2962 sum
2850 2911 2910 2962 in
2938 2911 3182 2976 miseria,
3213 2910 3345 2964 dum
3372 2911 3510 2965 mihi
3537 2909 3808 2980 conﬁgitur

2134 2999 2294 3067 spina
2333 2997 2495 3065 (Psal.
2537 2996 2708 3068 xxxx).

2209 3085 2413 3155 (Οκια.)
2463 3085 2671 3141 Ultima
2718 3085 2940 3139 mansio
2991 3091 3095 3149 est,
3137 3092 3269 3154 etc.,
3317 3102 3490 3156 usque
3535 3087 3608 3140 ad
3634 3084 3807 3156 profe-

2135 3177 2288 3226 ctum
2319 3171 2529 3226 mentis
2561 3172 2816 3226 indicant
2844 3178 2902 3227 et
2939 3175 3294 3229 incrementa
3317 3176 3612 3229 virtutum.

2207 3261 2368 3314 Vens.
2429 3264 2516 3315 51.
2575 3291 2644 3302 -—-
2697 3263 3047 3317 Transieritis
3101 3264 3414 3330 Iordanem,
3469 3263 3525 3317 id
3577 3265 3659 3316 est
3692 3275 3810 3314 cum

2139 3349 2405 3418 baptizati
2440 3349 2681 3413 fueritis,
2713 3351 2897 3422 quasi,
2929 3367 3061 3406 cum
3107 3352 3365 3422 deposito
3396 3351 3570 3406 veteri
3596 3349 3812 3406 homine

2135 3455 2264 3492 cum
2315 3439 2533 3492 actibus
2585 3439 2723 3505 suis,
2789 3439 3092 3494 indueritis
3145 3455 3358 3496 novum
3415 3441 3546 3511 (Col.
3595 3440 3693 3508 ut),
3722 3437 3812 3508 qui

2136 3531 2444 3582 renovatur
2472 3527 2531 3580 in
2562 3527 2857 3597 agnitione
2887 3527 3008 3583 Dei.

2209 3617 2372 3670 V'Ens.
2443 3618 2531 3669 5'2.
2599 3646 2666 3655 —
2727 3616 3032 3685 Disperdite
3094 3620 3331 3671 cunctos.
3404 3617 3546 3672 Cum
3618 3620 3813 3670 terram

2137 3708 2393 3759 sanctam
2419 3704 2879 3775 repromissionis
2903 3721 3008 3776 per
3034 3705 3206 3759 ﬁdem
3239 3704 3618 3774 ingredimur,
3661 3701 3817 3757 simul

2137 3809 2268 3848 cum
2300 3792 2624 3846 idololatria
2649 3791 2823 3845 etiam
2855 3791 3051 3846 omnia
3078 3790 3215 3845 vitia
3241 3791 3687 3862 exstinguamus.

2207 3881 2580 3937 Habitatores.
2635 3880 2908 3951 Malignos
2983 3879 3238 3950 spiritus,
3300 3880 3699 3952 phantasmata
3745 3875 3819 3928 vi-

2138 3969 2374 4037 tiorum,
2427 3985 2557 4022 cum
2617 3968 3078 4040 suggestionibus
3148 3968 3314 4036 suis;
3370 3969 3528 4025 unde
3573 3985 3586 4023 :
3642 3970 3821 4023 Beatus

2138 4061 2235 4129 qui
2261 4059 2457 4113 tenebit
2487 4063 2537 4113 et
2563 4058 2756 4113 allidet
2798 4059 3060 4128 parvulos
3109 4071 3233 4112 suos
3285 4057 3362 4112 ad
3379 4063 3606 4128 petram
3656 4053 3820 4125 (Psal.

2139 4145 2376 4216 cxxxvr).

2214 4237 2376 4290 Vens.
2412 4237 2501 4291 54.
2550 4265 2617 4276 -
2655 4235 2922 4290 Pluribus
2967 4235 3174 4290 dabitis
3221 4235 3487 4290 latiorem.
3535 4233 3678 4296 Quia
3732 4229 3823 4302 qui

2142 4324 2357 4378 habent
2384 4322 2613 4394 copiam
2667 4323 2964 4390 virtutum,
3017 4323 3381 4378 latitudinem
3428 4326 3662 4394 sperant
3689 4335 3824 4391 prte-

2142 4413 2395 4467 miorum
2445 4428 2458 4468 :
2501 4412 2602 4483 qui
2656 4416 2850 4467 autem
2902 4412 3190 4482 paucitate
3255 4415 3537 4466 virtutum
3587 4406 3824 4465 contenti

2143 4506 2295 4568 sunt,
2327 4502 2642 4556 secundum
2684 4501 2956 4556 meritum
3010 4516 3179 4554 suum
3218 4500 3659 4554 retributionem
3704 4511 3826 4568 per-

2139 4589 2389 4660 cipiunt;
2435 4590 2586 4644 unde
2619 4606 2634 4644 :
2666 4591 2771 4657 Qui
2814 4606 2979 4661 parce
3009 4591 3260 4657 seminat,
3289 4605 3458 4659 parce
3494 4595 3546 4644 et
3573 4591 3754 4656 metet;
3781 4587 3826 4638 et

2143 4677 2242 4748 qui
2265 4680 2497 4733 seminat
2518 4680 2578 4733 in
2607 4679 3089 4745 benedictionibus,
3118 4678 3186 4732 de
3215 4677 3693 4744 benedictionibus,
3724 4677 3823 4728 etc.

2144 4769 2223 4838 (II
2252 4767 2372 4823 Cor.
2408 4766 2510 4837 ιι).

2741 4889 2969 4946 CAPUT
3007 4888 3233 4944 XXXIV.

2215 5035 2552 5102 Locutusque
2592 5036 2670 5086 est
2704 5029 2992 5097 Dominus,
3037 5035 3166 5086 etc..
3227 5031 3432 5101 (0316.,
3491 5030 3676 5085 homil.
3713 5031 3730 5081 t
3777 5026 3833 5078 in

2146 5121 2324 5190 Num.)
2365 5120 2578 5176 Divinis
2609 5120 2865 5175 numeris
2911 5136 3031 5175 non
3077 5136 3278 5175 omnes
3309 5118 3469 5190 digni
3501 5122 3655 5183 sunt,
3703 5121 3827 5178 etc.,

2144 5225 2319 5285 usque
2361 5210 2436 5265 ad
2477 5215 2754 5282 tanquam
2799 5209 2868 5265 de
2912 5208 3097 5280 capite
3149 5209 3540 5280 apostolorum
3569 5203 3831 5278 procede-

2148 5300 2307 5354 bant.
2383 5319 2392 5327 ·

2216 5389 2452 5444 Locutus
2512 5393 2592 5442 est
2639 5403 2766 5456 ergo
2819 5390 3077 5443 Dominus
3127 5388 3203 5443 ad
3243 5388 3472 5457 Moysen
3518 5386 3578 5440 in
3616 5383 3831 5439 deserto

2145 5476 2350 5532 Sina:
2383 5477 2485 5532 illa
2549 5476 2760 5532 scilicet
2803 5493 2932 5550 qua
2978 5476 3245 5549 superius
3271 5475 3540 5560 (breviter
3583 5486 3832 5544 compre-
