  <div class='ocr_page' id='page_1' title='image "/cluster/home/n/w/nwhite01/storage/ocr_20150623/113/hvd.32044054759782/228.png"; bbox 0 0 3976 6178; ppageno 0'>
   <div class='ocr_carea' id='block_1_1' title="bbox 204 265 2522 324">
    <p class='ocr_par' dir='ltr' id='par_1_1' title="bbox 204 265 2522 324">
     <span class='ocr_line' id='line_1_1' title="bbox 204 265 2522 324; baseline -0.003 0"><span class='ocrx_word' id='word_1_1' title='bbox 204 270 289 324; x_wconf 56' lang='grc'><strong>445</strong></span> <span class='ocrx_word' id='word_1_2' title='bbox 1296 266 1550 323; x_wconf 84' lang='lat' dir='ltr'><strong>GLOSSA</strong></span> <span class='ocrx_word' id='word_1_3' title='bbox 1586 266 1991 324; x_wconf 75' lang='lat' dir='ltr'><strong>ORDINABIA.</strong></span> <span class='ocrx_word' id='word_1_4' title='bbox 2032 296 2101 307; x_wconf 86' lang='lat'><strong>——-</strong></span> <span class='ocrx_word' id='word_1_5' title='bbox 2142 268 2272 323; x_wconf 86' lang='lat' dir='ltr'><strong>LIB.</strong></span> <span class='ocrx_word' id='word_1_6' title='bbox 2319 265 2522 322; x_wconf 85' lang='lat' dir='ltr'><strong>DEUT.</strong></span> 
     </span>
    </p>
   </div>
   <div class='ocr_carea' id='block_1_2' title="bbox 3564 259 3668 314">
    <p class='ocr_par' dir='ltr' id='par_1_2' title="bbox 3564 259 3668 314">
     <span class='ocr_line' id='line_1_2' title="bbox 3564 259 3668 314; baseline 0 0"><span class='ocrx_word' id='word_1_7' title='bbox 3564 259 3668 314; x_wconf 72' lang='grc'><strong>448</strong></span> 
     </span>
    </p>
   </div>
   <div class='ocr_carea' id='block_1_3' title="bbox 200 376 3661 458">
    <p class='ocr_par' dir='ltr' id='par_1_3' title="bbox 200 376 3661 458">
     <span class='ocr_line' id='line_1_3' title="bbox 200 376 3661 458; baseline -0.003 -15"><span class='ocrx_word' id='word_1_8' title='bbox 200 386 485 454; x_wconf 84' lang='lat' dir='ltr'><strong>hendimus,</strong></span> <span class='ocrx_word' id='word_1_9' title='bbox 516 385 618 440; x_wconf 90' lang='lat' dir='ltr'><strong>ubi</strong></span> <span class='ocrx_word' id='word_1_10' title='bbox 651 386 988 458; x_wconf 65' lang='lat' dir='ltr'><strong>precipitur</strong></span> <span class='ocrx_word' id='word_1_11' title='bbox 1031 386 1325 442; x_wconf 89' lang='lat' dir='ltr'><strong>numerari</strong></span> <span class='ocrx_word' id='word_1_12' title='bbox 1382 404 1414 441; x_wconf 91' lang='lat' dir='ltr'><strong>a</strong></span> <span class='ocrx_word' id='word_1_13' title='bbox 1450 387 1653 458; x_wconf 75' lang='lat' dir='ltr'><strong>viginti</strong></span> <span class='ocrx_word' id='word_1_14' title='bbox 1684 387 1851 443; x_wconf 87' lang='lat' dir='ltr'><strong>annis</strong></span> <span class='ocrx_word' id='word_1_15' title='bbox 1883 396 1928 451; x_wconf 75' lang='grc' dir='ltr'><strong>Α</strong></span> <span class='ocrx_word' id='word_1_16' title='bbox 1965 393 2245 455; x_wconf 80' lang='lat' dir='ltr'><strong>movetur,</strong></span> <span class='ocrx_word' id='word_1_17' title='bbox 2297 402 2403 442; x_wconf 91' lang='lat' dir='ltr'><strong>nec</strong></span> <span class='ocrx_word' id='word_1_18' title='bbox 2434 386 2733 440; x_wconf 76' lang='lat' dir='ltr'><strong>revocatur</strong></span> <span class='ocrx_word' id='word_1_19' title='bbox 2777 381 2851 437; x_wconf 90' lang='lat' dir='ltr'><strong>ad</strong></span> <span class='ocrx_word' id='word_1_20' title='bbox 2880 378 3109 435; x_wconf 81' lang='lat' dir='ltr'><strong>veniam</strong></span> <span class='ocrx_word' id='word_1_21' title='bbox 3146 376 3258 433; x_wconf 87' lang='lat' dir='ltr'><strong>nisi</strong></span> <span class='ocrx_word' id='word_1_22' title='bbox 3300 392 3405 449; x_wconf 86' lang='lat' dir='ltr'><strong>per</strong></span> <span class='ocrx_word' id='word_1_23' title='bbox 3450 377 3661 433; x_wconf 90' lang='lat' dir='ltr'><strong>condi-</strong></span> 
     </span>
    </p>
   </div>
   <div class='ocr_carea' id='block_1_4' title="bbox 200 476 1858 546">
    <p class='ocr_par' dir='ltr' id='par_1_4' title="bbox 200 476 1858 546">
     <span class='ocr_line' id='line_1_4' title="bbox 200 476 1858 546; baseline -0.001 -15"><span class='ocrx_word' id='word_1_24' title='bbox 200 483 246 531; x_wconf 80' lang='lat' dir='ltr'><strong>et</strong></span> <span class='ocrx_word' id='word_1_25' title='bbox 268 491 423 546; x_wconf 89' lang='lat' dir='ltr'><strong>supra</strong></span> <span class='ocrx_word' id='word_1_26' title='bbox 458 476 628 529; x_wconf 87' lang='lat' dir='ltr'><strong>omnis</strong></span> <span class='ocrx_word' id='word_1_27' title='bbox 671 478 771 544; x_wconf 83' lang='lat' dir='ltr'><strong>qui</strong></span> <span class='ocrx_word' id='word_1_28' title='bbox 792 476 1038 545; x_wconf 81' lang='lat' dir='ltr'><strong>procedit</strong></span> <span class='ocrx_word' id='word_1_29' title='bbox 1069 477 1128 531; x_wconf 91' lang='lat' dir='ltr'><strong>in</strong></span> <span class='ocrx_word' id='word_1_30' title='bbox 1171 478 1377 531; x_wconf 78' lang='lat' dir='ltr'><strong>virtute</strong></span> <span class='ocrx_word' id='word_1_31' title='bbox 1402 478 1593 542; x_wconf 82' lang='lat' dir='ltr'><strong>Israel,</strong></span> <span class='ocrx_word' id='word_1_32' title='bbox 1635 482 1743 531; x_wconf 92' lang='lat' dir='ltr'><strong>etc.</strong></span> <span class='ocrx_word' id='word_1_33' title='bbox 1798 476 1858 530; x_wconf 89' lang='lat' dir='ltr'><strong>Si</strong></span> 
     </span>
    </p>
   </div>
   <div class='ocr_carea' id='block_1_5' title="bbox 200 565 1860 638">
    <p class='ocr_par' dir='ltr' id='par_1_5' title="bbox 200 565 1860 638">
     <span class='ocr_line' id='line_1_5' title="bbox 200 565 1860 638; baseline 0 -19"><span class='ocrx_word' id='word_1_34' title='bbox 200 567 305 638; x_wconf 84' lang='lat' dir='ltr'><strong>quis</strong></span> <span class='ocrx_word' id='word_1_35' title='bbox 347 580 477 634; x_wconf 91' lang='lat' dir='ltr'><strong>ergo</strong></span> <span class='ocrx_word' id='word_1_36' title='bbox 527 565 782 635; x_wconf 81' lang='lat' dir='ltr'><strong>procedit</strong></span> <span class='ocrx_word' id='word_1_37' title='bbox 828 566 890 619; x_wconf 91' lang='lat' dir='ltr'><strong>in</strong></span> <span class='ocrx_word' id='word_1_38' title='bbox 940 566 1164 629; x_wconf 91' lang='lat' dir='ltr'><strong>virtute,</strong></span> <span class='ocrx_word' id='word_1_39' title='bbox 1208 565 1304 619; x_wconf 91' lang='lat' dir='ltr'><strong>ille</strong></span> <span class='ocrx_word' id='word_1_40' title='bbox 1332 571 1670 620; x_wconf 79' lang='lat' dir='ltr'><strong>numeratur</strong></span> <span class='ocrx_word' id='word_1_41' title='bbox 1706 582 1719 619; x_wconf 90' lang='lat'><strong>:</strong></span> <span class='ocrx_word' id='word_1_42' title='bbox 1756 581 1860 619; x_wconf 91' lang='lat' dir='ltr'><strong>nec</strong></span> 
     </span>
    </p>
   </div>
   <div class='ocr_carea' id='block_1_6' title="bbox 201 655 1859 727">
    <p class='ocr_par' dir='ltr' id='par_1_6' title="bbox 201 655 1859 727">
     <span class='ocr_line' id='line_1_6' title="bbox 201 655 1859 727; baseline -0.001 -18"><span class='ocrx_word' id='word_1_43' title='bbox 201 657 246 709; x_wconf 88' lang='lat' dir='ltr'><strong>in</strong></span> <span class='ocrx_word' id='word_1_44' title='bbox 274 655 640 726; x_wconf 81' lang='lat' dir='ltr'><strong>qualicunque</strong></span> <span class='ocrx_word' id='word_1_45' title='bbox 710 655 923 709; x_wconf 90' lang='lat' dir='ltr'><strong>virtute</strong></span> <span class='ocrx_word' id='word_1_46' title='bbox 959 656 1048 710; x_wconf 89' lang='lat' dir='ltr'><strong>vel</strong></span> <span class='ocrx_word' id='word_1_47' title='bbox 1089 655 1501 727; x_wconf 65' lang='lat' dir='ltr'><strong>Egyptiorum,</strong></span> <span class='ocrx_word' id='word_1_48' title='bbox 1556 656 1642 710; x_wconf 85' lang='lat' dir='ltr'><strong>vel</strong></span> <span class='ocrx_word' id='word_1_49' title='bbox 1696 658 1859 725; x_wconf 80' lang='lat' dir='ltr'><strong>Assy-</strong></span> 
     </span>
    </p>
   </div>
   <div class='ocr_carea' id='block_1_7' title="bbox 200 744 1859 815">
    <p class='ocr_par' dir='ltr' id='par_1_7' title="bbox 200 744 1859 815">
     <span class='ocr_line' id='line_1_7' title="bbox 200 744 1859 815; baseline -0.001 -16"><span class='ocrx_word' id='word_1_50' title='bbox 200 745 407 809; x_wconf 88' lang='lat' dir='ltr'><strong>riorum,</strong></span> <span class='ocrx_word' id='word_1_51' title='bbox 455 744 540 797; x_wconf 87' lang='lat' dir='ltr'><strong>vel</strong></span> <span class='ocrx_word' id='word_1_52' title='bbox 573 745 896 798; x_wconf 67' lang='lat' dir='ltr'><strong>Graecorum</strong></span> <span class='ocrx_word' id='word_1_53' title='bbox 927 745 1023 799; x_wconf 89' lang='lat' dir='ltr'><strong>sed</strong></span> <span class='ocrx_word' id='word_1_54' title='bbox 1052 744 1113 798; x_wconf 92' lang='lat' dir='ltr'><strong>in</strong></span> <span class='ocrx_word' id='word_1_55' title='bbox 1170 744 1377 798; x_wconf 91' lang='lat' dir='ltr'><strong>virtute</strong></span> <span class='ocrx_word' id='word_1_56' title='bbox 1430 744 1619 811; x_wconf 82' lang='lat' dir='ltr'><strong>Israel,</strong></span> <span class='ocrx_word' id='word_1_57' title='bbox 1652 760 1782 815; x_wconf 70' lang='lat' dir='ltr'><strong>quae</strong></span> <span class='ocrx_word' id='word_1_58' title='bbox 1826 761 1859 797; x_wconf 90' lang='lat' dir='ltr'><strong>a</strong></span> 
     </span>
    </p>
   </div>
   <div class='ocr_carea' id='block_1_8' title="bbox 203 831 1857 905">
    <p class='ocr_par' dir='ltr' id='par_1_8' title="bbox 203 831 1857 905">
     <span class='ocr_line' id='line_1_8' title="bbox 203 831 1857 905; baseline 0.001 -19"><span class='ocrx_word' id='word_1_59' title='bbox 203 834 292 886; x_wconf 88' lang='lat' dir='ltr'><strong>Deo</strong></span> <span class='ocrx_word' id='word_1_60' title='bbox 319 848 412 902; x_wconf 90' lang='lat' dir='ltr'><strong>per</strong></span> <span class='ocrx_word' id='word_1_61' title='bbox 438 831 754 901; x_wconf 88' lang='lat' dir='ltr'><strong>Scripturas</strong></span> <span class='ocrx_word' id='word_1_62' title='bbox 780 833 1036 900; x_wconf 90' lang='lat' dir='ltr'><strong>docetur,</strong></span> <span class='ocrx_word' id='word_1_63' title='bbox 1069 838 1125 887; x_wconf 90' lang='lat' dir='ltr'><strong>et</strong></span> <span class='ocrx_word' id='word_1_64' title='bbox 1145 850 1249 904; x_wconf 89' lang='lat' dir='ltr'><strong>per</strong></span> <span class='ocrx_word' id='word_1_65' title='bbox 1282 834 1455 889; x_wconf 87' lang='lat' dir='ltr'><strong>ﬁdem</strong></span> <span class='ocrx_word' id='word_1_66' title='bbox 1487 833 1857 905; x_wconf 77' lang='lat' dir='ltr'><strong>apostolicam</strong></span> 
     </span>
    </p>
   </div>
   <div class='ocr_carea' id='block_1_9' title="bbox 199 919 932 990">
    <p class='ocr_par' dir='ltr' id='par_1_9' title="bbox 199 919 932 990">
     <span class='ocr_line' id='line_1_9' title="bbox 199 919 932 990; baseline 0.001 -18"><span class='ocrx_word' id='word_1_67' title='bbox 199 925 243 973; x_wconf 86' lang='lat' dir='ltr'><strong>et</strong></span> <span class='ocrx_word' id='word_1_68' title='bbox 266 919 636 990; x_wconf 83' lang='lat' dir='ltr'><strong>evangelicam</strong></span> <span class='ocrx_word' id='word_1_69' title='bbox 664 921 932 975; x_wconf 87' lang='lat' dir='ltr'><strong>traditur.</strong></span> 
     </span>
    </p>
   </div>
   <div class='ocr_carea' id='block_1_10' title="bbox 253 1007 1859 1081">
    <p class='ocr_par' dir='ltr' id='par_1_10' title="bbox 253 1007 1859 1081">
     <span class='ocr_line' id='line_1_10' title="bbox 253 1007 1859 1081; baseline -0.001 -19"><span class='ocrx_word' id='word_1_70' title='bbox 253 1007 434 1077; x_wconf 71' lang='grc' dir='ltr'><strong>(Οωα.)</strong></span> <span class='ocrx_word' id='word_1_71' title='bbox 514 1008 678 1063; x_wconf 81' lang='lat' dir='ltr'><strong>Ratio</strong></span> <span class='ocrx_word' id='word_1_72' title='bbox 737 1026 968 1081; x_wconf 89' lang='lat' dir='ltr'><strong>quoque</strong></span> <span class='ocrx_word' id='word_1_73' title='bbox 1028 1009 1285 1065; x_wconf 89' lang='lat' dir='ltr'><strong>tribuum</strong></span> <span class='ocrx_word' id='word_1_74' title='bbox 1356 1010 1644 1065; x_wconf 88' lang='lat' dir='ltr'><strong>distinctio</strong></span> <span class='ocrx_word' id='word_1_75' title='bbox 1708 1008 1859 1063; x_wconf 87' lang='lat' dir='ltr'><strong>ordi-</strong></span> 
     </span>
    </p>
   </div>
   <div class='ocr_carea' id='block_1_11' title="bbox 197 1099 1857 1170">
    <p class='ocr_par' dir='ltr' id='par_1_11' title="bbox 197 1099 1857 1170">
     <span class='ocr_line' id='line_1_11' title="bbox 197 1099 1857 1170; baseline 0.002 -22"><span class='ocrx_word' id='word_1_76' title='bbox 197 1112 331 1157; x_wconf 85' lang='lat' dir='ltr'><strong>num,</strong></span> <span class='ocrx_word' id='word_1_77' title='bbox 362 1101 488 1163; x_wconf 88' lang='lat' dir='ltr'><strong>etc.,</strong></span> <span class='ocrx_word' id='word_1_78' title='bbox 519 1112 687 1167; x_wconf 87' lang='lat' dir='ltr'><strong>usque</strong></span> <span class='ocrx_word' id='word_1_79' title='bbox 714 1099 789 1152; x_wconf 81' lang='lat' dir='ltr'><strong>ad</strong></span> <span class='ocrx_word' id='word_1_80' title='bbox 828 1104 891 1153; x_wconf 92' lang='lat' dir='ltr'><strong>ut</strong></span> <span class='ocrx_word' id='word_1_81' title='bbox 919 1100 1101 1170; x_wconf 88' lang='lat' dir='ltr'><strong>possit</strong></span> <span class='ocrx_word' id='word_1_82' title='bbox 1130 1099 1203 1155; x_wconf 88' lang='lat' dir='ltr'><strong>ad</strong></span> <span class='ocrx_word' id='word_1_83' title='bbox 1228 1099 1599 1154; x_wconf 87' lang='lat' dir='ltr'><strong>lsraeliticum</strong></span> <span class='ocrx_word' id='word_1_84' title='bbox 1652 1114 1857 1153; x_wconf 89' lang='lat' dir='ltr'><strong>nume-</strong></span> 
     </span>
    </p>
   </div>
   <div class='ocr_carea' id='block_1_12' title="bbox 195 1185 628 1255">
    <p class='ocr_par' dir='ltr' id='par_1_12' title="bbox 195 1185 628 1255">
     <span class='ocr_line' id='line_1_12' title="bbox 195 1185 628 1255; baseline 0.007 -17"><span class='ocrx_word' id='word_1_85' title='bbox 195 1201 301 1238; x_wconf 88' lang='lat' dir='ltr'><strong>rum</strong></span> <span class='ocrx_word' id='word_1_86' title='bbox 329 1185 628 1255; x_wconf 84' lang='lat' dir='ltr'><strong>pertinere.</strong></span> 
     </span>
    </p>
   </div>
   <div class='ocr_carea' id='block_1_13' title="bbox 256 1274 1856 1345">
    <p class='ocr_par' dir='ltr' id='par_1_13' title="bbox 256 1274 1856 1345">
     <span class='ocr_line' id='line_1_13' title="bbox 256 1274 1856 1345; baseline 0.004 -21"><span class='ocrx_word' id='word_1_87' title='bbox 256 1274 396 1328; x_wconf 76' lang='lat' dir='ltr'><strong>Vsns.</strong></span> <span class='ocrx_word' id='word_1_88' title='bbox 429 1279 481 1328; x_wconf 88' lang='lat'><strong>’7.</strong></span> <span class='ocrx_word' id='word_1_89' title='bbox 517 1305 582 1315; x_wconf 96' lang='lat'>—</span> <span class='ocrx_word' id='word_1_90' title='bbox 620 1276 708 1329; x_wconf 82' lang='lat' dir='ltr'><strong>Ad</strong></span> <span class='ocrx_word' id='word_1_91' title='bbox 734 1279 1225 1345; x_wconf 78' lang='lat' dir='ltr'><strong>septentrionalem,</strong></span> <span class='ocrx_word' id='word_1_92' title='bbox 1254 1282 1360 1333; x_wconf 90' lang='lat' dir='ltr'><strong>etc.</strong></span> <span class='ocrx_word' id='word_1_93' title='bbox 1397 1276 1603 1332; x_wconf 90' lang='lat' dir='ltr'><strong>Dicunt</strong></span> <span class='ocrx_word' id='word_1_94' title='bbox 1634 1276 1856 1331; x_wconf 61' lang='lat' dir='ltr'><strong>Hebraei</strong></span> 
     </span>
    </p>
   </div>
   <div class='ocr_carea' id='block_1_14' title="bbox 195 1363 1857 1438">
    <p class='ocr_par' dir='ltr' id='par_1_14' title="bbox 195 1363 1857 1438">
     <span class='ocr_line' id='line_1_14' title="bbox 195 1363 1857 1438; baseline 0.003 -23"><span class='ocrx_word' id='word_1_95' title='bbox 195 1363 668 1433; x_wconf 80' lang='lat' dir='ltr'><strong>septentrionalem</strong></span> <span class='ocrx_word' id='word_1_96' title='bbox 698 1365 928 1435; x_wconf 80' lang='lat' dir='ltr'><strong>plagam</strong></span> <span class='ocrx_word' id='word_1_97' title='bbox 952 1366 1200 1437; x_wconf 88' lang='lat' dir='ltr'><strong>incipere</strong></span> <span class='ocrx_word' id='word_1_98' title='bbox 1230 1384 1262 1420; x_wconf 89' lang='lat' dir='ltr'><strong>a</strong></span> <span class='ocrx_word' id='word_1_99' title='bbox 1294 1367 1437 1421; x_wconf 90' lang='lat' dir='ltr'><strong>mari</strong></span> <span class='ocrx_word' id='word_1_100' title='bbox 1461 1383 1671 1436; x_wconf 86' lang='lat' dir='ltr'><strong>magno</strong></span> <span class='ocrx_word' id='word_1_101' title='bbox 1702 1367 1857 1438; x_wconf 93' lang='lat' dir='ltr'><strong>quod</strong></span> 
     </span>
    </p>
   </div>
   <div class='ocr_carea' id='block_1_15' title="bbox 196 1452 1854 1528">
    <p class='ocr_par' dir='ltr' id='par_1_15' title="bbox 196 1452 1854 1528">
     <span class='ocr_line' id='line_1_15' title="bbox 196 1452 1854 1528; baseline 0.002 -21"><span class='ocrx_word' id='word_1_102' title='bbox 196 1452 503 1519; x_wconf 64' lang='lat' dir='ltr'><strong>Palaestinae,</strong></span> <span class='ocrx_word' id='word_1_103' title='bbox 534 1454 815 1507; x_wconf 65' lang='lat' dir='ltr'><strong>Phoenicis</strong></span> <span class='ocrx_word' id='word_1_104' title='bbox 844 1461 902 1509; x_wconf 90' lang='lat' dir='ltr'><strong>et</strong></span> <span class='ocrx_word' id='word_1_105' title='bbox 934 1456 1109 1527; x_wconf 75' lang='lat' dir='ltr'><strong>Syriae</strong></span> <span class='ocrx_word' id='word_1_106' title='bbox 1153 1458 1302 1527; x_wconf 68' lang='lat' dir='ltr'><strong>(quae</strong></span> <span class='ocrx_word' id='word_1_107' title='bbox 1336 1458 1658 1528; x_wconf 89' lang='lat' dir='ltr'><strong>appellatur</strong></span> <span class='ocrx_word' id='word_1_108' title='bbox 1688 1457 1854 1524; x_wconf 82' lang='lat' dir='ltr'><strong>C(ele)</strong></span> 
     </span>
    </p>
   </div>
   <div class='ocr_carea' id='block_1_16' title="bbox 194 1543 1856 1616">
    <p class='ocr_par' dir='ltr' id='par_1_16' title="bbox 194 1543 1856 1616">
     <span class='ocr_line' id='line_1_16' title="bbox 194 1543 1856 1616; baseline 0.001 -19"><span class='ocrx_word' id='word_1_109' title='bbox 194 1543 483 1614; x_wconf 62' lang='lat' dir='ltr'><strong>Ciliciaeque</strong></span> <span class='ocrx_word' id='word_1_110' title='bbox 546 1544 852 1612; x_wconf 63' lang='lat' dir='ltr'><strong>praetendit</strong></span> <span class='ocrx_word' id='word_1_111' title='bbox 905 1544 1234 1613; x_wconf 77' lang='lat' dir='ltr'><strong>tittoribus,,</strong></span> <span class='ocrx_word' id='word_1_112' title='bbox 1289 1551 1346 1600; x_wconf 92' lang='lat' dir='ltr'><strong>et</strong></span> <span class='ocrx_word' id='word_1_113' title='bbox 1396 1562 1500 1616; x_wconf 91' lang='lat' dir='ltr'><strong>per</strong></span> <span class='ocrx_word' id='word_1_114' title='bbox 1546 1547 1856 1616; x_wconf 75' lang='lat' dir='ltr'><strong>A-ngptum</strong></span> 
     </span>
    </p>
   </div>
   <div class='ocr_carea' id='block_1_17' title="bbox 195 1631 1855 1706">
    <p class='ocr_par' dir='ltr' id='par_1_17' title="bbox 195 1631 1855 1706">
     <span class='ocr_line' id='line_1_17' title="bbox 195 1631 1855 1706; baseline 0.002 -22"><span class='ocrx_word' id='word_1_115' title='bbox 195 1631 343 1686; x_wconf 83' lang='lat' dir='ltr'><strong>tendit</strong></span> <span class='ocrx_word' id='word_1_116' title='bbox 367 1632 435 1685; x_wconf 89' lang='lat' dir='ltr'><strong>ad</strong></span> <span class='ocrx_word' id='word_1_117' title='bbox 468 1631 724 1704; x_wconf 86' lang='lat' dir='ltr'><strong>Libyam.</strong></span> <span class='ocrx_word' id='word_1_118' title='bbox 757 1633 919 1699; x_wconf 87' lang='lat' dir='ltr'><strong>Quod</strong></span> <span class='ocrx_word' id='word_1_119' title='bbox 950 1640 1165 1701; x_wconf 88' lang='lat' dir='ltr'><strong>autem,</strong></span> <span class='ocrx_word' id='word_1_120' title='bbox 1193 1635 1424 1704; x_wconf 89' lang='lat' dir='ltr'><strong>dicitur,</strong></span> <span class='ocrx_word' id='word_1_121' title='bbox 1456 1635 1855 1706; x_wconf 83' lang='lat' dir='ltr'><strong>pervenientes</strong></span> 
     </span>
    </p>
   </div>
   <div class='ocr_carea' id='block_1_18' title="bbox 196 1721 1858 1795">
    <p class='ocr_par' dir='ltr' id='par_1_18' title="bbox 196 1721 1858 1795">
     <span class='ocr_line' id='line_1_18' title="bbox 196 1721 1858 1795; baseline 0.002 -23"><span class='ocrx_word' id='word_1_122' title='bbox 196 1736 345 1791; x_wconf 89' lang='lat' dir='ltr'><strong>usque</strong></span> <span class='ocrx_word' id='word_1_123' title='bbox 375 1721 445 1774; x_wconf 90' lang='lat' dir='ltr'><strong>ad</strong></span> <span class='ocrx_word' id='word_1_124' title='bbox 474 1727 738 1777; x_wconf 87' lang='lat' dir='ltr'><strong>montem</strong></span> <span class='ocrx_word' id='word_1_125' title='bbox 774 1722 1143 1789; x_wconf 86' lang='lat' dir='ltr'><strong>altissimum,</strong></span> <span class='ocrx_word' id='word_1_126' title='bbox 1176 1730 1481 1779; x_wconf 88' lang='lat' dir='ltr'><strong>autumant</strong></span> <span class='ocrx_word' id='word_1_127' title='bbox 1539 1724 1858 1795; x_wconf 88' lang='lat' dir='ltr'><strong>signiﬁcari</strong></span> 
     </span>
    </p>
   </div>
   <div class='ocr_carea' id='block_1_19' title="bbox 194 1810 1863 1885">
    <p class='ocr_par' dir='ltr' id='par_1_19' title="bbox 194 1810 1863 1885">
     <span class='ocr_line' id='line_1_19' title="bbox 194 1810 1863 1885; baseline 0.002 -23"><span class='ocrx_word' id='word_1_128' title='bbox 194 1814 415 1864; x_wconf 89' lang='lat' dir='ltr'><strong>montem</strong></span> <span class='ocrx_word' id='word_1_129' title='bbox 475 1812 821 1877; x_wconf 79' lang='lat' dir='ltr'><strong>Armanum,</strong></span> <span class='ocrx_word' id='word_1_130' title='bbox 877 1810 965 1865; x_wconf 88' lang='lat' dir='ltr'><strong>vel</strong></span> <span class='ocrx_word' id='word_1_131' title='bbox 1019 1812 1290 1880; x_wconf 85' lang='lat' dir='ltr'><strong>Taurum,</strong></span> <span class='ocrx_word' id='word_1_132' title='bbox 1346 1812 1502 1885; x_wconf 91' lang='lat' dir='ltr'><strong>quod</strong></span> <span class='ocrx_word' id='word_1_133' title='bbox 1541 1812 1727 1867; x_wconf 89' lang='lat' dir='ltr'><strong>verius</strong></span> <span class='ocrx_word' id='word_1_134' title='bbox 1784 1811 1863 1866; x_wconf 86' lang='lat' dir='ltr'><strong>vi-</strong></span> 
     </span>
    </p>
   </div>
   <div class='ocr_carea' id='block_1_20' title="bbox 196 1897 348 1951">
    <p class='ocr_par' dir='ltr' id='par_1_20' title="bbox 196 1897 348 1951">
     <span class='ocr_line' id='line_1_20' title="bbox 196 1897 348 1951; baseline 0 0"><span class='ocrx_word' id='word_1_135' title='bbox 196 1897 348 1951; x_wconf 87' lang='lat' dir='ltr'><strong>detur.</strong></span> 
     </span>
    </p>
   </div>
   <div class='ocr_carea' id='block_1_21' title="bbox 249 1984 1861 2063">
    <p class='ocr_par' dir='ltr' id='par_1_21' title="bbox 249 1984 1861 2063">
     <span class='ocr_line' id='line_1_21' title="bbox 249 1984 1861 2063; baseline 0.005 -28"><span class='ocrx_word' id='word_1_136' title='bbox 249 1984 408 2063; x_wconf 42' lang='lat' dir='ltr'><strong>Vens...</strong></span> <span class='ocrx_word' id='word_1_137' title='bbox 426 1988 476 2039; x_wconf 89' lang='lat'><strong>9.</strong></span> <span class='ocrx_word' id='word_1_138' title='bbox 518 2016 595 2028; x_wconf 94' lang='lat'><strong><em>—</em></strong></span> <span class='ocrx_word' id='word_1_139' title='bbox 637 1988 901 2058; x_wconf 88' lang='lat' dir='ltr'><strong>Ibuntque</strong></span> <span class='ocrx_word' id='word_1_140' title='bbox 941 1990 1191 2057; x_wconf 74' lang='lat' dir='ltr'><strong>conﬁnia,</strong></span> <span class='ocrx_word' id='word_1_141' title='bbox 1247 1993 1349 2043; x_wconf 90' lang='lat' dir='ltr'><strong>etc.</strong></span> <span class='ocrx_word' id='word_1_142' title='bbox 1382 1992 1429 2044; x_wconf 80' lang='grc' dir='ltr'><strong>Α</strong></span> <span class='ocrx_word' id='word_1_143' title='bbox 1483 1990 1597 2045; x_wconf 92' lang='lat' dir='ltr'><strong>ﬁne</strong></span> <span class='ocrx_word' id='word_1_144' title='bbox 1627 1993 1861 2060; x_wconf 84' lang='lat' dir='ltr'><strong>septen-</strong></span> 
     </span>
    </p>
   </div>
   <div class='ocr_carea' id='block_1_22' title="bbox 193 2074 1861 2149">
    <p class='ocr_par' dir='ltr' id='par_1_22' title="bbox 193 2074 1861 2149">
     <span class='ocr_line' id='line_1_22' title="bbox 193 2074 1861 2149; baseline 0.003 -21"><span class='ocrx_word' id='word_1_145' title='bbox 193 2074 422 2129; x_wconf 89' lang='lat' dir='ltr'><strong>trionalis</strong></span> <span class='ocrx_word' id='word_1_146' title='bbox 477 2076 689 2147; x_wconf 65' lang='lat' dir='ltr'><strong>plagas,</strong></span> <span class='ocrx_word' id='word_1_147' title='bbox 750 2077 803 2131; x_wconf 89' lang='lat' dir='ltr'><strong>id</strong></span> <span class='ocrx_word' id='word_1_148' title='bbox 836 2082 921 2131; x_wconf 89' lang='lat' dir='ltr'><strong>est</strong></span> <span class='ocrx_word' id='word_1_149' title='bbox 952 2078 1128 2144; x_wconf 85' lang='lat' dir='ltr'><strong>Hena,</strong></span> <span class='ocrx_word' id='word_1_150' title='bbox 1187 2078 1433 2133; x_wconf 89' lang='lat' dir='ltr'><strong>tendunt</strong></span> <span class='ocrx_word' id='word_1_151' title='bbox 1482 2079 1626 2133; x_wconf 90' lang='lat' dir='ltr'><strong>ﬁnes</strong></span> <span class='ocrx_word' id='word_1_152' title='bbox 1676 2094 1861 2149; x_wconf 88' lang='lat' dir='ltr'><strong>usque</strong></span> 
     </span>
    </p>
   </div>
   <div class='ocr_carea' id='block_1_23' title="bbox 192 2163 1861 2237">
    <p class='ocr_par' dir='ltr' id='par_1_23' title="bbox 192 2163 1861 2237">
     <span class='ocr_line' id='line_1_23' title="bbox 192 2163 1861 2237; baseline 0.004 -21"><span class='ocrx_word' id='word_1_153' title='bbox 192 2163 249 2216; x_wconf 83' lang='lat' dir='ltr'><strong>ad</strong></span> <span class='ocrx_word' id='word_1_154' title='bbox 270 2164 562 2235; x_wconf 87' lang='lat' dir='ltr'><strong>Sephama,</strong></span> <span class='ocrx_word' id='word_1_155' title='bbox 598 2182 771 2237; x_wconf 88' lang='lat' dir='ltr'><strong>quam</strong></span> <span class='ocrx_word' id='word_1_156' title='bbox 804 2166 1025 2221; x_wconf 67' lang='lat' dir='ltr'><strong>Hebraei</strong></span> <span class='ocrx_word' id='word_1_157' title='bbox 1054 2166 1396 2237; x_wconf 80' lang='lat' dir='ltr'><strong>Aphamiam</strong></span> <span class='ocrx_word' id='word_1_158' title='bbox 1430 2173 1651 2234; x_wconf 89' lang='lat' dir='ltr'><strong>vocant,</strong></span> <span class='ocrx_word' id='word_1_159' title='bbox 1703 2172 1760 2223; x_wconf 89' lang='lat' dir='ltr'><strong>et</strong></span> <span class='ocrx_word' id='word_1_160' title='bbox 1790 2168 1861 2223; x_wconf 93' lang='lat' dir='ltr'><strong>de</strong></span> 
     </span>
    </p>
   </div>
   <div class='ocr_carea' id='block_1_24' title="bbox 192 2252 1862 2327">
    <p class='ocr_par' dir='ltr' id='par_1_24' title="bbox 192 2252 1862 2327">
     <span class='ocr_line' id='line_1_24' title="bbox 192 2252 1862 2327; baseline 0.003 -21"><span class='ocrx_word' id='word_1_161' title='bbox 192 2252 438 2321; x_wconf 83' lang='lat' dir='ltr'><strong>Aphamia</strong></span> <span class='ocrx_word' id='word_1_162' title='bbox 468 2254 823 2308; x_wconf 90' lang='lat' dir='ltr'><strong>descendunt</strong></span> <span class='ocrx_word' id='word_1_163' title='bbox 853 2254 912 2308; x_wconf 93' lang='lat' dir='ltr'><strong>in</strong></span> <span class='ocrx_word' id='word_1_164' title='bbox 949 2256 1247 2321; x_wconf 82' lang='lat' dir='ltr'><strong>Reblatha,</strong></span> <span class='ocrx_word' id='word_1_165' title='bbox 1280 2272 1409 2327; x_wconf 67' lang='lat' dir='ltr'><strong>quae</strong></span> <span class='ocrx_word' id='word_1_166' title='bbox 1449 2261 1535 2311; x_wconf 89' lang='lat' dir='ltr'><strong>est</strong></span> <span class='ocrx_word' id='word_1_167' title='bbox 1563 2256 1862 2311; x_wconf 83' lang='lat' dir='ltr'><strong>Antiochia</strong></span> 
     </span>
    </p>
   </div>
   <div class='ocr_carea' id='block_1_25' title="bbox 194 2340 1859 2417">
    <p class='ocr_par' dir='ltr' id='par_1_25' title="bbox 194 2340 1859 2417">
     <span class='ocr_line' id='line_1_25' title="bbox 194 2340 1859 2417; baseline 0.004 -24"><span class='ocrx_word' id='word_1_168' title='bbox 194 2340 365 2410; x_wconf 66' lang='lat' dir='ltr'><strong>Syriae.</strong></span> <span class='ocrx_word' id='word_1_169' title='bbox 404 2342 565 2397; x_wconf 89' lang='lat' dir='ltr'><strong>Unde</strong></span> <span class='ocrx_word' id='word_1_170' title='bbox 595 2343 773 2408; x_wconf 85' lang='lat' dir='ltr'><strong>addit,</strong></span> <span class='ocrx_word' id='word_1_171' title='bbox 813 2349 1003 2398; x_wconf 88' lang='lat' dir='ltr'><strong>contra</strong></span> <span class='ocrx_word' id='word_1_172' title='bbox 1030 2346 1253 2413; x_wconf 88' lang='lat' dir='ltr'><strong>fontem,</strong></span> <span class='ocrx_word' id='word_1_173' title='bbox 1287 2361 1457 2417; x_wconf 89' lang='lat' dir='ltr'><strong>quem</strong></span> <span class='ocrx_word' id='word_1_174' title='bbox 1488 2346 1859 2417; x_wconf 90' lang='lat' dir='ltr'><strong>perspicuum</strong></span> 
     </span>
    </p>
   </div>
   <div class='ocr_carea' id='block_1_26' title="bbox 193 2432 1861 2504">
    <p class='ocr_par' dir='ltr' id='par_1_26' title="bbox 193 2432 1861 2504">
     <span class='ocr_line' id='line_1_26' title="bbox 193 2432 1861 2504; baseline 0.004 -22"><span class='ocrx_word' id='word_1_175' title='bbox 193 2433 272 2499; x_wconf 61' lang='lat' dir='ltr'><strong>est]</strong></span> <span class='ocrx_word' id='word_1_176' title='bbox 292 2446 406 2485; x_wconf 89' lang='lat' dir='ltr'><strong>esse</strong></span> <span class='ocrx_word' id='word_1_177' title='bbox 460 2432 704 2498; x_wconf 90' lang='lat' dir='ltr'><strong>Danem,</strong></span> <span class='ocrx_word' id='word_1_178' title='bbox 750 2432 821 2487; x_wconf 87' lang='lat' dir='ltr'><strong>de</strong></span> <span class='ocrx_word' id='word_1_179' title='bbox 850 2448 965 2504; x_wconf 90' lang='lat' dir='ltr'><strong>quo</strong></span> <span class='ocrx_word' id='word_1_180' title='bbox 992 2433 1297 2488; x_wconf 82' lang='lat' dir='ltr'><strong>Antiochia</strong></span> <span class='ocrx_word' id='word_1_181' title='bbox 1350 2435 1861 2489; x_wconf 88' lang='lat' dir='ltr'><strong>abundantissimis</strong></span> 
     </span>
    </p>
   </div>
   <div class='ocr_carea' id='block_1_27' title="bbox 193 2518 1317 2591">
    <p class='ocr_par' dir='ltr' id='par_1_27' title="bbox 193 2518 1317 2591">
     <span class='ocr_line' id='line_1_27' title="bbox 193 2518 1317 2591; baseline 0.011 -21"><span class='ocrx_word' id='word_1_182' title='bbox 193 2518 372 2572; x_wconf 80' lang='lat' dir='ltr'><strong>fruitur</strong></span> <span class='ocrx_word' id='word_1_183' title='bbox 390 2520 583 2591; x_wconf 89' lang='lat' dir='ltr'><strong>aquis.</strong></span> <span class='ocrx_word' id='word_1_184' title='bbox 1312 2568 1317 2575; x_wconf 86' lang='lat'><strong>.</strong></span> 
     </span>
    </p>
   </div>
   <div class='ocr_carea' id='block_1_28' title="bbox 246 2607 1861 2683">
    <p class='ocr_par' dir='ltr' id='par_1_28' title="bbox 246 2607 1861 2683">
     <span class='ocr_line' id='line_1_28' title="bbox 246 2607 1861 2683; baseline 0.004 -24"><span class='ocrx_word' id='word_1_185' title='bbox 246 2607 392 2661; x_wconf 74' lang='lat' dir='ltr'><strong>Vens.</strong></span> <span class='ocrx_word' id='word_1_186' title='bbox 432 2611 515 2663; x_wconf 87' lang='lat' dir='ltr'><strong>l3.</strong></span> <span class='ocrx_word' id='word_1_187' title='bbox 558 2639 622 2648; x_wconf 94' lang='lat'><strong><em>—</em></strong></span> <span class='ocrx_word' id='word_1_188' title='bbox 681 2611 801 2665; x_wconf 67' lang='lat' dir='ltr'><strong>Hazc</strong></span> <span class='ocrx_word' id='word_1_189' title='bbox 828 2612 935 2665; x_wconf 88' lang='lat' dir='ltr'><strong>erit</strong></span> <span class='ocrx_word' id='word_1_190' title='bbox 982 2616 1149 2672; x_wconf 86' lang='lat' dir='ltr'><strong>terra,</strong></span> <span class='ocrx_word' id='word_1_191' title='bbox 1189 2615 1294 2665; x_wconf 90' lang='lat' dir='ltr'><strong>etc.</strong></span> <span class='ocrx_word' id='word_1_192' title='bbox 1330 2612 1537 2683; x_wconf 74' lang='lat' dir='ltr'><strong>(ORIG.)</strong></span> <span class='ocrx_word' id='word_1_193' title='bbox 1568 2614 1632 2668; x_wconf 89' lang='lat' dir='ltr'><strong>In</strong></span> <span class='ocrx_word' id='word_1_194' title='bbox 1683 2612 1861 2683; x_wconf 87' lang='lat' dir='ltr'><strong>priori</strong></span> 
     </span>
    </p>
   </div>
   <div class='ocr_carea' id='block_1_29' title="bbox 194 2695 1866 2771">
    <p class='ocr_par' dir='ltr' id='par_1_29' title="bbox 194 2695 1866 2771">
     <span class='ocr_line' id='line_1_29' title="bbox 194 2695 1866 2771; baseline 0.005 -24"><span class='ocrx_word' id='word_1_195' title='bbox 194 2695 438 2751; x_wconf 82' lang='lat' dir='ltr'><strong>divisione</strong></span> <span class='ocrx_word' id='word_1_196' title='bbox 467 2701 631 2751; x_wconf 89' lang='lat' dir='ltr'><strong>trans</strong></span> <span class='ocrx_word' id='word_1_197' title='bbox 656 2699 962 2754; x_wconf 83' lang='lat' dir='ltr'><strong>Jordanem</strong></span> <span class='ocrx_word' id='word_1_198' title='bbox 988 2716 1090 2771; x_wconf 87' lang='lat' dir='ltr'><strong>per</strong></span> <span class='ocrx_word' id='word_1_199' title='bbox 1129 2700 1364 2771; x_wconf 83' lang='lat' dir='ltr'><strong>Moysen</strong></span> <span class='ocrx_word' id='word_1_200' title='bbox 1408 2702 1629 2756; x_wconf 91' lang='lat' dir='ltr'><strong>duabus</strong></span> <span class='ocrx_word' id='word_1_201' title='bbox 1685 2701 1866 2756; x_wconf 90' lang='lat' dir='ltr'><strong>tribu-</strong></span> 
     </span>
    </p>
   </div>
   <div class='ocr_carea' id='block_1_30' title="bbox 193 2784 1865 2855">
    <p class='ocr_par' dir='ltr' id='par_1_30' title="bbox 193 2784 1865 2855">
     <span class='ocr_line' id='line_1_30' title="bbox 193 2784 1865 2855; baseline 0.005 -20"><span class='ocrx_word' id='word_1_202' title='bbox 193 2784 276 2837; x_wconf 85' lang='lat' dir='ltr'><strong>bus</strong></span> <span class='ocrx_word' id='word_1_203' title='bbox 306 2786 502 2841; x_wconf 80' lang='lat' dir='ltr'><strong>Ruben</strong></span> <span class='ocrx_word' id='word_1_204' title='bbox 534 2792 591 2841; x_wconf 90' lang='lat' dir='ltr'><strong>et</strong></span> <span class='ocrx_word' id='word_1_205' title='bbox 620 2788 759 2855; x_wconf 80' lang='lat' dir='ltr'><strong>Gad,</strong></span> <span class='ocrx_word' id='word_1_206' title='bbox 816 2793 872 2843; x_wconf 91' lang='lat' dir='ltr'><strong>et</strong></span> <span class='ocrx_word' id='word_1_207' title='bbox 902 2789 1156 2844; x_wconf 73' lang='lat' dir='ltr'><strong>dimidim</strong></span> <span class='ocrx_word' id='word_1_208' title='bbox 1206 2790 1360 2845; x_wconf 86' lang='lat' dir='ltr'><strong>tribu</strong></span> <span class='ocrx_word' id='word_1_209' title='bbox 1416 2792 1668 2845; x_wconf 81' lang='lat' dir='ltr'><strong>Manasse</strong></span> <span class='ocrx_word' id='word_1_210' title='bbox 1710 2796 1865 2844; x_wconf 90' lang='lat' dir='ltr'><strong>terra</strong></span> 
     </span>
    </p>
   </div>
   <div class='ocr_carea' id='block_1_31' title="bbox 195 2873 1863 2950">
    <p class='ocr_par' dir='ltr' id='par_1_31' title="bbox 195 2873 1863 2950">
     <span class='ocr_line' id='line_1_31' title="bbox 195 2873 1863 2950; baseline 0.004 -25"><span class='ocrx_word' id='word_1_211' title='bbox 195 2873 342 2927; x_wconf 89' lang='lat' dir='ltr'><strong>divisa</strong></span> <span class='ocrx_word' id='word_1_212' title='bbox 398 2881 503 2930; x_wconf 89' lang='lat' dir='ltr'><strong>est.</strong></span> <span class='ocrx_word' id='word_1_213' title='bbox 571 2882 659 2931; x_wconf 90' lang='lat' dir='ltr'><strong>etc</strong></span> <span class='ocrx_word' id='word_1_214' title='bbox 690 2919 704 2943; x_wconf 92' lang='lat'><strong>,</strong></span> <span class='ocrx_word' id='word_1_215' title='bbox 755 2894 923 2947; x_wconf 88' lang='lat' dir='ltr'><strong>usque</strong></span> <span class='ocrx_word' id='word_1_216' title='bbox 969 2879 1044 2933; x_wconf 85' lang='lat' dir='ltr'><strong>ad</strong></span> <span class='ocrx_word' id='word_1_217' title='bbox 1098 2883 1155 2934; x_wconf 91' lang='lat' dir='ltr'><strong>et</strong></span> <span class='ocrx_word' id='word_1_218' title='bbox 1183 2878 1321 2950; x_wconf 89' lang='lat' dir='ltr'><strong>ipsis</strong></span> <span class='ocrx_word' id='word_1_219' title='bbox 1351 2879 1635 2934; x_wconf 61' lang='lat' dir='ltr'><strong>manibus</strong></span> <span class='ocrx_word' id='word_1_220' title='bbox 1662 2878 1863 2948; x_wconf 87' lang='lat' dir='ltr'><strong>juncta</strong></span> 
     </span>
    </p>
   </div>
   <div class='ocr_carea' id='block_1_32' title="bbox 194 2971 561 3033">
    <p class='ocr_par' dir='ltr' id='par_1_32' title="bbox 194 2971 561 3033">
     <span class='ocr_line' id='line_1_32' title="bbox 194 2971 561 3033; baseline 0.016 -19"><span class='ocrx_word' id='word_1_221' title='bbox 194 2971 561 3033; x_wconf 83' lang='lat' dir='ltr'><strong>segregantur.</strong></span> 
     </span>
    </p>
   </div>
   <div class='ocr_carea' id='block_1_33' title="bbox 250 3053 1861 3127">
    <p class='ocr_par' dir='ltr' id='par_1_33' title="bbox 250 3053 1861 3127">
     <span class='ocr_line' id='line_1_33' title="bbox 250 3053 1861 3127; baseline 0.004 -22"><span class='ocrx_word' id='word_1_222' title='bbox 250 3053 356 3123; x_wconf 78' lang='grc' dir='ltr'><strong>(ῐο.)</strong></span> <span class='ocrx_word' id='word_1_223' title='bbox 407 3054 645 3109; x_wconf 87' lang='lat' dir='ltr'><strong>Videtur</strong></span> <span class='ocrx_word' id='word_1_224' title='bbox 691 3072 920 3127; x_wconf 89' lang='lat' dir='ltr'><strong>quoque</strong></span> <span class='ocrx_word' id='word_1_225' title='bbox 976 3057 1339 3127; x_wconf 83' lang='lat' dir='ltr'><strong>quibusdam,</strong></span> <span class='ocrx_word' id='word_1_226' title='bbox 1391 3062 1521 3126; x_wconf 89' lang='lat' dir='ltr'><strong>etc.,</strong></span> <span class='ocrx_word' id='word_1_227' title='bbox 1589 3056 1861 3125; x_wconf 82' lang='lat' dir='ltr'><strong>usquead</strong></span> 
     </span>
    </p>
   </div>
   <div class='ocr_carea' id='block_1_34' title="bbox 194 3138 1855 3216">
    <p class='ocr_par' dir='ltr' id='par_1_34' title="bbox 194 3138 1855 3216">
     <span class='ocr_line' id='line_1_34' title="bbox 194 3138 1855 3216; baseline 0.004 -24"><span class='ocrx_word' id='word_1_228' title='bbox 194 3138 242 3192; x_wconf 80' lang='lat' dir='ltr'><strong>Hi</strong></span> <span class='ocrx_word' id='word_1_229' title='bbox 270 3147 391 3195; x_wconf 91' lang='lat' dir='ltr'><strong>sunt</strong></span> <span class='ocrx_word' id='word_1_230' title='bbox 420 3159 555 3197; x_wconf 86' lang='lat' dir='ltr'><strong>vere</strong></span> <span class='ocrx_word' id='word_1_231' title='bbox 612 3144 784 3197; x_wconf 89' lang='lat' dir='ltr'><strong>sacris</strong></span> <span class='ocrx_word' id='word_1_232' title='bbox 829 3146 1082 3199; x_wconf 87' lang='lat' dir='ltr'><strong>numeris</strong></span> <span class='ocrx_word' id='word_1_233' title='bbox 1130 3146 1283 3216; x_wconf 89' lang='lat' dir='ltr'><strong>apud</strong></span> <span class='ocrx_word' id='word_1_234' title='bbox 1317 3147 1498 3200; x_wconf 89' lang='lat' dir='ltr'><strong>Deum</strong></span> <span class='ocrx_word' id='word_1_235' title='bbox 1549 3144 1855 3210; x_wconf 85' lang='lat' dir='ltr'><strong>numerati,</strong></span> 
     </span>
    </p>
   </div>
   <div class='ocr_carea' id='block_1_35' title="bbox 190 3227 1856 3307">
    <p class='ocr_par' dir='ltr' id='par_1_35' title="bbox 190 3227 1856 3307">
     <span class='ocr_line' id='line_1_35' title="bbox 190 3227 1856 3307; baseline 0.003 -25"><span class='ocrx_word' id='word_1_236' title='bbox 190 3227 287 3283; x_wconf 90' lang='lat' dir='ltr'><strong>imo</strong></span> <span class='ocrx_word' id='word_1_237' title='bbox 309 3246 556 3302; x_wconf 89' lang='lat' dir='ltr'><strong>quorum</strong></span> <span class='ocrx_word' id='word_1_238' title='bbox 605 3248 806 3287; x_wconf 90' lang='lat' dir='ltr'><strong>omnes</strong></span> <span class='ocrx_word' id='word_1_239' title='bbox 836 3234 1121 3288; x_wconf 87' lang='lat' dir='ltr'><strong>numerati</strong></span> <span class='ocrx_word' id='word_1_240' title='bbox 1144 3240 1276 3289; x_wconf 90' lang='lat' dir='ltr'><strong>sunt</strong></span> <span class='ocrx_word' id='word_1_241' title='bbox 1305 3235 1497 3307; x_wconf 90' lang='lat' dir='ltr'><strong>capilli</strong></span> <span class='ocrx_word' id='word_1_242' title='bbox 1519 3235 1735 3307; x_wconf 81' lang='lat' dir='ltr'><strong>(Matth.</strong></span> <span class='ocrx_word' id='word_1_243' title='bbox 1779 3234 1856 3304; x_wconf 86' lang='lat' dir='ltr'><strong>x).</strong></span> 
     </span>
    </p>
   </div>
   <div class='ocr_carea' id='block_1_36' title="bbox 794 3367 1235 3422">
    <p class='ocr_par' dir='ltr' id='par_1_36' title="bbox 794 3367 1235 3422">
     <span class='ocr_line' id='line_1_36' title="bbox 794 3367 1235 3422; baseline 0.002 -1"><span class='ocrx_word' id='word_1_244' title='bbox 794 3367 1018 3422; x_wconf 70' lang='lat' dir='ltr'><strong>CAPUT</strong></span> <span class='ocrx_word' id='word_1_245' title='bbox 1045 3368 1235 3422; x_wconf 80' lang='lat' dir='ltr'><strong>XXXV.</strong></span> 
     </span>
    </p>
   </div>
   <div class='ocr_carea' id='block_1_37' title="bbox 243 3498 1862 3572">
    <p class='ocr_par' dir='ltr' id='par_1_37' title="bbox 243 3498 1862 3572">
     <span class='ocr_line' id='line_1_37' title="bbox 243 3498 1862 3572; baseline 0.006 -24"><span class='ocrx_word' id='word_1_246' title='bbox 243 3498 391 3553; x_wconf 70' lang='lat' dir='ltr'><strong>Vens.</strong></span> <span class='ocrx_word' id='word_1_247' title='bbox 426 3502 510 3552; x_wconf 89' lang='grc'><strong>11.</strong></span> <span class='ocrx_word' id='word_1_248' title='bbox 548 3529 615 3539; x_wconf 88' lang='grc'><strong>--</strong></span> <span class='ocrx_word' id='word_1_249' title='bbox 667 3502 939 3555; x_wconf 85' lang='lat' dir='ltr'><strong>Decernite</strong></span> <span class='ocrx_word' id='word_1_250' title='bbox 976 3517 1096 3570; x_wconf 70' lang='lat' dir='ltr'><strong>quae</strong></span> <span class='ocrx_word' id='word_1_251' title='bbox 1137 3502 1314 3557; x_wconf 82' lang='lat' dir='ltr'><strong>urbes.</strong></span> <span class='ocrx_word' id='word_1_252' title='bbox 1350 3502 1539 3571; x_wconf 59' lang='lat' dir='ltr'><strong>(Ana,</strong></span> <span class='ocrx_word' id='word_1_253' title='bbox 1570 3506 1759 3572; x_wconf 60' lang='lat' dir='ltr'><strong>quast.</strong></span> <span class='ocrx_word' id='word_1_254' title='bbox 1792 3504 1862 3557; x_wconf 78' lang='grc'><strong>64</strong></span> 
     </span>
    </p>
   </div>
   <div class='ocr_carea' id='block_1_38' title="bbox 189 3587 1862 3661">
    <p class='ocr_par' dir='ltr' id='par_1_38' title="bbox 189 3587 1862 3661">
     <span class='ocr_line' id='line_1_38' title="bbox 189 3587 1862 3661; baseline 0.006 -25"><span class='ocrx_word' id='word_1_255' title='bbox 189 3587 234 3636; x_wconf 83' lang='lat' dir='ltr'><strong>in</strong></span> <span class='ocrx_word' id='word_1_256' title='bbox 271 3587 445 3654; x_wconf 85' lang='lat' dir='ltr'><strong>Num.)</strong></span> <span class='ocrx_word' id='word_1_257' title='bbox 476 3587 631 3652; x_wconf 88' lang='lat' dir='ltr'><strong>Quid</strong></span> <span class='ocrx_word' id='word_1_258' title='bbox 660 3593 745 3641; x_wconf 90' lang='lat' dir='ltr'><strong>est</strong></span> <span class='ocrx_word' id='word_1_259' title='bbox 775 3590 929 3659; x_wconf 89' lang='lat' dir='ltr'><strong>quod</strong></span> <span class='ocrx_word' id='word_1_260' title='bbox 959 3592 1057 3656; x_wconf 89' lang='lat' dir='ltr'><strong>ait,</strong></span> <span class='ocrx_word' id='word_1_261' title='bbox 1104 3596 1249 3653; x_wconf 87' lang='lat' dir='ltr'><strong>etc.,</strong></span> <span class='ocrx_word' id='word_1_262' title='bbox 1278 3607 1448 3661; x_wconf 87' lang='lat' dir='ltr'><strong>usque</strong></span> <span class='ocrx_word' id='word_1_263' title='bbox 1478 3592 1552 3645; x_wconf 87' lang='lat' dir='ltr'><strong>ad</strong></span> <span class='ocrx_word' id='word_1_264' title='bbox 1594 3592 1640 3645; x_wconf 90' lang='lat' dir='ltr'><strong>si</strong></span> <span class='ocrx_word' id='word_1_265' title='bbox 1672 3592 1862 3646; x_wconf 90' lang='lat' dir='ltr'><strong>mani-</strong></span> 
     </span>
    </p>
   </div>
   <div class='ocr_carea' id='block_1_39' title="bbox 188 3673 1862 3751">
    <p class='ocr_par' dir='ltr' id='par_1_39' title="bbox 188 3673 1862 3751">
     <span class='ocr_line' id='line_1_39' title="bbox 188 3673 1862 3751; baseline 0.007 -26"><span class='ocrx_word' id='word_1_266' title='bbox 188 3673 367 3729; x_wconf 87' lang='lat' dir='ltr'><strong>festum</strong></span> <span class='ocrx_word' id='word_1_267' title='bbox 413 3676 635 3732; x_wconf 81' lang='lat' dir='ltr'><strong>factum</strong></span> <span class='ocrx_word' id='word_1_268' title='bbox 690 3677 861 3733; x_wconf 86' lang='lat' dir='ltr'><strong>fuerit</strong></span> <span class='ocrx_word' id='word_1_269' title='bbox 892 3680 954 3733; x_wconf 93' lang='lat' dir='ltr'><strong>in</strong></span> <span class='ocrx_word' id='word_1_270' title='bbox 988 3680 1219 3749; x_wconf 86' lang='lat' dir='ltr'><strong>judicio,</strong></span> <span class='ocrx_word' id='word_1_271' title='bbox 1254 3681 1405 3751; x_wconf 92' lang='lat' dir='ltr'><strong>quod</strong></span> <span class='ocrx_word' id='word_1_272' title='bbox 1454 3682 1653 3735; x_wconf 88' lang='lat' dir='ltr'><strong>nolens</strong></span> <span class='ocrx_word' id='word_1_273' title='bbox 1713 3680 1862 3736; x_wconf 86' lang='lat' dir='ltr'><strong>occi-</strong></span> 
     </span>
    </p>
   </div>
   <div class='ocr_carea' id='block_1_40' title="bbox 189 3762 330 3817">
    <p class='ocr_par' dir='ltr' id='par_1_40' title="bbox 189 3762 330 3817">
     <span class='ocr_line' id='line_1_40' title="bbox 189 3762 330 3817; baseline 0.014 -2"><span class='ocrx_word' id='word_1_274' title='bbox 189 3762 330 3817; x_wconf 89' lang='lat' dir='ltr'><strong>derit.</strong></span> 
     </span>
    </p>
   </div>
   <div class='ocr_carea' id='block_1_41' title="bbox 246 3851 1859 3927">
    <p class='ocr_par' dir='ltr' id='par_1_41' title="bbox 246 3851 1859 3927">
     <span class='ocr_line' id='line_1_41' title="bbox 246 3851 1859 3927; baseline 0.002 -22"><span class='ocrx_word' id='word_1_275' title='bbox 246 3851 394 3919; x_wconf 75' lang='lat' dir='ltr'><strong>(Ras.</strong></span> <span class='ocrx_word' id='word_1_276' title='bbox 460 3856 525 3906; x_wconf 90' lang='lat' dir='ltr'><strong>in</strong></span> <span class='ocrx_word' id='word_1_277' title='bbox 556 3853 739 3921; x_wconf 80' lang='lat' dir='ltr'><strong>Num.)</strong></span> <span class='ocrx_word' id='word_1_278' title='bbox 793 3853 850 3909; x_wconf 91' lang='lat' dir='ltr'><strong>Si</strong></span> <span class='ocrx_word' id='word_1_279' title='bbox 906 3854 1049 3909; x_wconf 89' lang='lat' dir='ltr'><strong>forte</strong></span> <span class='ocrx_word' id='word_1_280' title='bbox 1104 3871 1210 3926; x_wconf 92' lang='lat' dir='ltr'><strong>pro</strong></span> <span class='ocrx_word' id='word_1_281' title='bbox 1265 3854 1613 3910; x_wconf 87' lang='lat' dir='ltr'><strong>conscientia</strong></span> <span class='ocrx_word' id='word_1_282' title='bbox 1658 3872 1859 3927; x_wconf 88' lang='lat' dir='ltr'><strong>pecca-</strong></span> 
     </span>
    </p>
   </div>
   <div class='ocr_carea' id='block_1_42' title="bbox 188 3941 1864 4015">
    <p class='ocr_par' dir='ltr' id='par_1_42' title="bbox 188 3941 1864 4015">
     <span class='ocr_line' id='line_1_42' title="bbox 188 3941 1864 4015; baseline 0.005 -24"><span class='ocrx_word' id='word_1_283' title='bbox 188 3941 352 3994; x_wconf 88' lang='lat' dir='ltr'><strong>torum</strong></span> <span class='ocrx_word' id='word_1_284' title='bbox 406 3941 665 3995; x_wconf 75' lang='lat' dir='ltr'><strong>civitates</strong></span> <span class='ocrx_word' id='word_1_285' title='bbox 712 3948 876 3996; x_wconf 69' lang='lat' dir='ltr'><strong>terra:</strong></span> <span class='ocrx_word' id='word_1_286' title='bbox 920 3943 1337 4013; x_wconf 89' lang='lat' dir='ltr'><strong>promissionis,</strong></span> <span class='ocrx_word' id='word_1_287' title='bbox 1381 3950 1514 4014; x_wconf 90' lang='lat' dir='ltr'><strong>etc.,</strong></span> <span class='ocrx_word' id='word_1_288' title='bbox 1569 3960 1738 4015; x_wconf 88' lang='lat' dir='ltr'><strong>usque</strong></span> <span class='ocrx_word' id='word_1_289' title='bbox 1789 3944 1864 3998; x_wconf 81' lang='lat' dir='ltr'><strong>ad</strong></span> 
     </span>
    </p>
   </div>
   <div class='ocr_carea' id='block_1_43' title="bbox 187 4029 1861 4104">
    <p class='ocr_par' dir='ltr' id='par_1_43' title="bbox 187 4029 1861 4104">
     <span class='ocr_line' id='line_1_43' title="bbox 187 4029 1861 4104; baseline 0.005 -25"><span class='ocrx_word' id='word_1_290' title='bbox 187 4029 299 4097; x_wconf 86' lang='lat' dir='ltr'><strong>quia</strong></span> <span class='ocrx_word' id='word_1_291' title='bbox 350 4030 582 4086; x_wconf 88' lang='lat' dir='ltr'><strong>Sichem</strong></span> <span class='ocrx_word' id='word_1_292' title='bbox 630 4030 701 4085; x_wconf 91' lang='lat' dir='ltr'><strong>ab</strong></span> <span class='ocrx_word' id='word_1_293' title='bbox 730 4030 1070 4103; x_wconf 83' lang='lat' dir='ltr'><strong>alienigenis</strong></span> <span class='ocrx_word' id='word_1_294' title='bbox 1119 4041 1445 4104; x_wconf 88' lang='lat' dir='ltr'><strong>comparata</strong></span> <span class='ocrx_word' id='word_1_295' title='bbox 1492 4039 1580 4088; x_wconf 89' lang='lat' dir='ltr'><strong>est</strong></span> <span class='ocrx_word' id='word_1_296' title='bbox 1632 4039 1861 4089; x_wconf 87' lang='lat' dir='ltr'><strong>centum</strong></span> 
     </span>
    </p>
   </div>
   <div class='ocr_carea' id='block_1_44' title="bbox 186 4132 343 4187">
    <p class='ocr_par' dir='ltr' id='par_1_44' title="bbox 186 4132 343 4187">
     <span class='ocr_line' id='line_1_44' title="bbox 186 4132 343 4187; baseline 0.013 -16"><span class='ocrx_word' id='word_1_297' title='bbox 186 4132 343 4187; x_wconf 79' lang='lat' dir='ltr'><strong>agnis.</strong></span> 
     </span>
    </p>
   </div>
   <div class='ocr_carea' id='block_1_45' title="bbox 245 4208 1858 4274">
    <p class='ocr_par' dir='ltr' id='par_1_45' title="bbox 245 4208 1858 4274">
     <span class='ocr_line' id='line_1_45' title="bbox 245 4208 1858 4274; baseline 0.005 -16"><span class='ocrx_word' id='word_1_298' title='bbox 245 4208 393 4263; x_wconf 73' lang='lat' dir='ltr'><strong>Vens.</strong></span> <span class='ocrx_word' id='word_1_299' title='bbox 433 4212 522 4265; x_wconf 87' lang='grc'><strong>16.</strong></span> <span class='ocrx_word' id='word_1_300' title='bbox 556 4239 623 4249; x_wconf 89' lang='grc'><strong>-</strong></span> <span class='ocrx_word' id='word_1_301' title='bbox 652 4209 819 4274; x_wconf 86' lang='lat' dir='ltr'><strong>Reus,</strong></span> <span class='ocrx_word' id='word_1_302' title='bbox 853 4209 908 4264; x_wconf 90' lang='lat' dir='ltr'><strong>id</strong></span> <span class='ocrx_word' id='word_1_303' title='bbox 940 4214 1028 4265; x_wconf 88' lang='lat' dir='ltr'><strong>est</strong></span> <span class='ocrx_word' id='word_1_304' title='bbox 1073 4214 1303 4265; x_wconf 66' lang='lat' dir='ltr'><strong>aeternas</strong></span> <span class='ocrx_word' id='word_1_305' title='bbox 1334 4210 1505 4266; x_wconf 91' lang='lat' dir='ltr'><strong>morti</strong></span> <span class='ocrx_word' id='word_1_306' title='bbox 1552 4212 1858 4266; x_wconf 88' lang='lat' dir='ltr'><strong>obnoxius:</strong></span> 
     </span>
    </p>
   </div>
   <div class='ocr_carea' id='block_1_46' title="bbox 1969 475 2593 549">
    <p class='ocr_par' dir='ltr' id='par_1_46' title="bbox 1969 475 2593 549">
     <span class='ocr_line' id='line_1_46' title="bbox 1969 475 2593 549; baseline -0.008 -17"><span class='ocrx_word' id='word_1_307' title='bbox 1969 494 2140 549; x_wconf 91' lang='lat' dir='ltr'><strong>gnam</strong></span> <span class='ocrx_word' id='word_1_308' title='bbox 2172 475 2593 548; x_wconf 60' lang='lat' dir='ltr'><strong>paenitentiam.</strong></span> 
     </span>
    </p>
   </div>
   <div class='ocr_carea' id='block_1_47' title="bbox 2045 554 3660 632">
    <p class='ocr_par' dir='ltr' id='par_1_47' title="bbox 2045 554 3660 632">
     <span class='ocr_line' id='line_1_47' title="bbox 2045 554 3660 632; baseline -0.006 -12"><span class='ocrx_word' id='word_1_309' title='bbox 2045 570 2200 622; x_wconf 79' lang='lat' dir='ltr'><strong>Vaas.</strong></span> <span class='ocrx_word' id='word_1_310' title='bbox 2234 570 2322 622; x_wconf 85' lang='lat'><strong>28.</strong></span> <span class='ocrx_word' id='word_1_311' title='bbox 2355 595 2426 606; x_wconf 92' lang='lat'><strong><em>—</em></strong></span> <span class='ocrx_word' id='word_1_312' title='bbox 2479 567 2770 632; x_wconf 85' lang='lat' dir='ltr'><strong>Postquam</strong></span> <span class='ocrx_word' id='word_1_313' title='bbox 2817 564 2995 615; x_wconf 88' lang='lat' dir='ltr'><strong>autem</strong></span> <span class='ocrx_word' id='word_1_314' title='bbox 3046 559 3134 612; x_wconf 84' lang='lat' dir='ltr'><strong>ille</strong></span> <span class='ocrx_word' id='word_1_315' title='bbox 3197 556 3407 611; x_wconf 84' lang='lat' dir='ltr'><strong>abierit.</strong></span> <span class='ocrx_word' id='word_1_316' title='bbox 3467 554 3660 626; x_wconf 76' lang='lat' dir='ltr'><strong>(Gasc.</strong></span> 
     </span>
    </p>
   </div>
   <div class='ocr_carea' id='block_1_48' title="bbox 1969 644 3662 724">
    <p class='ocr_par' dir='ltr' id='par_1_48' title="bbox 1969 644 3662 724">
     <span class='ocr_line' id='line_1_48' title="bbox 1969 644 3662 724; baseline -0.009 -13"><span class='ocrx_word' id='word_1_317' title='bbox 1969 658 2152 712; x_wconf 87' lang='lat' dir='ltr'><strong>homil.</strong></span> <span class='ocrx_word' id='word_1_318' title='bbox 2185 660 2216 711; x_wconf 89' lang='lat'><strong>6</strong></span> <span class='ocrx_word' id='word_1_319' title='bbox 2262 659 2320 711; x_wconf 88' lang='lat' dir='ltr'><strong>in</strong></span> <span class='ocrx_word' id='word_1_320' title='bbox 2357 656 2594 724; x_wconf 80' lang='lat' dir='ltr'><strong>Ezech.)</strong></span> <span class='ocrx_word' id='word_1_321' title='bbox 2642 655 2775 709; x_wconf 84' lang='lat' dir='ltr'><strong>Post</strong></span> <span class='ocrx_word' id='word_1_322' title='bbox 2804 656 3049 705; x_wconf 89' lang='lat' dir='ltr'><strong>mortem</strong></span> <span class='ocrx_word' id='word_1_323' title='bbox 3096 644 3308 701; x_wconf 90' lang='lat' dir='ltr'><strong>summi</strong></span> <span class='ocrx_word' id='word_1_324' title='bbox 3356 644 3662 716; x_wconf 87' lang='lat' dir='ltr'><strong>pontiﬁcis,</strong></span> 
     </span>
    </p>
   </div>
   <div class='ocr_carea' id='block_1_49' title="bbox 1970 738 3662 819">
    <p class='ocr_par' dir='ltr' id='par_1_49' title="bbox 1970 738 3662 819">
     <span class='ocr_line' id='line_1_49' title="bbox 1970 738 3662 819; baseline -0.008 -15"><span class='ocrx_word' id='word_1_325' title='bbox 1970 748 2253 804; x_wconf 90' lang='lat' dir='ltr'><strong>homicida</strong></span> <span class='ocrx_word' id='word_1_326' title='bbox 2286 749 2524 819; x_wconf 89' lang='lat' dir='ltr'><strong>jubetur</strong></span> <span class='ocrx_word' id='word_1_327' title='bbox 2568 746 2778 801; x_wconf 83' lang='lat' dir='ltr'><strong>reverti</strong></span> <span class='ocrx_word' id='word_1_328' title='bbox 2816 744 2876 797; x_wconf 91' lang='lat' dir='ltr'><strong>in</strong></span> <span class='ocrx_word' id='word_1_329' title='bbox 2908 748 3120 797; x_wconf 85' lang='lat' dir='ltr'><strong>terram</strong></span> <span class='ocrx_word' id='word_1_330' title='bbox 3160 755 3344 804; x_wconf 88' lang='lat' dir='ltr'><strong>suam,</strong></span> <span class='ocrx_word' id='word_1_331' title='bbox 3391 738 3531 810; x_wconf 87' lang='lat' dir='ltr'><strong>quia</strong></span> <span class='ocrx_word' id='word_1_332' title='bbox 3554 739 3662 792; x_wconf 85' lang='lat' dir='ltr'><strong>hu-</strong></span> 
     </span>
    </p>
   </div>
   <div class='ocr_carea' id='block_1_50' title="bbox 1968 826 3664 907">
    <p class='ocr_par' dir='ltr' id='par_1_50' title="bbox 1968 826 3664 907">
     <span class='ocr_line' id='line_1_50' title="bbox 1968 826 3664 907; baseline -0.007 -15"><span class='ocrx_word' id='word_1_333' title='bbox 1968 853 2205 892; x_wconf 89' lang='lat' dir='ltr'><strong>manum</strong></span> <span class='ocrx_word' id='word_1_334' title='bbox 2253 852 2433 907; x_wconf 89' lang='lat' dir='ltr'><strong>genus</strong></span> <span class='ocrx_word' id='word_1_335' title='bbox 2485 832 2769 905; x_wconf 83' lang='lat' dir='ltr'><strong>peccando</strong></span> <span class='ocrx_word' id='word_1_336' title='bbox 2804 830 2913 885; x_wconf 88' lang='lat' dir='ltr'><strong>sibi</strong></span> <span class='ocrx_word' id='word_1_337' title='bbox 2970 834 3217 884; x_wconf 87' lang='lat' dir='ltr'><strong>mortem</strong></span> <span class='ocrx_word' id='word_1_338' title='bbox 3280 826 3479 882; x_wconf 90' lang='lat' dir='ltr'><strong>intulit</strong></span> <span class='ocrx_word' id='word_1_339' title='bbox 3540 832 3664 897; x_wconf 90' lang='lat' dir='ltr'><strong>post</strong></span> 
     </span>
    </p>
   </div>
   <div class='ocr_carea' id='block_1_51' title="bbox 1969 914 3662 985">
    <p class='ocr_par' dir='ltr' id='par_1_51' title="bbox 1969 914 3662 985">
     <span class='ocr_line' id='line_1_51' title="bbox 1969 914 3662 985; baseline -0.008 -4"><span class='ocrx_word' id='word_1_340' title='bbox 1969 933 2215 981; x_wconf 90' lang='lat' dir='ltr'><strong>mortem</strong></span> <span class='ocrx_word' id='word_1_341' title='bbox 2239 926 2355 979; x_wconf 91' lang='lat' dir='ltr'><strong>veri</strong></span> <span class='ocrx_word' id='word_1_342' title='bbox 2386 923 2708 985; x_wconf 83' lang='lat' dir='ltr'><strong>sacerdotis,</strong></span> <span class='ocrx_word' id='word_1_343' title='bbox 2740 921 2796 975; x_wconf 89' lang='lat' dir='ltr'><strong>id</strong></span> <span class='ocrx_word' id='word_1_344' title='bbox 2842 924 2927 974; x_wconf 90' lang='lat' dir='ltr'><strong>est</strong></span> <span class='ocrx_word' id='word_1_345' title='bbox 2968 917 3194 983; x_wconf 86' lang='lat' dir='ltr'><strong>Christi,</strong></span> <span class='ocrx_word' id='word_1_346' title='bbox 3243 914 3662 971; x_wconf 84' lang='lat' dir='ltr'><strong>absolutionem</strong></span> 
     </span>
    </p>
   </div>
   <div class='ocr_carea' id='block_1_52' title="bbox 1968 1014 2420 1084">
    <p class='ocr_par' dir='ltr' id='par_1_52' title="bbox 1968 1014 2420 1084">
     <span class='ocr_line' id='line_1_52' title="bbox 1968 1014 2420 1084; baseline -0.002 -16"><span class='ocrx_word' id='word_1_347' title='bbox 1968 1021 2161 1069; x_wconf 90' lang='lat' dir='ltr'><strong>reatus</strong></span> <span class='ocrx_word' id='word_1_348' title='bbox 2186 1014 2420 1084; x_wconf 89' lang='lat' dir='ltr'><strong>accepit.</strong></span> 
     </span>
    </p>
   </div>
   <div class='ocr_carea' id='block_1_53' title="bbox 2040 1093 3659 1169">
    <p class='ocr_par' dir='ltr' id='par_1_53' title="bbox 2040 1093 3659 1169">
     <span class='ocr_line' id='line_1_53' title="bbox 2040 1093 3659 1169; baseline -0.007 -14"><span class='ocrx_word' id='word_1_349' title='bbox 2040 1104 2198 1157; x_wconf 75' lang='lat' dir='ltr'><strong>Vens.</strong></span> <span class='ocrx_word' id='word_1_350' title='bbox 2220 1106 2307 1157; x_wconf 84' lang='lat'><strong>26.</strong></span> <span class='ocrx_word' id='word_1_351' title='bbox 2346 1132 2407 1142; x_wconf 94' lang='lat'><strong>-</strong></span> <span class='ocrx_word' id='word_1_352' title='bbox 2449 1102 2523 1157; x_wconf 88' lang='lat' dir='ltr'><strong>Ne</strong></span> <span class='ocrx_word' id='word_1_353' title='bbox 2550 1099 2807 1169; x_wconf 89' lang='lat' dir='ltr'><strong>polluatis</strong></span> <span class='ocrx_word' id='word_1_354' title='bbox 2838 1101 3037 1151; x_wconf 84' lang='lat' dir='ltr'><strong>terram</strong></span> <span class='ocrx_word' id='word_1_355' title='bbox 3068 1093 3422 1148; x_wconf 83' lang='lat' dir='ltr'><strong>habitationis</strong></span> <span class='ocrx_word' id='word_1_356' title='bbox 3451 1094 3659 1145; x_wconf 67' lang='lat' dir='ltr'><strong>vestrm.</strong></span> 
     </span>
    </p>
   </div>
   <div class='ocr_carea' id='block_1_54' title="bbox 1967 1182 3661 1254">
    <p class='ocr_par' dir='ltr' id='par_1_54' title="bbox 1967 1182 3661 1254">
     <span class='ocr_line' id='line_1_54' title="bbox 1967 1182 3661 1254; baseline -0.008 -8"><span class='ocrx_word' id='word_1_357' title='bbox 1967 1192 2178 1247; x_wconf 87' lang='lat' dir='ltr'><strong>Polluit</strong></span> <span class='ocrx_word' id='word_1_358' title='bbox 2212 1198 2423 1246; x_wconf 89' lang='lat' dir='ltr'><strong>terram</strong></span> <span class='ocrx_word' id='word_1_359' title='bbox 2460 1186 2825 1243; x_wconf 77' lang='lat' dir='ltr'><strong>habitationis</strong></span> <span class='ocrx_word' id='word_1_360' title='bbox 2854 1200 2972 1239; x_wconf 73' lang='lat' dir='ltr'><strong>sum</strong></span> <span class='ocrx_word' id='word_1_361' title='bbox 2998 1183 3099 1254; x_wconf 89' lang='lat' dir='ltr'><strong>qui</strong></span> <span class='ocrx_word' id='word_1_362' title='bbox 3126 1187 3359 1236; x_wconf 87' lang='lat' dir='ltr'><strong>cruenta</strong></span> <span class='ocrx_word' id='word_1_363' title='bbox 3408 1186 3464 1234; x_wconf 91' lang='lat' dir='ltr'><strong>et</strong></span> <span class='ocrx_word' id='word_1_364' title='bbox 3508 1182 3661 1233; x_wconf 84' lang='lat' dir='ltr'><strong>neta-</strong></span> 
     </span>
    </p>
   </div>
   <div class='ocr_carea' id='block_1_55' title="bbox 1968 1267 3659 1349">
    <p class='ocr_par' dir='ltr' id='par_1_55' title="bbox 1968 1267 3659 1349">
     <span class='ocr_line' id='line_1_55' title="bbox 1968 1267 3659 1349; baseline -0.008 -16"><span class='ocrx_word' id='word_1_365' title='bbox 1968 1281 2053 1334; x_wconf 87' lang='lat' dir='ltr'><strong>ria</strong></span> <span class='ocrx_word' id='word_1_366' title='bbox 2076 1280 2208 1335; x_wconf 84' lang='lat' dir='ltr'><strong>facit</strong></span> <span class='ocrx_word' id='word_1_367' title='bbox 2255 1294 2448 1349; x_wconf 89' lang='lat' dir='ltr'><strong>opera,</strong></span> <span class='ocrx_word' id='word_1_368' title='bbox 2485 1276 2772 1347; x_wconf 83' lang='lat' dir='ltr'><strong>proximos</strong></span> <span class='ocrx_word' id='word_1_369' title='bbox 2819 1270 3253 1327; x_wconf 86' lang='lat' dir='ltr'><strong>scandalizando</strong></span> <span class='ocrx_word' id='word_1_370' title='bbox 3312 1274 3368 1323; x_wconf 90' lang='lat' dir='ltr'><strong>et</strong></span> <span class='ocrx_word' id='word_1_371' title='bbox 3393 1267 3659 1333; x_wconf 84' lang='lat' dir='ltr'><strong>spiritua-</strong></span> 
     </span>
    </p>
   </div>
   <div class='ocr_carea' id='block_1_56' title="bbox 1968 1360 3658 1433">
    <p class='ocr_par' dir='ltr' id='par_1_56' title="bbox 1968 1360 3658 1433">
     <span class='ocr_line' id='line_1_56' title="bbox 1968 1360 3658 1433; baseline -0.009 -10"><span class='ocrx_word' id='word_1_372' title='bbox 1968 1370 2095 1424; x_wconf 92' lang='lat' dir='ltr'><strong>liter</strong></span> <span class='ocrx_word' id='word_1_373' title='bbox 2139 1368 2554 1423; x_wconf 89' lang='lat' dir='ltr'><strong>interﬁciendo.</strong></span> <span class='ocrx_word' id='word_1_374' title='bbox 2612 1366 2678 1419; x_wconf 87' lang='lat' dir='ltr'><strong>Et</strong></span> <span class='ocrx_word' id='word_1_375' title='bbox 2718 1363 2827 1419; x_wconf 92' lang='lat' dir='ltr'><strong>nisi</strong></span> <span class='ocrx_word' id='word_1_376' title='bbox 2874 1379 2976 1433; x_wconf 89' lang='lat' dir='ltr'><strong>per</strong></span> <span class='ocrx_word' id='word_1_377' title='bbox 3013 1360 3431 1417; x_wconf 84' lang='lat' dir='ltr'><strong>confessionem</strong></span> <span class='ocrx_word' id='word_1_378' title='bbox 3462 1372 3658 1428; x_wconf 87' lang='lat' dir='ltr'><strong>pecca-</strong></span> 
     </span>
    </p>
   </div>
   <div class='ocr_carea' id='block_1_57' title="bbox 1966 1445 3662 1526">
    <p class='ocr_par' dir='ltr' id='par_1_57' title="bbox 1966 1445 3662 1526">
     <span class='ocr_line' id='line_1_57' title="bbox 1966 1445 3662 1526; baseline -0.009 -14"><span class='ocrx_word' id='word_1_379' title='bbox 1966 1463 2159 1512; x_wconf 87' lang='lat' dir='ltr'><strong>torum</strong></span> <span class='ocrx_word' id='word_1_380' title='bbox 2207 1464 2264 1512; x_wconf 92' lang='lat' dir='ltr'><strong>et</strong></span> <span class='ocrx_word' id='word_1_381' title='bbox 2314 1456 2657 1526; x_wconf 85' lang='lat' dir='ltr'><strong>condignam</strong></span> <span class='ocrx_word' id='word_1_382' title='bbox 2712 1452 3107 1525; x_wconf 81' lang='lat' dir='ltr'><strong>paenitentiam</strong></span> <span class='ocrx_word' id='word_1_383' title='bbox 3152 1447 3433 1503; x_wconf 84' lang='lat' dir='ltr'><strong>desideria</strong></span> <span class='ocrx_word' id='word_1_384' title='bbox 3477 1445 3662 1499; x_wconf 83' lang='lat' dir='ltr'><strong>carnis</strong></span> 
     </span>
    </p>
   </div>
   <div class='ocr_carea' id='block_1_58' title="bbox 1966 1535 3659 1613">
    <p class='ocr_par' dir='ltr' id='par_1_58' title="bbox 1966 1535 3659 1613">
     <span class='ocr_line' id='line_1_58' title="bbox 1966 1535 3659 1613; baseline -0.009 -11"><span class='ocrx_word' id='word_1_385' title='bbox 1966 1547 2320 1610; x_wconf 88' lang='lat' dir='ltr'><strong>occidantur,</strong></span> <span class='ocrx_word' id='word_1_386' title='bbox 2368 1552 2520 1599; x_wconf 88' lang='lat' dir='ltr'><strong>terra</strong></span> <span class='ocrx_word' id='word_1_387' title='bbox 2559 1542 2814 1613; x_wconf 90' lang='lat' dir='ltr'><strong>corporis</strong></span> <span class='ocrx_word' id='word_1_388' title='bbox 2844 1542 2977 1595; x_wconf 87' lang='lat' dir='ltr'><strong>illus</strong></span> <span class='ocrx_word' id='word_1_389' title='bbox 3010 1540 3167 1593; x_wconf 90' lang='lat' dir='ltr'><strong>nullo</strong></span> <span class='ocrx_word' id='word_1_390' title='bbox 3198 1537 3369 1592; x_wconf 89' lang='lat' dir='ltr'><strong>modo</strong></span> <span class='ocrx_word' id='word_1_391' title='bbox 3415 1535 3659 1590; x_wconf 87' lang='lat' dir='ltr'><strong>munda-</strong></span> 
     </span>
    </p>
   </div>
   <div class='ocr_carea' id='block_1_59' title="bbox 1964 1623 3659 1701">
    <p class='ocr_par' dir='ltr' id='par_1_59' title="bbox 1964 1623 3659 1701">
     <span class='ocr_line' id='line_1_59' title="bbox 1964 1623 3659 1701; baseline -0.008 -12"><span class='ocrx_word' id='word_1_392' title='bbox 1964 1635 2138 1701; x_wconf 91' lang='lat' dir='ltr'><strong>bitur,</strong></span> <span class='ocrx_word' id='word_1_393' title='bbox 2172 1652 2274 1689; x_wconf 90' lang='lat' dir='ltr'><strong>nec</strong></span> <span class='ocrx_word' id='word_1_394' title='bbox 2313 1636 2545 1690; x_wconf 84' lang='lat' dir='ltr'><strong>Creator</strong></span> <span class='ocrx_word' id='word_1_395' title='bbox 2570 1632 2831 1686; x_wconf 89' lang='lat' dir='ltr'><strong>omnium</strong></span> <span class='ocrx_word' id='word_1_396' title='bbox 2878 1631 2939 1684; x_wconf 89' lang='lat' dir='ltr'><strong>in</strong></span> <span class='ocrx_word' id='word_1_397' title='bbox 2971 1630 3093 1699; x_wconf 82' lang='lat' dir='ltr'><strong>ejus</strong></span> <span class='ocrx_word' id='word_1_398' title='bbox 3137 1627 3327 1682; x_wconf 85' lang='lat' dir='ltr'><strong>anima</strong></span> <span class='ocrx_word' id='word_1_399' title='bbox 3358 1623 3659 1690; x_wconf 88' lang='lat' dir='ltr'><strong>habitabit,</strong></span> 
     </span>
    </p>
   </div>
   <div class='ocr_carea' id='block_1_60' title="bbox 1968 1709 3664 1796">
    <p class='ocr_par' dir='ltr' id='par_1_60' title="bbox 1968 1709 3664 1796">
     <span class='ocr_line' id='line_1_60' title="bbox 1968 1709 3664 1796; baseline -0.009 -16"><span class='ocrx_word' id='word_1_400' title='bbox 1968 1725 2067 1779; x_wconf 89' lang='lat' dir='ltr'><strong>ubi</strong></span> <span class='ocrx_word' id='word_1_401' title='bbox 2096 1726 2421 1796; x_wconf 87' lang='lat' dir='ltr'><strong>squalorem</strong></span> <span class='ocrx_word' id='word_1_402' title='bbox 2449 1722 2699 1792; x_wconf 74' lang='lat' dir='ltr'><strong>sordidae</strong></span> <span class='ocrx_word' id='word_1_403' title='bbox 2741 1716 3185 1774; x_wconf 86' lang='lat' dir='ltr'><strong>conversationis</strong></span> <span class='ocrx_word' id='word_1_404' title='bbox 3237 1711 3521 1770; x_wconf 87' lang='lat' dir='ltr'><strong>dominari</strong></span> <span class='ocrx_word' id='word_1_405' title='bbox 3579 1709 3664 1764; x_wconf 88' lang='lat' dir='ltr'><strong>vi-</strong></span> 
     </span>
    </p>
   </div>
   <div class='ocr_carea' id='block_1_61' title="bbox 1970 1814 2235 1869">
    <p class='ocr_par' dir='ltr' id='par_1_61' title="bbox 1970 1814 2235 1869">
     <span class='ocr_line' id='line_1_61' title="bbox 1970 1814 2235 1869; baseline -0.004 0"><span class='ocrx_word' id='word_1_406' title='bbox 1970 1814 2148 1869; x_wconf 90' lang='lat' dir='ltr'><strong>debit.</strong></span> <span class='ocrx_word' id='word_1_407' title='bbox 2234 1842 2235 1847; x_wconf 57' lang='grc' dir='ltr'><strong>η</strong></span> 
     </span>
    </p>
   </div>
   <div class='ocr_carea' id='block_1_62' title="bbox 2570 1895 3059 1956">
    <p class='ocr_par' dir='ltr' id='par_1_62' title="bbox 2570 1895 3059 1956">
     <span class='ocr_line' id='line_1_62' title="bbox 2570 1895 3059 1956; baseline -0.018 0"><span class='ocrx_word' id='word_1_408' title='bbox 2570 1899 2793 1956; x_wconf 83' lang='lat' dir='ltr'><strong>CAPUT</strong></span> <span class='ocrx_word' id='word_1_409' title='bbox 2832 1895 3059 1953; x_wconf 79' lang='lat' dir='ltr'><strong>XXXVI.</strong></span> 
     </span>
    </p>
   </div>
   <div class='ocr_carea' id='block_1_63' title="bbox 2039 1984 3657 2053">
    <p class='ocr_par' dir='ltr' id='par_1_63' title="bbox 2039 1984 3657 2053">
     <span class='ocr_line' id='line_1_63' title="bbox 2039 1984 3657 2053; baseline -0.007 -8"><span class='ocrx_word' id='word_1_410' title='bbox 2039 1993 2201 2046; x_wconf 71' lang='lat' dir='ltr'><strong>Vens.</strong></span> <span class='ocrx_word' id='word_1_411' title='bbox 2257 1995 2305 2046; x_wconf 87' lang='grc'><strong>1.</strong></span> <span class='ocrx_word' id='word_1_412' title='bbox 2347 2020 2417 2033; x_wconf 90' lang='grc'><strong><em>-</em></strong></span> <span class='ocrx_word' id='word_1_413' title='bbox 2479 1992 2832 2045; x_wconf 82' lang='lat' dir='ltr'><strong>Accesserant</strong></span> <span class='ocrx_word' id='word_1_414' title='bbox 2874 1991 3053 2041; x_wconf 90' lang='lat' dir='ltr'><strong>autem</strong></span> <span class='ocrx_word' id='word_1_415' title='bbox 3102 1989 3151 2039; x_wconf 91' lang='lat' dir='ltr'><strong>et</strong></span> <span class='ocrx_word' id='word_1_416' title='bbox 3193 1984 3493 2053; x_wconf 81' lang='lat' dir='ltr'><strong>principes,</strong></span> <span class='ocrx_word' id='word_1_417' title='bbox 3553 1984 3657 2035; x_wconf 90' lang='lat' dir='ltr'><strong>etc.</strong></span> 
     </span>
    </p>
   </div>
   <div class='ocr_carea' id='block_1_64' title="bbox 1971 2068 3661 2149">
    <p class='ocr_par' dir='ltr' id='par_1_64' title="bbox 1971 2068 3661 2149">
     <span class='ocr_line' id='line_1_64' title="bbox 1971 2068 3661 2149; baseline -0.007 -14"><span class='ocrx_word' id='word_1_418' title='bbox 1971 2081 2131 2149; x_wconf 73' lang='lat' dir='ltr'><strong>(Ras.</strong></span> <span class='ocrx_word' id='word_1_419' title='bbox 2193 2082 2253 2135; x_wconf 92' lang='lat' dir='ltr'><strong>in</strong></span> <span class='ocrx_word' id='word_1_420' title='bbox 2320 2082 2481 2137; x_wconf 86' lang='lat' dir='ltr'><strong>Num.</strong></span> <span class='ocrx_word' id='word_1_421' title='bbox 2554 2086 2693 2134; x_wconf 91' lang='lat' dir='ltr'><strong>tom.</strong></span> <span class='ocrx_word' id='word_1_422' title='bbox 2779 2079 2876 2146; x_wconf 90' lang='lat' dir='ltr'><strong>ll.)</strong></span> <span class='ocrx_word' id='word_1_423' title='bbox 2932 2073 3233 2131; x_wconf 88' lang='lat' dir='ltr'><strong>Providere</strong></span> <span class='ocrx_word' id='word_1_424' title='bbox 3293 2071 3506 2125; x_wconf 90' lang='lat' dir='ltr'><strong>debent</strong></span> <span class='ocrx_word' id='word_1_425' title='bbox 3549 2068 3661 2138; x_wconf 74' lang='lat' dir='ltr'><strong>pias</strong></span> 
     </span>
    </p>
   </div>
   <div class='ocr_carea' id='block_1_65' title="bbox 1968 2156 3664 2240">
    <p class='ocr_par' dir='ltr' id='par_1_65' title="bbox 1968 2156 3664 2240">
     <span class='ocr_line' id='line_1_65' title="bbox 1968 2156 3664 2240; baseline -0.008 -17"><span class='ocrx_word' id='word_1_426' title='bbox 1968 2168 2359 2240; x_wconf 87' lang='lat' dir='ltr'><strong>cogitationes,</strong></span> <span class='ocrx_word' id='word_1_427' title='bbox 2393 2174 2525 2230; x_wconf 90' lang='lat' dir='ltr'><strong>etc.,</strong></span> <span class='ocrx_word' id='word_1_428' title='bbox 2579 2183 2749 2236; x_wconf 87' lang='lat' dir='ltr'><strong>usque</strong></span> <span class='ocrx_word' id='word_1_429' title='bbox 2774 2166 2847 2219; x_wconf 87' lang='lat' dir='ltr'><strong>ad</strong></span> <span class='ocrx_word' id='word_1_430' title='bbox 2884 2180 2956 2219; x_wconf 89' lang='lat' dir='ltr'><strong>ne</strong></span> <span class='ocrx_word' id='word_1_431' title='bbox 3012 2162 3059 2217; x_wconf 89' lang='lat' dir='ltr'><strong>si</strong></span> <span class='ocrx_word' id='word_1_432' title='bbox 3112 2177 3287 2233; x_wconf 87' lang='lat' dir='ltr'><strong>prava</strong></span> <span class='ocrx_word' id='word_1_433' title='bbox 3344 2156 3664 2212; x_wconf 87' lang='lat' dir='ltr'><strong>intentione</strong></span> 
     </span>
    </p>
   </div>
   <div class='ocr_carea' id='block_1_66' title="bbox 1969 2247 3660 2328">
    <p class='ocr_par' dir='ltr' id='par_1_66' title="bbox 1969 2247 3660 2328">
     <span class='ocr_line' id='line_1_66' title="bbox 1969 2247 3660 2328; baseline -0.008 -16"><span class='ocrx_word' id='word_1_434' title='bbox 1969 2264 2262 2328; x_wconf 89' lang='lat' dir='ltr'><strong>gerantur,</strong></span> <span class='ocrx_word' id='word_1_435' title='bbox 2285 2258 2356 2313; x_wconf 87' lang='lat' dir='ltr'><strong>ab</strong></span> <span class='ocrx_word' id='word_1_436' title='bbox 2373 2256 2684 2312; x_wconf 91' lang='lat' dir='ltr'><strong>immundis</strong></span> <span class='ocrx_word' id='word_1_437' title='bbox 2714 2254 3009 2326; x_wconf 88' lang='lat' dir='ltr'><strong>spiritibus</strong></span> <span class='ocrx_word' id='word_1_438' title='bbox 3030 2250 3444 2323; x_wconf 83' lang='lat' dir='ltr'><strong>pervadantur;</strong></span> <span class='ocrx_word' id='word_1_439' title='bbox 3480 2247 3660 2300; x_wconf 91' lang='lat' dir='ltr'><strong>unde:</strong></span> 
     </span>
    </p>
   </div>
   <div class='ocr_carea' id='block_1_67' title="bbox 1967 2337 3664 2416">
    <p class='ocr_par' dir='ltr' id='par_1_67' title="bbox 1967 2337 3664 2416">
     <span class='ocr_line' id='line_1_67' title="bbox 1967 2337 3664 2416; baseline -0.009 -13"><span class='ocrx_word' id='word_1_440' title='bbox 1967 2347 2249 2403; x_wconf 84' lang='lat' dir='ltr'><strong>Attendite</strong></span> <span class='ocrx_word' id='word_1_441' title='bbox 2274 2362 2341 2401; x_wconf 85' lang='lat' dir='ltr'><strong>ne</strong></span> <span class='ocrx_word' id='word_1_442' title='bbox 2371 2347 2655 2416; x_wconf 84' lang='lat' dir='ltr'><strong>justitiam</strong></span> <span class='ocrx_word' id='word_1_443' title='bbox 2685 2350 2922 2399; x_wconf 81' lang='lat' dir='ltr'><strong>uestram</strong></span> <span class='ocrx_word' id='word_1_444' title='bbox 2960 2342 3187 2409; x_wconf 82' lang='lat' dir='ltr'><strong>faciatis</strong></span> <span class='ocrx_word' id='word_1_445' title='bbox 3214 2352 3396 2393; x_wconf 91' lang='lat' dir='ltr'><strong>coram</strong></span> <span class='ocrx_word' id='word_1_446' title='bbox 3426 2337 3664 2391; x_wconf 88' lang='lat' dir='ltr'><strong>homini-</strong></span> 
     </span>
    </p>
   </div>
   <div class='ocr_carea' id='block_1_68' title="bbox 1971 2435 2423 2507">
    <p class='ocr_par' dir='ltr' id='par_1_68' title="bbox 1971 2435 2423 2507">
     <span class='ocr_line' id='line_1_68' title="bbox 1971 2435 2423 2507; baseline 0.002 -19"><span class='ocrx_word' id='word_1_447' title='bbox 1971 2435 2067 2490; x_wconf 89' lang='lat' dir='ltr'><strong>bus</strong></span> <span class='ocrx_word' id='word_1_448' title='bbox 2089 2436 2305 2507; x_wconf 84' lang='lat' dir='ltr'><strong>(Matth.</strong></span> <span class='ocrx_word' id='word_1_449' title='bbox 2332 2436 2423 2505; x_wconf 82' lang='lat' dir='ltr'><strong>v1).</strong></span> 
     </span>
    </p>
   </div>
   <div class='ocr_carea' id='block_1_69' title="bbox 2044 2515 3666 2586">
    <p class='ocr_par' dir='ltr' id='par_1_69' title="bbox 2044 2515 3666 2586">
     <span class='ocr_line' id='line_1_69' title="bbox 2044 2515 3666 2586; baseline -0.007 -8"><span class='ocrx_word' id='word_1_450' title='bbox 2044 2526 2205 2579; x_wconf 78' lang='lat' dir='ltr'><strong>Vens.</strong></span> <span class='ocrx_word' id='word_1_451' title='bbox 2240 2528 2291 2579; x_wconf 88' lang='lat'><strong>6.</strong></span> <span class='ocrx_word' id='word_1_452' title='bbox 2328 2556 2397 2564; x_wconf 97' lang='lat'><strong><em>—</em></strong></span> <span class='ocrx_word' id='word_1_453' title='bbox 2444 2524 2683 2580; x_wconf 89' lang='lat' dir='ltr'><strong>Nubant.</strong></span> <span class='ocrx_word' id='word_1_454' title='bbox 2736 2520 2932 2577; x_wconf 89' lang='lat' dir='ltr'><strong>Simile</strong></span> <span class='ocrx_word' id='word_1_455' title='bbox 2961 2517 3099 2573; x_wconf 89' lang='lat' dir='ltr'><strong>dicit</strong></span> <span class='ocrx_word' id='word_1_456' title='bbox 3150 2515 3453 2586; x_wconf 85' lang='lat' dir='ltr'><strong>Apostolus</strong></span> <span class='ocrx_word' id='word_1_457' title='bbox 3488 2530 3502 2568; x_wconf 88' lang='lat'><strong>:</strong></span> <span class='ocrx_word' id='word_1_458' title='bbox 3566 2516 3666 2570; x_wconf 84' lang='lat' dir='ltr'><strong>Cui</strong></span> 
     </span>
    </p>
   </div>
   <div class='ocr_carea' id='block_1_70' title="bbox 1970 2601 3664 2679">
    <p class='ocr_par' dir='ltr' id='par_1_70' title="bbox 1970 2601 3664 2679">
     <span class='ocr_line' id='line_1_70' title="bbox 1970 2601 3664 2679; baseline -0.008 -12"><span class='ocrx_word' id='word_1_459' title='bbox 1970 2614 2087 2667; x_wconf 82' lang='lat' dir='ltr'><strong>vult</strong></span> <span class='ocrx_word' id='word_1_460' title='bbox 2114 2613 2306 2679; x_wconf 86' lang='lat' dir='ltr'><strong>nubat,</strong></span> <span class='ocrx_word' id='word_1_461' title='bbox 2346 2617 2558 2667; x_wconf 86' lang='lat' dir='ltr'><strong>tantum</strong></span> <span class='ocrx_word' id='word_1_462' title='bbox 2605 2615 2664 2665; x_wconf 87' lang='lat' dir='ltr'><strong>in</strong></span> <span class='ocrx_word' id='word_1_463' title='bbox 2714 2610 2936 2665; x_wconf 89' lang='lat' dir='ltr'><strong>Domino</strong></span> <span class='ocrx_word' id='word_1_464' title='bbox 2985 2606 3034 2674; x_wconf 90' lang='lat'><strong>(1</strong></span> <span class='ocrx_word' id='word_1_465' title='bbox 3093 2604 3217 2661; x_wconf 85' lang='lat' dir='ltr'><strong>Cor.</strong></span> <span class='ocrx_word' id='word_1_466' title='bbox 3269 2602 3387 2673; x_wconf 84' lang='lat' dir='ltr'><strong>vn),</strong></span> <span class='ocrx_word' id='word_1_467' title='bbox 3444 2601 3501 2655; x_wconf 92' lang='lat' dir='ltr'><strong>id</strong></span> <span class='ocrx_word' id='word_1_468' title='bbox 3556 2606 3664 2669; x_wconf 90' lang='lat' dir='ltr'><strong>est,</strong></span> 
     </span>
    </p>
   </div>
   <div class='ocr_carea' id='block_1_71' title="bbox 1970 2693 3661 2770">
    <p class='ocr_par' dir='ltr' id='par_1_71' title="bbox 1970 2693 3661 2770">
     <span class='ocr_line' id='line_1_71' title="bbox 1970 2693 3661 2770; baseline -0.005 -19"><span class='ocrx_word' id='word_1_469' title='bbox 1970 2701 2089 2755; x_wconf 89' lang='lat' dir='ltr'><strong>viro</strong></span> <span class='ocrx_word' id='word_1_470' title='bbox 2119 2701 2416 2765; x_wconf 90' lang='lat' dir='ltr'><strong>catholico,</strong></span> <span class='ocrx_word' id='word_1_471' title='bbox 2451 2716 2522 2753; x_wconf 93' lang='lat' dir='ltr'><strong>ne</strong></span> <span class='ocrx_word' id='word_1_472' title='bbox 2552 2698 2833 2770; x_wconf 89' lang='lat' dir='ltr'><strong>possessio</strong></span> <span class='ocrx_word' id='word_1_473' title='bbox 2858 2693 3072 2749; x_wconf 90' lang='lat' dir='ltr'><strong>scilicet</strong></span> <span class='ocrx_word' id='word_1_474' title='bbox 3098 2693 3382 2747; x_wconf 89' lang='lat' dir='ltr'><strong>bonorum</strong></span> <span class='ocrx_word' id='word_1_475' title='bbox 3416 2705 3661 2761; x_wconf 89' lang='lat' dir='ltr'><strong>operum</strong></span> 
     </span>
    </p>
   </div>
   <div class='ocr_carea' id='block_1_72' title="bbox 1970 2779 3664 2859">
    <p class='ocr_par' dir='ltr' id='par_1_72' title="bbox 1970 2779 3664 2859">
     <span class='ocr_line' id='line_1_72' title="bbox 1970 2779 3664 2859; baseline -0.006 -15"><span class='ocrx_word' id='word_1_476' title='bbox 1970 2794 2027 2844; x_wconf 87' lang='lat' dir='ltr'><strong>et</strong></span> <span class='ocrx_word' id='word_1_477' title='bbox 2064 2795 2233 2843; x_wconf 76' lang='lat' dir='ltr'><strong>rectos</strong></span> <span class='ocrx_word' id='word_1_478' title='bbox 2285 2789 2418 2844; x_wconf 89' lang='lat' dir='ltr'><strong>ﬁdei</strong></span> <span class='ocrx_word' id='word_1_479' title='bbox 2469 2788 2763 2859; x_wconf 90' lang='lat' dir='ltr'><strong>perdatur,</strong></span> <span class='ocrx_word' id='word_1_480' title='bbox 2821 2784 2868 2839; x_wconf 89' lang='lat' dir='ltr'><strong>si</strong></span> <span class='ocrx_word' id='word_1_481' title='bbox 2914 2780 3118 2854; x_wconf 87' lang='lat' dir='ltr'><strong>gentili</strong></span> <span class='ocrx_word' id='word_1_482' title='bbox 3169 2786 3269 2834; x_wconf 86' lang='lat' dir='ltr'><strong>aut</strong></span> <span class='ocrx_word' id='word_1_483' title='bbox 3312 2779 3511 2835; x_wconf 73' lang='lat' dir='ltr'><strong>Judmo</strong></span> <span class='ocrx_word' id='word_1_484' title='bbox 3557 2796 3664 2833; x_wconf 77' lang='lat' dir='ltr'><strong>nu~</strong></span> 
     </span>
    </p>
   </div>
   <div class='ocr_carea' id='block_1_73' title="bbox 1971 2878 2166 2949">
    <p class='ocr_par' dir='ltr' id='par_1_73' title="bbox 1971 2878 2166 2949">
     <span class='ocr_line' id='line_1_73' title="bbox 1971 2878 2166 2949; baseline 0 -18"><span class='ocrx_word' id='word_1_485' title='bbox 1971 2878 2166 2949; x_wconf 89' lang='lat' dir='ltr'><strong>pserit.</strong></span> 
     </span>
    </p>
   </div>
   <div class='ocr_carea' id='block_1_74' title="bbox 1902 2954 3663 3038">
    <p class='ocr_par' dir='ltr' id='par_1_74' title="bbox 1902 2954 3663 3038">
     <span class='ocr_line' id='line_1_74' title="bbox 1902 2954 3663 3038; baseline -0.009 -16"><span class='ocrx_word' id='word_1_486' title='bbox 1902 2970 1942 3024; x_wconf 90' lang='lat' dir='ltr'><strong><em>C</em></strong></span> <span class='ocrx_word' id='word_1_487' title='bbox 2036 2966 2403 3038; x_wconf 90' lang='lat' dir='ltr'><strong>Tropologice</strong></span> <span class='ocrx_word' id='word_1_488' title='bbox 2455 2980 2588 3019; x_wconf 89' lang='lat' dir='ltr'><strong>vero</strong></span> <span class='ocrx_word' id='word_1_489' title='bbox 2633 2962 2883 3029; x_wconf 88' lang='lat' dir='ltr'><strong>mulieri,</strong></span> <span class='ocrx_word' id='word_1_490' title='bbox 2938 2960 2997 3015; x_wconf 91' lang='lat' dir='ltr'><strong>id</strong></span> <span class='ocrx_word' id='word_1_491' title='bbox 3028 2963 3131 3023; x_wconf 84' lang='lat' dir='ltr'><strong>est,</strong></span> <span class='ocrx_word' id='word_1_492' title='bbox 3173 2960 3287 3027; x_wconf 70' lang='lat' dir='ltr'><strong>piae</strong></span> <span class='ocrx_word' id='word_1_493' title='bbox 3335 2954 3663 3021; x_wconf 91' lang='lat' dir='ltr'><strong>intentioni,</strong></span> 
     </span>
    </p>
   </div>
   <div class='ocr_carea' id='block_1_75' title="bbox 1969 3045 3763 3127">
    <p class='ocr_par' dir='ltr' id='par_1_75' title="bbox 1969 3045 3763 3127">
     <span class='ocr_line' id='line_1_75' title="bbox 1969 3045 3763 3127; baseline -0.008 -16"><span class='ocrx_word' id='word_1_494' title='bbox 1969 3072 2072 3127; x_wconf 90' lang='lat' dir='ltr'><strong>per</strong></span> <span class='ocrx_word' id='word_1_495' title='bbox 2110 3056 2317 3110; x_wconf 91' lang='lat' dir='ltr'><strong>bonam</strong></span> <span class='ocrx_word' id='word_1_496' title='bbox 2360 3054 2666 3121; x_wconf 90' lang='lat' dir='ltr'><strong>actionem,</strong></span> <span class='ocrx_word' id='word_1_497' title='bbox 2715 3053 2805 3108; x_wconf 91' lang='lat' dir='ltr'><strong>cui</strong></span> <span class='ocrx_word' id='word_1_498' title='bbox 2833 3052 3098 3120; x_wconf 89' lang='lat' dir='ltr'><strong>voluerit,</strong></span> <span class='ocrx_word' id='word_1_499' title='bbox 3157 3050 3287 3105; x_wconf 92' lang='lat' dir='ltr'><strong>licet</strong></span> <span class='ocrx_word' id='word_1_500' title='bbox 3316 3064 3375 3102; x_wconf 89' lang='lat' dir='ltr'><strong>se</strong></span> <span class='ocrx_word' id='word_1_501' title='bbox 3422 3045 3667 3117; x_wconf 88' lang='lat' dir='ltr'><strong>conjun—</strong></span> <span class='ocrx_word' id='word_1_502' title='bbox 3762 3050 3763 3053; x_wconf 69' lang='lat'>‘</span> 
     </span>
    </p>
   </div>
   <div class='ocr_carea' id='block_1_76' title="bbox 1970 3134 3667 3217">
    <p class='ocr_par' dir='ltr' id='par_1_76' title="bbox 1970 3134 3667 3217">
     <span class='ocr_line' id='line_1_76' title="bbox 1970 3134 3667 3217; baseline -0.006 -18"><span class='ocrx_word' id='word_1_503' title='bbox 1970 3161 2105 3217; x_wconf 91' lang='lat' dir='ltr'><strong>gere</strong></span> <span class='ocrx_word' id='word_1_504' title='bbox 2146 3144 2349 3210; x_wconf 89' lang='lat' dir='ltr'><strong>labori,</strong></span> <span class='ocrx_word' id='word_1_505' title='bbox 2381 3144 2460 3198; x_wconf 92' lang='lat' dir='ltr'><strong>sic</strong></span> <span class='ocrx_word' id='word_1_506' title='bbox 2488 3148 2683 3197; x_wconf 88' lang='lat' dir='ltr'><strong>tamen</strong></span> <span class='ocrx_word' id='word_1_507' title='bbox 2711 3148 2776 3198; x_wconf 91' lang='lat' dir='ltr'><strong>ut</strong></span> <span class='ocrx_word' id='word_1_508' title='bbox 2828 3143 3101 3213; x_wconf 89' lang='lat' dir='ltr'><strong>pietatem</strong></span> <span class='ocrx_word' id='word_1_509' title='bbox 3155 3146 3212 3195; x_wconf 91' lang='lat' dir='ltr'><strong>et</strong></span> <span class='ocrx_word' id='word_1_510' title='bbox 3240 3138 3579 3208; x_wconf 91' lang='lat' dir='ltr'><strong>religionem</strong></span> <span class='ocrx_word' id='word_1_511' title='bbox 3605 3134 3667 3188; x_wconf 91' lang='lat' dir='ltr'><strong>in</strong></span> 
     </span>
    </p>
   </div>
   <div class='ocr_carea' id='block_1_77' title="bbox 1970 3229 3665 3301">
    <p class='ocr_par' dir='ltr' id='par_1_77' title="bbox 1970 3229 3665 3301">
     <span class='ocr_line' id='line_1_77' title="bbox 1970 3229 3665 3301; baseline -0.006 -14"><span class='ocrx_word' id='word_1_512' title='bbox 1970 3234 2239 3288; x_wconf 88' lang='lat' dir='ltr'><strong>omnibus</strong></span> <span class='ocrx_word' id='word_1_513' title='bbox 2296 3237 2613 3301; x_wconf 86' lang='lat' dir='ltr'><strong>conservet,</strong></span> <span class='ocrx_word' id='word_1_514' title='bbox 2657 3246 2729 3285; x_wconf 89' lang='lat' dir='ltr'><strong>ne</strong></span> <span class='ocrx_word' id='word_1_515' title='bbox 2780 3230 2968 3301; x_wconf 89' lang='lat' dir='ltr'><strong>operis</strong></span> <span class='ocrx_word' id='word_1_516' title='bbox 3011 3229 3101 3284; x_wconf 90' lang='lat' dir='ltr'><strong>sui</strong></span> <span class='ocrx_word' id='word_1_517' title='bbox 3149 3244 3253 3299; x_wconf 91' lang='lat' dir='ltr'><strong>pro</strong></span> <span class='ocrx_word' id='word_1_518' title='bbox 3284 3243 3397 3297; x_wconf 91' lang='lat' dir='ltr'><strong>quo</strong></span> <span class='ocrx_word' id='word_1_519' title='bbox 3436 3229 3665 3279; x_wconf 75' lang='lat' dir='ltr'><strong>aeterna:</strong></span> 
     </span>
    </p>
   </div>
   <div class='ocr_carea' id='block_1_78' title="bbox 1970 3312 3663 3393">
    <p class='ocr_par' dir='ltr' id='par_1_78' title="bbox 1970 3312 3663 3393">
     <span class='ocr_line' id='line_1_78' title="bbox 1970 3312 3663 3393; baseline -0.007 -16"><span class='ocrx_word' id='word_1_520' title='bbox 1970 3322 2316 3377; x_wconf 76' lang='lat' dir='ltr'><strong>hzereditatis</strong></span> <span class='ocrx_word' id='word_1_521' title='bbox 2339 3321 2755 3393; x_wconf 89' lang='lat' dir='ltr'><strong>possessionem</strong></span> <span class='ocrx_word' id='word_1_522' title='bbox 2795 3324 3000 3391; x_wconf 88' lang='lat' dir='ltr'><strong>sperat,</strong></span> <span class='ocrx_word' id='word_1_523' title='bbox 3058 3319 3468 3373; x_wconf 86' lang='lat' dir='ltr'><strong>detrimentum</strong></span> <span class='ocrx_word' id='word_1_524' title='bbox 3486 3312 3663 3385; x_wconf 80' lang='lat' dir='ltr'><strong>patia-</strong></span> 
     </span>
    </p>
   </div>
   <div class='ocr_carea' id='block_1_79' title="bbox 1970 3410 3347 3482">
    <p class='ocr_par' dir='ltr' id='par_1_79' title="bbox 1970 3410 3347 3482">
     <span class='ocr_line' id='line_1_79' title="bbox 1970 3410 3347 3482; baseline -0.004 -13"><span class='ocrx_word' id='word_1_525' title='bbox 1970 3420 2084 3478; x_wconf 90' lang='lat' dir='ltr'><strong>tur,</strong></span> <span class='ocrx_word' id='word_1_526' title='bbox 2114 3414 2161 3468; x_wconf 92' lang='lat' dir='ltr'><strong>si</strong></span> <span class='ocrx_word' id='word_1_527' title='bbox 2189 3414 2398 3475; x_wconf 87' lang='lat' dir='ltr'><strong>alieno,</strong></span> <span class='ocrx_word' id='word_1_528' title='bbox 2420 3413 2475 3467; x_wconf 90' lang='lat' dir='ltr'><strong>id</strong></span> <span class='ocrx_word' id='word_1_529' title='bbox 2498 3418 2581 3467; x_wconf 90' lang='lat' dir='ltr'><strong>est</strong></span> <span class='ocrx_word' id='word_1_530' title='bbox 2600 3418 2829 3467; x_wconf 92' lang='lat' dir='ltr'><strong>terreno</strong></span> <span class='ocrx_word' id='word_1_531' title='bbox 2875 3428 2935 3466; x_wconf 89' lang='lat' dir='ltr'><strong>se</strong></span> <span class='ocrx_word' id='word_1_532' title='bbox 2965 3410 3347 3482; x_wconf 86' lang='lat' dir='ltr'><strong>conjunxerit.</strong></span> 
     </span>
    </p>
   </div>
   <div class='ocr_carea' id='block_1_80' title="bbox 2042 3495 3657 3573">
    <p class='ocr_par' dir='ltr' id='par_1_80' title="bbox 2042 3495 3657 3573">
     <span class='ocr_line' id='line_1_80' title="bbox 2042 3495 3657 3573; baseline -0.007 -14"><span class='ocrx_word' id='word_1_533' title='bbox 2042 3504 2238 3573; x_wconf 71' lang='grc' dir='ltr'><strong>(ΗΑΒ.)</strong></span> <span class='ocrx_word' id='word_1_534' title='bbox 2271 3505 2385 3558; x_wconf 83' lang='lat' dir='ltr'><strong>Hoc</strong></span> <span class='ocrx_word' id='word_1_535' title='bbox 2423 3503 2487 3556; x_wconf 88' lang='lat' dir='ltr'><strong>ﬁt</strong></span> <span class='ocrx_word' id='word_1_536' title='bbox 2509 3518 2638 3556; x_wconf 91' lang='lat' dir='ltr'><strong>cum</strong></span> <span class='ocrx_word' id='word_1_537' title='bbox 2658 3500 2905 3573; x_wconf 91' lang='lat' dir='ltr'><strong>quilibet</strong></span> <span class='ocrx_word' id='word_1_538' title='bbox 2933 3501 3002 3556; x_wconf 88' lang='lat' dir='ltr'><strong>de</strong></span> <span class='ocrx_word' id='word_1_539' title='bbox 3031 3516 3274 3555; x_wconf 89' lang='lat' dir='ltr'><strong>numero</strong></span> <span class='ocrx_word' id='word_1_540' title='bbox 3296 3495 3657 3553; x_wconf 88' lang='lat' dir='ltr'><strong>credentium</strong></span> 
     </span>
    </p>
   </div>
   <div class='ocr_carea' id='block_1_81' title="bbox 1970 3585 3669 3661">
    <p class='ocr_par' dir='ltr' id='par_1_81' title="bbox 1970 3585 3669 3661">
     <span class='ocr_line' id='line_1_81' title="bbox 1970 3585 3669 3661; baseline -0.007 -13"><span class='ocrx_word' id='word_1_541' title='bbox 1970 3594 2298 3648; x_wconf 71' lang='lat' dir='ltr'><strong>Judmorum</strong></span> <span class='ocrx_word' id='word_1_542' title='bbox 2330 3591 2550 3646; x_wconf 92' lang='lat' dir='ltr'><strong>doctori</strong></span> <span class='ocrx_word' id='word_1_543' title='bbox 2582 3591 2652 3646; x_wconf 89' lang='lat' dir='ltr'><strong>de</strong></span> <span class='ocrx_word' id='word_1_544' title='bbox 2687 3591 2955 3661; x_wconf 88' lang='lat' dir='ltr'><strong>gentibus</strong></span> <span class='ocrx_word' id='word_1_545' title='bbox 2986 3590 3242 3644; x_wconf 91' lang='lat' dir='ltr'><strong>credenti</strong></span> <span class='ocrx_word' id='word_1_546' title='bbox 3272 3604 3330 3642; x_wconf 88' lang='lat' dir='ltr'><strong>se</strong></span> <span class='ocrx_word' id='word_1_547' title='bbox 3368 3585 3582 3657; x_wconf 85' lang='lat' dir='ltr'><strong>jungit,</strong></span> <span class='ocrx_word' id='word_1_548' title='bbox 3608 3587 3669 3636; x_wconf 91' lang='lat' dir='ltr'><strong>ut</strong></span> 
     </span>
    </p>
   </div>
   <div class='ocr_carea' id='block_1_82' title="bbox 1971 3677 3661 3753">
    <p class='ocr_par' dir='ltr' id='par_1_82' title="bbox 1971 3677 3661 3753">
     <span class='ocr_line' id='line_1_82' title="bbox 1971 3677 3661 3753; baseline -0.007 -17"><span class='ocrx_word' id='word_1_549' title='bbox 1971 3682 2095 3753; x_wconf 88' lang='lat' dir='ltr'><strong>ejus</strong></span> <span class='ocrx_word' id='word_1_550' title='bbox 2143 3683 2471 3751; x_wconf 87' lang='lat' dir='ltr'><strong>magisterio</strong></span> <span class='ocrx_word' id='word_1_551' title='bbox 2518 3680 2667 3736; x_wconf 84' lang='lat' dir='ltr'><strong>ﬁlios</strong></span> <span class='ocrx_word' id='word_1_552' title='bbox 2718 3680 2940 3750; x_wconf 84' lang='lat' dir='ltr'><strong>gignat,</strong></span> <span class='ocrx_word' id='word_1_553' title='bbox 2982 3680 3041 3733; x_wconf 90' lang='lat' dir='ltr'><strong>id</strong></span> <span class='ocrx_word' id='word_1_554' title='bbox 3071 3684 3158 3733; x_wconf 90' lang='lat' dir='ltr'><strong>est</strong></span> <span class='ocrx_word' id='word_1_555' title='bbox 3193 3677 3424 3749; x_wconf 87' lang='lat' dir='ltr'><strong>pietatis</strong></span> <span class='ocrx_word' id='word_1_556' title='bbox 3466 3688 3661 3743; x_wconf 90' lang='lat' dir='ltr'><strong>opera.</strong></span> 
     </span>
    </p>
   </div>
   <div class='ocr_carea' id='block_1_83' title="bbox 1972 3760 3657 3840">
    <p class='ocr_par' dir='ltr' id='par_1_83' title="bbox 1972 3760 3657 3840">
     <span class='ocr_line' id='line_1_83' title="bbox 1972 3760 3657 3840; baseline -0.004 -15"><span class='ocrx_word' id='word_1_557' title='bbox 1972 3770 2217 3825; x_wconf 81' lang='lat' dir='ltr'><strong>Nomine</strong></span> <span class='ocrx_word' id='word_1_558' title='bbox 2247 3771 2418 3825; x_wconf 89' lang='lat' dir='ltr'><strong>etiam</strong></span> <span class='ocrx_word' id='word_1_559' title='bbox 2449 3768 2639 3840; x_wconf 89' lang='lat' dir='ltr'><strong>patrui</strong></span> <span class='ocrx_word' id='word_1_560' title='bbox 2670 3768 2782 3823; x_wconf 89' lang='lat' dir='ltr'><strong>dici</strong></span> <span class='ocrx_word' id='word_1_561' title='bbox 2814 3773 3053 3838; x_wconf 89' lang='lat' dir='ltr'><strong>possunt</strong></span> <span class='ocrx_word' id='word_1_562' title='bbox 3077 3768 3147 3821; x_wconf 91' lang='lat' dir='ltr'><strong>de</strong></span> <span class='ocrx_word' id='word_1_563' title='bbox 3174 3766 3442 3835; x_wconf 87' lang='lat' dir='ltr'><strong>gentibus</strong></span> <span class='ocrx_word' id='word_1_564' title='bbox 3472 3760 3657 3818; x_wconf 86' lang='lat' dir='ltr'><strong>electi.</strong></span> 
     </span>
    </p>
   </div>
   <div class='ocr_carea' id='block_1_84' title="bbox 1972 3850 3667 3929">
    <p class='ocr_par' dir='ltr' id='par_1_84' title="bbox 1972 3850 3667 3929">
     <span class='ocr_line' id='line_1_84' title="bbox 1972 3850 3667 3929; baseline -0.006 -17"><span class='ocrx_word' id='word_1_565' title='bbox 1972 3858 2109 3929; x_wconf 87' lang='lat' dir='ltr'><strong>quia</strong></span> <span class='ocrx_word' id='word_1_566' title='bbox 2138 3858 2339 3912; x_wconf 85' lang='lat' dir='ltr'><strong>fratres</strong></span> <span class='ocrx_word' id='word_1_567' title='bbox 2378 3861 2511 3911; x_wconf 89' lang='lat' dir='ltr'><strong>sunt</strong></span> <span class='ocrx_word' id='word_1_568' title='bbox 2556 3860 2881 3911; x_wconf 87' lang='lat' dir='ltr'><strong>sanctorum</strong></span> <span class='ocrx_word' id='word_1_569' title='bbox 2910 3855 3373 3925; x_wconf 65' lang='lat' dir='ltr'><strong>praedicatorum,</strong></span> <span class='ocrx_word' id='word_1_570' title='bbox 3408 3850 3509 3921; x_wconf 88' lang='lat' dir='ltr'><strong>qui</strong></span> <span class='ocrx_word' id='word_1_571' title='bbox 3536 3850 3667 3903; x_wconf 81' lang='lat' dir='ltr'><strong>fue-</strong></span> 
     </span>
    </p>
   </div>
   <div class='ocr_carea' id='block_1_85' title="bbox 1973 3936 3668 4001">
    <p class='ocr_par' dir='ltr' id='par_1_85' title="bbox 1973 3936 3668 4001">
     <span class='ocr_line' id='line_1_85' title="bbox 1973 3936 3668 4001; baseline -0.006 0"><span class='ocrx_word' id='word_1_572' title='bbox 1973 3951 2110 4001; x_wconf 89' lang='lat' dir='ltr'><strong>runt</strong></span> <span class='ocrx_word' id='word_1_573' title='bbox 2136 3946 2196 4000; x_wconf 90' lang='lat' dir='ltr'><strong>in</strong></span> <span class='ocrx_word' id='word_1_574' title='bbox 2252 3946 2447 4001; x_wconf 66' lang='lat' dir='ltr'><strong>Judasa</strong></span> <span class='ocrx_word' id='word_1_575' title='bbox 2475 3944 2785 3999; x_wconf 89' lang='lat' dir='ltr'><strong>constituti.</strong></span> <span class='ocrx_word' id='word_1_576' title='bbox 2818 3944 2943 3998; x_wconf 85' lang='lat' dir='ltr'><strong>Non</strong></span> <span class='ocrx_word' id='word_1_577' title='bbox 2972 3943 3139 3997; x_wconf 89' lang='lat' dir='ltr'><strong>debet</strong></span> <span class='ocrx_word' id='word_1_578' title='bbox 3166 3958 3286 3995; x_wconf 89' lang='lat' dir='ltr'><strong>esse</strong></span> <span class='ocrx_word' id='word_1_579' title='bbox 3326 3940 3573 3994; x_wconf 89' lang='lat' dir='ltr'><strong>schisma</strong></span> <span class='ocrx_word' id='word_1_580' title='bbox 3606 3936 3668 3991; x_wconf 90' lang='lat' dir='ltr'><strong>in</strong></span> 
     </span>
    </p>
   </div>
   <div class='ocr_carea' id='block_1_86' title="bbox 1972 4026 3662 4106">
    <p class='ocr_par' dir='ltr' id='par_1_86' title="bbox 1972 4026 3662 4106">
     <span class='ocr_line' id='line_1_86' title="bbox 1972 4026 3662 4106; baseline -0.006 -17"><span class='ocrx_word' id='word_1_581' title='bbox 1972 4036 2215 4106; x_wconf 90' lang='lat' dir='ltr'><strong>spiritali</strong></span> <span class='ocrx_word' id='word_1_582' title='bbox 2247 4034 2603 4105; x_wconf 88' lang='lat' dir='ltr'><strong>cognatione,</strong></span> <span class='ocrx_word' id='word_1_583' title='bbox 2637 4032 2734 4087; x_wconf 91' lang='lat' dir='ltr'><strong>ubi</strong></span> <span class='ocrx_word' id='word_1_584' title='bbox 2766 4048 2880 4085; x_wconf 91' lang='lat' dir='ltr'><strong>una</strong></span> <span class='ocrx_word' id='word_1_585' title='bbox 2905 4036 2990 4085; x_wconf 89' lang='lat' dir='ltr'><strong>est</strong></span> <span class='ocrx_word' id='word_1_586' title='bbox 3018 4032 3159 4087; x_wconf 88' lang='lat' dir='ltr'><strong>ﬁdes</strong></span> <span class='ocrx_word' id='word_1_587' title='bbox 3196 4030 3256 4083; x_wconf 91' lang='lat' dir='ltr'><strong>in</strong></span> <span class='ocrx_word' id='word_1_588' title='bbox 3288 4026 3662 4100; x_wconf 86' lang='lat' dir='ltr'><strong>professione.</strong></span> 
     </span>
    </p>
   </div>
   <div class='ocr_carea' id='block_1_87' title="bbox 1973 4114 3663 4194">
    <p class='ocr_par' dir='ltr' id='par_1_87' title="bbox 1973 4114 3663 4194">
     <span class='ocr_line' id='line_1_87' title="bbox 1973 4114 3663 4194; baseline -0.005 -16"><span class='ocrx_word' id='word_1_589' title='bbox 1973 4125 2043 4179; x_wconf 85' lang='lat' dir='ltr'><strong>Et</strong></span> <span class='ocrx_word' id='word_1_590' title='bbox 2093 4123 2240 4177; x_wconf 89' lang='lat' dir='ltr'><strong>sicut</strong></span> <span class='ocrx_word' id='word_1_591' title='bbox 2276 4127 2362 4177; x_wconf 89' lang='lat' dir='ltr'><strong>est</strong></span> <span class='ocrx_word' id='word_1_592' title='bbox 2421 4138 2567 4176; x_wconf 91' lang='lat' dir='ltr'><strong>unus</strong></span> <span class='ocrx_word' id='word_1_593' title='bbox 2613 4126 2827 4194; x_wconf 88' lang='lat' dir='ltr'><strong>pastor,</strong></span> <span class='ocrx_word' id='word_1_594' title='bbox 2861 4120 3032 4175; x_wconf 90' lang='lat' dir='ltr'><strong>debet</strong></span> <span class='ocrx_word' id='word_1_595' title='bbox 3079 4134 3200 4173; x_wconf 88' lang='lat' dir='ltr'><strong>esse</strong></span> <span class='ocrx_word' id='word_1_596' title='bbox 3252 4132 3433 4170; x_wconf 91' lang='lat' dir='ltr'><strong>unum</strong></span> <span class='ocrx_word' id='word_1_597' title='bbox 3473 4114 3663 4169; x_wconf 86' lang='lat' dir='ltr'><strong>ovile:</strong></span> 
     </span>
    </p>
   </div>
   <div class='ocr_carea' id='block_1_88' title="bbox 1974 4207 3661 4281">
    <p class='ocr_par' dir='ltr' id='par_1_88' title="bbox 1974 4207 3661 4281">
     <span class='ocr_line' id='line_1_88' title="bbox 1974 4207 3661 4281; baseline -0.005 -14"><span class='ocrx_word' id='word_1_598' title='bbox 1974 4214 2163 4268; x_wconf 87' lang='lat' dir='ltr'><strong>Omnes</strong></span> <span class='ocrx_word' id='word_1_599' title='bbox 2209 4214 2352 4266; x_wconf 88' lang='lat' dir='ltr'><strong>enim</strong></span> <span class='ocrx_word' id='word_1_600' title='bbox 2386 4213 2592 4278; x_wconf 85' lang='lat' dir='ltr'><strong>fratres</strong></span> <span class='ocrx_word' id='word_1_601' title='bbox 2648 4225 2833 4265; x_wconf 89' lang='lat' dir='ltr'><strong>sumus</strong></span> <span class='ocrx_word' id='word_1_602' title='bbox 2885 4210 3060 4281; x_wconf 83' lang='lat' dir='ltr'><strong>(Joan.</strong></span> <span class='ocrx_word' id='word_1_603' title='bbox 3133 4223 3195 4279; x_wconf 86' lang='lat' dir='ltr'><strong>x;</strong></span> <span class='ocrx_word' id='word_1_604' title='bbox 3244 4207 3441 4262; x_wconf 83' lang='lat' dir='ltr'><strong>Matth.</strong></span> <span class='ocrx_word' id='word_1_605' title='bbox 3500 4220 3661 4270; x_wconf 78' lang='lat' dir='ltr'><strong>xxin;</strong></span> 
     </span>
    </p>
   </div>
   <div class='ocr_carea' id='block_1_89' title="bbox 186 4293 2325 4369">
    <p class='ocr_par' dir='ltr' id='par_1_89' title="bbox 186 4293 2325 4369">
     <span class='ocr_line' id='line_1_89' title="bbox 186 4293 2325 4369; baseline 0.004 -21"><span class='ocrx_word' id='word_1_606' title='bbox 186 4295 337 4363; x_wconf 90' lang='lat' dir='ltr'><strong>unde,</strong></span> <span class='ocrx_word' id='word_1_607' title='bbox 362 4299 422 4354; x_wconf 89' lang='lat' dir='ltr'><strong>Si</strong></span> <span class='ocrx_word' id='word_1_608' title='bbox 449 4300 579 4368; x_wconf 82' lang='lat' dir='ltr'><strong>quis</strong></span> <span class='ocrx_word' id='word_1_609' title='bbox 607 4298 1065 4353; x_wconf 81' lang='lat' dir='ltr'><strong>scandalizaverit</strong></span> <span class='ocrx_word' id='word_1_610' title='bbox 1092 4315 1259 4354; x_wconf 90' lang='lat' dir='ltr'><strong>unum</strong></span> <span class='ocrx_word' id='word_1_611' title='bbox 1286 4315 1354 4353; x_wconf 75' lang='lat' dir='ltr'><strong>ea:</strong></span> <span class='ocrx_word' id='word_1_612' title='bbox 1376 4302 1597 4369; x_wconf 85' lang='lat' dir='ltr'><strong>pusillis</strong></span> <span class='ocrx_word' id='word_1_613' title='bbox 1626 4303 1748 4355; x_wconf 85' lang='lat' dir='ltr'><strong>istis</strong></span> <span class='ocrx_word' id='word_1_614' title='bbox 1769 4303 1867 4369; x_wconf 86' lang='lat' dir='ltr'><strong>qui</strong></span> <span class='ocrx_word' id='word_1_615' title='bbox 1899 4293 1941 4347; x_wconf 86' lang='lat' dir='ltr'><strong>D</strong></span> <span class='ocrx_word' id='word_1_616' title='bbox 1970 4302 2043 4355; x_wconf 91' lang='lat' dir='ltr'><strong>Il</strong></span> <span class='ocrx_word' id='word_1_617' title='bbox 2071 4302 2191 4357; x_wconf 89' lang='lat' dir='ltr'><strong>Cor.</strong></span> <span class='ocrx_word' id='word_1_618' title='bbox 2223 4302 2325 4369; x_wconf 82' lang='lat' dir='ltr'><strong>xi).</strong></span> 
     </span>
    </p>
   </div>
   <div class='ocr_carea' id='block_1_90' title="bbox 185 4384 1863 4458">
    <p class='ocr_par' dir='ltr' id='par_1_90' title="bbox 185 4384 1863 4458">
     <span class='ocr_line' id='line_1_90' title="bbox 185 4384 1863 4458; baseline 0.006 -23"><span class='ocrx_word' id='word_1_619' title='bbox 185 4384 231 4436; x_wconf 83' lang='lat' dir='ltr'><strong>in</strong></span> <span class='ocrx_word' id='word_1_620' title='bbox 274 4402 349 4440; x_wconf 87' lang='lat' dir='ltr'><strong>me</strong></span> <span class='ocrx_word' id='word_1_621' title='bbox 394 4386 648 4451; x_wconf 77' lang='lat' dir='ltr'><strong>credwit,</strong></span> <span class='ocrx_word' id='word_1_622' title='bbox 705 4392 808 4441; x_wconf 89' lang='lat' dir='ltr'><strong>etc.</strong></span> <span class='ocrx_word' id='word_1_623' title='bbox 870 4390 1085 4456; x_wconf 82' lang='lat' dir='ltr'><strong>(Matth.</strong></span> <span class='ocrx_word' id='word_1_624' title='bbox 1136 4390 1312 4458; x_wconf 85' lang='lat' dir='ltr'><strong>xvm).</strong></span> <span class='ocrx_word' id='word_1_625' title='bbox 1347 4390 1411 4443; x_wconf 87' lang='lat' dir='ltr'><strong>Et</strong></span> <span class='ocrx_word' id='word_1_626' title='bbox 1450 4388 1624 4444; x_wconf 88' lang='lat' dir='ltr'><strong>alibi:</strong></span> <span class='ocrx_word' id='word_1_627' title='bbox 1679 4391 1863 4446; x_wconf 78' lang='lat' dir='ltr'><strong>Omnis</strong></span> 
     </span>
    </p>
   </div>
   <div class='ocr_carea' id='block_1_91' title="bbox 183 4474 1864 4545">
    <p class='ocr_par' dir='ltr' id='par_1_91' title="bbox 183 4474 1864 4545">
     <span class='ocr_line' id='line_1_91' title="bbox 183 4474 1864 4545; baseline 0.004 -20"><span class='ocrx_word' id='word_1_628' title='bbox 183 4477 264 4538; x_wconf 86' lang='lat' dir='ltr'><strong>qui</strong></span> <span class='ocrx_word' id='word_1_629' title='bbox 293 4474 465 4529; x_wconf 82' lang='lat' dir='ltr'><strong>oderit</strong></span> <span class='ocrx_word' id='word_1_630' title='bbox 494 4478 732 4542; x_wconf 84' lang='lat' dir='ltr'><strong>fratrem</strong></span> <span class='ocrx_word' id='word_1_631' title='bbox 759 4491 934 4543; x_wconf 87' lang='lat' dir='ltr'><strong>suum,</strong></span> <span class='ocrx_word' id='word_1_632' title='bbox 958 4476 1231 4531; x_wconf 84' lang='lat' dir='ltr'><strong>homicida</strong></span> <span class='ocrx_word' id='word_1_633' title='bbox 1263 4483 1359 4545; x_wconf 87' lang='lat' dir='ltr'><strong>est,</strong></span> <span class='ocrx_word' id='word_1_634' title='bbox 1382 4494 1476 4533; x_wconf 86' lang='lat' dir='ltr'><strong>nec</strong></span> <span class='ocrx_word' id='word_1_635' title='bbox 1502 4478 1659 4532; x_wconf 79' lang='lat' dir='ltr'><strong>habet</strong></span> <span class='ocrx_word' id='word_1_636' title='bbox 1693 4481 1864 4533; x_wconf 82' lang='lat' dir='ltr'><strong>vitam</strong></span> 
     </span>
    </p>
   </div>
   <div class='ocr_carea' id='block_1_92' title="bbox 180 4564 1860 4636">
    <p class='ocr_par' dir='ltr' id='par_1_92' title="bbox 180 4564 1860 4636">
     <span class='ocr_line' id='line_1_92' title="bbox 180 4564 1860 4636; baseline 0.005 -23"><span class='ocrx_word' id='word_1_637' title='bbox 180 4568 411 4618; x_wconf 61' lang='lat' dir='ltr'><strong>sternam</strong></span> <span class='ocrx_word' id='word_1_638' title='bbox 460 4564 523 4636; x_wconf 86' lang='grc' dir='ltr'><strong>(Ι</strong></span> <span class='ocrx_word' id='word_1_639' title='bbox 574 4567 732 4619; x_wconf 83' lang='lat' dir='ltr'><strong>Joan.</strong></span> <span class='ocrx_word' id='word_1_640' title='bbox 788 4564 889 4634; x_wconf 82' lang='lat' dir='ltr'><strong>Ill).</strong></span> <span class='ocrx_word' id='word_1_641' title='bbox 932 4566 1031 4619; x_wconf 86' lang='lat' dir='ltr'><strong>Hic</strong></span> <span class='ocrx_word' id='word_1_642' title='bbox 1086 4566 1401 4621; x_wconf 91' lang='lat' dir='ltr'><strong>secundum</strong></span> <span class='ocrx_word' id='word_1_643' title='bbox 1470 4567 1723 4621; x_wconf 89' lang='lat' dir='ltr'><strong>Exodum</strong></span> <span class='ocrx_word' id='word_1_644' title='bbox 1790 4567 1860 4621; x_wconf 89' lang='lat' dir='ltr'><strong>ad</strong></span> 
     </span>
    </p>
   </div>
   <div class='ocr_carea' id='block_1_93' title="bbox 182 4650 1859 4727">
    <p class='ocr_par' dir='ltr' id='par_1_93' title="bbox 182 4650 1859 4727">
     <span class='ocr_line' id='line_1_93' title="bbox 182 4650 1859 4727; baseline 0.004 -25"><span class='ocrx_word' id='word_1_645' title='bbox 182 4650 326 4705; x_wconf 85' lang='lat' dir='ltr'><strong>altari</strong></span> <span class='ocrx_word' id='word_1_646' title='bbox 358 4654 605 4724; x_wconf 80' lang='lat' dir='ltr'><strong>jubetur</strong></span> <span class='ocrx_word' id='word_1_647' title='bbox 634 4654 801 4707; x_wconf 89' lang='lat' dir='ltr'><strong>avelli</strong></span> <span class='ocrx_word' id='word_1_648' title='bbox 826 4655 1024 4724; x_wconf 70' lang='lat' dir='ltr'><strong>(Exod.</strong></span> <span class='ocrx_word' id='word_1_649' title='bbox 1049 4656 1190 4725; x_wconf 69' lang='lat' dir='ltr'><strong>xxx),</strong></span> <span class='ocrx_word' id='word_1_650' title='bbox 1216 4654 1352 4726; x_wconf 87' lang='lat' dir='ltr'><strong>quia</strong></span> <span class='ocrx_word' id='word_1_651' title='bbox 1379 4655 1650 4727; x_wconf 83' lang='lat' dir='ltr'><strong>indignus</strong></span> <span class='ocrx_word' id='word_1_652' title='bbox 1674 4671 1859 4709; x_wconf 85' lang='lat' dir='ltr'><strong>sacra-</strong></span> 
     </span>
    </p>
   </div>
   <div class='ocr_carea' id='block_1_94' title="bbox 183 4741 1857 4814">
    <p class='ocr_par' dir='ltr' id='par_1_94' title="bbox 183 4741 1857 4814">
     <span class='ocr_line' id='line_1_94' title="bbox 183 4741 1857 4814; baseline 0.005 -23"><span class='ocrx_word' id='word_1_653' title='bbox 183 4741 367 4797; x_wconf 86' lang='lat' dir='ltr'><strong>mentis</strong></span> <span class='ocrx_word' id='word_1_654' title='bbox 421 4741 739 4798; x_wconf 89' lang='lat' dir='ltr'><strong>Dominicis</strong></span> <span class='ocrx_word' id='word_1_655' title='bbox 785 4760 817 4797; x_wconf 90' lang='lat' dir='ltr'><strong>a</strong></span> <span class='ocrx_word' id='word_1_656' title='bbox 872 4743 1311 4814; x_wconf 87' lang='lat' dir='ltr'><strong>participatione</strong></span> <span class='ocrx_word' id='word_1_657' title='bbox 1346 4746 1490 4799; x_wconf 89' lang='lat' dir='ltr'><strong>sacri</strong></span> <span class='ocrx_word' id='word_1_658' title='bbox 1522 4745 1717 4800; x_wconf 88' lang='lat' dir='ltr'><strong>altaris</strong></span> <span class='ocrx_word' id='word_1_659' title='bbox 1769 4761 1857 4799; x_wconf 88' lang='lat' dir='ltr'><strong>re-</strong></span> 
     </span>
    </p>
   </div>
   <div class='ocr_carea' id='block_1_95' title="bbox 2042 4381 3660 4455">
    <p class='ocr_par' dir='ltr' id='par_1_95' title="bbox 2042 4381 3660 4455">
     <span class='ocr_line' id='line_1_95' title="bbox 2042 4381 3660 4455; baseline -0.004 -11"><span class='ocrx_word' id='word_1_660' title='bbox 2042 4390 2151 4455; x_wconf 88' lang='lat' dir='ltr'><strong>Qui</strong></span> <span class='ocrx_word' id='word_1_661' title='bbox 2196 4389 2581 4444; x_wconf 89' lang='lat' dir='ltr'><strong>humilitatem</strong></span> <span class='ocrx_word' id='word_1_662' title='bbox 2620 4388 2834 4443; x_wconf 90' lang='lat' dir='ltr'><strong>habere</strong></span> <span class='ocrx_word' id='word_1_663' title='bbox 2871 4386 3085 4450; x_wconf 86' lang='lat' dir='ltr'><strong>studet,</strong></span> <span class='ocrx_word' id='word_1_664' title='bbox 3116 4390 3173 4441; x_wconf 89' lang='lat' dir='ltr'><strong>et</strong></span> <span class='ocrx_word' id='word_1_665' title='bbox 3219 4385 3279 4440; x_wconf 91' lang='lat' dir='ltr'><strong>in</strong></span> <span class='ocrx_word' id='word_1_666' title='bbox 3307 4381 3660 4440; x_wconf 88' lang='lat' dir='ltr'><strong>inﬁrmitati-</strong></span> 
     </span>
    </p>
   </div>
   <div class='ocr_carea' id='block_1_96' title="bbox 1970 4474 3665 4550">
    <p class='ocr_par' dir='ltr' id='par_1_96' title="bbox 1970 4474 3665 4550">
     <span class='ocr_line' id='line_1_96' title="bbox 1970 4474 3665 4550; baseline -0.005 -16"><span class='ocrx_word' id='word_1_667' title='bbox 1970 4479 2077 4534; x_wconf 89' lang='lat' dir='ltr'><strong>bus</strong></span> <span class='ocrx_word' id='word_1_668' title='bbox 2115 4479 2230 4534; x_wconf 86' lang='lat' dir='ltr'><strong>suis</strong></span> <span class='ocrx_word' id='word_1_669' title='bbox 2265 4480 2599 4550; x_wconf 91' lang='lat' dir='ltr'><strong>complacet,</strong></span> <span class='ocrx_word' id='word_1_670' title='bbox 2640 4478 2748 4533; x_wconf 90' lang='lat' dir='ltr'><strong>sibi</strong></span> <span class='ocrx_word' id='word_1_671' title='bbox 2779 4477 3207 4532; x_wconf 89' lang='lat' dir='ltr'><strong>solomnitatem</strong></span> <span class='ocrx_word' id='word_1_672' title='bbox 3229 4474 3366 4545; x_wconf 89' lang='lat' dir='ltr'><strong>agit,</strong></span> <span class='ocrx_word' id='word_1_673' title='bbox 3401 4478 3458 4528; x_wconf 90' lang='lat' dir='ltr'><strong>et</strong></span> <span class='ocrx_word' id='word_1_674' title='bbox 3504 4478 3665 4544; x_wconf 89' lang='lat' dir='ltr'><strong>grata</strong></span> 
     </span>
    </p>
   </div>
   <div class='ocr_carea' id='block_1_97' title="bbox 1969 4561 3667 4634">
    <p class='ocr_par' dir='ltr' id='par_1_97' title="bbox 1969 4561 3667 4634">
     <span class='ocr_line' id='line_1_97' title="bbox 1969 4561 3667 4634; baseline -0.004 -13"><span class='ocrx_word' id='word_1_675' title='bbox 1969 4584 2211 4622; x_wconf 86' lang='lat' dir='ltr'><strong>munera</strong></span> <span class='ocrx_word' id='word_1_676' title='bbox 2259 4569 2375 4622; x_wconf 92' lang='lat' dir='ltr'><strong>Deo</strong></span> <span class='ocrx_word' id='word_1_677' title='bbox 2416 4567 2640 4634; x_wconf 91' lang='lat' dir='ltr'><strong>tribuit,</strong></span> <span class='ocrx_word' id='word_1_678' title='bbox 2682 4572 2739 4621; x_wconf 91' lang='lat' dir='ltr'><strong>et</strong></span> <span class='ocrx_word' id='word_1_679' title='bbox 2778 4583 2875 4622; x_wconf 90' lang='lat' dir='ltr'><strong>rex</strong></span> <span class='ocrx_word' id='word_1_680' title='bbox 2923 4582 3041 4620; x_wconf 71' lang='lat' dir='ltr'><strong>sum</strong></span> <span class='ocrx_word' id='word_1_681' title='bbox 3069 4563 3517 4619; x_wconf 88' lang='lat' dir='ltr'><strong>conversationis</strong></span> <span class='ocrx_word' id='word_1_682' title='bbox 3554 4561 3667 4615; x_wconf 88' lang='lat' dir='ltr'><strong>exi-</strong></span> 
     </span>
    </p>
   </div>
   <div class='ocr_carea' id='block_1_98' title="bbox 1969 4650 3665 4728">
    <p class='ocr_par' dir='ltr' id='par_1_98' title="bbox 1969 4650 3665 4728">
     <span class='ocr_line' id='line_1_98' title="bbox 1969 4650 3665 4728; baseline -0.005 -17"><span class='ocrx_word' id='word_1_683' title='bbox 1969 4657 2087 4723; x_wconf 89' lang='lat' dir='ltr'><strong>stit,</strong></span> <span class='ocrx_word' id='word_1_684' title='bbox 2118 4662 2176 4711; x_wconf 91' lang='lat' dir='ltr'><strong>et</strong></span> <span class='ocrx_word' id='word_1_685' title='bbox 2226 4672 2564 4728; x_wconf 89' lang='lat' dir='ltr'><strong>progressus</strong></span> <span class='ocrx_word' id='word_1_686' title='bbox 2601 4657 2881 4711; x_wconf 87' lang='lat' dir='ltr'><strong>virtutum</strong></span> <span class='ocrx_word' id='word_1_687' title='bbox 2910 4659 3191 4720; x_wconf 88' lang='lat' dir='ltr'><strong>movetur,</strong></span> <span class='ocrx_word' id='word_1_688' title='bbox 3242 4652 3544 4706; x_wconf 87' lang='lat' dir='ltr'><strong>ambulans</strong></span> <span class='ocrx_word' id='word_1_689' title='bbox 3594 4650 3665 4704; x_wconf 91' lang='lat' dir='ltr'><strong>de</strong></span> 
     </span>
    </p>
   </div>
   <div class='ocr_carea' id='block_1_99' title="bbox 1968 4746 2577 4801">
    <p class='ocr_par' dir='ltr' id='par_1_99' title="bbox 1968 4746 2577 4801">
     <span class='ocr_line' id='line_1_99' title="bbox 1968 4746 2577 4801; baseline 0.002 -1"><span class='ocrx_word' id='word_1_690' title='bbox 1968 4746 2177 4800; x_wconf 87' lang='lat' dir='ltr'><strong>virtute</strong></span> <span class='ocrx_word' id='word_1_691' title='bbox 2206 4746 2264 4800; x_wconf 94' lang='lat' dir='ltr'><strong>in</strong></span> <span class='ocrx_word' id='word_1_692' title='bbox 2286 4746 2577 4801; x_wconf 88' lang='lat' dir='ltr'><strong>virtutem.</strong></span> 
     </span>
    </p>
   </div>
   <div class='ocr_carea' id='block_1_100' title="bbox 1250 4966 2567 5056">
    <p class='ocr_par' dir='ltr' id='par_1_100' title="bbox 1250 4966 2567 5056">
     <span class='ocr_line' id='line_1_100' title="bbox 1250 4966 2567 5056; baseline 0 -3"><span class='ocrx_word' id='word_1_693' title='bbox 1250 4968 1598 5056; x_wconf 83' lang='lat' dir='ltr'><strong>LIBER</strong></span> <span class='ocrx_word' id='word_1_694' title='bbox 1655 4966 2567 5056; x_wconf 84' lang='lat' dir='ltr'><strong>DEUTEBONOMII.</strong></span> 
     </span>
    </p>
   </div>
   <div class='ocr_carea' id='block_1_101' title="bbox 898 5105 1860 5190">
    <p class='ocr_par' dir='ltr' id='par_1_101' title="bbox 898 5116 1860 5190">
     <span class='ocr_line' id='line_1_101' title="bbox 898 5116 1860 5190; baseline 0.01 -20"><span class='ocrx_word' id='word_1_695' title='bbox 898 5116 1157 5171; x_wconf 82' lang='lat' dir='ltr'><strong>Hebraice</strong></span> <span class='ocrx_word' id='word_1_696' title='bbox 1186 5118 1369 5173; x_wconf 75' lang='lat' dir='ltr'><strong>ELLEB</strong></span> <span class='ocrx_word' id='word_1_697' title='bbox 1400 5134 1745 5175; x_wconf 67' lang='lat' dir='ltr'><strong>nannreamu</strong></span> <span class='ocrx_word' id='word_1_698' title='bbox 1774 5120 1860 5190; x_wconf 67' lang='lat' dir='ltr'><strong>(Dl</strong></span> 
     </span>
    </p>
   </div>
   <div class='ocr_carea' id='block_1_102' title="bbox 2042 5105 2937 5190">
    <p class='ocr_par' dir='ltr' id='par_1_102' title="bbox 2051 5105 2937 5189">
     <span class='ocr_line' id='line_1_102' title="bbox 2051 5105 2937 5189; baseline -0.009 -12"><span class='ocrx_word' id='word_1_699' title='bbox 2051 5105 2211 5189; x_wconf 59' lang='lat' dir='ltr'><strong>n‘m),</strong></span> <span class='ocrx_word' id='word_1_700' title='bbox 2240 5119 2301 5173; x_wconf 86' lang='lat' dir='ltr'><strong>id</strong></span> <span class='ocrx_word' id='word_1_701' title='bbox 2321 5123 2399 5174; x_wconf 89' lang='lat' dir='ltr'><strong>cst</strong></span> <span class='ocrx_word' id='word_1_702' title='bbox 2427 5119 2556 5173; x_wconf 59' lang='lat' dir='ltr'><strong>Hac</strong></span> <span class='ocrx_word' id='word_1_703' title='bbox 2588 5132 2721 5171; x_wconf 71' lang='lat' dir='ltr'><strong>sum</strong></span> <span class='ocrx_word' id='word_1_704' title='bbox 2746 5132 2937 5171; x_wconf 75' lang='lat' dir='ltr'><strong>veana.</strong></span> 
     </span>
    </p>
   </div>
   <div class='ocr_carea' id='block_1_103' title="bbox 832 5338 1195 5395">
    <p class='ocr_par' dir='ltr' id='par_1_103' title="bbox 832 5338 1195 5395">
     <span class='ocr_line' id='line_1_103' title="bbox 832 5338 1195 5395; baseline 0.011 -4"><span class='ocrx_word' id='word_1_705' title='bbox 832 5338 1195 5395; x_wconf 68' lang='lat' dir='ltr'><strong>PREFATIO</strong></span> 
     </span>
    </p>
   </div>
   <div class='ocr_carea' id='block_1_104' title="bbox 238 5424 1863 5503">
    <p class='ocr_par' dir='ltr' id='par_1_104' title="bbox 238 5424 1863 5503">
     <span class='ocr_line' id='line_1_104' title="bbox 238 5424 1863 5503; baseline 0.006 -26"><span class='ocrx_word' id='word_1_706' title='bbox 238 5424 546 5480; x_wconf 76' lang='lat' dir='ltr'><strong>Fasciculus</strong></span> <span class='ocrx_word' id='word_1_707' title='bbox 604 5427 839 5495; x_wconf 65' lang='lat' dir='ltr'><strong>myrrha:</strong></span> <span class='ocrx_word' id='word_1_708' title='bbox 880 5426 1108 5483; x_wconf 83' lang='lat' dir='ltr'><strong>dilectus</strong></span> <span class='ocrx_word' id='word_1_709' title='bbox 1170 5430 1326 5484; x_wconf 88' lang='lat' dir='ltr'><strong>mihi.</strong></span> <span class='ocrx_word' id='word_1_710' title='bbox 1387 5430 1632 5503; x_wconf 70' lang='lat' dir='ltr'><strong>Myrrha,</strong></span> <span class='ocrx_word' id='word_1_711' title='bbox 1690 5430 1863 5487; x_wconf 87' lang='lat' dir='ltr'><strong>arbor</strong></span> 
     </span>
    </p>
   </div>
   <div class='ocr_carea' id='block_1_105' title="bbox 184 5511 1861 5585">
    <p class='ocr_par' dir='ltr' id='par_1_105' title="bbox 184 5511 1861 5585">
     <span class='ocr_line' id='line_1_105' title="bbox 184 5511 1861 5585; baseline 0.005 -20"><span class='ocrx_word' id='word_1_712' title='bbox 184 5511 499 5578; x_wconf 72' lang='lat' dir='ltr'><strong>aromatica,</strong></span> <span class='ocrx_word' id='word_1_713' title='bbox 557 5512 815 5585; x_wconf 89' lang='lat' dir='ltr'><strong>quinque</strong></span> <span class='ocrx_word' id='word_1_714' title='bbox 865 5513 1073 5571; x_wconf 85' lang='lat' dir='ltr'><strong>cubitis</strong></span> <span class='ocrx_word' id='word_1_715' title='bbox 1100 5519 1325 5571; x_wconf 87' lang='lat' dir='ltr'><strong>tantum</strong></span> <span class='ocrx_word' id='word_1_716' title='bbox 1356 5516 1416 5574; x_wconf 92' lang='lat' dir='ltr'><strong>in</strong></span> <span class='ocrx_word' id='word_1_717' title='bbox 1447 5518 1627 5573; x_wconf 87' lang='lat' dir='ltr'><strong>altum</strong></span> <span class='ocrx_word' id='word_1_718' title='bbox 1668 5534 1861 5573; x_wconf 82' lang='lat' dir='ltr'><strong>excre-</strong></span> 
     </span>
    </p>
   </div>
   <div class='ocr_carea' id='block_1_106' title="bbox 1968 5338 3663 5413">
    <p class='ocr_par' dir='ltr' id='par_1_106' title="bbox 1968 5338 3663 5413">
     <span class='ocr_line' id='line_1_106' title="bbox 1968 5338 3663 5413; baseline -0.001 -18"><span class='ocrx_word' id='word_1_719' title='bbox 1968 5339 2095 5410; x_wconf 89' lang='lat' dir='ltr'><strong>scit,</strong></span> <span class='ocrx_word' id='word_1_720' title='bbox 2134 5341 2297 5413; x_wconf 89' lang='lat' dir='ltr'><strong>cujus</strong></span> <span class='ocrx_word' id='word_1_721' title='bbox 2343 5343 2532 5395; x_wconf 85' lang='lat' dir='ltr'><strong>cortex</strong></span> <span class='ocrx_word' id='word_1_722' title='bbox 2560 5344 2617 5395; x_wconf 89' lang='lat' dir='ltr'><strong>et</strong></span> <span class='ocrx_word' id='word_1_723' title='bbox 2672 5339 2829 5394; x_wconf 87' lang='lat' dir='ltr'><strong>radix</strong></span> <span class='ocrx_word' id='word_1_724' title='bbox 2860 5343 2918 5393; x_wconf 89' lang='lat' dir='ltr'><strong>et</strong></span> <span class='ocrx_word' id='word_1_725' title='bbox 2953 5338 3090 5395; x_wconf 88' lang='lat' dir='ltr'><strong>folia</strong></span> <span class='ocrx_word' id='word_1_726' title='bbox 3141 5343 3199 5395; x_wconf 88' lang='lat' dir='ltr'><strong>et</strong></span> <span class='ocrx_word' id='word_1_727' title='bbox 3247 5339 3441 5395; x_wconf 88' lang='lat' dir='ltr'><strong>omnia</strong></span> <span class='ocrx_word' id='word_1_728' title='bbox 3469 5354 3663 5394; x_wconf 89' lang='lat' dir='ltr'><strong>amara</strong></span> 
     </span>
    </p>
   </div>
   <div class='ocr_carea' id='block_1_107' title="bbox 1969 5426 3662 5502">
    <p class='ocr_par' dir='ltr' id='par_1_107' title="bbox 1969 5426 3662 5502">
     <span class='ocr_line' id='line_1_107' title="bbox 1969 5426 3662 5502; baseline -0.003 -17"><span class='ocrx_word' id='word_1_729' title='bbox 1969 5434 2120 5485; x_wconf 84' lang='lat' dir='ltr'><strong>sunt.</strong></span> <span class='ocrx_word' id='word_1_730' title='bbox 2143 5430 2368 5502; x_wconf 71' lang='lat' dir='ltr'><strong>Myrrha</strong></span> <span class='ocrx_word' id='word_1_731' title='bbox 2398 5445 2597 5483; x_wconf 87' lang='lat' dir='ltr'><strong>amara</strong></span> <span class='ocrx_word' id='word_1_732' title='bbox 2622 5433 2708 5485; x_wconf 89' lang='lat' dir='ltr'><strong>est</strong></span> <span class='ocrx_word' id='word_1_733' title='bbox 2735 5433 2793 5484; x_wconf 92' lang='lat' dir='ltr'><strong>et</strong></span> <span class='ocrx_word' id='word_1_734' title='bbox 2819 5428 3188 5484; x_wconf 85' lang='lat' dir='ltr'><strong>cadaveribus</strong></span> <span class='ocrx_word' id='word_1_735' title='bbox 3216 5426 3549 5499; x_wconf 86' lang='lat' dir='ltr'><strong>apponitur,</strong></span> <span class='ocrx_word' id='word_1_736' title='bbox 3601 5432 3662 5480; x_wconf 89' lang='lat' dir='ltr'><strong>ut</strong></span> 
     </span>
    </p>
   </div>
   <div class='ocr_carea' id='block_1_108' title="bbox 1968 5515 3662 5590">
    <p class='ocr_par' dir='ltr' id='par_1_108' title="bbox 1968 5515 3662 5590">
     <span class='ocr_line' id='line_1_108' title="bbox 1968 5515 3662 5590; baseline -0.001 -17"><span class='ocrx_word' id='word_1_737' title='bbox 1968 5523 2159 5574; x_wconf 86' lang='lat' dir='ltr'><strong>arceat</strong></span> <span class='ocrx_word' id='word_1_738' title='bbox 2183 5518 2549 5590; x_wconf 88' lang='lat' dir='ltr'><strong>putredinem</strong></span> <span class='ocrx_word' id='word_1_739' title='bbox 2611 5518 2912 5574; x_wconf 87' lang='lat' dir='ltr'><strong>vermium.</strong></span> <span class='ocrx_word' id='word_1_740' title='bbox 2966 5519 3095 5573; x_wconf 68' lang='lat' dir='ltr'><strong>Haec</strong></span> <span class='ocrx_word' id='word_1_741' title='bbox 3142 5521 3227 5573; x_wconf 85' lang='lat' dir='ltr'><strong>est</strong></span> <span class='ocrx_word' id='word_1_742' title='bbox 3269 5517 3359 5572; x_wconf 85' lang='lat' dir='ltr'><strong>lex</strong></span> <span class='ocrx_word' id='word_1_743' title='bbox 3402 5521 3563 5571; x_wconf 81' lang='lat' dir='ltr'><strong>vetus</strong></span> <span class='ocrx_word' id='word_1_744' title='bbox 3603 5515 3662 5572; x_wconf 88' lang='lat' dir='ltr'><strong>in</strong></span> 
     </span>
    </p>
   </div>
  </div>
