3976 6178
291 213 397 269 447

929 214 1326 271 WALAFRIDI
1368 215 1614 271 STRABI
1656 216 1855 273 FULD.
1899 214 2060 271 NON.
2098 213 2250 271 OPP.
2292 213 2471 270 PARS
2509 212 2548 267 Ι.
2596 242 2665 253 —
2704 213 3161 271 THEOLOGICA.
3664 221 3754 276 “8

285 335 543 409 quinque
589 336 750 391 libris
806 330 1248 406 comprehensa;
1302 353 1515 403 amara,
1560 338 1619 393 id
1651 342 1736 393 est
1770 337 1992 393 nemini
2021 341 2063 394 A
2101 337 2361 403 inferius,
2419 338 2537 392 ibi:
2594 340 2732 393 Deus
2774 343 2972 394 noster.
3033 344 3139 393 etc.
3185 339 3292 394 Sed
3335 340 3405 394 ad
3434 356 3620 397 eorum
3661 361 3757 399 evi-

285 441 542 497 parcens,
604 425 757 480 unde
804 431 861 480 et
923 426 1141 480 Marath
1198 426 1495 496 designata
1563 432 1676 492 est;
1732 427 1993 496 apposita

287 514 680 582 cadaveribus,
744 513 802 569 id
862 521 948 569 est
1011 515 1243 568 inventa
1296 530 1401 584 pro
1453 515 1868 585 peccatoribus,
1918 532 1990 570 ne

288 603 712 673 corruptionem
771 603 1079 657 criminum
1145 603 1214 657 ab
1263 602 1344 656 eis
1391 608 1626 658 arceret.
1688 604 1867 675 Hujus
1919 604 1994 659 fa-

289 692 531 744 sciculus
582 696 665 744 est
720 691 1214 758 Deuteronomius,
1266 691 1320 745 id
1390 696 1475 745 est
1525 693 1987 746 ramusculorum

290 780 542 850 plurium
571 781 628 832 in
677 796 858 833 unum
897 780 1173 834 collectio.
1202 781 1529 834 Terminata
1581 781 1737 835 enim
1768 782 1895 851 lege
1929 782 1987 836 in

290 872 537 935 quatuor
565 869 973 933 voluminibus,
1007 868 1112 922 iste
1141 869 1378 939 quintus
1401 870 1626 923 additus
1656 874 1763 934 est,
1785 870 1987 924 diffuse

292 956 437 1009 dicta
484 955 541 1009 in
588 972 769 1010 unum
835 956 1084 1011 breviter
1134 958 1427 1028 colligens,
1491 957 1753 1029 quaedam
1813 959 1986 1014 etiam

293 1044 674 1112 praetermissa
722 1046 1014 1115 supplens.
1072 1045 1309 1100 Additus
1357 1050 1546 1099 autem
1617 1050 1700 1099 est
1750 1045 1861 1099 illis
1923 1050 1989 1100 ut

289 1146 528 1185 numero
568 1132 736 1203 legali
765 1133 1130 1186 satisfaceret.
1169 1133 1475 1197 Quinarius
1529 1134 1685 1187 enim
1712 1148 1987 1187 numerus

291 1223 375 1271 est
420 1218 583 1289 legis,
634 1221 1035 1291 quateruarius
1089 1222 1403 1291 Evangelii.
1446 1221 1606 1277 Unde
1649 1227 1707 1275 et
1751 1220 1985 1275 refectio

291 1306 546 1378 quinque
587 1309 834 1364 millium
880 1310 1183 1365 hominum
1214 1311 1273 1365 in
1327 1311 1629 1381 Evangelio
1680 1311 1750 1365 ad
1786 1316 1984 1381 patres

292 1394 507 1449 Veteris
575 1398 924 1452 Testamenti
965 1402 1228 1468 spectat:
1274 1400 1507 1453 refectio
1562 1404 1809 1471 quatuor
1859 1399 1985 1452 mil-

291 1482 432 1538 lium
462 1484 530 1538 ad
562 1492 755 1555 patres
777 1487 940 1553 novi;
978 1487 1092 1541 illis
1120 1488 1277 1541 enim
1298 1488 1582 1559 promissa
1598 1495 1734 1542 sunt
1762 1492 1821 1543 et
1849 1488 1985 1543 data

288 1576 535 1641 terrena,
576 1590 705 1646 qua).
734 1575 990 1647 quinque
1023 1576 1281 1630 sensibus
1338 1577 1578 1630 subsunt
1612 1576 1785 1644 :lillis
1836 1592 1980 1647 qua-

290 1661 470 1727 drata,
528 1662 582 1716 id
630 1669 735 1727 est,
792 1664 1047 1718 soliditas
1117 1670 1283 1719 terra:
1340 1665 1672 1719 viventium.
1730 1665 1987 1720 Deservit

291 1750 462 1805 etiam
499 1752 645 1805 liber
675 1752 783 1806 iste
841 1753 1144 1825 Evangelio
1190 1754 1249 1807 in
1294 1753 1554 1821 nomine,
1602 1753 1663 1807 in
1715 1754 1983 1824 explana-

291 1839 463 1893 tionis
492 1842 658 1906 serie,
689 1842 747 1895 in
803 1842 891 1895 sui
923 1842 1213 1913 dignitale.
1267 1842 1480 1895 Dicitur
1527 1842 1681 1896 enim
1714 1843 1985 1897 Hebraice

290 1928 455 1983 Elleh
491 1930 884 1997 Haddcbarim,
919 1942 1143 1990 ama-in
1174 1916 1314 1997 n53,
1373 1931 1429 1986 id
1462 1935 1566 1997 est,
1624 1931 1745 1986 haec
1789 1931 1982 1997 verba,

291 2014 479 2069 Grmce
539 2012 942 2090 δευτερονόμιον,
975 2019 1129 2088 quod
1160 2023 1245 2073 est
1298 2019 1493 2074 Latine
1542 2019 1790 2073 secunda
1846 2020 1980 2074 lex:

292 2104 416 2158 Non
467 2109 533 2157 ut
593 2105 828 2175 quidam
884 2107 1173 2174 dixerunt,
1224 2108 1402 2161 altera
1452 2113 1583 2178 post
1627 2108 1983 2179 praedictam,

293 2193 443 2247 unde
496 2192 555 2247 iu
602 2195 888 2265 praedictis
916 2195 1253 2250 dicebatur:
1308 2197 1537 2253 Locutus
1593 2202 1672 2251 est
1694 2199 1983 2263 Dominus;

290 2281 382 2336 hic
415 2286 627 2348 autem,
656 2285 885 2338 Locutus
928 2290 1007 2339 est
1058 2286 1299 2353 Moyses;
1360 2284 1456 2338 sed
1487 2284 1754 2347 secunda,
1787 2283 1844 2337 id
1898 2289 1986 2338 est

290 2370 537 2424 secundo
568 2371 787 2435 iterata,
825 2373 932 2426 hoc
997 2374 1234 2427 nomine
1295 2372 1665 2442 Evangelium
1714 2371 1979 2443 praeﬁgu-

292 2471 440 2524 rans,
476 2458 628 2528 quod
660 2460 930 2514 successit
960 2460 1090 2531 legi,
1122 2460 1213 2514 cui
1247 2461 1469 2514 nullum
1516 2460 1800 2515 succedet.
1842 2461 1982 2515 Cum

288 2545 461 2599 etiam
512 2547 693 2601 multa
740 2548 987 2602 breviter
1033 2548 1254 2618 colligit
1298 2553 1355 2602 et
1414 2548 1643 2619 supplet
1697 2547 1982 2619 quaedam,

289 2634 533 2690 formam
592 2636 881 2707 Evangelii
910 2636 1244 2707 praeﬁgurat
1274 2652 1288 2691 :
1319 2637 1423 2691 hoc
1452 2642 1537 2690 est
1591 2636 1746 2690 enim
1773 2635 1980 2689 abbre-

290 2723 505 2778 viatum
534 2725 772 2779 verbum
825 2726 980 2795 quod
1030 2726 1160 2781 fecit
1214 2725 1487 2780 Dominus
1541 2740 1715 2796 super
1769 2730 1981 2779 terram

291 2818 347 2865 et
375 2812 605 2882 supplet
644 2812 978 2884 imperfecta
1008 2815 1179 2885 legis;
1224 2815 1376 2869 unde
1410 2831 1423 2869 :
1458 2817 1576 2871 Non
1626 2816 1750 2869 veni
1784 2815 1984 2869 soluere

2098 426 2352 481 dentiam
2381 442 2512 496 quae
2563 425 2624 479 in
2651 425 2911 496 prologo,
2944 431 3001 480 et
3029 442 3230 481 eorum
3275 443 3402 499 qua:
3444 437 3751 500 sequuntur,

2095 514 2385 585 tangenda
2448 518 2534 568 est
2595 514 3017 585 aliquantulum
3084 516 3291 570 veritas
3353 516 3615 573 historiae.
3684 522 3757 577 Ab

2097 603 2250 657 exitu
2282 604 2530 658 ﬁliorum
2564 604 2733 657 Israel
2766 603 2836 657 de
2865 606 3108 674 Egypto
3137 621 3321 676 usque
3360 621 3471 675 quo
3504 622 3759 674 pervene-

2095 696 2233 745 runt
2260 691 2332 745 ad
2353 690 2691 761 campestria
2723 691 2883 745 Moab
2908 708 3083 762 supra
3108 693 3414 747 Jordanem
3448 709 3462 747 :
3493 696 3755 751 ﬁnxerunt

2094 778 2471 849 quadraginta
2490 778 2605 833 duo
2636 779 2794 846 anni,
2821 779 2882 833 in
2918 781 3129 851 quibus
3159 781 3399 836 diversis
3433 783 3755 852 temporibus

2095 866 2477 935 quadraginta
2508 866 2649 920 duas
2700 866 3027 921 mansiones
3081 867 3357 923 fecerunt.
3408 868 3629 933 Quando
3666 887 3753 925 nu-

2094 953 2193 1007 bes
2236 954 2550 1020 levabatur,
2605 959 2787 1008 castra
2844 956 3241 1019 movebantur,
3301 962 3360 1011 et
3402 973 3529 1013 cum
3581 960 3748 1026 stabat,

2092 1042 2416 1112 ﬁgebantur
2445 1048 2502 1097 et
2532 1043 2840 1097 manebant
2870 1044 2926 1097 in
2960 1045 3162 1099 eodem
3201 1046 3325 1099 loco
3355 1062 3634 1117 quousque
3658 1048 3749 1103 ite-

2095 1148 2224 1185 rum
2254 1132 2541 1186 levabatur
2574 1133 2775 1186 nubes.
2800 1133 2992 1187 Prima
3022 1134 3244 1188 mansio
3269 1134 3379 1189 fuit
3414 1134 3472 1189 in
3502 1136 3741 1200 Ramesse.

2091 1218 2298 1272 ultima
2328 1218 2389 1273 in
2436 1221 2851 1290 campestribus
2888 1222 3067 1276 Moab.
3100 1225 3146 1276 A
3183 1222 3455 1276 Ramesse
3512 1239 3663 1294 usque
3686 1224 3743 1277 ad

2092 1312 2348 1361 montem
2369 1307 2525 1373 Sina,
2546 1310 2728 1379 spatio
2748 1309 3128 1381 quadraginta
3155 1316 3375 1381 septem
3400 1311 3609 1365 dierum
3633 1312 3751 1366 duo-

2093 1395 2275 1449 decim
2306 1397 2630 1451 mansiones
2660 1396 2921 1452 fecerunt
2956 1404 3014 1452 et
3039 1398 3142 1452 hoc
3170 1400 3359 1469 primo
3408 1416 3571 1465 anno,
3594 1405 3645 1454 et
3689 1400 3759 1454 ibi

2090 1483 2208 1537 fere
2265 1488 2447 1538 totum
2508 1500 2724 1538 annum
2757 1490 3054 1540 steterunt.
3112 1486 3197 1540 Ibi
3244 1486 3335 1541 lex
3390 1486 3520 1541 data
3565 1493 3657 1549 est.
3693 1488 3762 1543 ibi

2094 1570 2325 1625 Genesis
2397 1572 2660 1644 scriptus,
2720 1574 2967 1641 Exodus,
2999 1574 3233 1629 Numeri
3287 1576 3481 1647 scripti
3510 1582 3650 1642 sunt,
3715 1582 3765 1630 et

2094 1675 2306 1729 magna
2352 1678 2485 1731 pars
2524 1662 2716 1732 hujus.
2762 1662 2897 1716 lude
2935 1663 3140 1733 pedem
3171 1669 3470 1719 moventes
3513 1681 3652 1719 anno
3693 1681 3765 1719 se-

2094 1752 2283 1807 cundo
2307 1757 2692 1823 pervenerunt
2736 1751 2795 1805 in
2848 1752 3203 1806 Cadesbarne
3233 1759 3291 1807 et
3344 1754 3410 1807 in
3460 1754 3632 1824 spatio
3679 1754 3767 1809 illo

2094 1840 2355 1895 fecerunt
2382 1838 2587 1908 viginti
2616 1838 2983 1905 mansiones;
3019 1841 3090 1893 de
3117 1840 3477 1905 Cadesbarne
3514 1840 3770 1895 miserunt

2095 1928 2500 1999 exploratores,
2558 1927 2660 1998 qui
2714 1933 3066 1981 revertentes
3106 1912 3521 1983 nuntiaverunt
3578 1936 3768 1984 terram

2093 2015 2327 2081 bonam,
2382 2015 2482 2069 sed
2522 2017 2787 2069 robustos
2838 2022 2894 2071 et
2942 2017 3205 2087 gigantes
3254 2018 3519 2073 homines
3558 2019 3770 2073 iuvene-

2092 2106 2250 2167 runt,
2309 2106 2365 2155 et
2392 2102 2578 2156 territi
2630 2105 2887 2157 volentes
2939 2105 3127 2159 redire
3176 2106 3235 2159 in
3273 2110 3486 2161 terram
3543 2106 3769 2177 1Egypti,

2092 2190 2245 2245 unde
2301 2189 2482 2243 iratus
2544 2190 2837 2244 Dominus.
2889 2192 3167 2247 Abierunt
3220 2200 3372 2248 retro
3422 2199 3479 2249 et
3515 2195 3769 2248 lustrave-

2092 2284 2230 2334 runt
2258 2287 2512 2332 montem
2536 2278 2661 2332 Seir
2690 2295 2794 2349 per
2820 2281 3060 2351 triginta
3109 2288 3237 2336 octo
3267 2300 3470 2353 annos,
3518 2284 3594 2337 ibi
3635 2300 3771 2337 mor-

2092 2367 2177 2421 tui
2205 2371 2261 2421 et
2287 2368 2552 2437 prostrati
2586 2373 2721 2421 sunt
2748 2375 3200 2425 murmurantes.
3258 2372 3320 2425 In
3355 2372 3775 2443 quadragesimo

2094 2472 2245 2511 anno
2282 2462 2665 2525 pervenerant
2696 2457 2762 2511 ad
2796 2458 3169 2526 Cadesbarne,
3235 2460 3387 2513 unde
3445 2465 3596 2514 retro
3631 2459 3775 2514 abie-

2094 2549 2229 2599 runt
2257 2559 2363 2614 per
2396 2544 2705 2610 desertum,
2750 2550 2802 2599 et
2839 2546 2899 2599 in
2928 2546 3027 2599 illo
3057 2546 3241 2617 spatio
3290 2562 3496 2601 novem
3542 2548 3776 2602 mansio-

2094 2650 2193 2688 nes
2231 2633 2444 2687 iterum
2486 2632 2759 2688 fecerunt.
2794 2634 3062 2688 Undecim
3107 2651 3238 2689 vero
3285 2635 3407 2691 dies
3446 2638 3653 2708 Moyses
3684 2653 3776 2691 an-

2091 2726 2330 2793 tequam
2383 2720 2604 2775 veniret
2647 2722 2718 2776 ad
2763 2722 3141 2788 Cadesbarne,
3198 2724 3386 2794 legem
3432 2727 3555 2780 solo
3614 2727 3776 2779 verbo

2091 2808 2511 2878 recapitulavit,
2544 2814 2601 2862 et
2631 2808 2701 2862 de
2752 2808 3105 2863 Cadesharne
3130 2826 3313 2881 usque
3344 2811 3416 2865 ad
3452 2810 3779 2882 campestria

290 2902 474 2968 legem,
504 2901 599 2955 sed
638 2902 937 2972 adimplere
969 2904 1195 2972 (Matth.
1229 2902 1301 2969 v).
1353 2903 1495 2959 Cum
1553 2907 1744 2956 autem
1778 2901 1987 2956 dicitur
2017 2903 2057 2958 C
2094 2897 2278 2964 Moab,
2311 2901 2369 2951 et
2405 2897 2505 2951 illo
2544 2896 2731 2967 spatio
2781 2897 3045 2952 undecim
3075 2898 3302 2952 dierum
3345 2900 3558 2972 scripto
3610 2901 3781 2955 voluit

291 2989 397 3043 hoc
440 3006 584 3062 opus
626 2990 769 3044 adeo
819 2992 1079 3062 dignum,
1110 2993 1262 3063 quod
1295 2992 1560 3045 manibus
1589 2991 1742 3063 regis
1772 2991 1981 3061 gestari

286 3075 576 3146 jubeatur,
629 3078 967 3149 dignitatem
1028 3079 1319 3148 Evangelii
1371 3080 1576 3150 aperit,
1629 3079 1782 3150 quod
1833 3078 1976 3133 ordi-

291 3169 489 3220 natum
528 3172 611 3221 est
642 3166 702 3220 in
734 3183 970 3222 manum
1020 3168 1359 3224 Mediatoris.
1414 3169 1557 3223 Cum
1587 3183 1724 3237 ergo
1746 3167 1823 3221 sic
1855 3183 1979 3221 ser-

290 3252 406 3307 viat
438 3254 761 3325 Evangelio,
820 3256 1024 3309 merito
1056 3261 1140 3309 est
1192 3256 1491 3309 fasciculus
1547 3255 1787 3310 dilectus
1816 3255 1982 3310 Chri-

288 3345 398 3406 sto,
429 3356 547 3395 non
575 3348 798 3397 tantum
830 3359 932 3413 pro
965 3359 1043 3410 se,
1095 3348 1374 3415 quantum
1408 3346 1544 3415 quia
1601 3344 1854 3398 ostendit
1884 3359 1979 3397 ro-

292 3432 406 3482 tam
457 3428 517 3482 in
567 3430 754 3485 medio
806 3435 969 3485 rotae.
1006 3432 1251 3485 Intentio
1300 3437 1385 3486 est
1434 3432 1808 3503 recapitulare
1863 3448 1983 3503 prae

290 3515 438 3569 dicta
466 3516 675 3588 triplici
704 3518 839 3585 ﬁne,
866 3526 930 3573 ut
959 3518 1173 3573 arctius
1204 3520 1498 3573 memoria
1524 3520 1979 3586 commendetur,

291 3607 355 3657 ut
386 3604 598 3659 utilitas
627 3606 1034 3676 praedictorum
1084 3607 1417 3662 inculcetur.
1467 3607 1625 3673 Quod
1651 3607 1807 3662 enim
1842 3607 1983 3663 utile

291 3697 394 3759 est,
431 3709 581 3765 saepe
614 3694 823 3764 dicere,
854 3712 961 3751 nec
986 3697 1219 3768 pigrum
1252 3712 1374 3752 esse
1405 3697 1593 3765 debet,
1628 3702 1690 3752 ut
1729 3698 1809 3752 ait
1836 3701 1983 3769 Ape-

292 3782 472 3835 stolus
511 3783 686 3853 (Phil.
743 3786 845 3853 in),
876 3801 981 3840 nec
1012 3786 1317 3840 molestum
1346 3786 1566 3853 audire,
1597 3791 1654 3841 et
1679 3790 1744 3841 ut
1772 3786 1985 3841 duritia

289 3870 617 3925 Iudaeorum
638 3874 1071 3941 condemnetur,
1104 3873 1204 3945 qui
1238 3874 1404 3929 toties
1433 3874 1585 3930 dicta
1621 3890 1740 3930 non
1792 3875 1967 3930 intel-

298 3960 578 4014 lexerunt.
608 3960 803 4017 Modus
834 3963 1041 4034 agendi
1075 3979 1088 4017 :
1135 3964 1439 4018 Prtemittit
1462 3963 1625 4035 quasi
1652 3964 1977 4035 prologum,

293 4063 407 4118 quo
447 4050 694 4104 ostendit
717 4051 845 4122 quis
872 4052 1181 4121 scripsesit,
1238 4057 1296 4107 et
1336 4052 1497 4124 quid,
1526 4058 1630 4108 etc.
1678 4054 1811 4109 Post
1854 4068 1980 4107 me-

291 4142 475 4191 morat
496 4153 668 4208 grave
699 4139 968 4194 delictum
1020 4157 1124 4210 pro
1155 4156 1271 4212 quo
1299 4141 1594 4212 perierunt
1618 4141 1679 4195 in
1727 4141 1972 4206 deserto,

292 4228 353 4277 ut
381 4224 485 4279 hoc
541 4225 747 4280 timore
800 4227 1005 4281 excitet
1036 4228 1108 4281 ad
1148 4228 1520 4284 audiendum.
1582 4232 1712 4285 Post
1758 4235 1985 4300 separat

288 4310 541 4367 civitates
585 4312 811 4383 refugii.
847 4316 979 4369 Post
1014 4316 1353 4385 recapitulat
1381 4316 1529 4370 dicta
1573 4322 1630 4370 et
1658 4317 1801 4371 facta
1832 4317 1985 4372 bona

292 4406 349 4453 et
410 4400 563 4453 mala
613 4402 858 4471 supplet.
928 4404 1063 4455 Post
1128 4402 1294 4472 jubet
1350 4402 1501 4458 hunc
1566 4405 1777 4458 librum
1846 4404 1985 4475 poni

290 4488 350 4543 in
378 4504 529 4554 arca,
562 4496 620 4544 et
674 4491 916 4561 septimo
954 4506 1104 4544 anno
1135 4490 1249 4561 legi
1277 4492 1436 4546 omni
1465 4493 1638 4546 Israel
1690 4492 1748 4546 in
1779 4509 1983 4547 sceno-

293 4577 520 4647 phegia.
558 4579 691 4633 Post
718 4578 911 4633 subdit
957 4580 1281 4635 canticum:
1337 4580 1558 4649 Audite,
1592 4586 1721 4645 etc.,
1764 4582 1825 4636 in
1857 4597 1982 4636 me-

294 4665 534 4720 moriam
582 4668 894 4721 murmuris
952 4683 1150 4722 eorum
1206 4672 1263 4722 et
1300 4685 1506 4740 prensa,
1556 4669 1899 4725 obedientiaa
1926 4676 1984 4725 et

278 4754 533 4824 .prmmii.
578 4756 643 4817 Et
678 4759 807 4826 post
854 4755 1280 4810 benedictiones
1329 4756 1605 4812 tribuum.
1664 4759 1871 4813 Ultimo
1912 4759 1982 4814 de

294 4846 475 4895 morte
508 4841 699 4913 Moysi.

861 4967 1086 5023 CAPUT
1125 4967 1416 5024 PRIMUM.

362 5105 528 5160 Vsus.
560 5110 607 5161 t.
632 5138 700 5149 —
731 5109 869 5165 Hec
897 5116 1027 5167 sunt
1063 5110 1248 5179 verba,
1286 5117 1392 5166 etc.
1426 5112 1725 5166 Prasmittit
1754 5111 1981 5183 legisla-

292 5197 381 5248 tor
409 5193 643 5250 titulum
691 5197 854 5267 quasi
886 5200 1215 5270 prologum.
1267 5199 1327 5254 in
1355 5216 1471 5272 quo
1497 5201 1743 5256 ostendit
1769 5217 1982 5256 nomen

293 5283 558 5345 auctoris.
593 5290 651 5339 et
700 5286 837 5357 quid
875 5287 1091 5353 fecerit,
1147 5293 1205 5343 et
1240 5288 1364 5356 ubi,
1407 5294 1465 5343 et
1520 5290 1769 5361 quando.
1828 5288 1982 5345 Sicut

296 5372 468 5444 paulo
508 5377 636 5444 post
681 5374 743 5427 in
773 5374 962 5443 glossa
1010 5374 1416 5445 distinguatur,
1447 5382 1504 5431 et
1550 5377 1892 5433 terminatur
1917 5382 1981 5432 ut

295 5459 636 5531 quibusdam
705 5461 950 5532 videtur,
1016 5462 1137 5520 ibi:
1191 5464 1638 5534 Quodragesimo,
1705 5469 1837 5532 etc.,
1891 5466 1977 5521 vel

2096 2984 2522 3041 commendare.
2582 2987 2716 3040 Ecce
2766 2985 2836 3040 de
2890 2986 3079 3056 primo
3138 3002 3290 3041 anno
3339 2987 3665 3057 duodecim,
3712 2989 3776 3043 de

2089 3074 2337 3130 secundo
2369 3091 2486 3128 una
2533 3074 2756 3145 viginti,
2788 3074 2858 3129 de
2888 3075 3127 3147 reliquis
3156 3091 3380 3141 novem,
3444 3083 3503 3132 et
3549 3078 3626 3131 ita
3653 3093 3778 3150 qua-

2092 3163 2357 3234 draginta
2386 3163 2515 3218 dua:
2546 3163 2890 3218 mansiones.

2163 3271 2292 3323 Haec
2321 3269 2429 3323 fuit
2470 3286 2641 3324 causa
2683 3270 2858 3340 hujus
2905 3269 3060 3336 libri,
3091 3274 3155 3325 ut
3207 3271 3421 3325 scilicet
3468 3289 3597 3343 qua
3644 3273 3781 3327 facta

2089 3358 2337 3421 fuerant,
2394 3358 2643 3413 breviter
2726 3358 2979 3425 collecta,
3056 3358 3266 3413 arctius
3313 3364 3651 3415 tenerentur
3725 3360 3779 3415 in

2091 3445 2389 3513 memoria,
2446 3446 2608 3500 facile
2666 3445 2822 3501 enim
2860 3448 3181 3502 retinentur
3225 3462 3356 3519 quae
3404 3448 3656 3503 breviter
3696 3449 3782 3503 di—

2092 3538 2324 3588 cuntur.

2163 3641 2321 3710 (Rau.
2380 3642 2439 3695 in
2471 3639 2658 3709 Deut.)
2710 3643 2832 3696 Hac
2882 3646 3011 3697 sunt
3056 3642 3241 3707 verba,
3273 3648 3379 3697 etc.
3434 3644 3782 3716 Principium

2090 3729 2519 3785 Denteronomii
2549 3729 2753 3784 titulus
2782 3745 2903 3783 esse
2950 3730 3177 3786 videtur
3200 3731 3373 3786 totius
3404 3734 3620 3805 operis,
3654 3733 3785 3805 quia

2089 3834 2392 3889 personam
2426 3817 2637 3871 indicat
2674 3819 2942 3887 auctoris,
2970 3824 3027 3873 et
3056 3820 3198 3891 quid
3230 3820 3447 3886 fecerit,
3485 3828 3543 3876 et
3571 3823 3773 3889 locum,

2090 3912 2146 3960 et
2174 3912 2419 3977 tempus.
2456 3906 2676 3961 Nomen
2723 3922 2955 3979 quoque
2988 3907 3118 3963 libri
3149 3908 3394 3978 gratiam
3427 3910 3779 3965 demonstrat

2091 3994 2233 4050 Novi
2287 3994 2654 4049 Testamenti.
2708 3996 3218 4052 Deuteronomium
3246 4013 3499 4069 namque
3541 3998 3784 4053 secunda

2089 4085 2180 4139 lex
2244 4084 2675 4153 interpretatur,
2729 4089 2787 4139 et
2840 4085 3212 4156 Evangelium
3264 4086 3574 4158 signiﬁcat,
3634 4085 3783 4159 quod

2022 4173 2309 4246 DVeteris
2379 4172 2725 4228 Testamenti
2776 4179 3129 4228 sacramenta
3175 4174 3555 4246 spiritualiter
3592 4175 3780 4247 expla-

2092 4265 2211 4318 nat.
2269 4261 2424 4318 Sicut
2470 4261 2615 4316 liber
2656 4263 3083 4317 Denteronomii
3104 4264 3370 4335 repetitio
3402 4269 3491 4319 est
3544 4269 3785 4337 quatuor

2093 4350 2369 4406 librorum
2429 4349 2572 4420 legis
2604 4365 2617 4405 :
2652 4350 2737 4404 illi
2794 4350 2948 4405 enim
2978 4352 3239 4423 proprias
3269 4352 3571 4408 continent
3618 4353 3676 4407 in
3729 4368 3784 4405 se

2092 4456 2308 4507 causas,
2342 4438 2446 4493 iste
2476 4438 2713 4509 replicat
2757 4439 3043 4509 universa,
3076 4440 3248 4496 habet
3277 4444 3333 4495 et
3381 4441 3503 4513 ipse
3553 4440 3783 4513 propria

2094 4533 2462 4583 sacramenta.

2166 4633 2291 4704 (ῐο.)
2328 4636 2447 4689 Haec
2476 4638 2603 4689 sunt
2641 4634 2824 4688 verba.
2863 4635 2975 4689 Hoc
3002 4634 3071 4689 de
3124 4652 3182 4689 se
3234 4639 3512 4707 tanquam
3544 4636 3615 4691 de
3654 4636 3785 4700 alto,

2093 4729 2223 4791 etc.,
2256 4738 2426 4794 usque
2465 4723 2541 4778 ad
2570 4728 2634 4779 ut
2675 4739 2848 4779 nemo
2879 4723 3058 4796 possit
3084 4724 3346 4781 dubitare
3392 4725 3624 4797 Moysen
3684 4726 3787 4780 ista

2093 4827 2404 4883 scripsisse.

2161 4918 2391 4973 Locutus
2420 4923 2517 4973 est.
2551 4919 2767 4989 Moyses
2797 4919 2884 4973 lex
2913 4924 3075 4973 vetus
3128 4924 3234 4987 est,
3280 4936 3409 4991 quas
3454 4925 3615 4974 trans
3666 4921 3787 4975 Jor-

2090 5006 2319 5073 danem,
2354 5006 2412 5061 id
2460 5012 2543 5060 est
2597 5013 2729 5062 ante
2763 5007 3139 5078 baptismum,
3173 5008 3543 5063 lsraeliticum
3598 5004 3790 5063 docuit

2090 5096 2392 5167 populum.
2451 5097 2512 5150 ln
2540 5096 2787 5151 lordaue
2830 5098 2985 5151 enim
3038 5097 3394 5169 signiﬁcatur
3456 5097 3786 5167 baptismus

2090 5182 2151 5235 in
2183 5198 2297 5253 quo
2341 5182 2656 5254 baptizatus
2709 5188 2794 5238 est
2823 5183 3077 5238 Christus
3110 5201 3124 5238 :
3183 5184 3241 5238 in
3301 5184 3609 5239 solitudine
3637 5198 3790 5237 cam-

2090 5270 2284 5340 pestri,
2319 5270 2377 5325 id
2408 5276 2493 5325 est
2543 5271 2606 5325 in
2634 5271 2929 5326 sterilitate
2967 5272 3209 5326 carnalis
3258 5272 3481 5343 populi,
3514 5270 3615 5343 qui
3665 5270 3791 5325 fru-

2088 5364 2246 5414 ctum
2275 5358 2550 5415 virtutum
2581 5376 2701 5419 non
2729 5361 2938 5415 attulit.

2160 5468 2225 5522 In
2264 5465 2577 5533 solitudine,
2620 5466 2915 5521 sterilitate
2953 5466 3162 5539 plebis,
3220 5466 3314 5522 cui
3389 5466 3600 5523 dicitur
3631 5482 3649 5521 :
3695 5468 3792 5523 Bc-
