3976 6178
178 311 274 369 449

1319 304 1577 364 GLOSSA
1615 303 2020 363 ORDINARIA.
2056 332 2127 345 —
2166 300 2299 361 LIB.
2342 301 2547 360 DEUT.

3579 301 3687 358 450

178 435 441 502 linquetur
466 432 618 487 vobis
661 429 850 487 domus
895 435 1077 486 vestra
1124 429 1337 484 deserta
1408 428 1625 499 (Matth.
1683 427 1943 494 xxx1;A
1979 423 2231 493 bon,etc.
2262 424 2433 495 (1810.)
2502 423 2567 478 In
2610 422 2700 477 his
2749 420 3003 493 regibus,
3061 424 3193 490 etc.,
3250 437 3417 492 usque
3469 423 3544 478 ad
3589 424 3688 480 sed

175 523 292 577 Luc.
325 523 471 587 xm).

236 611 432 666 Contra
479 624 647 663 mare.
695 607 839 673 Quia
908 606 1205 678 generatio
1262 622 1436 675 prava
1491 608 1549 659 et
1604 618 1871 674 perversa

177 699 520 752 ablutionem
549 702 919 768 peccatorum
950 696 1010 749 in
1056 695 1336 766 sanguine
1387 693 1595 748 Christi
1638 692 1869 747 credere

178 788 376 842 noluit.

233 877 388 929 Inter
409 877 648 930 Pharan.
687 874 911 928 Pharau
942 876 1141 927 auctus
1172 889 1186 938 ;
1216 871 1496 942 Thophel,
1536 870 1825 925 insulsitas
1850 886 1865 937 ;

173 964 374 1029 Laban,
405 963 688 1017 dealbatio
724 982 740 1029 ;
773 963 1071 1028 Haseroth,
1141 961 1305 1015 atria.
1341 964 1553 1014 Auctus
1600 963 1683 1013 est
1711 958 1867 1013 enim

170 1054 411 1122 populus
438 1068 680 1105 numero
710 1051 1033 1115 hominum,
1065 1050 1326 1104 doctrina
1350 1049 1493 1119 legis
1545 1052 1600 1101 et
1623 1048 1869 1118 prophe-

169 1148 343 1195 tarum
383 1158 398 1207 ;
433 1142 531 1194 sed
559 1140 808 1194 insulsus
838 1139 965 1205 fuit,
989 1139 1126 1210 quia
1154 1139 1234 1192 sal
1265 1137 1580 1208 [sapientiai
1611 1153 1728 1191 non
1766 1136 1867 1189 ha-

170 1230 303 1297 buit,
331 1230 633 1283 dealbatus
658 1245 790 1282 vero
816 1228 958 1298 legis
986 1226 1342 1280 cmremoniis
1384 1224 1672 1295 variisque
1705 1241 1870 1278 mun-

168 1318 330 1383 ditiis,
378 1333 522 1388 quas
565 1333 632 1370 ex
672 1316 862 1371 littera
900 1315 1041 1384 legis
1088 1331 1145 1369 se
1198 1315 1408 1368 habere
1464 1315 1723 1370 credidit.
1758 1313 1868 1378 Qui

169 1406 304 1460 bene
349 1422 458 1476 per
512 1405 658 1459 atria
706 1404 1080 1474 signiﬁcatur,
1148 1408 1423 1473 tanquam
1479 1418 1581 1473 per
1635 1402 1867 1456 divinas

169 1494 485 1565 Scripturas
516 1494 586 1548 ad
648 1493 951 1547 introitum
998 1491 1127 1546 ﬁdei
1175 1496 1428 1560 paratus,
1492 1491 1644 1544 unde
1701 1491 1868 1544 multi

168 1584 219 1638 iu
248 1585 503 1638 adventu
534 1583 742 1637 Christi
794 1581 1016 1636 facilius
1084 1585 1476 1651 susceperunt,
1528 1596 1700 1651 quem
1732 1585 1865 1634 ante

168 1673 499 1745 pradictum
536 1675 917 1742 agnoverunt,
962 1669 1115 1724 unde
1165 1669 1504 1739 Philippus:
1539 1669 1702 1734 Quem
1731 1672 1863 1722 seri-

164 1765 266 1831 psit
294 1764 508 1829 Moyses
533 1764 594 1814 in
619 1761 731 1829 lege
758 1765 807 1814 et
836 1760 1110 1829 propheta
1139 1760 1444 1812 invenimus
1472 1758 1665 1811 Jesum
1694 1758 1869 1826 ﬁlium

166 1852 349 1919 Ioseph
378 1867 416 1904 a
460 1850 739 1904 Nazareth
812 1851 997 1918 (Joan.
1060 1846 1118 1917 1).
1179 1847 1435 1911 Quatuor
1508 1846 1569 1901 hi
1622 1852 1869 1915 montes,

165 1944 407 2010 quatuor
438 1938 744 2009 Evangelia
785 1935 1136 2008 signiﬁcant,
1185 1934 1394 2007 quibus
1451 1934 1698 1988 Ecclesia
1751 1934 1863 1988 cir-

168 2031 484 2085 cumdatur.

230 2120 386 2173 Vens.
432 2122 491 2175 2.
546 2147 617 2157 —
686 2117 940 2172 Undecim
1002 2114 1209 2170 diebus.
1287 2116 1397 2169 Lex
1470 2129 1574 2184 per
1639 2114 1868 2185 Moysen

167 2207 430 2261 undecim
498 2206 701 2260 diebus
748 2205 1070 2274 explanata,
1130 2202 1383 2258 Judaicas
1444 2203 1627 2274 plebis
1677 2209 1871 2258 trans-

167 2297 517 2367 gressionem
547 2294 609 2348 in
638 2293 923 2348 mandatis
953 2292 1214 2362 Decalogi
1247 2291 1531 2362 signiﬁcat
1560 2309 1572 2345 :

215 2384 490 2439 Uudecim
520 2384 645 2437 dies
668 2387 802 2436 sunt
830 2381 1098 2436 undecim
1126 2381 1367 2451 apostoli
1387 2397 1493 2450 per
1542 2397 1685 2451 quos
1706 2381 1871 2453 (Juda

169 2473 492 2544 reprobate)
559 2471 932 2541 Evangelium
991 2469 1201 2524 Christi
1255 2468 1629 2540 praedicatum
1687 2475 1772 2524 est
1809 2470 1869 2525 iu

172 2562 397 2617 mundo.

231 2650 530 2706 DeHoreb.
580 2650 689 2714 Qui
749 2649 1017 2703 Hebraice
1064 2648 1264 2705 Choreb
1329 2647 1537 2718 (:nn);
1590 2648 1870 2719 incipiens

169 2756 261 2810 per
283 2740 430 2807 Seir,
467 2739 523 2793 id
555 2744 640 2792 est
661 2738 908 2809 pilosum
926 2744 982 2792 et
1035 2737 1329 2791 sordidum
1382 2736 1531 2790 vitiis
1585 2739 1867 2807 populum

170 2828 446 2883 transiens
476 2827 636 2881 venit
664 2827 735 2880 ad
777 2825 1131 2880 Cadesbarne
1164 2841 1178 2879 :
1214 2824 1312 2895 qui
1369 2831 1750 2880 commutatus
1780 2827 1867 2881 vel

174 2917 371 2971 electus
402 2917 497 2970 vel
522 2915 731 2970 nobilis
780 2914 1208 2985 interpretatur,
1273 2913 1599 2983 signiﬁcans
1645 2915 1867 2969 littera-

1977 515 2116 569 foris
2150 520 2444 568 manentes
2473 527 2702 581 semper
2723 511 2995 582 operibus
3024 510 3291 565 insistant
3328 513 3539 582 pravis.

2048 605 2210 658 Vsus.
2237 607 2294 657 5.
2342 631 2414 643 —
2438 602 2518 655 In
2546 606 2694 655 terra
2724 600 2901 655 Moab.
2959 600 3129 654 Exlex
3169 599 3454 671 siquidem
3504 616 3689 672 popu-

1975 690 2065 744 lus
2094 692 2222 757 fuit,
2251 690 2350 761 qui
2374 691 2559 760 legem
2586 690 2897 759 spiritalem
2922 705 3037 742 non
3075 689 3298 743 habuit.

2048 780 2209 834 Vens.
2249 782 2301 833 6.
2336 810 2399 817 —
2437 780 2690 832 Dominus
2722 778 2869 831 Deus
2915 782 3113 831 noster.
3160 778 3225 831 In
3271 776 3421 831 libro
3473 778 3686 832 Nume-

1974 883 2172 921 rorum
2202 867 2271 921 de
2302 866 2654 937 profectione
2686 866 2937 919 ﬁliorum
2974 865 3144 919 Israel
3196 864 3265 919 de
3296 866 3523 920 deserto
3552 866 3689 921 Sina

1976 964 2258 1021 narratur,
2293 956 2390 1009 sed
2434 961 2788 1026 praeceptum
2818 954 3047 1010 Domini
3076 954 3148 1008 ad
3200 955 3430 1025 Moysen
3484 956 3553 1009 de
3594 972 3689 1009 eo-

1973 1043 2105 1099 dem
2133 1043 2378 1097 transitu
2411 1059 2526 1097 non
2558 1043 2767 1097 dicitur
2792 1062 2809 1107 ;
2834 1043 2932 1097 sed
2964 1043 3033 1097 de
3053 1043 3203 1097 nube
3235 1059 3365 1113 quas
3416 1042 3683 1098 taberna-

1974 1130 2169 1183 culum
2194 1130 2439 1199 tegebat,
2496 1135 2554 1183 et
2601 1129 2833 1200 quando
2882 1128 3362 1199 proﬁciscendum
3420 1135 3543 1184 erat
3596 1146 3684 1185 re-

1975 1218 2237 1273 cedebat:
2272 1224 2329 1271 et
2357 1217 2429 1270 ad
2474 1219 2660 1270 locum
2708 1217 3069 1286 ﬁgendorum
3124 1222 3443 1272 castrorum
3474 1235 3689 1289 praece-

1974 1307 2163 1362 debat.
2197 1307 2286 1361 Sic
2315 1305 2473 1359 enim
2528 1307 2803 1376 scriptum
2859 1312 2978 1361 est:
3008 1308 3168 1361 Anno
3220 1308 3470 1375 secundo,
3510 1324 3687 1362 mense

1973 1396 2205 1451 secundo
2228 1398 2493 1461 vigesima
2532 1395 2622 1449 die
2666 1398 2884 1459 mensis,
2922 1396 3129 1450 elevata
3182 1402 3260 1450 est
3320 1397 3485 1451 nubes
3515 1396 3581 1451 de
3609 1404 3690 1450 ta-

1977 1485 2262 1539 bernaculo
2291 1485 2535 1551 flecteris,
2592 1489 2643 1537 et
2682 1484 2931 1537 recubuit
2980 1486 3042 1538 in
3116 1484 3407 1538 solitudine
3458 1484 3686 1539 Pharan

1976 1565 2157 1634 (Num.
2185 1574 2259 1641 χ).
2292 1572 2399 1627 Sed
2459 1572 2828 1626 manifestum
2877 1576 2962 1626 est
3008 1573 3309 1627 transitum
3367 1574 3532 1628 illum
3586 1574 3685 1627 Dei

1978 1667 2263 1732 precepto
2293 1677 2413 1715 esse
2444 1660 2808 1730 dispositum,
2844 1661 2975 1714 licet
3024 1660 3103 1714 ibi
3134 1677 3253 1714 non
3298 1662 3371 1716 sit
3428 1678 3680 1716 comme-

1978 1755 2286 1803 moratum.
2317 1750 2472 1805 Unde
2501 1750 2639 1803 alibi
2688 1750 2749 1803 in
2788 1750 2933 1804 libro
2966 1750 3201 1803 Numeri
3258 1750 3330 1804 ad
3376 1750 3684 1821 imperium

1978 1837 2211 1892 Domini
2242 1837 2495 1908 ﬁgebant
2526 1838 2792 1905 tentoria,
2841 1843 2899 1892 et
2934 1838 3005 1893 ad
3064 1838 3371 1908 imperium
3402 1840 3558 1893 illius
3587 1840 3689 1892 de-

1983 1928 2275 1997 pouebant
2304 1928 2490 1993 (Num.
2518 1926 2617 1993 1x).

2048 2015 2274 2081 Sufﬁcit
2294 2015 2462 2079 vobis,
2505 2021 2610 2069 etc.
2671 2014 3007 2084 Praecipitur
3044 2016 3221 2085 Moysi
3279 2019 3346 2068 ut
3401 2014 3624 2069 recedat
3654 2032 3687 2069 a

1976 2107 2174 2156 monte
2207 2101 2268 2154 in
2297 2117 2411 2172 quo
2445 2103 2630 2172 legem
2663 2108 2979 2171 acceperat,
3002 2102 3139 2172 quia
3164 2101 3363 2157 doctor
3400 2119 3515 2156 non
3545 2118 3688 2156 sem-

1976 2206 2081 2262 per
2128 2190 2296 2247 debet
2364 2190 2575 2243 instare
2641 2190 3133 2261 contemplationi,
3216 2191 3315 2245 sed
3373 2192 3684 2262 aliquando

1976 2278 2283 2334 descendat
2313 2284 2376 2332 ut
2404 2278 2491 2331 sui
2534 2284 2591 2332 et
2641 2277 3036 2349 proximorum
3083 2295 3280 2333 curam
3319 2284 3499 2350 gerat,
3534 2280 3687 2335 unde

1976 2369 2100 2425 Sive
2126 2372 2297 2422 mente
2339 2366 2645 2420 excedimus
2677 2370 2798 2432 Deo,
2827 2370 2941 2421 sive
2969 2367 3141 2422 sobrii
3161 2383 3345 2422 sumus
3375 2368 3547 2423 vobis.

2047 2458 2209 2512 Vens.
2235 2459 2286 2510 9.
2319 2485 2392 2496 —
2444 2456 2690 2525 Dia-ique
2733 2456 2883 2510 vobis
2903 2459 2965 2510 in
3026 2458 3121 2511 illo
3148 2463 3398 2526 tempore,
3470 2461 3576 2511 etc.
3609 2458 3687 2511 De

1977 2543 2083 2598 hac
2121 2543 2400 2598 divisione
2429 2548 2779 2614 potestatum
2810 2543 2869 2597 in
2927 2544 3117 2598 Exodo
3174 2551 3484 2616 antequam
3529 2547 3689 2600 veni-

1977 2641 2109 2686 rent
2127 2632 2196 2686 ad
2231 2638 2484 2686 montem
2510 2632 2686 2696 Sinai,
2718 2632 2993 2702 scriptum
3042 2639 3128 2687 est
3157 2634 3311 2705 quod
3364 2635 3558 2689 Jethro
3591 2651 3680 2689 sa-

1976 2722 2175 2775 cerdos
2207 2721 2429 2775 Madian
2486 2727 2763 2791 cognatus
2812 2722 2988 2792 Moysi
3042 2721 3149 2776 hoc
3182 2722 3292 2793 ipsi
3336 2725 3689 2793 suggesserit

1978 2808 2193 2887 (Exod.
2224 2811 2410 2873 xvm).
2443 2808 2600 2863 Unde
2658 2809 2862 2863 merito
2919 2810 3200 2880 qmeritur
3240 2812 3533 2881 quomodo
3563 2812 3688 2866 haec

1974 2898 2084 2953 sibi
2101 2898 2295 2965 modo,
2327 2903 2385 2951 et
2406 2898 2506 2951 illo
2528 2902 2784 2967 tempore
2814 2897 3206 2951 conveniant?
3234 2898 3342 2953 Sed
3399 2898 3553 2969 quod
3586 2899 3681 2953 hic

174 3010 271 3059 lem
300 3006 449 3076 legis
480 3021 710 3059 sensum
742 3004 801 3058 in
823 3002 1137 3074 spiritalem
1169 3018 1274 3072 per
1305 3002 1673 3072 Evangelium
1713 3020 1870 3058 com-
1901 3010 1942 3065 C
1978 2987 2187 3042 diem"
2208 2987 2417 3076 dixisse
2470 2987 2687 3057 Moyses
2745 2987 2802 3040 ίη
2833 2987 2930 3076 i119
2955 3074 2963 3076 _
2987 2990 3281 3076 “tmpore:
3316 2988 3436 3076 Νοη
3465 3002 3686 3056 Possum

174 3099 474 3148 mutatum.
516 3093 710 3148 Omnia
755 3094 898 3146 enim
960 3095 1020 3144 in
1076 3094 1257 3159 ﬁgura
1306 3089 1686 3157 contingebant
1731 3092 1865 3158 illis,

168 3184 365 3252 scripta
420 3182 499 3235 ad
529 3184 904 3235 correctionem
929 3183 1197 3240 nostram,
1244 3180 1304 3232 in
1354 3193 1486 3246 quos
1522 3180 1655 3247 ﬁnes
1696 3194 1870 3234 saecu-

168 3272 331 3325 lorum
362 3271 697 3325 devenerunt
738 3270 785 3340 (ι
825 3270 946 3326 Cor.
977 3268 1052 3337 x).
1095 3269 1200 3322 Lex
1244 3267 1399 3322 enim
1465 3283 1581 3322 non
1635 3272 1721 3323 est
1770 3286 1869 3323 so-

166 3359 297 3423 luta,
358 3358 464 3413 sed
520 3358 854 3427 adimpleta,
883 3372 980 3410 nec
1032 3371 1199 3410 unum
1248 3358 1359 3410 iota
1414 3360 1511 3409 aut
1566 3371 1706 3411 unus
1729 3372 1871 3426 apes;

163 3448 466 3515 preteribit
494 3446 658 3501 donec
696 3448 878 3500 omnia
894 3447 1029 3513 ﬁant
1060 3444 1280 3513 (Matth.
1310 3444 1392 3513 v).

226 3535 383 3589 Vens.
422 3538 475 3588 3.
510 3562 580 3573 —-
634 3532 1071 3599 Quadragesimo
1125 3545 1293 3599 anno,
1348 3531 1629 3586 undecimo
1666 3547 1862 3597 mense,

164 3626 359 3692 prima,
394 3626 506 3677 etc.
543 3622 716 3692 (1311).,
776 3624 838 3674 in
893 3623 1075 3689 Deut.,
1130 3625 1269 3675 tom.
1328 3621 1417 3691 V.)
1483 3620 1873 3692 Quadraginta

168 3712 314 3778 anui,
352 3716 490 3777 etc.,
520 3725 690 3780 usque
718 3709 795 3764 ad
823 3709 945 3764 sine
974 3709 1345 3780 corruptione
1397 3710 1732 3764 manebunt.

228 3799 734 3870 Quadragenarius
785 3813 851 3851 ex
881 3797 1116 3852 denario
1168 3802 1226 3851 et
1282 3798 1650 3869 quaternario
1728 3814 1873 3852 cou-

168 3892 287 3955 stat,
319 3895 379 3943 et
409 3888 558 3959 legis
584 3886 879 3955 Evangelii
923 3885 1321 3956 impletiouem
1369 3886 1693 3958 signiﬁcat;
1742 3903 1871 3958 que

166 3976 223 4031 ﬁt
245 3980 306 4032 in
337 3977 614 4040 Ecclesia,
648 3977 844 4031 decem
899 3991 1150 4047 namque
1193 3975 1261 4029 ad
1321 3976 1506 4047 legem
1553 3976 1872 4047 pertinent,

168 4072 415 4135 quatuor
447 4081 580 4119 vero
611 4065 682 4119 ad
715 4064 1105 4135 Evangelium.

231 4173 524 4230 Undecimo
575 4186 770 4240 mense,
800 4175 901 4226 etc.
937 4170 1092 4226 Sicut
1150 4171 1208 4225 in
1254 4171 1557 4227 undecima
1608 4188 1873 4242 expressa

162 4267 240 4315 est
260 4262 408 4333 legis
466 4260 865 4331 transgressio,
916 4261 995 4315 sic
1043 4260 1104 4314 in
1158 4259 1342 4332 prima
1388 4260 1480 4315 die
1536 4260 1869 4331 pervigilad
1906 4294 1948 4348 ι)

162 4350 488 4405 docendum
514 4349 859 4420 legislatoris
908 4349 1153 4404 intentio
1206 4366 1219 4416 ;
1270 4348 1371 4420 qui
1401 4364 1466 4402 ex
1524 4365 1639 4419 quo
1672 4348 1872 4402 iuobe-

162 4438 315 4493 cliens
346 4440 602 4509 populus
630 4438 817 4507 legem
842 4437 1163 4508 transgredi
1208 4453 1326 4491 non
1374 4437 1588 4499 timuit,
1653 4436 1871 4503 statim,

169 4527 535 4596 praedicando
565 4532 622 4581 et
646 4526 1006 4598 corrigendo,
1056 4526 1408 4580 voluntatem
1452 4525 1674 4579 Domini
1734 4525 1873 4579 insi-

165 4632 337 4670 uuare
372 4615 615 4681 studuit,
646 4622 703 4669 et
726 4631 823 4669 eos
844 4615 916 4669 ad
968 4615 1205 4668 meliora
1250 4615 1477 4669 trahere
1539 4614 1624 4668 vel
1675 4630 1875 4685 provo-

163 4719 285 4757 care
317 4703 512 4758 verbis
544 4708 603 4757 et
632 4703 905 4773 exemplis
927 4718 1046 4757 non
1072 4701 1327 4757 cessavit.

229 4812 400 4865 Vens.
443 4810 495 4864 4.
530 4839 597 4851 -
630 4811 908 4880 Posquam
929 4812 1202 4880 percussit
1232 4810 1427 4876 Sehon,
1483 4815 1591 4863 etc.
1656 4810 1872 4864 Notan-

164 4897 295 4952 dum
328 4899 514 4971 quod,
539 4898 848 4952 interfectis
874 4898 1099 4953 duobus
1129 4898 1872 4969 Amorrhmorumregibus,

162 4989 241 5041 lex
272 4988 693 5057 recapitulatur
709 4992 765 5041 et
788 4989 1033 5059 populus
1083 4986 1407 5053 instruitur,
1438 4986 1594 5058 quia,
1643 4987 1875 5041 remotis

166 5076 446 5131 seandalis
479 5081 537 5130 et
576 5076 859 5146 superatis
887 5076 1159 5130 vitiorum
1217 5076 1442 5143 turmis,
1485 5080 1876 5146 competenter

165 5163 439 5219 doctrinae
468 5164 753 5219 insistitur
781 5169 838 5219 et
857 5163 989 5219 ﬁdei
1043 5166 1241 5219 lumen
1294 5163 1465 5235 digne
1498 5163 1875 5219 desideranti-

169 5252 264 5308 bus
286 5252 571 5326 aperitur.

234 5362 529 5416 Debemus
557 5360 718 5432 prius
741 5360 801 5415 in
828 5360 995 5416 nobis
1016 5359 1153 5415 vitia
1183 5359 1441 5415 occidere
1487 5366 1543 5415 et
1576 5360 1655 5415 sic
1708 5376 1874 5415 mau-

172 5447 294 5503 data
307 5448 511 5504 divina
532 5449 761 5520 populis
785 5449 1030 5505 tradere.

230 5556 411 5612 Sehon
429 5571 607 5624 regem
657 5555 1094 5612 Amorrhaorum
1165 5557 1264 5624 qui
1326 5554 1603 5610 habitavit
1630 5553 1869 5610 inHese-

1979 3077 2123 3131 solus
2172 3074 2438 3130 sustinere
2458 3090 2571 3139 vos,
2604 3081 2736 3138 etc.,
2761 3090 2877 3128 non
2909 3074 3050 3128 illud
3104 3080 3333 3145 tempus
3381 3075 3683 3145 significat,

1979 3180 2095 3236 quo
2125 3165 2195 3219 de
2223 3164 2416 3218 .lloreb
2473 3162 3007 3232 proﬁciscebantur,
3068 3163 3168 3216 sed
3215 3169 3402 3217 totum
3455 3169 3689 3233 tempus

1978 3269 2094 3323 quo
2124 3250 2361 3323 profecti
2381 3250 2450 3305 de
2468 3252 2708 3321 Egypto
2743 3249 2803 3303 iu
2843 3248 3152 3304 solitudine
3206 3250 3603 3317 morabantur,
3633 3257 3691 3306 et

1979 3340 2195 3411 Moyses
2220 3355 2339 3394 non
2393 3355 2460 3393 ex
2489 3355 2592 3394 suo
2634 3337 2868 3409 cognati
2919 3339 3007 3393 sui
3047 3339 3283 3393 consilio
3330 3339 3437 3395 hoc
3462 3340 3681 3410 populo

1978 3444 2083 3482 suo
2114 3428 2410 3499 persuasit.

2047 3517 2159 3573 Illo
2188 3523 2443 3587 tempore.
2469 3516 2674 3572 Omnia
2705 3516 2922 3571 faciunt
2950 3515 3132 3571 sancti
3182 3516 3244 3570 in
3302 3520 3558 3588 tempore
3589 3534 3687 3589 op-

1977 3611 2255 3674 portuno,
2278 3606 2359 3660 sic
2391 3608 2538 3661 Deus
2572 3622 2803 3677 quoque
2834 3605 2933 3660 ubi
2965 3605 3123 3660 venit
3148 3605 3443 3677 plenitudo
3466 3610 3683 3677 tempo-

1979 3694 2080 3760 ris,
2111 3695 2267 3749 misit
2299 3696 2505 3749 Filium
2545 3711 2713 3749 suum
2745 3694 2891 3766 (Gal.
2927 3695 3022 3764 ιν).

2052 3784 2215 3839 Vens.
2245 3787 2330 3838 ll.
2366 3813 2428 3824 —
2485 3787 2744 3840 Dominus
2791 3786 2930 3838 Deus
2968 3788 3191 3853 patrum
3245 3788 3545 3840 vestrorum
3583 3783 3690 3839 ad-

1980 3869 2098 3932 dat,
2155 3875 2264 3925 etc.
2333 3872 2508 3925 Docet
2564 3871 2825 3925 doctores
2882 3872 2948 3925 de
2990 3870 3249 3941 profectu
3327 3872 3689 3927 subditorum

1980 3959 2255 4029 gaudere,
2284 3959 2495 4028 gratias
2524 3974 2692 4029 agere
2721 3964 2779 4013 et
2804 3974 3032 4028 semper
3060 3958 3299 4012 meliora
3327 3964 3544 4030 optare.

2051 4046 2144 4100 Ad
2163 4048 2302 4101 hunc
2348 4062 2648 4108 numerum.
2730 4051 2837 4102 etc.
2898 4046 3221 4101 Difﬁnitum
3280 4048 3435 4117 apud
3482 4050 3686 4103 Deum.

1981 4135 2137 4189 Novit
2168 4138 2265 4205 qui
2288 4140 2416 4189 sunt
2444 4136 2565 4204 ejus
2593 4138 2690 4204 qui
2741 4140 2992 4190 numerat
3048 4136 3457 4190 multitudinem
3502 4137 3689 4191 stella-

1980 4240 2105 4277 rum
2132 4224 2221 4294 (II
2248 4226 2384 4278 Tim.
2419 4226 2504 4294 11).

2060 4312 2243 4380 (ΗΑΒ.)
2276 4312 2409 4366 Vide
2448 4327 2623 4381 quam
2653 4310 3072 4366 observandum
3103 4312 3175 4367 sit
3190 4311 3345 4383 quod
3377 4311 3511 4365 alibi
3540 4310 3688 4368 Scri—

1981 4407 2151 4470 ptura
2174 4400 2312 4454 dicit
2340 4415 2355 4454 :
2388 4400 2503 4455 Fili
2537 4415 2603 4454 ne
2624 4403 2682 4455 in
2701 4401 2886 4455 multis
2915 4402 3026 4456 sint
3054 4402 3228 4459 Factus
3264 4403 3347 4455 tui
3376 4400 3558 4470 (Eccli.
3592 4402 3687 4469 x1).

1984 4488 2167 4543 Verba
2190 4504 2419 4559 quoque
2447 4488 2642 4543 Jethro
2670 4489 2976 4543 consilium
3010 4487 3220 4543 dantis
3274 4488 3590 4559 considera,
3614 4490 3694 4543 ait

1983 4578 2139 4631 enim
2168 4593 2181 4631 :
2215 4577 2371 4632 Audi
2397 4592 2500 4643 me,
2532 4583 2583 4631 et
2617 4579 2898 4632 consilium
2949 4577 3088 4631 dabo
3134 4578 3259 4644 tibi,
3337 4583 3389 4632 et
3419 4579 3525 4631 erit
3554 4580 3692 4632 Deus

1985 4666 2377 4736 tecum(E.’cod.
2405 4666 2583 4736 xv111).
2638 4667 2871 4720 Videtur
2924 4664 3238 4736 signiﬁcari
3281 4665 3454 4720 nimis
3506 4666 3691 4720 inten-

1983 4760 2109 4809 tum
2140 4754 2400 4808 animum
2429 4753 2750 4807 actionibus
2779 4752 3067 4820 humanis,
3113 4754 3228 4807 Deo
3260 4753 3691 4824 quodammodo

1982 4841 2233 4911 vacuari,
2265 4858 2380 4911 quo
2408 4846 2565 4895 tanto
2594 4841 2661 4895 ﬁt
2706 4841 2954 4910 plenior,
2994 4845 3212 4912 quanto
3261 4840 3324 4894 in
3362 4856 3612 4911 superna
3638 4848 3694 4896 et

1982 4935 2198 4986 aeterna
2226 4929 2462 4984 liberius
2498 4930 2842 4984 extenditur.

2052 5020 2327 5075 Vens.13.
2358 5049 2427 5060 —
2488 5021 2621 5074 Date
2665 5034 2733 5072 ex
2788 5018 2957 5072 vobis.
3016 5018 3154 5071 Data
3214 5033 3334 5085 vos,
3385 5033 3503 5072 non
3533 5034 3687 5090 ego;

1981 5109 2166 5179 quasi,
2189 5109 2326 5162 nolo
2356 5107 2516 5162 vobis
2545 5106 2852 5177 imperare,
2888 5106 2986 5160 sed
3032 5106 3286 5161 obedire.

2050 5200 2253 5253 Ponam
2289 5212 2395 5253 eos.
2424 5197 2588 5262 Nota,
2623 5195 2867 5250 subditis
2910 5196 3248 5251 electionem
3304 5196 3530 5267 tribuit,
3580 5214 3687 5269 po-

1983 5287 2249 5342 sitionem
2279 5286 2386 5340 sibi
2418 5285 2677 5355 retinuit,
2711 5301 2784 5339 ne
2812 5284 2969 5356 plebs
2995 5290 3326 5342 contemnat
3355 5292 3454 5341 aut
3478 5288 3687 5355 oderit,

1983 5378 2028 5431 si
2062 5392 2176 5430 non
2206 5375 2365 5430 licuit
2391 5374 2603 5429 habere
2633 5390 2809 5445 quem
2858 5374 3057 5429 voluit.

2084 5465 2367 5519 Tribunos.
2443 5462 2808 5532 Milleuarios,
2879 5463 3070 5518 Graece
3122 5463 3445 5538 χιλιάρχους
3483 5465 3585 5538 qui
3621 5465 3691 5521 de

1983 5569 2083 5624 spe
2115 5552 2328 5606 scilicet
2354 5552 2556 5607 aeterni
2575 5552 2801 5623 praemii
2830 5551 3038 5608 docent
3064 5553 3373 5627 subjectos.
