4038 6180
317 298 416 352 451

932 285 1331 344 WALAFBIDI
1370 280 1618 340 STRABI
1657 279 1857 336 FULD.
1897 275 2070 333 MON.
2118 273 2272 330 OPP.
2317 275 2491 332 PARS
2531 276 2574 332 Ι.
2614 304 2683 316 —-
2721 274 3181 390 THEOLOEICA.

3711 277 3818 331 452

380 421 452 476 Et
477 415 825 472 centuriones.
878 406 1272 471 Centuriones,
1331 404 1518 460 Graece
1538 399 1952 472 ἕκατονταρχους
1986 413 1998 448 :
2030 397 2080 451 Α
2113 395 2341 452 dicens:
2404 399 2558 453 Mitte
2579 399 2726 452 viros
2783 400 2880 467 qui
2925 397 3270 454 considerant
3317 401 3519 453 terram
3562 397 3824 456 Chanaan

311 508 411 581 qui
437 503 686 560 caelestia
714 499 978 555 mandata
1018 495 1279 568 perfectis
1317 492 1570 547 tradunt.
1618 491 1754 545 lure
1777 503 2008 581 praepo-

309 577 547 663 nuntur,
575 592 675 664 qui
720 586 1048 644 centenario
1098 598 1362 647 numero,
1416 581 1469 634 id
1502 583 1605 645 est,
1661 577 2010 650 perfectione

309 684 535 762 praediti
568 701 582 738 :
617 679 778 754 quasi
809 681 1039 731 centum
1070 677 1296 745 regunt,
1328 671 1464 725 dum
1489 669 1557 724 ad
1600 666 2007 739 perfectionem

309 775 652 848 perducunt.
1145 852 1163 854 ξ
1995 843 2006 854 .

377 866 448 920 Et
515 855 1033 930 quinquagenarias.
1130 852 1321 906 Graece
1375 864 1845 920 πεντεκοσιαρχους
1871 861 1884 900 2
1911 852 2012 916 qui

313 968 484 1023 opera
506 945 860 1021 paenitentiae
917 940 1284 996 annuntiant.

379 1042 635 1104 Decanos,
706 1031 1006 1108 δεκάρχους
1039 1029 1139 1102 qui
1177 1026 1397 1084 denarii
1452 1023 1800 1097 perfectione
1831 1023 2010 1076 vineae

309 1127 610 1184 denarium
643 1124 1052 1194 exspectantes,
1086 1116 1343 1189 ejusdem
1372 1113 1590 1170 denarii
1617 1115 1828 1167 multos
1858 1127 2007 1182 prae-

308 1221 515 1291 parant
551 1213 854 1287 particpes.

377 1307 540 1361 Vens.
570 1307 654 1358 l7.
693 1330 764 1344 —
810 1300 949 1366 Quia
1007 1297 1113 1351 Dei
1146 1293 1419 1365 judicium
1471 1294 1594 1361 est;
1656 1305 1772 1344 non
1821 1287 2009 1343 homi-

309 1413 472 1463 num,
506 1393 640 1466 quia
666 1389 976 1464 judicando
1011 1385 1110 1440 Dei
1143 1382 1338 1437 vicarii
1377 1381 1528 1446 estis,
1569 1379 1669 1451 qui
1703 1394 2008 1450 personam

307 1501 423 1539 non
447 1481 670 1552 accipit.

383 1571 534 1640 Quod
563 1571 612 1624 si
645 1567 890 1635 difﬁcile.
927 1563 1137 1633 Majora
1169 1575 1413 1632 quaeque
1440 1562 1495 1612 et
1519 1555 1774 1612 difﬁcilia
1800 1554 2008 1608 discer-

308 1679 444 1718 nere
484 1665 540 1715 et
587 1656 845 1729 judicare
903 1654 1072 1707 debet
1144 1650 1408 1720 majores,
1475 1661 1647 1718 parva
1731 1651 1788 1700 et
1822 1643 2080 1737 faciliaB

313 1767 585 1808 minores.

385 1843 547 1894 Vens.
584 1840 668 1893 t9.
703 1865 771 1878 —
794 1835 1028 1902 Cumque
1055 1832 1380 1884 venissemus
1411 1829 1469 1880 in
1499 1825 1866 1890 Cadesbarne,
1903 1828 2012 1876 etc-

310 1929 468 1995 Quod
503 1924 753 1981 secundo
781 1938 932 1977 anno
959 1917 1301 1991 egressionis
1348 1931 1464 1969 sure
1520 1914 1771 1986 populus
1814 1913 1872 1967 in
1922 1912 2016 1966 de-

307 2023 459 2072 serto
490 2015 737 2082 Pharon,
768 2009 922 2082 quod
941 2014 1026 2062 est
1065 2007 1262 2072 Cades,
1319 2003 1575 2069 venerit;
1627 2002 1726 2057 ubi
1773 2001 2014 2056 reversis

308 2102 758 2176 exploratoribus
788 2114 917 2154 cum
949 2096 1225 2151 fructibus
1255 2100 1441 2162 terras,
1483 2097 1539 2146 et
1572 2107 1701 2163 quae
1756 2090 2016 2144 viderant

305 2190 724 2254 nuntiantibus,
786 2187 1292 2241 murmuraverunt
1368 2185 1564 2234 contra
1649 2180 1878 2249 Moysen
1957 2182 2015 2231 et

306 2286 514 2349 Aaron,
547 2284 601 2334 et
630 2279 756 2332 ideo
816 2274 975 2346 longi
1028 2272 1250 2327 itineris
1313 2269 1488 2324 taedio
1555 2272 1613 2322 et
1663 2267 2012 2322 mortalitate

307 2371 494 2426 affecti
542 2365 905 2424 interierint:
959 2361 1051 2417 hic
1103 2363 1260 2415 locus
1311 2357 1675 2413 manifestum
1725 2356 1883 2411 dabit
1923 2356 2014 2409 in-

307 2461 539 2516 dicium.
572 2457 679 2512 Ubi
709 2453 1029 2509 notandum
1056 2449 1210 2522 quod
1261 2446 1646 2520 quadraginta
1683 2446 1809 2500 dum
1853 2461 2012 2500 man-

305 2549 517 2614 siones,
552 2562 693 2618 quas
723 2543 792 2598 ab
823 2544 1062 2612 Egypto
1094 2554 1275 2610 usque
1321 2536 1393 2591 ad
1429 2535 1733 2590 Jordanem
1792 2534 2012 2588 habue—

306 2641 460 2702 runt,
509 2633 682 2692 trium
747 2635 971 2685 tantum
1027 2639 1340 2696 congruere
1409 2623 1673 2676 videntur
1714 2620 2010 2674 curriculis

305 2738 590 2780 annorum
618 2738 631 2776 :
664 2719 840 2792 primi
897 2717 1125 2779 scilicet,
1177 2711 1431 2779 secundi,
1477 2715 1535 2766 et
1587 2709 2009 2782 quadragesimi

303 2810 645 2885 egressionis
673 2809 744 2864 de
774 2809 1033 2878 Egypto.
1052 2802 1277 2858 Primus
1307 2805 1460 2855 certa
1489 2798 1850 2854 distinctione
1871 2813 2006 2851 con-

301 2902 444 2957 tinet
475 2899 799 2966 duodecim,
831 2895 1079 2968 primam
1113 2893 1402 2957 Ramesse,
1455 2887 1884 2960 quintodecimo
1915 2887 2005 2941 die

2121 486 2300 555 (Num.
2334 503 2429 555 xu,
2479 487 2620 557 xm).
2679 486 2838 552 Quod
2907 503 2978 542 ne
3036 487 3296 558 proxima
3348 493 3474 559 post
3544 488 3823 547 Haseroth

2118 576 2415 631 mansione
2447 577 2668 647 jussum
2710 577 3039 649 factumque
3072 582 3328 647 putetur,
3371 577 3467 632 sed
3519 577 3579 632 in
3622 578 3827 634 ultima

2117 681 2492 737 eorum,quas
2515 667 2620 720 sub
2671 665 2895 720 nomini
2943 667 3164 721 Pharan
3232 667 3577 734 continetur,
3625 668 3828 739 imple-

2121 760 2261 819 tum,
2330 753 2480 807 infra
2542 753 2819 823 scriptum
2888 759 3003 807 est:
3064 755 3384 813 Reversiaue
3453 756 3828 824 exploratore:

2118 845 2275 897 terrae
2310 847 2433 911 post
2479 841 2857 913 quadraginta
2895 843 3011 897 dies
3074 845 3221 896 omni
3246 845 3463 912 regione
3517 846 3822 910 circumita,

2116 936 2376 984 venerunt
2427 929 2502 984 ad
2563 932 2785 1000 Moysen
2831 932 2889 983 in
2921 931 3162 990 Pharan.
3203 931 3348 1000 quod
3392 936 3471 985 est
3535 932 3728 988 (ludes.
3762 934 3821 987 ln

2119 1018 2565 1074 Deuteronomio
2629 1035 2860 1090 quoque
2946 1018 3086 1073 dicit
3126 1020 3344 1089 Moyses
3403 1021 3660 1090 populo:
3693 1023 3819 1078 Cum

2115 1111 2394 1163 venissetis
2426 1109 2484 1160 in
2514 1107 2870 1171 Cadesbarne,
2905 1107 3032 1160 dimi
3068 1109 3218 1163 vobis
3252 1123 3266 1162 :
3299 1111 3542 1164 Venistis
3567 1109 3642 1163 ad
3676 1127 3817 1164 mon-

2119 1202 2221 1252 tem
2243 1195 2576 1261 Amorrhaei,
2609 1200 2752 1264 etc.,
2808 1201 2860 1250 et
2887 1196 3110 1251 dixistis
3144 1213 3156 1250 :
3186 1198 3338 1252 Mitte
3356 1199 3504 1252 viros
3533 1202 3627 1267 qui
3651 1203 3811 1254 consi-

2117 1285 2304 1340 derent
2355 1290 2578 1351 terram,
2638 1289 2746 1340 etc.
2784 1285 2971 1356 (Deut.
3038 1285 3098 1356 1).
3132 1286 3293 1350 Quod
3345 1291 3536 1341 autem
3557 1289 3809 1343 eamdem

2119 1372 2477 1428 mansionem
2509 1373 2760 1429 secundo
2786 1390 2940 1428 anno
2967 1373 3311 1445 egressionis
3339 1375 3624 1442 adierunt,
3650 1394 3684 1431 a
3703 1393 3812 1448 quo

2117 1467 2308 1517 tamen
2346 1467 2580 1534 peccato
2634 1462 3109 1517 murmurationis
3173 1463 3400 1532 reverti,
3443 1469 3502 1518 et
3561 1465 3662 1520 diu
3721 1482 3819 1536 per

2118 1552 2408 1608 desertum
2467 1567 2681 1613 errare.
2767 1556 2824 1606 et
2901 1552 3114 1623 passim
3195 1553 3397 1608 cadere
3461 1560 3817 1621 meruerunt,

2116 1644 2356 1695 testatur
2384 1640 2599 1712 Moyses
2648 1640 2707 1694 in
2753 1641 3146 1712 sequentibus,
3201 1642 3428 1696 dicens:
3478 1643 3705 1698 Sedistis
3763 1647 3820 1698 in

2122 1729 2461 1787 Cadesbarne
2509 1732 2678 1785 multo
2724 1736 2975 1800 tempore,
3021 1733 3359 1800 profectique
3406 1731 3538 1788 inde
3580 1736 3822 1788 venimus

2123 1821 2178 1873 in
2207 1819 2549 1874 solitudinem
2605 1834 2724 1890 quae
2743 1819 2896 1874 ducit
2910 1820 2985 1874 ad
3006 1835 3155 1874 mare
3201 1821 3462 1883 Rubrum,
3505 1825 3645 1876 sicut
3664 1822 3822 1876 dixe,

2121 1913 2213 1961 rat
2237 1907 2378 1961 mihi
2408 1908 2671 1962 Dominus
2722 1911 2774 1961 et
2816 1909 3216 1963 circumivimus
3255 1914 3483 1964 montem
3509 1910 3826 1978 -Seirtongo

2122 2002 2372 2064 tempore,
2440 2001 2490 2051 et
2544 2000 2692 2051 intra
2743 2000 2950 2065 tempus
2989 2011 3094 2064 quo
3133 1996 3529 2052 ambulavimus
3594 1997 3660 2052 de
3715 2000 3828 2053 Ca-

2121 2083 2383 2138 desbarne
2400 2098 2570 2152 usque
2594 2076 2669 2138 ad
2724 2088 3010 2138 torrentem
3059 2085 3255 2139 Zuretti
3311 2089 3505 2140 octavo
3536 2086 3827 2142 tricesimo

2119 2187 2271 2225 anno
2291 2171 2414 2236 fuit,
2441 2171 2622 2226 donec
2651 2177 3087 2227 consumeretur
3125 2173 3315 2227 omnis
3357 2175 3650 2243 generatio
3701 2175 3824 2230 bel-

2117 2259 2388 2314 latorum.
2411 2261 2611 2314 Zareth
2633 2265 2826 2314 autem
2859 2275 2974 2314 non
2991 2265 3076 2315 est
3121 2277 3333 2315 nomen
3363 2261 3604 2333 alicujus
3650 2279 3826 2318 man-

2117 2347 2296 2402 sionis
2317 2349 2386 2402 de
2417 2349 2796 2420 quadraginta
2818 2349 3057 2412 duabus,
3091 2349 3187 2404 sed
3243 2351 3513 2405 torrentis
3553 2351 3624 2406 ad
3647 2367 3822 2422 quem

2119 2435 2362 2507 (sicutin
2386 2437 2536 2493 libro
2565 2439 2948 2493 Numerorum
2980 2438 3211 2510 legitur)
3249 2443 3597 2510 transgressa
3624 2445 3826 2495 octava

2117 2525 2336 2580 decima
2369 2526 2667 2581 mansione
2703 2526 2937 2580 nomine
2977 2527 3259 2582 Jeabarim
3304 2533 3603 2595 venerunt,
3643 2545 3822 2600 quem

2115 2612 2531 2684 relinquentes,
2560 2614 2768 2686 inquit,
2792 2615 3176 2670 castrametati
3206 2620 3338 2671 sunt
3365 2621 3563 2672 contra
3594 2620 3822 2685 Arnon,

2115 2717 2246 2772 qum
2289 2708 2373 2757 est
2411 2703 2472 2758 in
2523 2703 2770 2773 deserto,
2819 2708 2876 2759 et
2920 2704 3210 2776 prominet
3252 2705 3313 2760 in
3355 2705 3566 2760 ﬁnibus
3609 2709 3821 2762 Amor-

2114 2790 2281 2858 rhasi,
2312 2792 2469 2863 quod
2528 2793 2968 2864 quadragesimo
3013 2811 3168 2849 anno
3200 2798 3422 2866 gestum
3482 2795 3654 2850 fuisse
3697 2813 3824 2852 non

2113 2879 2267 2942 latet,
2300 2879 2400 2952 qui
2421 2879 2659 2936 ultimus
2683 2898 2787 2952 per
2807 2882 3094 2936 desertum
3123 2883 3476 2954 longissimae
3509 2883 3615 2939 viae
3647 2901 3826 2940 man-

298 2990 476 3062 primi
503 2989 715 3044 mensis
738 2967 1075 3058 ingressam,
1106 2980 1370 3036 ultimam
1399 2977 1764 3032 solitudinem
1823 2975 1998 3037 Sinai,
2041 2980 2081 3035 C.
2111 2967 2566 3062 sionescontinet
2590 2970 2786 3062 decem
2823 2986 3107 3062 :quarum
3139 2971 3326 3042 prima
3368 2977 3580 3043 magno
3623 2974 3825 3029 labore

299 3080 488 3152 prima
520 3079 611 3134 die
647 3075 802 3132 tertii
868 3071 1082 3129 mensis
1143 3069 1431 3134 additam;
1472 3071 1530 3121 et
1575 3081 1678 3136 per
1733 3065 1996 3118 undecim

297 3171 602 3223 continuos
629 3181 852 3220 menses
915 3157 1282 3217 construendi
1367 3155 1737 3221 tabernaculi,
1799 3159 1856 3208 et
1895 3155 1996 3208 do-

300 3257 495 3312 cendas
523 3254 665 3326 legis
697 3251 899 3324 gratia,
935 3249 1175 3304 minime
1212 3246 1486 3300 relictam.
1544 3243 1798 3307 Quarum
1853 3243 1996 3297 duo-

301 3346 486 3400 decim
514 3341 881 3398 mansionum
938 3352 1142 3391 novem
1199 3339 1421 3388 tantum
1451 3333 1512 3386 in
1565 3331 1752 3385 Exodo
1802 3332 1996 3402 expri-

304 3439 544 3488 muntur
579 3427 944 3484 nominatim.
1006 3431 1120 3478 tres
1172 3422 1232 3476 in
1288 3419 1566 3474 vocabulo
1632 3419 1840 3473 deserti
1899 3420 1998 3474 Sin

299 3521 476 3594 (quod
504 3518 711 3575 dicitur
743 3531 862 3569 esse
894 3515 1044 3568 inter
1069 3511 1208 3567 Elim
1263 3516 1320 3565 et
1343 3509 1519 3577 Sinai)
1566 3508 1869 3563 indiscrete
1923 3507 1997 3562 si-

296 3609 660 3680 gniﬁcantur.
694 3601 988 3660 Secundus
1016 3615 1202 3655 annus
1230 3597 1628 3668 complectitur
1675 3596 2000 3650 mansiones

295 3697 506 3769 viginti
526 3700 583 3750 et
605 3710 803 3750 unam.
853 3690 1072 3756 Quibus
1099 3688 1161 3742 in
1217 3686 1418 3742 ordine
1468 3685 1726 3740 historias
1782 3686 2000 3740 cunctis

296 3785 690 3842 indifferenter
722 3781 826 3836 sub
853 3779 1087 3836 nomine
1118 3774 1446 3831 solitudinis
1471 3775 1694 3829 Pharan
1738 3789 1999 3846 compre-

293 3875 508 3943 hensis,
540 3873 728 3945 prima
758 3874 982 3926 tantum
1033 3871 1088 3922 et
1142 3864 1408 3930 secunda,
1443 3868 1500 3918 et
1551 3863 1771 3931 ultima,
1822 3862 1876 3917 id
1895 3867 1999 3932 est,

293 3964 564 4035 Sepulcra
583 3956 1081 4030 concupiscentiae,
1145 3953 1440 4020 Haseroth,
1467 3956 1524 4006 et
1575 3951 1752 4008 Cades
1793 3951 1996 4006 distin-

293 4059 553 4125 guuntur
581 4051 836 4106 nomine.
869 4047 977 4102 Sed
1024 4046 1084 4100 in
1127 4044 1382 4114 catalogo
1431 4041 1798 4096 mansionum
1849 4040 1999 4110 pari-

292 4148 380 4197 ter
405 4157 606 4196 omnes
652 4143 796 4211 quot
845 4136 904 4190 in
951 4149 1192 4188 numero
1243 4133 1406 4197 ﬁunt,
1464 4130 1553 4184 vel
1601 4145 1715 4201 quo
1766 4129 1996 4183 nomine

293 4232 461 4286 dictas
509 4227 848 4284 ostenditur.
906 4224 1099 4279 Prima
1153 4221 1395 4287 mansio,
1459 4219 1514 4274 id
1569 4223 1672 4285 est,
1728 4219 1998 4290 Sepulcra

291 4315 792 4389 concupiscentiae,
815 4311 1064 4367 secundo
1096 4326 1292 4364 mense
1315 4308 1571 4380 ejusdem
1603 4308 1830 4362 secundi
1861 4309 1997 4362 anni

295 4408 546 4462 secunda
574 4404 841 4459 vicesima
872 4400 965 4455 die
995 4399 1210 4453 mensis
1238 4396 1471 4451 introita
1510 4401 1612 4450 est.
1657 4399 1824 4450 Anno
1846 4397 2000 4451 enim

295 4495 545 4550 secundo
575 4494 659 4564 (ut
685 4491 976 4562 Scriptura
1005 4488 1158 4548 dicit)
1183 4502 1378 4540 mense
1423 4484 1670 4539 secundo
1733 4484 2002 4540 vicesima

293 4585 385 4639 die
421 4583 632 4638 mensis
654 4582 959 4636 moverunt
996 4581 1181 4630 castra
1209 4575 1278 4630 de
1322 4575 1544 4629 deserto
1599 4573 1778 4636 Sinai,
1833 4579 1889 4628 et
1918 4591 2003 4629 re-

293 4673 494 4729 cubuit
523 4672 584 4727 in
615 4668 922 4725 solitudine
973 4666 1194 4721 Pharan
1233 4663 1435 4726 nubes,
1486 4662 1838 4734 profectique
1870 4667 2002 4717 sunt

293 4763 362 4818 de
396 4765 590 4816 monte
636 4756 868 4815 Domini
908 4755 1059 4809 viam
1104 4753 1280 4808 trium
1325 4751 1570 4818 dierum,
1620 4751 1803 4805 donec
1847 4751 2000 4805 veni-

290 4851 504 4906 rentad
537 4851 726 4904 locum
749 4844 1081 4910 mansionis,
1115 4858 1243 4913 quae
1293 4841 1495 4896 merito
1553 4843 1754 4913 populi
1799 4856 2000 4896 carnes

289 4927 737 5011 concupiscentia
790 4935 1185 5006 sepulcrorum
1243 4930 1718 5000 concupiscentiae
1783 4947 1997 4985 nomen

292 5026 528 5097 accepit.
589 5025 857 5080 Ultimam
896 5023 1126 5089 harum,
1167 5019 1224 5072 id
1254 5023 1356 5082 est,
1406 5017 1605 5084 Cades,
1673 5021 1850 5089 quoto
1906 5017 1998 5071 die

291 5115 378 5167 vel
407 5117 595 5167 mente
625 5113 881 5183 ejusdem
926 5108 1061 5164 anni
1110 5106 1351 5178 ingressi
1423 5111 1577 5172 sunt,
1629 5121 1744 5160 non
1792 5105 2000 5160 dicitur

292 5219 422 5276 qua:
449 5207 640 5255 tamen
672 5201 730 5254 in
756 5198 1065 5254 solitudine
1091 5195 1313 5251 Pharan
1335 5194 1443 5248 sita
1489 5200 1594 5262 est,
1627 5194 1762 5265 quia
1795 5195 1996 5249 eodem

292 5299 444 5346 anno
475 5289 632 5344 adita
674 5287 864 5354 fuerit,
909 5303 1028 5341 non
1073 5289 1311 5339 tacetur.
1368 5283 1653 5355 Scriptum
1709 5287 1793 5337 est
1839 5282 1996 5338 enim

293 5380 526 5449 Populus
545 5393 651 5432 non
675 5380 755 5430 est
781 5381 962 5430 motus
993 5374 1058 5430 de
1101 5375 1196 5429 illo
1253 5373 1362 5428 loco
1407 5372 1571 5428 donec
1639 5377 1886 5427 revocata
1917 5377 1998 5428 est

291 5469 492 5525 Maria.
548 5467 930 5536 Profectusque
986 5468 1065 5518 est
1128 5462 1195 5516 de
1275 5461 1542 5517 Haseroth
1584 5463 1716 5530 ﬁxis
1751 5462 1997 5516 tentoriis

290 5561 351 5612 in
381 5557 588 5612 deserto
611 5554 862 5619 Pharon,
883 5552 980 5607 ubi
1003 5553 1208 5606 locutus
1256 5555 1336 5606 est
1386 5551 1644 5604 Dominus
1664 5547 1738 5604 ad
1779 5551 1995 5618 Moysen

2108 3055 2588 3126 repetita,eadem
2619 3058 2833 3112 scilicet
2863 3058 2988 3130 ipsa
3016 3059 3193 3114 Cades
3231 3060 3437 3115 deserti
3467 3060 3587 3127 Sin,
3642 3077 3827 3132 quam

2109 3149 2240 3199 ante
2269 3161 2450 3200 annos
2480 3153 2606 3202 octo
2654 3151 2712 3203 et
2770 3147 3007 3219 triginta
3076 3149 3245 3218 culpa
3301 3149 3563 3219 exigente
3601 3156 3732 3220 post
3761 3168 3827 3206 se

2108 3235 2324 3289 reversi
2367 3235 2747 3307 reliquerunt,
2799 3237 2868 3291 de
2911 3253 3025 3308 qua
3075 3238 3348 3309 scriptum
3398 3243 3513 3292 est:
3551 3241 3829 3295 Venerunt

2106 3323 2214 3391 ﬁlii
2252 3325 2433 3380 Israel
2475 3327 2535 3379 in
2579 3325 2848 3380 desertum
2891 3327 2995 3380 Sin
3038 3341 3215 3380 mense
3260 3328 3460 3396 primo,
3511 3333 3561 3381 et
3618 3332 3830 3383 mansit

2105 3413 2336 3480 populus
2368 3416 2427 3467 in
2457 3414 2644 3480 Gades,
2677 3418 2727 3468 et
2783 3419 2999 3469 mortua
3060 3419 3138 3469 est
3166 3415 3246 3469 ibi
3289 3417 3469 3470 Maria
3495 3421 3545 3470 et
3605 3419 3828 3486 sepulta

2106 3499 2167 3553 in
2191 3499 2372 3556 eodem
2419 3503 2549 3557 loco.
2591 3504 2830 3571 Cumque
2862 3503 3132 3570 indigeret
3189 3519 3337 3571 aqua
3382 3506 3634 3573 populus,
3684 3508 3828 3559 coie-

2107 3599 2239 3648 runt
2256 3592 2544 3646 aduersum
2583 3591 2803 3658 Moysen
2833 3595 2884 3644 et
2927 3591 3138 3658 Aaron,
3193 3596 3326 3659 etc.,
3359 3607 3537 3662 usque
3583 3592 3653 3646 ad
3686 3592 3822 3660 hoc,

2109 3685 2230 3738 Haec
2260 3684 2340 3736 est
2363 3695 2510 3749 aqua
2540 3678 3019 3746 contradictionis,
3051 3684 3160 3735 etc.
3196 3680 3374 3749 (Num.
3410 3681 3527 3752 xx).
3596 3681 3826 3735 Notan—

2109 3771 2249 3826 dum
2281 3769 2439 3841 quod
2466 3768 2667 3822 eadem
2709 3767 2906 3835 Cades,
2935 3767 3077 3822 etin
3117 3767 3342 3822 deserto
3396 3768 3634 3832 Pharan,
3669 3773 3732 3823 et
3756 3769 3825 3825 in

2110 3861 2331 3916 deserto
2382 3858 2482 3912 Sin
2521 3857 2668 3912 facta
2731 3861 2837 3926 est,
2888 3857 3035 3911 sicut
3079 3856 3369 3928 Scriptura
3423 3858 3616 3924 refert,
3663 3857 3826 3915 unde

2109 3946 2449 4020 conjicimus
2503 3949 2728 4015 partem
2768 3944 2979 3998 deserti
3023 3945 3250 4000 Pharan
3321 3944 3424 4000 ubi
3473 3945 3649 4001 Cades
3709 3950 3822 4011 est,

2109 4035 2431 4107 specialiter
2487 4033 2588 4088 Sin
2641 4032 2966 4104 appellari:
3021 4031 3110 4087 sin
3139 4037 3331 4087 autem
3378 4049 3495 4087 non
3553 4037 3638 4087 est
3693 4033 3828 4103 ipsa

2107 4124 2304 4190 Gades,
2329 4138 2502 4194 quam
2523 4137 2650 4176 mox
2678 4129 3032 4192 transgresso
3053 4121 3200 4176 mari
3234 4122 3424 4176 Rubro
3467 4121 3618 4176 inter
3670 4121 3824 4175 Elim

2108 4217 2166 4268 et
2192 4211 2348 4268 Sinai
2384 4209 2859 4282 pertransierunt,
2926 4209 3026 4263 sed
3099 4209 3212 4263 alia
3256 4226 3510 4280 prorsus,
3566 4215 3622 4264 et
3691 4211 3826 4264 aliis

2110 4301 2260 4372 apud
2287 4300 2551 4355 Hebraeos
2575 4298 2784 4370 scripta
2807 4297 3030 4353 litteris.
3081 4297 3343 4353 Secunda
3394 4315 3529 4353 vero
3559 4299 3824 4369 ejusdem

2064 4406 2071 4417 ο
2108 4386 2530 4458 quadragesimi
2551 4385 2688 4440 anni
2721 4385 2939 4440 mansio
2967 4389 3055 4440 est
3111 4401 3276 4440 mons
3304 4386 3437 4452 Hor,
3475 4385 3533 4440 in
3565 4403 3678 4458 quo
3730 4404 3823 4442 oc-

2107 4485 2305 4540 cubuit
2333 4487 2524 4539 Aaron
2555 4484 2743 4554 primo
2775 4483 2865 4539 die
2895 4483 3082 4554 quinti
3112 4482 3359 4537 mensis:
3412 4484 3631 4552 ultima,
3659 4500 3823 4539 cam-

2105 4572 2318 4644 pestria
2378 4573 2540 4628 Moab
2585 4587 2757 4643 super
2811 4573 3116 4626 Jordanem
3158 4577 3355 4626 contra
3408 4573 3654 4636 Jericbo,
3717 4574 3824 4628 ubi

2107 4663 2616 4718 Deuteronomium
2713 4661 3080 4728 meditantes,
3171 4667 3524 4729 manserunt,
3635 4663 3822 4718 donec

2106 4757 2336 4806 mortuo
2355 4752 2560 4823 Moyse,
2605 4752 2778 4806 Josue
2817 4752 2983 4820 duce,
3031 4749 3219 4822 primo
3249 4750 3340 4805 die
3401 4751 3608 4806 decimi
3656 4767 3826 4806 men-

2105 4841 2182 4895 sis
2237 4840 2544 4896 Jordanem
2607 4838 2978 4894 transierunt.
3058 4839 3229 4894 Fiunt
3305 4855 3444 4910 ergo
3490 4840 3823 4895 mansiones

2103 4929 2280 5000 primi
2308 4929 2446 4982 anni
2475 4927 2799 4996 duodecim,
2831 4927 3069 4982 secundi
3090 4927 3368 4998 vigintiet
3397 4944 3531 4994 una,
3554 4928 3822 4984 ultimiet

2102 5017 2230 5089 ipsa
2261 5017 2526 5071 vicesima
2553 5016 2744 5087 prima
2784 5033 2914 5087 quae
2943 5021 3029 5070 est
3078 5015 3274 5082 Cades,
3326 5021 3384 5071 et
3425 5017 3552 5072 alia:
3580 5032 3819 5086 novem,

2105 5106 2274 5162 simul
2305 5105 2524 5160 scilicet
2553 5121 2754 5160 omnes
2785 5104 3171 5176 quadraginta
3191 5105 3337 5159 duae.

2177 5195 2337 5251 Vsus.
2366 5197 2455 5249 22.
2497 5196 2655 5249 —Et
2685 5195 2987 5248 accessistis
3023 5193 3098 5247 ad
3121 5207 3221 5247 me.
3264 5193 3328 5247 In
3385 5193 3533 5248 libro
3580 5193 3824 5264 Numeri

2103 5285 2379 5357 scriptum
2431 5288 2537 5347 est,
2613 5282 2923 5337 Dominum
2969 5281 3176 5336 dixisse
3230 5282 3507 5353 Moysi,ut
3561 5282 3825 5337 mitteret

2101 5373 2272 5442 viros,
2292 5372 2394 5445 qui
2433 5371 2860 5428 considerarent
2901 5376 3111 5426 terram
3147 5388 3160 5426 :
3214 5370 3309 5426 hic
3360 5387 3492 5425 vero
3565 5372 3821 5443 populus

2103 5461 2313 5516 dixisse
2359 5461 2614 5534 legitur:
2661 5463 2941 5518 Mittamus
2981 5462 3130 5516 viros
3191 5462 3289 5528 qui
3328 5459 3665 5515 considerent
3710 5465 3819 5514 ter-

2100 5565 2243 5617 ram,
2266 5550 2361 5604 sed
2383 5549 2628 5622 populus
2647 5550 2755 5605 hoc
2800 5548 2962 5620 prius
3009 5547 3184 5619 Moysi
3240 5548 3542 5619 suggessit,
3592 5548 3816 5619 Moyses
