3976 6178
170 289 251 344 tsa
868 306 877 317 -
1185 247 1197 255 ’
1292 284 1544 341 cressa
1582 284 1984 341 0RDINARIA.
2025 313 2095 326 —
2135 286 2262 341 LIB.
2308 286 2511 342 nam.

3526 288 3635 344 454

169 409 222 464 ad
249 406 531 462 Dominum
606 404 822 470 retulit,
881 406 1196 461 secundum
1254 406 1416 477 cujus
1469 408 1820 476 praeceptum
1849 412 1896 465 Α
1934 405 2213 476 superatis
2255 406 2534 473 hostibus,
2574 405 2815 461 cmlestis
2853 406 3054 477 patrie
3104 407 3315 479 gaudia
3345 410 3631 479 promissa

169 503 328 569 postea
347 496 722 564 exploratores
740 493 915 549 misit.

220 587 354 638 Vsus.
388 586 471 637 23.
532 586 747 639 -Μίει
807 599 875 637 ea:
905 582 1072 637 vobis.
1128 583 1305 654 (Isin)
1364 582 1672 636 Duodecim
1722 598 1818 636 ex-

166 675 442 746 ploratores
466 671 623 725 missi
652 672 719 725 ad
740 672 1150 741 explorandam
1176 672 1409 725 uberem
1433 678 1665 738 terram,
1685 675 1816 739 etc.,

167 778 300 833 usque
324 760 393 815 ad
432 760 568 832 quia
600 776 705 815 nec
762 761 1018 815 Christus
1047 760 1172 814 sine
1227 761 1377 831 lege,
1422 776 1527 814 nec
1560 760 1648 814 lex
1694 760 1818 813 sine

169 850 367 904 Christo.

217 938 502 993 Duodecim.
555 936 621 991 Hi
670 937 932 991 doctores
980 936 1243 990 Ecclesia:
1278 936 1626 1007 signiﬁcant,
1679 952 1821 1008 quo-

167 1043 268 1081 rum
302 1026 389 1079 alii
423 1041 600 1096 prava
646 1025 903 1079 docendo
957 1027 1240 1096 populum
1290 1030 1672 1096 pervertunt:
1723 1024 1819 1078 alii

164 1121 286 1171 recta
310 1114 672 1185 praedicando
699 1096 1058 1184 prroﬁciunt.

219 1205 359 1258 Vsus.
392 1206 480 1258 33.
512 1233 581 1243 ——
612 1204 772 1259 Nocte
814 1203 1115 1257 ostendens.
1149 1203 1269 1256 Nox
1321 1202 1652 1274 peccatoris,
1705 1202 1825 1256 dies

161 1294 248 1347 vita
275 1292 425 1363 justi.
464 1293 529 1346 In
557 1293 824 1346 columna
854 1292 1003 1361 ignis
1034 1293 1321 1346 malorum
1343 1292 1658 1357 damnatio,
1697 1291 1826 1363 qui-

163 1384 246 1437 bus
271 1381 533 1435 terribilis
578 1380 875 1451 apparebit
924 1380 1199 1434 Dominus
1251 1380 1310 1434 in
1335 1380 1549 1450 judicio
1584 1396 1597 1433 :
1641 1380 1699 1433 in
1730 1396 1825 1433 co-

164 1472 327 1524 lumna
357 1470 524 1523 nubis
555 1470 694 1524 levis
725 1474 777 1523 et
809 1469 1021 1523 blanda
1062 1469 1224 1537 visio,
1280 1486 1395 1539 qua
1445 1468 1823 1523 consolabun-

167 1565 241 1611 tur
265 1558 437 1612 electi.

222 1648 310 1701 Die
340 1664 421 1717 per
469 1646 794 1702 columnam.
840 1647 903 1701 In
966 1651 1110 1701 aestu
1161 1648 1334 1718 hujus
1379 1646 1571 1700 saeculi
1621 1647 1823 1701 obum-

1929 507 2378 565 consequamur.

2006 583 2333 637 Cavendum
2374 586 2460 636 est
2503 599 2575 637 ne
2608 588 3037 637 murmurantes
3076 589 3273 639 contra
3325 586 3630 641 Dominum

1930 672 2303 725 ascendamus
2330 670 2390 724 in
2433 676 2682 724 montem
2711 672 3015 741 superbiae,
3050 676 3316 743 putantes
3347 690 3453 727 nos
3495 691 3629 744 pro-

1931 759 2072 828 priis
2121 760 2341 813 viribus
2394 760 2598 813 salvari
2652 776 2838 829 posse,
2900 776 2973 814 ne
3025 761 3298 815 continuo
3334 762 3631 817 tradamnr

1932 848 2309 913 Amorrhasis,
2336 849 2391 902 id
2423 854 2505 902 est
2536 848 2915 902 daemonibus.

2611 992 2835 1047 CAPUT
2875 992 2944 1046 Π.

2006 1117 2166 1169 Vens.
2200 1119 2246 1170 t.
2298 1146 2366 1156 —
2401 1118 2471 1170 Et
2509 1115 2857 1169 circuivimus
2900 1122 3131 1171 montem
3162 1118 3303 1184 Seir,
3352 1122 3459 1173 etc.
3513 1118 3638 1174 Seir

1934 1208 2216 1259 estmons
2250 1204 2309 1256 in
2363 1209 2514 1257 terra
2562 1204 2757 1272 Edom,
2801 1204 2859 1257 in
2904 1220 3018 1275 quo
3047 1205 3326 1261 habitavit
3376 1207 3520 1261 Esau
3578 1208 3636 1262 in

1934 1293 2167 1363 regione
2233 1292 2536 1355 Gabalena,
2597 1292 2695 1345 ubi
2749 1292 3025 1346 habitavit
3100 1299 3268 1349 antea
3336 1296 3637 1351 Chorraeus

1936 1398 2106 1453 quem
2141 1381 2424 1435 interfecit
2453 1380 2965 1448 Chodorlahomor;
3019 1383 3118 1453 qui
3169 1384 3241 1437 ad
3274 1384 3417 1437 Esau
3448 1385 3631 1455 piloso

1934 1476 1990 1525 et
2014 1470 2258 1541 hispido,
2291 1470 2434 1536 Seir,
2467 1469 2521 1523 id
2554 1474 2639 1523 est
2679 1469 2862 1540 pilosi,
2897 1486 3111 1524 nomen
3157 1472 3397 1542 accepit,
3454 1474 3627 1527 Chor-

1935 1561 2037 1614 ι’εεί
2082 1560 2228 1612 sicut
2272 1565 2489 1613 czeterae
2510 1563 2727 1628 gentes,
2762 1575 2902 1629 quas
2940 1566 3374 1629 superaverunt,
3425 1562 3525 1631 qui
3566 1562 3637 1615 de

1935 1648 2391 1720 patriarcharum
2423 1648 2642 1701 semine
2671 1648 3107 1709 descenderunt,
3145 1650 3430 1719 malignos
3452 1651 3624 1720 spiri—

167 1736 323 1801 brans,
352 1740 407 1791 et
434 1740 763 1790 sustentans
805 1736 1159 1802 fortitudine,
1195 1743 1250 1790 et
1276 1736 1683 1806 propitiatione
1714 1751 1832 1789 sum
1860 1735 1899 1758 ”
1939 1742 2031 1790 tus
2060 1736 2147 1789 vel
2179 1736 2317 1789 vitia
2337 1735 2861 1805 exsprimunt,qnte
2883 1736 2967 1789 illi
2997 1751 3338 1806 exsuperare
3364 1743 3628 1807 possunt,

168 1840 335 1879 carnis.

223 1913 360 1967 Vsus.
400 1915 497 1968 34.
534 1936 607 1955 «—
637 1914 889 1969 Juravit.
931 1914 1055 1968 Non
1084 1918 1166 1968 est
1194 1914 1343 1967 Deus
1376 1912 1679 1985 passibilis,
1727 1927 1834 1967 nec

164 2002 273 2055 vitio
317 2004 627 2057 iracundia:
692 2003 997 2072 subjectus.
1067 2003 1175 2057 Sed
1235 2018 1338 2073 per
1408 2002 1530 2055 hac
1585 2002 1834 2055 charitas

167 2091 307 2161 Moysi
336 2108 475 2164 erga
530 2092 809 2165 populum
868 2090 1285 2151 manifestatur,
1327 2096 1385 2144 et
1441 2089 1543 2143 Dei
1588 2090 1831 2157 bonitas,

167 2197 268 2251 qua
288 2198 512 2236 omnem
545 2198 774 2236 sensum
794 2186 1047 2251 superat.

220 2270 362 2323 Vens.
397 2272 490 2324 35.
520 2298 595 2310 —
638 2271 759 2325 Non
790 2269 995 2322 uidebit
1025 2269 1322 2336 quispiam.
1382 2266 1581 2322 Simile
1624 2265 1835 2320 dicitur

165 2356 218 2408 de
243 2357 362 2425 illis,
418 2357 523 2428 qui
572 2355 798 2410 invitati
856 2356 926 2410 ad
979 2371 1202 2410 coenam
1257 2360 1671 2409 excusaverunt
1725 2370 1833 2407 se:

164 2446 296 2500 li’emo
337 2449 584 2501 virorum
635 2448 854 2500 illorum
900 2448 999 2515 qui
1025 2447 1203 2499 vocati
1266 2450 1394 2499 sunt
1445 2446 1694 2511 gustabit
1736 2460 1836 2498 cm-

165 2549 265 2588 nam
286 2551 454 2589 meam
487 2537 640 2604 (Luc.
672 2536 803 2603 xiv).

219 2623 452 2677 Pessima
510 2622 807 2694 generatio
855 2638 972 2676 non
1029 2621 1286 2693 possidet
1334 2624 1547 2676 terram
1596 2621 1829 2687 bonam,

167 2711 274 2782 quia
300 2712 510 2767 Christi
538 2728 648 2766 non
675 2711 858 2766 credit
884 2710 1360 2766 incarnationem.

223 2798 365 2854 Vsus.
400 2804 495 2855 37.
531 2829 600 2840 —
648 2801 753 2855 Nec
782 2799 1057 2854 miranda.
1104 2800 1202 2853 Hic
1252 2799 1395 2854 dicit”
1419 2800 1654 2869 Moyses,
1710 2814 1838 2869 pro-

169 2890 269 2954 pter
301 2890 603 2959 populum,
649 2889 859 2941 iratum
911 2888 1020 2941 sibi
1052 2888 1362 2941 Dominum
1414 2887 1642 2951 dixisse,
1677 2886 1835 2958 quod

166 2977 214 3026 in
282 2980 491 3029 terram
574 2975 971 3045 promissionis
1043 2974 1465 3044 ingrederetur,

165 3060 285 3116 libro
332 3064 571 3118 Numeri
611 3065 874 3135 legatur:
919 3065 1081 3118 Discit
1112 3066 1369 3118 Dominus
1399 3063 1474 3117 ad
1529 3065 1749 3133 Moysen
1789 3069 1838 3116 et

165 3155 373 3205 Aaron:
409 3154 559 3218 Quia
585 3167 689 3206 non
747 3151 1058 3207 credidistis
1099 3153 1257 3219 mihi,
1310 3157 1371 3206 ut
1422 3154 1837 3220 sanctiﬁcaretis

164 3253 229 3292 me
255 3255 424 3295 coram
456 3242 561 3309 ﬁlii
598 3242 784 3308 Israel,
832 3257 939 3294 non
996 3241 1349 3295 introducetis
1402 3242 1494 3295 hos
1520 3242 1747 3310 populos
1780 3245 1839 3295 in

164 3330 336 3382 terram
379 3344 550 3398 quam
606 3329 745 3383 dabo
779 3331 874 3383 eis.
928 3329 1039 3384 Sed
1070 3329 1354 3384 sententia
1389 3345 1632 3399 sequens
1685 3329 1839 3383 vide-

160 3419 237 3469 tur
261 3419 475 3472 solvere
501 3418 878 3489 quaestionem
914 3434 927 3471 :
962 3420 1086 3473 Haec
1138 3422 1239 3486 est,
1293 3417 1500 3488 inquit,
1532 3434 1679 3487 aqua
1707 3433 1838 3473 con-

164 3503 505 3571 tradictionis,
537 3506 633 3559 ubi
650 3508 870 3576 jurgati
916 3512 1043 3561 sunt
1070 3508 1174 3576 ﬁlii
1203 3508 1373 3561 Israel
1425 3511 1611 3561 contra
1645 3508 1839 3561 Domi-

160 3606 283 3657 num,
312 3599 415 3647 etc.
471 3595 654 3661 (Num.
710 3594 823 3664 xx).
885 3594 1147 3666 Jurgium
1181 3594 1336 3648 enim
1373 3598 1429 3649 et
1466 3596 1702 3651 rebellio
1731 3612 1834 3665 po-

161 3680 261 3748 puli
309 3697 485 3736 causa
525 3682 633 3737 fuit
690 3682 793 3736 iraa
845 3687 901 3737 et
950 3683 1231 3750 vindictas,
1290 3688 1410 3738 tam
1442 3682 1505 3737 in
1556 3686 1839 3754 populum

161 3782 307 3837 quam
330 3770 390 3825 in
432 3771 666 3841 Moysen
698 3776 755 3824 et
781 3773 996 3826 Aaron.

216 3859 309 3913 Nec
356 3865 417 3914 tu
472 3859 800 3927 ingrederis.
869 3860 1044 3931 (1510.)
1097 3859 1334 3914 Videtur
1364 3860 1422 3914 in
1456 3860 1648 3927 Maria,
1702 3864 1835 3928 etc.,

161 3949 404 4015 usquead
435 3964 569 4002 cum
620 3953 893 4019 tanquam
949 3949 1156 4003 montis
1212 3948 1525 4004 eminentia
1582 3948 1837 4003 Christus

161 4038 387 4091 excelsus
419 4038 770 4108 agnoscitur.

216 4124 364 4180 Vsus.
398 4127 492 4181 41.
552 4155 622 4166 -
652 4126 887 4194 Cumque
931 4128 1203 4181 instructi.
1246 4125 1376 4180 Haec
1417 4125 1700 4180 sententia
1728 4125 1835 4180 hu-

158 4226 367 4268 manam
428 4214 684 4286 percutit
739 4214 1089 4285 superbiam,
1148 4231 1277 4287 quae
1326 4215 1397 4269 de
1448 4216 1566 4269 suis
1619 4214 1836 4269 viribus

1941 1825 2042 1896 qui
2075 1830 2401 1878 sanctorum
2433 1826 2665 1878 Patrum
2698 1824 2951 1895 vestigiis
2979 1830 3035 1879 et
3063 1825 3333 1878 doctrinis
3365 1826 3641 1879 insistunt

1944 1918 2000 1966 et
2029 1912 2343 1983 spiritalem
2402 1911 2667 1965 militiam
2716 1911 2820 1965 sub
2876 1926 3011 1981 rege
3054 1912 3274 1965 Christo
3330 1918 3533 1981 agunt,
3566 1914 3636 1966 de

1945 2016 2059 2072 qua
2091 2000 2300 2055 dicitur
2336 2016 2347 2053 :
2380 2002 2496 2055 Non
2527 2005 2605 2054 est
2657 2000 2812 2053 nobis
2852 2001 3157 2054 colluctatio
3213 1999 3474 2054 adversus
3515 2016 3638 2055 car-

1943 2106 2062 2145 nem
2090 2096 2140 2145 et
2177 2092 2511 2156 sanguinem,
2546 2089 2640 2143 sed
2684 2089 2943 2143 adversus
2965 2090 3243 2158 principes
3288 2093 3341 2143 et
3391 2095 3639 2159 potesta-

1947 2184 2045 2244 tes,
2074 2183 2180 2232 etc.
2211 2179 2438 2249 (Ephes.
2474 2177 2572 2246 γι).
3470 2228 3479 2251 ι,

2017 2268 2177 2321 Vens.
2210 2270 2259 2319 9.
2303 2296 2369 2306 —
2414 2268 2570 2320 Fitiis
2604 2266 2739 2319 Loth
2791 2265 3019 2320 tradidi.
3053 2269 3127 2321 Ar
3175 2266 3511 2338 metropolis
3558 2272 3643 2321 est

1946 2355 2337 2422 Moabitarum,
2416 2369 2588 2423 super
2619 2353 2805 2423 ripam
2860 2355 3130 2408 torrentis
3181 2358 3429 2409 Aaron:
3500 2357 3639 2410 olim

1944 2461 2201 2516 possessa
2244 2460 2277 2497 a
2315 2450 2484 2514 gente
2524 2443 2833 2497 veterrima
2890 2443 3093 2504 Emim,
3128 2450 3326 2513 postea
3356 2449 3576 2498 retenta
3603 2461 3638 2497 a

1946 2534 2079 2587 ﬁliis
2138 2533 2300 2596 Loth,
2361 2532 2419 2586 id
2474 2536 2561 2586 est
2613 2532 2891 2593 Moabitis,
2927 2532 3210 2586 subversis
3258 2534 3477 2587 accolis.
3513 2535 3642 2587 Haec

1946 2623 2268 2676 ostenditur
2296 2622 2464 2676 hodie
2502 2623 2559 2676 in
2601 2622 2807 2675 vertice
2842 2620 3074 2688 montis,
3117 2633 3341 2675 torrens
3379 2638 3511 2676 vero
3538 2638 3642 2692 per

1946 2712 2190 2782 abrupta
2219 2711 2587 2780 descendens,
2629 2711 2689 2764 in
2723 2726 2879 2763 mare
2928 2711 3211 2764 Mortuum
3267 2710 3410 2764 ﬁuit.
3446 2712 3531 2765 Ar
3560 2710 3641 2764 in-

1947 2805 2297 2871 terpretatur
2343 2803 2660 2866 suscitavit;
2712 2800 2919 2866 Emim,
2956 2799 3014 2853 id
3070 2804 3155 2854 est
3201 2798 3530 2853 terribiles:
3584 2799 3641 2852 hi

1948 2897 2080 2943 sunt
2111 2891 2417 2955 daemones,
2460 2890 2558 2959 qui
2593 2890 2729 2953 .lites
2787 2889 3084 2954 suscitant,
3117 2893 3174 2942 et
3225 2888 3640 2954 contentiones,

1556 2989 1686 3027 cum
1774 2974 1836 3028 in
1871 3003 1910 3057 ο
1948 2982 2004 3032 et
2032 2979 2143 3032 tela
2173 2978 2448 3048 nequitiae.
2480 2983 2677 3047 parant
2724 2982 2926 3031 contra
2975 2976 3187 3030 ﬁdeles.
3222 2977 3457 3030 Enacim
3498 2992 3642 3047 quo-

1949 3083 2060 3138 que
2114 3068 2183 3121 de
2240 3066 2416 3136 stirpe
2454 3068 2603 3119 Enac
2626 3065 2928 3136 procreati,
2953 3070 3010 3118 et
3040 3064 3368 3135 gigantibus
3394 3064 3643 3135 proceri-

1947 3161 2057 3210 tate
2089 3156 2320 3226 azquati,
2362 3155 2673 3208 secundum
2718 3170 2931 3208 nomen
2961 3169 3130 3207 suum
3178 3152 3501 3223 signiﬁcant
3527 3154 3643 3208 das-

1946 3261 2167 3311 mones,
2220 3260 2354 3298 nam
2413 3244 2623 3298 monile
2680 3243 2826 3297 collo
2887 3242 3119 3298 sublimi
3166 3242 3639 3313 interpretantur.

1944 3333 2238 3405 Superbiae
2273 3332 2426 3388 enim
2458 3333 2602 3388 fastu
2637 3332 2770 3388 elati
2799 3348 3029 3387 omnem
3062 3331 3286 3386 militiae
3318 3348 3440 3386 aue
3469 3347 3645 3403 para-

1943 3427 2134 3477 turam
2166 3422 2459 3477 ascribunt
2488 3423 2740 3493 propriaa
2787 3422 3006 3489 virtuti,
3052 3426 3108 3475 et
3157 3420 3288 3475 ideo
3342 3420 3456 3474 illis
3480 3421 3643 3475 facile

1945 3513 2154 3566 cedunt
2181 3512 2282 3582 qui
2339 3512 2398 3566 in
2433 3512 2640 3565 virtute
2672 3511 2770 3566 Dei
2812 3511 3126 3577 conﬁdunt,
3174 3516 3229 3564 et
3253 3526 3383 3564 cum
3412 3510 3644 3564 Psalmi-

1945 3607 2029 3654 sta
2064 3600 2259 3654 dicunt
2293 3616 2308 3654 :
2367 3600 2648 3655 Fortitudo
2687 3616 2804 3654 mea
2841 3604 2892 3653 et
2920 3601 3038 3654 laus
3086 3614 3203 3653 mea
3252 3602 3537 3666 Dominus,
3592 3603 3644 3653 et

1943 3692 2124 3756 factus
2151 3693 2229 3742 est
2257 3689 2398 3743 mihi
2425 3690 2484 3742 in
2513 3689 2741 3763 salutepi
2773 3688 2921 3758 (Psal
2948 3728 2961 3742 .
2991 3686 3178 3753 cxxu).
3512 3754 3513 3761 γ

2014 3780 2175 3833 Vsus.
2235 3779 2318 3831 14.
2375 3807 2443 3816 -
2479 3779 2549 3831 De
2605 3776 2974 3830 Cadesbarne.
3033 3776 3309 3843 (Humom,
3368 3778 3522 3845 epist.
3567 3775 3641 3829 ad

1945 3867 2277 3936 Fabiolam.)
2308 3866 2672 3919 Cadesbarne
2698 3867 2783 3918 est
2810 3864 2969 3917 locus
3007 3862 3066 3916 in
3097 3863 3345 3926 deserto,
3376 3864 3477 3934 qui
3503 3880 3640 3918 con-

1938 3955 2204 4025 jungitur
2268 3954 2482 4008 civitati
2530 3954 2712 4006 Petra:
2763 3952 2825 4005 in
2899 3950 3148 4005 Arabia:
3223 3950 3323 4004 ubi
3376 3952 3644 4007 occubuit

1945 4044 2135 4105 Maria,
2179 4048 2235 4097 et
2274 4043 2489 4111 Moyses
2532 4055 2675 4110 rupe
2722 4054 2992 4109 percussa
3035 4054 3243 4109 aquam
3301 4038 3514 4093 sitienti
3543 4057 3641 4111 po-

1942 4115 2293 4204 pulo‘dedit.
2356 4132 2698 4185 Monstratur
2746 4128 2920 4183 etiam
2967 4143 3150 4198 usque
3204 4126 3374 4181 hodie
3422 4127 3641 4183 ibidem

1945 4221 2270 4292 sepulcrum
2316 4219 2525 4285 Marias,
2580 4216 2678 4273 sed
2716 4223 2773 4273 et
2808 4216 3097 4289 principes
3126 4216 3354 4270 Amalec
3383 4216 3464 4272 ibi
3510 4218 3641 4272 cassi

155 4303 451 4369 presumit,
498 4318 607 4357 nec
637 4303 699 4356 in
753 4302 855 4356 Dei
902 4303 1140 4357 conﬁdit
1187 4303 1463 4373 potentia.
1517 4303 1840 4359 Amorrhzei
1879 4290 1922 4345 ι)
1948 4290 2141 4364 δυήηῐα
2170 4308 2675 4363 Chodorlahomor.

155 4390 310 4455 enim,
354 4392 412 4446 id
466 4396 575 4455 est,
632 4391 1034 4459 amaricantes,
1081 4392 1271 4447 hostes
1324 4398 1456 4446 sunt
1528 4393 1834 4463 spiritales,

154 4478 237 4548 qui
263 4480 524 4535 habitant
554 4480 615 4534 in
659 4480 951 4536 montibus
982 4481 1285 4551 superbiae,
1319 4487 1376 4535 et
1414 4486 1837 4552 praesumptuo-

154 4582 231 4619 sos
264 4574 492 4631 necant,
529 4569 597 4624 de
626 4568 751 4624 Seir
808 4585 989 4641 usque
1023 4572 1248 4634 Horma,
1303 4569 1360 4624 id
1392 4576 1476 4623 est
1504 4589 1535 4623 ιι
1568 4569 1836 4639 squalore

153 4653 401 4711 vitiorum
451 4672 635 4727 usque
691 4658 764 4711 ad
817 4657 1252 4713 damnationem
1310 4673 1656 4729 poenarum:
1714 4656 1839 4711 Seir

153 4758 385 4817 namque
451 4747 689 4817 pilosus,
764 4748 990 4801 Horma'
1038 4748 1451 4819 interpretatur
1506 4747 1829 4801 anathema.

153 4832 401 4906 Quisquis
434 4835 594 4890 enim
623 4835 896 4891 vitiorum
947 4837 1211 4890 sordibus
1241 4852 1355 4889 non
1395 4834 1600 4889 metuit
1629 4835 1834 4905 pollui,

155 4920 289 4977 hunc
332 4940 570 4979 necesse
629 4930 735 4992 est,
792 4941 899 4996 pro
953 4925 1193 4991 meritis,
1268 4924 1500 4994 ignibus
1556 4923 1837 4993 gehennae

157 5012 301 5066 tradi.
354 5013 663 5067 Daemones
695 5028 947 5085 namque
979 5014 1178 5067 volunt
1224 5028 1329 5066 nos
1358 5012 1651 5083 implicare
1684 5011 1839 5083 cupi-

159 5095 409 5155 ditatibus
441 5100 706 5167 terrenis,
757 5107 815 5156 et
841 5103 886 5155 si
922 5104 1351 5171 perseveramus
1377 5101 1437 5155 in
1468 5101 1735 5170 peccatis,
1785 5107 1841 5156 et

160 5186 205 5239 in
232 5195 487 5245 montem
518 5189 801 5260 superbia:
831 5190 1132 5244 ascendere
1165 5205 1276 5243 non
1314 5188 1665 5257 desistimus,
1696 5191 1840 5261 igni-

162 5274 216 5328 tis
241 5278 444 5342 iaculis
488 5278 799 5333 concidunt
825 5284 883 5334 et
926 5279 1249 5348 perducunt
1279 5277 1351 5332 ad
1382 5281 1691 5333 anathema
1717 5295 1840 5350 per-

163 5370 397 5431 petuum.
462 5368 596 5422 Ideo
649 5384 766 5422 non
814 5368 1129 5423 secundum
1172 5366 1581 5438 Pelagianistas
1629 5368 1698 5421 de
1737 5383 1838 5421 no-

164 5457 253 5509 stra
281 5472 703 5527 praesumamus
723 5456 1010 5527 potentia,
1041 5456 1135 5510 sed
1158 5454 1552 5510 inﬁrmitatem
1584 5460 1839 5511 nostram

165 5546 591 5615 considerantes,
658 5545 899 5601 Domino
942 5560 1048 5615 per
1083 5545 1279 5600 omnia
1314 5545 1718 5616 obsequamur.
1776 5548 1842 5599 ut

2015 4399 2178 4451 Vrsas.
2212 4400 2301 4451 26.
2327 4425 2395 4438 —
2423 4398 2562 4451 Misi
2610 4410 2735 4463 ergo
2765 4397 3000 4461 nuntios,
3035 4397 3141 4449 etc.
3200 4392 3389 4448 Sehon
3438 4394 3638 4449 diabo-

1944 4487 2064 4541 lum
2110 4484 2415 4556 signiﬁcat,
2464 4484 2615 4557 quod
2646 4488 2730 4537 est
2777 4496 3016 4555 germen
3073 4481 3297 4549 inutile,
3336 4484 3422 4537 vel
3470 4483 3640 4537 arbor

1945 4575 2318 4639 infructuosa,
2355 4575 2442 4627 vel
2470 4575 2672 4627 elatus.
2704 4571 2875 4626 Israel
2913 4571 3191 4642 populum
3231 4572 3635 4638 Christianum,

1948 4663 2049 4735 qui
2076 4677 2179 4734 per
2223 4662 2374 4715 viam
2403 4661 2602 4715 mundi
2634 4660 2804 4730 hujus
2859 4659 3018 4731 cupit
3048 4660 3311 4725 transire,
3344 4665 3399 4714 et
3428 4660 3499 4714 ad
3529 4676 3639 4713 cm-

1946 4750 2112 4805 lestia
2170 4765 2347 4820 regna
2396 4749 2719 4821 pervenire.
2773 4749 2873 4803 Hic
2904 4748 3079 4803 mi’ttit
3133 4749 3203 4803 ad
3232 4749 3419 4803 Sehon
3452 4749 3638 4802 verbis

1947 4838 2216 4910 paciﬁcis,
2242 4818 2611 4909 ‘promittens
2657 4853 2715 4893 se
2772 4854 2889 4892 non
2940 4838 3330 4892 habitaturum
3386 4838 3446 4891 in
3483 4841 3639 4891 terra
3666 4818 3679 4839 χ

1950 4930 2091 5000 ejus,
2124 4928 2219 4981 sed
2250 4932 2475 4982 tantum
2532 4926 2931 4993 transiturum,
2979 4932 3035 4980 et
3064 4926 3242 4995 regali
3272 4926 3364 4979 via
3394 4926 3643 4980 incessu-

1949 5031 2095 5070 rum.
2137 5016 2249 5067 Hoc
2286 5015 2530 5086 quisque
2561 5014 2839 5086 promisit,
2879 5028 3009 5066 cum
3039 5012 3289 5082 primum
3313 5013 3382 5066 ad
3432 5028 3639 5084 aquam

1948 5102 2216 5173 baptismi
2256 5103 2534 5174 pervenit,
2587 5107 2642 5157 et
2674 5102 2859 5174 prima
2887 5101 3023 5155 ﬁdei
3052 5100 3343 5172 signacula
3372 5102 3639 5172 suscepit.

1947 5191 2383 5245 Abrenuntiavit
2411 5190 2566 5245 enim
2607 5190 2820 5244 diaboli
2850 5195 2907 5244 et
2935 5190 3163 5261 pompis
3189 5192 3331 5261 ejus,
3364 5196 3421 5245 et
3450 5191 3643 5262 operi-

1948 5280 2054 5332 bus
2086 5279 2229 5349 ejus,
2264 5284 2321 5332 et
2351 5279 2509 5332 omni
2536 5278 2784 5347 servitio,
2812 5282 2869 5332 et
2905 5277 3293 5348 voluptatibus
3327 5279 3499 5349 ejus.-
3529 5280 3643 5333 Hoc

1949 5374 2032 5423 est
2061 5368 2219 5439 quod
2247 5367 2457 5422 dicitur
2484 5382 2497 5420 :
2533 5368 2679 5433 Quid
2702 5368 2870 5421 Israel
2898 5384 3005 5422 non
3037 5367 3331 5422 declinabit
3367 5369 3426 5421 in
3450 5383 3643 5436 agrum

1949 5457 2087 5525 ejus,
2122 5457 2209 5513 vel
2243 5458 2304 5510 in
2351 5457 2565 5511 vineam
2592 5456 2731 5525 ejus,
2766 5461 2816 5510 et
2843 5472 3045 5527 aquam
3088 5455 3154 5510 de
3206 5456 3328 5511 lacu
3374 5457 3491 5526 ejus
3535 5472 3644 5512 non

1948 5546 2159 5615 potabit
2214 5545 2395 5615 (Num.
2430 5546 2569 5613 xxi),
2627 5544 2682 5599 id
2722 5548 2828 5615 est,
2872 5544 3231 5615 disciplinam
3274 5544 3364 5599 vel
3407 5545 3645 5599 astrolo-
