4038 6180
275 320 381 377 455

894 315 1289 373 WALAFBIDI
1325 314 1573 373 STRABI
1614 315 1808 372 FULD.
1852 312 2015 371 MON.
2056 312 2209 370 OPP.
2251 313 2428 370 PARS
2466 314 2508 369 Ι.
2550 342 2619 354 --
2658 312 3115 371 THEOLOGICA.

3677 314 3781 371 456

277 444 416 518 gica
443 444 530 499 vel
575 442 830 512 magicae,
876 442 964 496 vel
995 442 1298 512 cujuslibet
1336 442 1629 509 doctrinas,
1675 456 1803 513 qum
1834 455 1975 495 con-
2004 457 2047 510 Α
2086 438 2228 493 siam
2260 442 2538 510 pugnant,
2573 438 2670 492 sed
2703 437 2965 493 resistere
3017 454 3137 493 non
3195 440 3405 507 valent,
3476 440 3785 496 traduntur

275 538 363 586 tra
388 532 659 602 pietatem
690 536 792 594 est,
840 529 1085 600 amplius
1137 545 1248 582 non
1302 534 1489 582 sumet
1538 544 1552 581 :
1590 528 1688 582 sed
1719 528 1879 581 bibet
1908 527 1978 581 de

278 620 532 675 fontibus
580 618 905 682 Salvatoris,
976 633 1093 671 non
1140 616 1500 687 derelinquet
1547 616 1765 670 fontem
1813 632 1979 687 aqua:

280 709 441 774 vivas,
472 712 539 761 ut
570 706 725 760 bibat
751 705 822 759 de
859 705 1017 759 fonte
1053 704 1266 770 Sehon,
1297 704 1395 757 sed
1424 704 1648 758 incedet
1677 704 1764 758 via
1797 704 1975 775 regia,

279 812 409 867 qum
464 799 548 849 est
596 793 868 859 Christus,
901 792 1001 863 qui
1020 792 1193 846 dicit:
1236 794 1349 859 Ego
1385 807 1505 847 sum
1531 794 1645 859 via,
1672 795 1894 857 veritas,
1928 800 1978 846 ιιι

278 888 394 939 vita
423 884 611 953 (Joan.
643 881 775 951 xw),
808 887 864 935 et
891 898 1012 946 rex,
1062 882 1377 935 secundum
1422 880 1586 947 illud,
1633 884 1791 944 Deus.
1818 881 1975 950 judi-

279 975 419 1027 cium
455 978 607 1026 tuum
655 973 773 1037 regi
817 970 890 1024 da
942 970 1115 1040 (Psal.
1171 970 1339 1040 Lxxi).
1399 971 1524 1024 Non
1578 970 1884 1024 declinabit
1914 972 1975 1024 in

278 1075 502 1130 agrum.
536 1074 723 1130 neque
764 1058 823 1112 in
856 1058 1082 1112 vineam
1111 1060 1257 1128 ejus,
1302 1058 1372 1112 ad
1404 1074 1579 1129 opera
1622 1058 1854 1125 scilicet,
1886 1060 1975 1113 vel

277 1149 347 1203 ad
385 1164 588 1218 pravos
614 1164 811 1201 sensus
867 1148 1008 1216 ejus.
1067 1147 1384 1201 Amorrhaei
1443 1148 1744 1219 loquentes
1790 1147 1973 1202 inter-

278 1242 597 1307 pretantur,
655 1237 741 1289 vel
772 1236 1167 1301 amaricantes,
1227 1236 1361 1308 quia
1420 1238 1601 1291 Deum
1631 1238 1704 1291 ad
1762 1238 1972 1291 amari-

278 1326 535 1381 tudinem
562 1329 889 1395 provocant,
920 1331 977 1379 et
1005 1325 1064 1378 in
1098 1325 1285 1379 verbis
1306 1330 1535 1379 tantum
1568 1324 1885 1393 conﬁdunt,
1910 1330 1975 1380 ut

272 1419 479 1485 poetas,
529 1413 824 1483 astrologi,
875 1412 1227 1483 philosophi,
1272 1412 1371 1483 qui
1397 1413 1592 1467 inania
1622 1413 1967 1484 loquuntur;

269 1516 512 1573 regnum
548 1508 740 1555 autem
792 1503 888 1555 Dei
937 1518 1049 1555 non
1081 1508 1166 1556 est
1208 1503 1267 1555 in
1302 1518 1586 1568 sermone,
1615 1503 1710 1556 sed
1738 1502 1967 1558 virtute.

272 1592 481 1645 Volunt
518 1591 715 1644 ﬁdeles
772 1606 902 1644 cum
960 1607 1098 1659 pace
1156 1590 1421 1656 transire,
1456 1595 1511 1644 et
1564 1590 1784 1661 paciﬁci
1845 1607 1967 1644 esse

271 1679 444 1733 etiam
478 1695 609 1732 cum
640 1678 888 1732 inimicis
923 1679 1115 1749 pacis:
1173 1678 1269 1732 sed
1304 1696 1371 1732 eo
1412 1680 1597 1749 magis
1648 1679 1967 1750 principem

272 1768 473 1822 mundi
529 1767 852 1832 offendunt,
910 1783 1026 1838 quo
1061 1784 1121 1820 se
1152 1784 1281 1820 cum
1316 1768 1413 1821 illo
1446 1768 1597 1822 nolle
1638 1770 1851 1822 morari
1881 1769 1966 1823 di-
2000 1751 2040 1804 Β

274 1860 430 1921 cunt,
460 1872 565 1910 nec
593 1855 812 1925 aliquid
856 1856 986 1924 ejus
1034 1856 1382 1926 contingere.
1431 1857 1568 1911 Inde
1602 1858 1969 1911 exacerbatus

270 1944 453 2013 magis
508 1944 891 2013 persequitur,
945 1944 1200 2013 pericula
1248 1944 1501 2002 suscitat.
1558 1945 1844 1999 cruciatus
1884 1945 1971 1999 in-

271 2039 473 2098 tentat,
501 2036 813 2101 congregat
843 2033 1122 2101 populum
1157 2048 1347 2099 suum,
1380 2033 1497 2087 exit
1528 2033 1837 2105 conﬂigere
1864 2034 1960 2087 ad-

270 2137 496 2175 versum
527 2121 697 2173 Israel
733 2136 747 2173 :
780 2120 1029 2190 populus
1068 2123 1191 2187 ejus
1223 2128 1357 2174 sunt
1391 2121 1700 2191 principes,
1731 2127 1786 2174 et
1809 2122 1970 2192 judi-

274 2225 364 2262 ces
411 2209 631 2274 mundi,
664 2210 970 2278 cunctique
1004 2208 1278 2279 nequitias
1334 2210 1601 2275 ministri,
1634 2210 1735 2280 qui
1782 2226 1971 2281 perse-

272 2304 530 2369 quuntur
574 2298 853 2368 populum
914 2297 1053 2352 Dei:
1088 2300 1187 2352 sed
1239 2303 1297 2352 et
1346 2299 1466 2368 ipse
1520 2300 1679 2353 venit
1732 2299 1791 2353 in
1819 2301 1966 2365 Jasa,

272 2386 425 2458 quod
484 2386 893 2456 interpretatur
943 2387 1199 2440 mandati
1231 2387 1507 2457 impletio.
1549 2388 1656 2452 Qui
1705 2389 1861 2442 enim
1898 2390 1968 2443 ad

276 2474 665 2545 expletionem
722 2475 1128 2529 mandatorum
1189 2476 1287 2529 Dei
1341 2478 1581 2542 venerit,
1638 2476 1827 2531 Sebon
1883 2478 1968 2531 vel

273 2561 585 2616 exercitum
642 2562 767 2633 ejus
838 2563 1165 2617 smvientem
1232 2580 1347 2617 non
1420 2564 1664 2620 timebit.
1712 2566 1969 2621 Mandata

272 2650 427 2703 enim
495 2650 595 2704 Dei
650 2651 957 2719 complere,
1024 2656 1115 2717 est
1168 2650 1480 2717 diabolum,
1550 2658 1605 2706 et
1661 2654 1971 2707 exercitum

273 2740 397 2809 ejus
452 2755 740 2810 superare.
793 2739 882 2794 Sic
910 2740 1064 2793 enim
1118 2740 1362 2794 conterit
1420 2742 1571 2796 Deus
1633 2742 1807 2797 Satan
1864 2743 1969 2797 sub

270 2828 514 2897 pedibus
572 2828 798 2895 nostris,
861 2828 932 2881 da
989 2828 1154 2883 nobis
1200 2816 1519 2899 potentiam
1575 2831 1828 2886 calcandi
1875 2848 1970 2885 su-

271 2932 378 2986 per
404 2922 693 2987 serpentes
742 2922 800 2971 et
832 2917 1179 2988 scorpiones,
1229 2924 1287 2972 et
1318 2935 1490 2990 super
1518 2935 1749 2975 omnem
1788 2919 1968 2976 virtu-

271 3010 390 3059 tem
419 3004 657 3060 inimici.

341 3094 503 3149 Vens.
533 3096 620 3149 30.
674 3124 744 3135 —
797 3095 945 3160 Quia
990 3095 1368 3151 induraverat.
1422 3098 1612 3168 Longa
1666 3098 1963 3169 patientia,

272 3198 391 3237 non
429 3183 789 3253 corrigendo,
847 3184 999 3237 unde
1046 3183 1105 3237 in
1152 3185 1338 3239 Exod:
1395 3188 1508 3253 Ego
1564 3186 1823 3241 induran
1878 3203 1969 3243 cor

272 3272 578 3326 Pharaonis
642 3272 843 3341 (Exod.
902 3274 993 3340 x);
1041 3278 1098 3326 et
1156 3274 1491 3329 Psalmista:
1552 3276 1825 3332 Convertit
1877 3294 1969 3332 cor

274 3372 474 3426 eorum,
528 3363 588 3411 ut
637 3359 857 3413 adirent
906 3362 1169 3428 populum
1224 3364 1341 3429 ejus
1391 3362 1557 3431 (Psal.
1618 3364 1744 3434 ειν).
1788 3365 1969 3419 Causa

271 3456 406 3495 vero
463 3440 847 3495 indurationis
899 3443 1148 3509 additur,
1207 3450 1268 3499 ut
1309 3446 1617 3501 traderetur
1660 3450 1721 3501 in
1774 3464 1968 3503 manus

276 3535 418 3591 tuas,
448 3528 506 3582 id
533 3535 620 3583 est
646 3534 711 3583 ut
738 3535 1129 3584 contereretur
1158 3550 1190 3586 a
1214 3538 1302 3601 te;
1334 3535 1487 3604 quod
1521 3551 1636 3589 non
1668 3536 1831 3591 ﬁeret
1857 3537 1971 3591 nisi

274 3617 584 3683 resisteret,
628 3632 733 3671 nec
762 3618 1054 3672 resisteret
1100 3620 1208 3674 nisi
1240 3620 1539 3676 induratus
1570 3628 1733 3678 esset.
1787 3624 1971 3695 Hujus

274 3705 359 3759 rei
378 3704 664 3775 justitiam
694 3704 741 3758 si
770 3706 1188 3775 quaesierimus,
1228 3708 1619 3767 inscrutabilia
1657 3718 1790 3767 sunt
1810 3714 1970 3785 judi-

276 3793 362 3847 cia
378 3794 530 3863 .ejus,
562 3792 659 3847 sed
690 3792 964 3863 iniquitas
995 3810 1108 3847 non
1140 3799 1224 3849 est
1251 3797 1404 3865 apud
1432 3798 1631 3854 Deum.

349 3882 519 3936 Vens.
572 3884 659 3937 33.
721 3912 787 3922 —
834 3884 1309 3952 Percussimusque
1361 3901 1498 3940 eum.
1553 3888 1661 3952 Qui
1692 3893 1824 3943 sunt
1853 3891 1971 3944 veri

278 3969 570 4035 Israelita),
600 3986 719 4024 non
771 3985 940 4025 carne
975 3972 1159 4026 Judaei
1192 3972 1286 4027 sed
1341 3974 1567 4045 spiritu,
1617 3976 1880 4032 habitant
1910 3978 1971 4033 in
2014 4008 2017 4011 π

278 4058 543 4111 omnibus
559 4057 879 4113 civitatibus
900 4061 1389 4129 Amorrbaeorum,
1406 4080 1536 4117 cum
1563 4064 1624 4118 in
1654 4066 1813 4120 omni
1833 4068 1971 4121 orbe

276 4151 560 4201 terrarum
584 4146 790 4201 Christi
839 4148 1097 4203 Ecclesiae.
1146 4157 1555 4221 propagentur,
1580 4158 1636 4206 et
1668 4156 1971 4226 unusquis-

276 4250 389 4304 que
418 4238 678 4287 nostrum
710 4234 905 4288 civitas
933 4236 1040 4289 fuit
1068 4237 1220 4307 regis
1250 4238 1435 4293 Sebon
1472 4256 1485 4293 :
1533 4241 1669 4311 quia
1700 4244 1973 4311 regnabat

2087 529 2217 583 victi
2244 529 2304 582 in
2330 544 2534 581 manus
2564 533 2894 582 sanctorum
2920 544 3049 582 cum
3074 528 3409 584 habitaculis
3438 531 3575 584 suis.

2756 670 2982 726 CAPUT
3023 672 3120 727 III.

2156 794 2312 849 Vens.
2371 798 2418 848 ί.
2470 824 2539 835 -
2590 796 2787 863 Itaque
2844 797 3102 849 conversi.
3146 794 3227 848 Ad
3273 794 3376 865 0g,
3428 794 3529 865 qui
3571 800 3658 848 est
3688 811 3789 850 rex

2088 881 2286 946 Basan,
2333 896 2439 934 nec
2469 882 2687 951 legatos
2716 881 3030 951 dignantur
3062 881 3306 948 mittere,
3344 898 3446 935 nec
3476 883 3783 937 transitum

2082 984 2189 1038 per
2212 975 2423 1023 terram
2454 971 2579 1040 ejus
2608 975 2801 1039 petere
2836 986 2849 1023 :
2879 969 3153 1023 continuo
3183 970 3498 1040 contiiguut
3528 986 3659 1024 cum
3692 987 3782 1028 eo.

2082 1063 2413 1129 superantes
2442 1074 2575 1112 eum
2604 1063 2659 1111 et
2698 1059 2977 1129 populum
3009 1074 3199 1113 suum.
3229 1060 3408 1112 Basan
3440 1058 3779 1130 interpreta-

2082 1151 2178 1200 tur
2204 1147 2502 1217 turpitudo
2532 1164 2545 1201 :
2591 1147 2794 1201 merito
2842 1163 2979 1218 ergo
3010 1163 3113 1201 nec
3146 1148 3317 1218 legati
3366 1148 3675 1202 mittuntur
3702 1150 3770 1203 ad

2081 1240 2310 1305 gentem
2356 1236 2547 1301 istam,
2602 1252 2706 1290 nec
2741 1236 3045 1291 transitus
3075 1238 3317 1307 petitur;
3378 1238 3569 1291 nullus
3621 1238 3771 1291 enim

2078 1324 2350 1379 transitus
2401 1325 2571 1379 debet
2601 1326 2765 1379 nobis
2796 1341 2939 1390 esse,
2971 1326 3061 1378 vel
3117 1341 3384 1379 ascensus
3414 1325 3483 1379 ad
3528 1325 3769 1395 turpitu-

2077 1412 2294 1481 dinem,
2326 1429 2457 1484 quas
2487 1414 2690 1482 statim
2719 1412 3122 1483 expugnanda,
3158 1418 3215 1467 et
3244 1413 3483 1467 omnino
3521 1414 3769 1467 cavenda

2081 1507 2183 1555 est.
2223 1501 2309 1571 0g
2372 1508 2563 1557 autem
2612 1502 3025 1571 interpretatur
3065 1502 3380 1567 conclusio;
3414 1501 3665 1556 carnalia
3718 1502 3786 1555 si-

2078 1589 2330 1659 gniﬁcat,
2363 1606 2609 1661 quorum
2655 1589 2939 1644 desiderio
2996 1590 3190 1643 anima
3230 1590 3572 1657 excluditur,
3604 1595 3659 1643 et
3690 1606 3783 1644 se-

2077 1683 2313 1747 paratur
2344 1695 2375 1731 a
2407 1679 2541 1732 Deo.
2584 1678 2866 1732 Adversus
2898 1678 3018 1732 haec
3047 1678 3127 1731 sic
3184 1682 3270 1732 est
3315 1677 3669 1743 bellandum,
3718 1683 3785 1732 ut

2081 1767 2304 1820 nullum
2336 1768 2693 1837 relinquatur
2721 1766 2944 1821 vitium.
2981 1767 3214 1821 Nullum
3248 1766 3402 1820 enim
3435 1772 3662 1837 oportet
3690 1782 3782 1819 re-

2080 1855 2265 1925 linqui
2309 1854 2367 1908 in
2420 1871 2598 1925 regno
2654 1855 3061 1926 turpitudinis;
3121 1856 3331 1910 debent
3384 1855 3539 1909 enim
3592 1855 3786 1926 turpia

2080 1944 2346 2010 resecari,
2375 1949 2441 1997 ut
2490 1944 2726 1997 honesta
2757 1948 2812 1997 et
2844 1942 3113 2014 religiosa
3142 1943 3365 2014 possint
3389 1943 3680 1998 aediﬁcari.
3716 1946 3782 1998 ln

2080 2047 2260 2101 regno
2296 2031 2486 2085 Sebon
2543 2033 2628 2085 vel
2674 2032 2837 2086 Moab
2880 2048 2995 2086 non
3054 2032 3160 2086 boc
3203 2031 3556 2102 praecipitur.
3618 2033 3781 2086 Forte

2080 2119 2235 2173 enim
2266 2135 2334 2172 ex
2364 2119 2477 2173 illis
2508 2119 2725 2191 aliquid
2769 2120 2936 2174 nobis
2981 2136 3124 2191 opus
3165 2126 3267 2186 est,
3309 2137 3424 2191 quo
3484 2120 3779 2186 multiplex

2078 2208 2373 2277 praesentis
2402 2208 2531 2262 vitae
2572 2224 2708 2262 usus
2735 2214 2863 2279 eget
2893 2225 2907 2263 :
2942 2209 3200 2281 alioquin
3238 2210 3579 2265 deberemus
3621 2211 3777 2265 exire

2079 2296 2149 2350 de
2180 2297 2287 2350 hoc
2317 2297 2552 2351 mundo.
2597 2297 2675 2351 De
2710 2298 2885 2351 Basan
2916 2313 3070 2364 vero,
3104 2297 3160 2351 id
3193 2304 3281 2351 est
3308 2298 3378 2352 de
3400 2299 3776 2366 turpitudine,

2079 2385 2220 2439 nihil
2253 2386 2654 2457 relinquimus,
2700 2386 2837 2457 quia
2867 2386 3046 2441 nihilo
3092 2387 3437 2457 indigemus.
3470 2389 3779 2443 Honestum

2082 2474 2256 2527 etiam
2283 2489 2403 2529 esse
2430 2490 2549 2528 non
2583 2479 2785 2545 potest,
2830 2476 2984 2546 quod
3012 2480 3179 2547 turpe
3209 2483 3311 2531 est.

2150 2562 2311 2615 Vens.
2343 2562 2395 2614 4.
2442 2592 2511 2602 —-
2558 2562 2877 2630 Sexaginta.
2914 2563 3279 2634 Superiorem
3321 2581 3519 2619 sensus
3563 2566 3772 2620 conﬁr-

2079 2654 2217 2705 mat.
2249 2649 2662 2721 Sexagenarius
2719 2652 2932 2723 quippe
2970 2668 3266 2719 numerus,
3325 2654 3470 2707 sicut
3497 2654 3777 2722 senarius,

2078 2738 2489 2810 perfectionem
2534 2740 2837 2811 signiﬁcat.
2873 2743 3020 2795 Bene
3052 2730 3246 2796 autem
3280 2742 3575 2814 sexaginta
3600 2744 3772 2799 urbes

2080 2831 2361 2881 memorat
2410 2831 2654 2882 vastatas
2684 2828 2743 2882 in
2788 2830 3020 2900 regione
3053 2830 3138 2901 0g
3166 2830 3316 2902 regis
3360 2832 3558 2897 Basan,
3607 2832 3663 2887 id
3695 2838 3785 2887 est

2081 2916 2315 2983 diaboli,
2375 2916 2476 2987 qui
2530 2922 2615 2971 est
2645 2933 2743 2971 rex
2773 2910 3180 2989 turpitudinis;
3217 2920 3352 2991 quia
3381 2920 3626 2991 perfecte
3653 2938 3780 2976 om-

2007 3042 2047 3097 C
2080 3005 2242 3059 nium
2289 3005 2560 3060 vitiorum
2609 3007 3039 3063 delectationem
3088 3010 3492 3065 destruendam
3541 3028 3661 3066 esse
3707 3013 3781 3066 si-

2079 3094 2329 3163 gniﬁcat.
2375 3095 2567 3166 Argob
2605 3106 2801 3162 unus,
2849 3096 2909 3151 id
2955 3103 3041 3151 est
3086 3098 3388 3152 maledicta
3428 3099 3776 3163 sublimitas,

2072 3188 2359 3236 terrenam
2392 3184 2741 3254 superbiam,
2776 3184 3080 3255 signiﬁcat,
3116 3203 3245 3257 quas
3271 3186 3330 3240 in
3362 3187 3496 3241 filiis
3525 3187 3625 3241 iras
3679 3203 3771 3241 re-

2077 3276 2250 3340 gnat:
2285 3272 2583 3326 destructis
2611 3273 2868 3342 urbibus,
2894 3275 3045 3328 viros
3077 3291 3142 3328 ac
3173 3276 3442 3330 mulieres
3473 3292 3535 3330 ac
3563 3292 3773 3347 parvu-

2076 3359 2162 3413 los
2192 3358 2328 3413 dicit
2357 3360 2702 3423 interfectos,
2728 3362 2996 3433 jumenta
3025 3370 3082 3417 et
3106 3364 3291 3434 spolia
3321 3364 3566 3435 direpta,
3608 3364 3771 3435 quia,

2079 3448 2404 3501 munitione
2430 3450 2644 3503 diaboli
2675 3456 2961 3521 superata,
2993 3452 3274 3524 quidquid
3298 3454 3356 3506 in
3378 3469 3549 3507 carne
3577 3459 3780 3507 nostra

2080 3536 2309 3604 rebello,
2344 3538 2625 3610 quidquid
2665 3540 2936 3595 lascivum
2980 3542 3329 3596 senserimus
3357 3558 3486 3596 cum
3523 3541 3780 3612 parvulis

2076 3623 2533 3694 cogitationibus,
2548 3627 2668 3680 zelo
2692 3627 2791 3681 Dei
2806 3632 2891 3682 est
2909 3630 3355 3694 conterendum;
3382 3628 3665 3699 quidquid
3685 3645 3789 3682 au-

2077 3718 2192 3765 tem
2220 3712 2281 3767 in
2311 3713 2670 3784 simplicitate
2700 3715 2832 3787 puri
2879 3732 3099 3783 sensus,
3139 3719 3229 3771 vel
3261 3719 3652 3773 membrorum
3684 3734 3781 3771 or-

2080 3806 2244 3870 natu,
2271 3803 2501 3857 servitio
2535 3803 2633 3858 Dei
2658 3809 2859 3875 aptum
2888 3805 3267 3875 inveniemus,
3292 3822 3578 3862 reservare
3606 3806 3780 3861 debe—

2084 3905 2230 3943 mus.

2150 3979 2311 4033 Vens.
2348 3982 2433 4033 l2.
2464 4010 2533 4021 —
2564 3983 2907 4051 Terramque.
2950 3983 3168 4053 (6886.,
3221 3983 3322 4039 lib.
3380 4001 3529 4040 xxvu
3556 3985 3778 4051 Παγαὶ..

2081 4082 2205 4138 cap.
2244 4069 2359 4137 10.)
2390 4068 2534 4124 Sunt
2562 4069 2731 4123 multi
2765 4070 2824 4123 in
2847 4071 3111 4138 Ecclesia,
3148 4078 3272 4135 etc.,
3320 4089 3489 4143 usque
3530 4074 3603 4128 ad
3632 4090 3779 4127 vana

2082 4155 2296 4210 scilicet
2324 4156 2605 4211 desideria
2638 4162 2694 4211 et
2721 4158 3140 4213 irrationabiles
3162 4161 3341 4215 animi
3368 4168 3577 4215 motus.

2149 4244 2344 4299 Ruben
2389 4251 2439 4299 et
2497 4246 2621 4300 Gud
2668 4247 2854 4317 (ΗΑΒ.)
2887 4248 3085 4303 Raben
3115 4249 3537 4321 primogenitus
3579 4252 3777 4321 Iacob,

276 4324 336 4376 in
394 4321 556 4376 nobis
602 4322 864 4390 stultitia,
898 4325 1185 4394 superbia,
1220 4325 1504 4396 impietas,
1536 4334 1593 4382 et
1622 4331 1815 4385 omnia
1851 4348 1980 4400 quas
2014 4339 2055 4391 D
2084 4335 2215 4395 etc.,
2249 4348 2417 4401 usque
2453 4333 2527 4387 ad
2550 4334 2649 4389 sed
2670 4351 2802 4389 cum
2834 4336 2973 4405 ipsis
3000 4338 3338 4392 mulieribus
3379 4345 3434 4393 et
3465 4339 3781 4394 infantibus

279 4408 541 4464 diabolus
582 4410 859 4480 suggerit.
893 4410 999 4465 Sed
1047 4412 1146 4466 ubi
1176 4411 1355 4466 victus
1403 4418 1487 4468 est
1532 4415 1716 4482 fortis,
1747 4421 1804 4471 et
1844 4435 1977 4472 vasa

277 4499 401 4568 ejus
433 4497 707 4568 direpta,“
727 4497 861 4551 facti
892 4514 1089 4553 sumus
1127 4500 1383 4555 civitates
1423 4502 1618 4571 Israel,
1674 4504 1974 4560 basreditas

279 4590 629 4651 sanctorum,
681 4585 868 4639 excisa
918 4585 1075 4655 prius
1100 4586 1304 4641 arbore
1366 4589 1736 4658 infructuosa,
1778 4598 1834 4647 et
1876 4595 1973 4648 de-

275 4673 424 4741 jecto
454 4671 599 4725 elato
629 4686 784 4741 rege,
820 4676 877 4726 et
906 4680 1179 4744 regnante
1209 4675 1270 4729 in
1301 4676 1466 4731 nobis
1496 4686 1839 4746 mansuseto,
1875 4681 1976 4753 qui

283 4760 420 4815 dicit
448 4777 461 4814 :
493 4762 694 4815 Discite
723 4776 757 4814 a
786 4776 887 4827 me,
938 4764 1071 4831 quia
1098 4765 1247 4817 mitis
1283 4779 1403 4818 sum
1433 4771 1484 4819 et
1530 4766 1751 4823 humilis
1796 4770 1973 4837 corde,

282 4852 387 4900 etc.
442 4846 658 4915 (Matth.
729 4847 825 4917 xl).
878 4847 1121 4901 Nomina
1170 4866 1400 4921 quoque
1456 4852 1713 4908 locorum
1770 4872 1973 4911 conve-

284 4936 453 4988 niunt
481 4950 495 4988 :
556 4940 738 4991 Aroer
767 4952 1017 5007 namque
1049 4938 1351 4992 sublevans
1384 4940 1830 5013 interpretatur;
1870 4950 1974 5001 Ar-

288 5039 426 5090 non,
458 5040 695 5079 acervus
743 5026 1021 5095 tristitiae;
1069 5028 1300 5094 Galaad,
1363 5031 1577 5085 acervis
1637 5034 1969 5091 testimonii.

280 5108 365 5162 Ab
392 5114 573 5163 Aroer
602 5128 763 5181 ergo,
796 5129 915 5182 quae
950 5120 1029 5169 est
1067 5130 1230 5185 super
1259 5119 1442 5186 ripam
1472 5124 1729 5176 torrentis
1758 5124 1969 5191 Arnon,

282 5202 386 5251 etc.
417 5198 562 5261 Quia
609 5200 797 5254 omnis
848 5217 1092 5271 persona
1147 5205 1452 5274 cujuslibet
1487 5208 1781 5279 dignitatis
1826 5212 1975 5267 fastu

282 5284 566 5355 superbiae
605 5287 692 5340 vel
722 5304 933 5358 pompa
962 5292 1254 5347 conﬁdens
1274 5295 1586 5362 mundana,
1616 5313 1746 5351 cum
1776 5314 1976 5367 perse-

280 5373 571 5428 cutoribus
619 5375 719 5446 qui
766 5377 938 5432 variis
986 5380 1456 5438 tribulationibus
1484 5384 1833 5439 Christianos
1879 5402 1977 5440 an-

278 5461 563 5532 gustiant;
623 5479 803 5535 usque
847 5466 918 5521 ad
957 5466 1359 5525 haereticorum
1416 5473 1809 5542 conciliabula,
1874 5474 1976 5547 qui

282 5548 629 5605 testimoniis
697 5550 1122 5623 Scripturarum
1187 5556 1507 5628 depravatis
1542 5567 1741 5617 contra
1793 5563 1975 5619 Eccle-

2083 4421 2435 4476 contendunt
2451 4423 2691 4478 transire
2721 4429 2778 4478 et
2808 4424 2875 4478 ad
2899 4425 3143 4495 patriam
3175 4428 3487 4497 pervenire.

2152 4510 2314 4564 Vens.
2372 4513 2461 4566 28.
2520 4542 2588 4552 —
2645 4514 2883 4582 Praecipe
2934 4517 3111 4581 Iosue,
3160 4521 3247 4570 etc
3302 4517 3501 4587 Magna
3540 4516 3780 4588 dispen-

2082 4596 2304 4651 satione
2357 4598 2457 4654 Dei
2514 4598 2727 4653 factum
2782 4605 2886 4667 est,
2936 4617 3008 4655 ne
3054 4603 3250 4668 Moses,
3293 4604 3393 4675 qui
3458 4610 3546 4658 est
3608 4610 3780 4676 typus

2082 4683 2243 4754 legis,
2284 4684 2674 4741 introduceret
2701 4690 2981 4759 populum
3024 4689 3085 4743 in
3113 4695 3322 4745 terram
3359 4692 3774 4761 promissionis,

2082 4771 2221 4840 quia
2250 4771 2339 4826 lex
2372 4774 2663 4828 neminem
2717 4775 2787 4829 ad
2818 4776 3137 4846 perfectum
3172 4778 3441 4845 adduxit;
3473 4780 3643 4833 Josue
3685 4796 3783 4833 au-

2080 4863 2197 4914 tem
2224 4864 2391 4932 typus
2417 4862 2646 4929 Christi,
2680 4864 2780 4935 qui
2821 4866 3069 4920 salvator
3096 4866 3525 4938 interpretatur.
3584 4869 3779 4936 (Chri-

2082 4953 2201 5002 stus
2279 4949 2434 5005 enim
2483 4953 2766 5023 populum
2816 4969 2978 5007 suam
3038 4955 3311 5025 salvavit),
3378 4957 3782 5012 convenienter

2083 5037 2195 5092 dux
2216 5042 2273 5092 et
2302 5038 2567 5112 princeps
2584 5041 2643 5095 in
2669 5046 2880 5096 terram
2904 5043 3272 5113 promisionis
3301 5044 3635 5100 introduxit.

2758 5184 2983 5241 CAPUT
3026 5185 3113 5240 IV.

2154 5305 2314 5360 Vens.
2346 5310 2394 5362 l.
2429 5338 2498 5347 —
2527 5310 2600 5363 Et
2642 5324 2805 5377 nunc,
2832 5310 3024 5374 Israel,
3077 5310 3213 5364 audi
3236 5316 3509 5381 praecepta
3544 5315 3596 5365 et
3617 5312 3781 5381 judi-

2083 5394 2189 5446 cia.
2219 5393 2337 5450 Non
2363 5393 2598 5450 addetis.
2654 5397 2828 5452 Docet
2856 5413 3123 5452 normam
3180 5399 3489 5469 equitatis,
3542 5404 3601 5454 et
3655 5417 3779 5455 om-

2082 5493 2216 5532 nem
2272 5479 2539 5536 hmresim
2590 5483 2857 5553 percutit.
2893 5485 3058 5540 Vetat
3105 5484 3261 5540 enim
3303 5491 3471 5541 recte
3502 5485 3781 5543 doctrina

2081 5567 2299 5638 aliquid
2346 5585 2533 5640 prave
2566 5570 2877 5628 intentioni
2909 5572 3143 5639 addere,
3182 5572 3270 5631 vel
3303 5574 3523 5647 aliquid
3570 5577 3778 5632 verita-
