4038 6180
186 208 288 261 457

1360 202 1612 260 GLOSSA
1651 202 2055 259 ORDINARIA.
2096 232 2165 241 ——
2207 201 2340 257 LIB.
2386 201 2588 258 DEUT.

3593 211 3697 267 458

186 329 261 384 tis
287 329 661 384 subtrahere:
697 326 787 382 via
828 326 984 381 enim
1013 325 1173 397 regia
1209 325 1591 381 incedendum
1623 330 1728 392 est,
1768 340 1887 379 non
1916 329 1960 382 Α
2000 328 2136 379 Deus
2186 328 2308 379 tuus
2366 339 2506 379 unus
2556 328 2635 379 est
2690 324 2863 395 (Deut.
2924 326 3033 394 VI);
3091 331 3159 382 ut
3195 328 3304 383 hoc
3334 329 3549 386 scilicet
3590 350 3697 388 an-

191 417 261 471 ad
319 418 611 471 dexteram
658 416 746 469 vel
796 415 866 469 ad
905 415 1233 480 sinistram;
1294 414 1492 468 unde:
1544 415 1689 480 Quia
1734 418 1895 468 recte

189 509 294 561 viz
340 507 577 573 Domini,
611 510 661 559 et
698 506 844 574 justi
877 503 1231 557 ambulabunt
1259 505 1316 557 in
1356 504 1430 557 eis
1461 503 1603 571 (Ose.
1648 503 1775 570 xw}.
1809 500 1893 555 Si-

194 595 411 651 militer
457 595 540 648 ait
566 595 851 648 Joannes:
902 594 969 646 Si
996 594 1118 662 quis
1166 592 1480 661 apposuerit
1528 590 1602 644 ad
1632 591 1760 654 hac,
1794 606 1896 658 ap-

192 687 354 753 ponet
404 686 544 739 Deus
589 698 753 752 super
798 683 953 736 illum
997 681 1190 750 plagas
1228 682 1460 748 scriptas
1490 680 1549 732 in
1588 678 1727 733 libro
1755 680 1891 746 isto;

194 775 244 827 si
292 775 413 842 quis
453 773 792 838 diminuerit,
824 772 1035 837 auferet
1075 770 1220 823 Deus
1265 774 1483 838 partem
1511 767 1627 837 ejus
1659 767 1724 821 de
1762 767 1898 821 libro

192 864 322 917 vita:
350 863 545 932 (Apoc.
582 862 735 931 xxu).

267 952 436 1006 Vaas.
474 954 527 1004 ’7.
573 980 639 989 —
698 950 805 1005 Nec
858 950 937 1001 est
972 947 1106 1009 alia,
1140 948 1246 1000 etc.
1303 945 1427 999 Non
1468 946 1554 997 est
1580 942 1694 997 alia
1743 941 1900 995 natio

197 1046 314 1096 tam
346 1038 598 1111 grandis,
648 1036 944 1108 dignitate,
998 1035 1212 1089 scilicet
1259 1034 1563 1100 donorum,
1611 1048 1729 1086 non
1754 1031 1902 1085 mul-

195 1129 444 1184 titudine
492 1127 863 1199 populorum.
916 1124 1034 1179 Nec
1059 1123 1213 1177 enim
1259 1138 1399 1193 gens
1427 1121 1757 1176 Iudaeorum
1788 1136 1903 1173 nu-

200 1234 364 1273 mero
396 1216 661 1270 vincebat
690 1214 825 1268 alias
880 1218 1081 1284 gentes
1108 1216 1206 1266 aut
1232 1211 1511 1282 potentia,
1544 1210 1639 1264 sed
1672 1213 1903 1280 patrum

202 1304 583 1378 praerogativa
612 1307 672 1358 et
697 1301 1028 1374 dignatione
1058 1300 1272 1355 divina.

274 1396 438 1450 Vens.
470 1397 522 1449 9.
556 1422 626 1434 —
657 1393 784 1459 Quae
811 1391 1085 1444 viderunt.
1146 1390 1307 1442 Visus
1351 1388 1501 1442 inter
1549 1403 1747 1442 omnes
1771 1401 1906 1440 sen-

205 1502 301 1539 sus
324 1483 549 1537 obtinet
568 1479 951 1552 principatum
972 1496 984 1532 :
1009 1478 1135 1533 ideo
1157 1494 1260 1548 pro
1280 1476 1437 1530 omni
1463 1492 1630 1530 sensu
1650 1475 1903 1546 ponitur.

281 1575 446 1627 Vens.
503 1575 585 1625 16.
622 1600 689 1609 —
718 1568 998 1638 Sculptam
1036 1567 1465 1621 similitudinem.
1504 1566 1681 1634 (ADL,
1717 1567 1905 1633 quaest.

208 1663 241 1715 4
272 1665 332 1716 in
363 1660 539 1729 Deut.)
586 1658 846 1713 Forsitan
894 1657 983 1711 his
1013 1656 1234 1710 duobus
1263 1654 1550 1709 vocabulis
1584 1669 1756 1708 unam
1789 1667 1911 1706 rem

207 1747 574 1820 signiﬁcavit,
603 1750 746 1813 etc.,
786 1760 955 1815 usque
983 1744 1057 1798 ad
1090 1744 1239 1814 quod
1272 1744 1341 1797 de
1374 1742 1704 1797 hominibus
1735 1741 1911 1797 usita-

202 1843 333 1893 tum
363 1841 464 1891 est.

282 1928 444 1980 Vens.
479 1927 563 1979 18.
596 1955 662 1962 -
696 1923 804 1988 Qui
831 1920 950 1977 sub.
1006 1921 1196 1986 (Auc.,
1235 1924 1425 1989 quaest.
1460 1918 1538 1987 ὅ.)
1582 1918 1670 1971 An
1701 1930 1913 1986 aquam

204 2022 425 2071 terram
472 2012 717 2082 intelligi
764 2011 962 2075 voluit,
1015 2015 1143 2077 etc.,
1202 2024 1369 2077 usque
1416 2007 1491 2062 ad
1532 2012 1588 2061 et
1641 2004 1915 2059 animalia

202 2110 439 2160 terrena
467 2103 677 2158 habere
708 2117 820 2154 non
847 2103 1059 2170 posset.

283 2195 449 2248 Vens.
505 2194 589 2247 19.
648 2221 713 2230 -
764 2190 895 2255 Quae
940 2188 1166 2242 creavit.
1212 2185 1396 2255 (Ana,
1428 2188 1617 2254 quaest.
1663 2181 1741 2253 6.)
1791 2181 1915 2236 Non

205 2286 290 2339 ita
322 2283 540 2338 dictum
566 2284 668 2342 est,
705 2283 834 2343 elc.,
894 2292 1063 2346 usque
1109 2275 1182 2330 ad
1211 2274 1309 2328 sed
1340 2290 1457 2328 non
1496 2274 1712 2327 cultum
1743 2286 1917 2341 quem

215 2373 431 2427 habent
458 2370 583 2424 alia:
612 2372 832 2439 gentes.

290 2462 461 2515 Vens.
493 2460 582 2513 23.
621 2487 688 2497 —
720 2456 999 2524 Sculptam
1044 2450 1476 2507 similitudinem.
1531 2450 1723 2519 (AUG.,
1752 2463 1805 2516 q.
1836 2445 1915 2516 7.)

219 2551 319 2606 [lic
350 2546 695 2621 generaliter
738 2545 980 2614 loquens
1030 2540 1460 2595 similitudinem
1508 2537 1715 2610 posuit,
1773 2536 1919 2589 ima-

214 2636 415 2706 ginem
446 2631 643 2697 tacuit,
676 2629 812 2700 quia
842 2626 889 2680 si
918 2626 993 2709 sit
1024 2625 1183 2680 nulla
1202 2624 1539 2689 similitudo,
1572 2638 1675 2677 nec
1706 2621 1915 2691 imago.

286 2725 456 2776 Vens.
504 2723 593 2775 26.
647 2748 712 2757 —
746 2716 949 2771 Testes
978 2718 1162 2769 invoco
1193 2713 1350 2767 hodie
1381 2713 1588 2775 calum,
1621 2715 1725 2765 etc.
1760 2715 1920 2761 Μετο-

212 2819 443 2885 νυμιχῶς
472 2826 577 2880 per
628 2808 684 2862 id
714 2805 870 2878 quod
904 2805 1155 2859 continet
1202 2802 1255 2856 id
1290 2801 1441 2872 quod
1488 2800 1813 2855 continetur
1841 2797 1919 2852 si-

216 2898 455 2970 gnificat

287 2988 455 3041 Vaas.
486 2987 574 3039 30.
608 3013 679 3025 -—-
708 2982 1009 3038 Novissima
1041 2982 1237 3032 autem.
1272 2975 1713 3032 Conversionem
1744 2974 1919 3027 Israe-

210 3076 285 3131 lis
314 3075 389 3129 ad
417 3073 592 3127 ﬁdem
636 3068 841 3125 Christi
869 3065 1238 3138 praznuntiat,
1284 3069 1350 3118 ut
1380 3067 1683 3134 postquam
1730 3060 1917 3133 pleni-

213 3166 360 3220 tudo
389 3161 650 3235 gentium
679 3156 995 3224 intraverit,
1028 3154 1215 3210 omnis
1246 3154 1416 3207 Israel
1442 3154 1627 3206 salvus
1657 3151 1774 3205 ﬁat.

289 3254 455 3307 Vsus.
492 3253 578 3305 32.
611 3278 680 3289 —
727 3249 777 3301 Α
811 3260 1014 3301 summo
1061 3244 1202 3298 casto.
1234 3242 1418 3312 (Ana,
1454 3245 1642 3310 quasi.
1688 3240 1775 3309 8.)
1810 3239 1921 3293 Cur

214 3358 339 3397 non
372 3338 580 3396 dixerit
625 3336 887 3391 similiter
916 3349 950 3387 a
977 3348 1202 3386 summo
1248 3335 1436 3394 terrae,
1481 3334 1611 3392 etc.,
1651 3343 1819 3397 usque
1849 3326 1923 3381 ad

214 3447 355 3486 cum
381 3430 491 3485 hoc
518 3428 587 3484 de
635 3423 943 3481 novissima
985 3422 1298 3475 electorum
1344 3418 1789 3490 congregatione
1829 3416 1961 3472 diu

214 3525 404 3575 catur.

910 3580 1135 3637 CAPUT
1172 3580 1243 3635 V.

298 3697 460 3750 Vens.
516 3697 563 3748 1.
596 3720 666 3734 --
722 3687 895 3754 Audi,
951 3685 1148 3754 Israel,
1204 3688 1313 3739 etc.
1361 3682 1550 3754 (Ana,
1584 3686 1772 3752 quaest.
1805 3684 1835 3737 9
1867 3683 1926 3736 in

222 3784 406 3854 Deut.)
440 3785 526 3837 An
557 3780 688 3835 ideo
731 3778 948 3832 dictum
993 3779 1095 3842 est,
1147 3778 1278 3843 etc.,
1322 3788 1491 3842 usque
1517 3772 1592 3826 ad
1623 3776 1679 3826 et
1711 3771 1923 3839 videre,

222 3877 285 3925 et
314 3870 530 3932 audire,
566 3873 624 3922 et
649 3864 931 3921 memoria
957 3863 1205 3917 retinere
1223 3862 1253 3916 ?

302 3961 459 4015 Vens.
505 3958 559 4012 4.
620 3986 691 3997 -
735 3957 894 4010 Facie
946 3951 1020 4007 ad
1064 3953 1282 4018 faciem,
1340 3952 1444 4004 etc.
1506 3949 1691 4018 (Anc)
1750 3946 1926 4002 Paulo

225 4054 361 4104 ante
411 4048 721 4103 admonere
764 4042 999 4108 curavit,
1049 4044 1180 4109 etc.,
1224 4053 1392 4108 usque
1420 4037 1495 4092 ad
1520 4036 1780 4109 quamvis
1822 4035 1926 4090 ali-

224 4137 331 4208 qui
360 4136 467 4190 hoc
500 4130 875 4204 speraverint.

2003 413 2184 483 diens,
2217 429 2395 467 unum
2445 414 2625 467 Deum
2658 415 2885 467 Patrem
2928 415 3100 482 colas,
3150 433 3268 471 non
3316 420 3524 474 multos
3567 422 3701 477 deos

2002 501 2295 572 suscipias.
2327 501 2651 556 Secundum
2700 502 2954 572 pertinet
2985 504 3055 557 ad
3108 505 3336 575 Filium,
3368 507 3437 561 de
3467 525 3580 581 quo
3610 510 3703 565 hic

2004 590 2241 645 dicitur:
2300 592 2420 645 Non
2464 605 2702 645 assumes
2757 606 2947 646 nomen
2998 596 3092 647 Dei
3147 596 3231 648 tui
3268 598 3325 649 in
3371 612 3591 666 vanum,
3644 599 3704 654 id

2004 683 2109 745 est,
2150 694 2265 731 non
2304 677 2547 731 aestimes
2577 682 2899 733 creaturam
2944 695 3066 733 esse
3098 682 3194 736 Dei
3226 682 3451 738 Filium.
3503 686 3703 741 Omnis

2006 766 2163 821 enim
2207 771 2468 820 creatura
2498 767 2752 837 subjecta
2785 771 2870 822 est
2902 770 3160 835 vanitati,
3210 771 3306 826 sed
3332 773 3528 827 credas
3572 791 3706 830 eum

2007 856 2285 925 aequalem
2320 854 2493 923 Patri,
2530 856 2707 909 Deum
2757 856 3014 925 deorum,
3063 859 3243 913 Deum
3294 862 3447 931 apud
3502 864 3705 932 Deum,

2006 958 2110 1013 per
2149 958 2333 1029 quem
2369 942 2565 996 omnia
2610 943 2756 997 facta
2806 949 2957 1000 sunt.
3009 946 3267 1000 Tertium
3299 950 3369 1001 ad
3407 948 3706 1019 Spiritum,

2008 1032 2171 1101 cujus
2217 1031 2368 1085 dono
2408 1031 2635 1102 requies
2678 1034 2891 1085 azterna
2938 1034 3335 1103 promittitur:
3378 1038 3512 1108 quia
3555 1041 3708 1094 enim

2010 1120 2256 1191 Spiritus
2302 1125 2530 1174 sanctus
2582 1120 2790 1175 dicitur
2844 1121 3209 1191 septiformis,
3242 1124 3369 1179 ideo
3398 1127 3710 1196 septimum

2012 1209 2164 1264 diem
2197 1207 2568 1263 sanctiﬁcavit
2600 1210 2766 1263 Deus.
2801 1211 2863 1263 In
2900 1209 3027 1264 aliis
3056 1211 3213 1266 enim
3241 1212 3442 1268 diebus
3470 1231 3709 1287 operum

2014 1295 2384 1350 sanctiﬁcatio
2433 1312 2549 1350 non
2596 1297 2945 1365 nominatur,
2978 1298 3087 1353 nisi
3133 1300 3193 1355 in
3223 1302 3478 1370 sabbato,
3510 1304 3570 1358 in
3597 1322 3712 1376 quo

2013 1384 2299 1454 requievit
2354 1386 2522 1439 Deus.
2577 1385 2744 1440 Recte
2777 1401 2914 1457 ergo
2943 1388 3052 1441 hoc
3100 1391 3435 1446 mandatum
3469 1395 3716 1464 pertinet

2017 1472 2089 1527 ad
2119 1473 2437 1542 Spiritum:
2485 1478 2607 1526 tum
2654 1478 2890 1544 propter
2946 1475 3407 1533 sanctiﬁcationis
3462 1498 3711 1549 nomen;

2018 1566 2140 1615 tum
2195 1566 2429 1632 propter
2485 1566 2759 1616 aeternam
2811 1562 3092 1633 requiem,
3149 1567 3219 1619 ad
3272 1567 3491 1622 donum
3537 1573 3717 1625 sancti

2019 1649 2285 1725 Spiritus
2316 1650 2722 1721 pertinentem.
2782 1650 2998 1705 Dicitur
3026 1653 3182 1707 enim
3226 1654 3340 1709 sic:
3374 1659 3631 1713 Memento
3656 1666 3720 1714 ut

2019 1737 2161 1792 diem
2207 1738 2425 1792 sabbati
2461 1740 2803 1806 sancti/tces:
2851 1754 2947 1793 sea:
2990 1740 3178 1796 diebus
3229 1745 3555 1813 operaberis,
3609 1752 3714 1801 etc.

2019 1827 2083 1880 In
2113 1843 2284 1897 opere
2314 1844 2407 1881 sex
2440 1827 2686 1895 dierum,
2719 1832 2843 1891 etc.,
2877 1829 3103 1884 videtur
3131 1847 3226 1885 sex
3254 1832 3501 1888 millium
3531 1849 3719 1889 anno-

2021 1932 2150 1969 rum
2203 1915 2459 1985 operatio
2517 1916 2755 1986 signari,
2803 1917 2866 1971 in
2912 1918 3157 1988 septimo
3210 1924 3439 1991 tempus
3492 1927 3721 1978 aeterna:

2022 2003 2254 2075 quietis,
2286 2004 2345 2058 in
2397 2021 2510 2075 quo
2539 2010 2671 2074 post
2727 2005 2877 2060 bona
2907 2022 3080 2077 opera
3109 2008 3273 2078 quies
3320 2017 3536 2066 aeterna
3579 2027 3723 2081 pro—

2022 2091 2290 2146 mittitur.
2333 2092 2619 2163 Quidquid
2650 2109 2786 2163 ergo
2835 2093 3081 2164 agimus,
3115 2096 3160 2149 si
3206 2102 3441 2168 propter
3469 2099 3722 2155 futuram

2022 2180 2283 2251 requiem
2313 2181 2569 2245 facimus,
2613 2181 2913 2236 sabbatum
2945 2182 3329 2240 observamus.

2095 2271 2256 2325 Vens.
2296 2272 2386 2324 16.
2420 2299 2490 2310 -
2539 2271 2753 2324 Honora
2793 2275 3009 2339 patrem
3041 2276 3192 2327 tuum
3229 2279 3280 2328 et
3304 2280 3546 2332 matrem.
3586 2280 3726 2333 sicut

2018 2360 2276 2428 pracepit
2298 2358 2415 2412 tibi.
2443 2360 2573 2412 Post
2593 2358 2698 2412 tria
2720 2364 3007 2429 praecepta
3029 2362 3340 2417 succedunt
3360 2370 3578 2435 septem
3595 2384 3724 2438 quas

2027 2445 2095 2499 ad
2125 2445 2451 2516 proximum
2471 2447 2778 2517 pertinent.
2812 2448 2967 2503 Inter
2994 2453 3213 2519 septem
3234 2451 3507 2520 primum,
3539 2456 3635 2510 sed
3664 2456 3725 2510 in

2027 2534 2227 2588 ordine
2249 2534 2509 2588 omnium
2531 2540 2802 2605 quartum
2822 2541 2935 2591 cst:
2959 2539 3175 2592 Honora
3190 2544 3403 2608 patrem
3419 2546 3590 2603 tuum,
3614 2549 3723 2597 etc.

2026 2625 2071 2675 Α
2098 2622 2432 2692 parentibus
2484 2622 2638 2676 enim
2696 2624 2871 2677 homo
2902 2624 3096 2678 oculos
3146 2626 3349 2697 aperit,
3378 2633 3435 2683 et
3464 2629 3578 2685 vita
3604 2631 3727 2685 haec

2026 2710 2097 2764 ab
2153 2726 2353 2765 eorum
2422 2711 2722 2766 dilectione
2780 2713 3082 2768 exordium
3139 2716 3357 2770 sumit:
3412 2718 3563 2773 unde
3620 2720 3728 2774 hoc

2026 2799 2383 2866 mandatum,
2439 2799 2752 2855 maximum
2792 2806 2847 2856 et
2894 2802 3148 2872 primum
3191 2804 3402 2860 dicitur
3447 2807 3507 2861 in
3551 2809 3730 2863 altera

1950 2897 1991 2954 ο
2030 2888 2244 2943 scilicet
2288 2887 2502 2942 tabula.
2561 2888 2837 2943 Jubemnr
2878 2906 3016 2960 ergo
3047 2895 3314 2961 parentes
3342 2894 3649 2965 honorare,
3677 2903 3734 2952 et

2028 2977 2282 3031 ofﬁcium
2329 2976 2556 3047 pietatis
2610 2981 2668 3032 et
2721 2978 3102 3033 reverentiam
3157 2980 3239 3035 eis
3285 2983 3596 3053 exhibere;
3628 2987 3730 3058 qui

2028 3064 2185 3119 enim
2233 3065 2341 3118 hoc
2414 3066 2747 3136 parentibus
2826 3083 2940 3121 non
2992 3067 3144 3136 facit,
3222 3072 3513 3140 quomodo
3567 3074 3734 3130 faciet

2029 3153 2197 3208 aliis?
2228 3152 2541 3218 Quintum:
2578 3157 2697 3211 Non
2736 3156 3101 3212 maechaberis.
3137 3158 3198 3212 Id
3233 3164 3320 3214 est
3348 3166 3558 3231 praeter
3587 3164 3733 3233 legi—

2029 3242 2231 3297 timam
2275 3258 2509 3296 uxorem
2544 3242 2690 3297 nulli
2738 3244 3083 3299 misceberis.
3127 3246 3395 3303 Sextum:
3429 3251 3548 3306 Non
3592 3255 3733 3308 occi-

2030 3330 2145 3386 des.
2180 3330 2401 3385 Occidit
2454 3330 2628 3386 etiam
2657 3331 2757 3404 qui
2786 3332 2938 3387 fame
2968 3334 3056 3388 vel
3107 3335 3363 3390 nuditate
3405 3337 3735 3408 proximum

2030 3418 2182 3473 mori
2223 3418 2397 3487 videt,
2444 3436 2548 3474 nec
2586 3421 2851 3475 subvenit
2878 3422 2940 3475 in
2981 3428 3261 3493 quantum
3311 3431 3517 3496 potest.
3551 3427 3734 3499 Septi-

2031 3522 2230 3562 mum:
2262 3509 2381 3565 Non
2425 3510 2637 3575 furtum
2678 3511 2866 3576 facies.
2919 3511 2982 3564 In
3023 3526 3138 3581 quo
3188 3528 3421 3567 omnem
3471 3515 3735 3585 rapinam

2031 3596 2318 3667 prohibet.
2363 3598 2673 3653 Octavum:
2722 3600 2844 3655 Non
2897 3600 3103 3666 falsum
3147 3604 3514 3658 testimonium
3561 3605 3732 3660 dices.

2036 3686 2266 3740 Crimen
2311 3685 2596 3740 mendacii
2644 3691 2700 3739 et
2742 3687 3007 3741 falsitatis
3048 3688 3431 3745 abominetur.
3469 3693 3733 3749 Nonum:

2034 3774 2154 3830 Non
2207 3774 2543 3841 concupisces
2596 3789 2823 3829 umorem
2868 3777 3119 3843 promimi
3165 3780 3269 3831 tui.
3313 3778 3377 3832 In
3420 3796 3534 3851 quo
3566 3781 3739 3836 etiam

2034 3860 2418 3915 adulterinam
2515 3861 2919 3931 cogitationem
2994 3861 3301 3918 interdicit.
3392 3866 3737 3923 Decimum:

2035 3951 2157 4008 Non
2215 3951 2553 4018 concupisces
2626 3965 2739 4003 rem
2801 3952 3047 4018 promimi
3106 3953 3190 4005 tui
3242 3953 3307 4006 In
3382 3970 3498 4025 quo
3557 3957 3738 4012 ambi-

2036 4039 2254 4094 tionem
2308 4043 2364 4092 et
2406 4037 2928 4108 concupiscentiam
2978 4041 3244 4110 percutit.
3302 4042 3560 4099 Primum
3603 4062 3740 4117 ergo

2040 4125 2304 4197 prohibet
2329 4124 2754 4195 subreptionem
2779 4142 2793 4192 ;
2822 4127 3162 4194 secundum,
3196 4144 3447 4185 errorem
3471 4149 3485 4199 ;
3510 4134 3742 4188 tertium

303 4225 462 4278 Veas.
498 4226 548 4277 5.
574 4253 641 4261 —
667 4222 821 4275 Inter
838 4232 930 4273 vos
957 4220 1009 4270 et
1038 4218 1204 4271 Deum
1256 4214 1390 4285 (10.,
1422 4216 1609 4283 quasi.
1649 4212 1760 4281 l0.)
1781 4212 1926 4265 Tan-
1961 4227 2009 4282 ι)
2045 4214 2238 4269 saeculi
2266 4230 2558 4281 amorem;
2586 4219 2878 4285 quartum,
2909 4214 3298 4288 impietatem;
3319 4220 3611 4290 quintum,
3634 4224 3743 4278 for-

226 4329 408 4385 quam
440 4311 714 4366 Dominus
749 4312 900 4363 esset
938 4306 999 4360 in
1029 4306 1173 4371 loco,
1216 4308 1347 4371 etc.,
1399 4317 1569 4371 usque
1598 4301 1673 4355 ad
1698 4300 1937 4354 audiens

226 4403 303 4457 de
333 4401 524 4456 medio
553 4398 705 4471 ignis
745 4411 943 4451 vocem
991 4393 1089 4448 Dei
1123 4390 1363 4447 dicentis
1405 4391 1740 4461 decalogum
1770 4388 1933 4459 legis.

304 4492 469 4544 νεεδ.
504 4493 555 4545 9.
595 4518 664 4527 --
713 4486 957 4542 Reddens
1003 4485 1368 4551 iniquitatem,
1420 4483 1526 4534 etc.
1574 4478 1756 4549 (1511).)
1794 4478 1939 4533 Sunt

228 4580 338 4653 qui
365 4580 445 4633 ita
486 4577 821 4642 edisserant,
851 4579 983 4640 etc.,
1015 4586 1184 4641 usque
1212 4570 1286 4624 ad
1328 4569 1427 4624 sed
1466 4568 1809 4623 sententiam
1840 4566 1938 4621 diu

230 4668 482 4724 differat.

304 4758 410 4812 His
469 4757 566 4825 qui
616 4752 843 4807 oderunt
889 4766 991 4816 me,
1040 4753 1091 4803 et
1146 4748 1353 4815 faciens
1403 4744 1835 4799 misericordiam
1882 4744 1942 4797 in

230 4847 413 4902 multa
449 4844 627 4898 millia
651 4840 1003 4909 diligentibus
1028 4853 1130 4899 me,
1162 4840 1268 4890 etc.
1302 4833 1405 4891 His
1429 4833 1664 4902 scilicet,
1693 4832 1793 4903 qui
1822 4832 1941 4886 haz-

232 4933 511 4990 reditaria
540 4930 834 5001 impietate
863 4926 1169 4981 Dominum
1196 4923 1463 4978 oderunt.
1497 4923 1832 4976 Perversum
1859 4924 1946 4974 est

238 5024 398 5079 enim
445 5025 677 5092 peccata
723 5022 949 5088 patrum
989 5013 1124 5069 ﬁliis
1171 5028 1288 5067 non
1342 5009 1707 5083 peccantibus
1754 5009 1948 5080 impu-

240 5112 372 5179 tari,
404 5126 535 5165 cum
568 5124 667 5179 per
696 5104 1047 5159 Ezechielem
1092 5102 1308 5157 dictum
1340 5100 1451 5154 sit:
1482 5100 1655 5154 Filius
1682 5114 1789 5152 non
1823 5114 1948 5168 por-

242 5203 384 5258 tabit
411 5201 781 5269 iniquitatem,
814 5198 918 5249 etc.
947 5192 1166 5264 (Ezech.
1198 5192 1376 5261 xvm).

310 5292 478 5346 Vens.
542 5290 626 5341 11.
683 5313 756 5325 -
806 5285 922 5340 Non
976 5279 1275 5350 usurpabis
1332 5293 1522 5333 nomen
1574 5277 1791 5331 Domini
1846 5276 1951 5331 Dei

240 5383 481 5448 frustra,
530 5381 638 5430 etc.
671 5373 928 5428 Primum
973 5369 1307 5425 mandatum
1336 5366 1409 5421 ad
1442 5367 1670 5421 Patrem
1702 5362 1952 5435 pertinet

242 5469 401 5543 quod
448 5464 660 5543 dicitur
691 5462 751 5516 in
784 5458 1155 5543 sequentibus
1191 5475 1203 5512 :
1236 5456 1408 5521 Audi,
1455 5455 1650 5523 Israel,
1699 5455 1950 5507 Dominus

564 5537 841 5601 PATROL.
865 5531 1079 5597 'CXIII

2045 4303 2431 4371 nicationem;
2465 4307 2708 4372 sextum,
2738 4304 3136 4360 crudelitatem
3160 4323 3174 4373 ;
3196 4308 3527 4380 septimum,
3580 4328 3745 4383 rapa-

2045 4393 2616 4459 citatem;octavum,
2668 4391 3015 4460 falsitatem;
3048 4410 3291 4461 nonum,
3337 4396 3746 4468 cogitationem

2047 4480 2355 4550 adulterii;
2406 4480 2713 4548 decimum,
2761 4481 3137 4553 cupiditatem
3165 4485 3386 4541 mundi.
3430 4487 3496 4540 Et
3540 4491 3746 4541 notan-

2049 4570 2211 4638 dum,
2264 4570 2418 4641 quod
2461 4569 2607 4624 sicut
2653 4570 2849 4625 decem
2908 4571 3093 4642 plagis
3132 4572 3532 4642 percutiuntur
3581 4578 3747 4647 Egy-

2048 4657 2174 4729 ptii,
2228 4657 2307 4711 sic
2358 4657 2554 4712 decem
2606 4659 2909 4729 praeceptis
2965 4659 3186 4730 regitur
3231 4662 3476 4731 populus
3524 4663 3645 4729 Dei,
3695 4670 3752 4719 et

2050 4747 2344 4801 daemones
2374 4745 2730 4801 occiduntur.

2122 4835 2289 4888 Vens.
2326 4836 2413 4888 22.
2467 4864 2532 4873 —
2557 4833 2625 4889 In
2654 4835 2866 4890 duabus
2929 4836 3130 4892 tabulis
3179 4838 3413 4908 lapideis
3457 4855 3596 4907 quas
3628 4844 3753 4896 tra-

2051 4922 2199 4977 didit
2224 4924 2379 4976 mihi.
2412 4922 2590 4993 (Ism.)
2622 4924 2744 4977 Duo
2773 4925 3148 4991 Testamenta,
3173 4932 3306 4994 etc.,
3334 4942 3504 4995 usque
3523 4929 3599 4983 ad
3627 4946 3752 4985 sen-

2052 5010 2216 5066 sibile
2247 5010 2461 5065 scilicet
2486 5015 2542 5065 et
2572 5011 2957 5081 intelligibile.

2126 5099 2292 5153 Vens.
2348 5101 2430 5153 29.
2478 5128 2548 5138 --
2581 5099 2711 5165 Quis
2764 5099 2855 5153 det
2902 5101 3061 5153 talem
3106 5116 3193 5156 eos
3236 5103 3432 5159 habere
3485 5111 3756 5165 mentem?

2057 5187 2188 5241 Vult
2239 5188 2386 5240 Deus
2438 5186 2684 5256 intelligi
2728 5186 2910 5256 gratia
2968 5204 3069 5241 sua
3102 5187 3208 5243 hoc
3238 5190 3581 5248 beneﬁcium
3621 5211 3756 5250 con-

2059 5273 2203 5339 cedi,
2261 5278 2325 5328 ut
2378 5272 2439 5327 in
2496 5274 2764 5327 omnibus
2814 5273 2888 5328 sit
2929 5274 3151 5346 justitia
3202 5279 3303 5334 Dei
3350 5297 3413 5335 ex
3464 5283 3598 5349 ﬁde,
3644 5300 3761 5339 non

2062 5361 2225 5433 quasi
2275 5362 2508 5433 propria
2536 5378 2601 5416 ex
2632 5362 2779 5433 lege,
2834 5364 3023 5419 unde:
3072 5370 3341 5434 Auferam
3374 5372 3456 5424 eis
3478 5387 3567 5425 cor
3614 5373 3762 5441 lapi-

2059 5450 2238 5517 deum,
2297 5454 2346 5503 et
2405 5450 2542 5503 dabo
2585 5466 2675 5504 cor
2724 5468 2971 5506 carneum
3032 5457 3242 5523 {Ezecla
3303 5473 3505 5527 xxxvn),
3559 5461 3617 5515 id
3657 5468 3763 5531 est,
