3976 6178
348 232 452 288 459

972 233 1367 290 WALAFRIDI
1407 235 1654 290 STRABI
1696 234 1898 290 FULD.
1943 235 2109 292 MON.
2149 235 2301 292 OPP.
2346 237 2522 292 PARS
2563 237 2604 292 Ι.
2644 267 2713 275 -
2752 237 3203 294 THEOLOGICA.
3703 250 3796 305 460

350 359 660 422 sensatum,
694 371 826 410 caro
862 355 1013 410 enim
1064 372 1294 410 sensum
1343 356 1532 424 habet,
1583 356 1727 428 lapis
1756 373 1888 412 vero
1923 375 2041 412 non
2077 359 2122 413 A
2153 359 2434 414 bustiores
2479 359 2612 426 sint,
2664 359 2724 413 in
2775 359 3084 413 tentatione
3114 361 3415 417 sentimus:
3446 365 3633 421 fortius
3661 371 3799 424 enim

349 445 554 511 habet;
609 449 665 499 et
722 445 892 500 alibi:
957 445 1180 501 Idoneos
1227 461 1322 500 nos
1389 448 1521 512 fecit
1574 449 1852 502 ministros
1911 449 2048 504 Novi

354 537 695 600 Testamenti,
723 550 829 589 non
860 534 1046 590 littera
1073 534 1168 588 sed
1192 536 1421 602 spiritu.

1014 623 1239 678 CAPUT
1280 623 1374 678 VI.

419 711 578 765 Vens.
714 740 782 750 --
813 712 1012 778 Diliges
1061 713 1361 766 Dominum.
1422 713 1618 782 (Ace.,
1652 711 1752 766 lib.
1786 728 1802 764 ι
1833 712 1898 766 de
1926 713 2044 766 Do-

348 802 525 854 ctrina
578 800 912 867 Christiana,
963 816 1010 854 c.
1047 802 1136 867 26,
1170 802 1257 866 27,
1298 801 1411 861 28.)
1465 799 1724 853 Charitas
1777 816 1894 854 non
1941 817 2042 854 au-

345 888 578 953 feretur,
627 892 757 956 etc.,
787 903 957 962 usque
984 888 1058 942 ad
1087 888 1186 959 qui
1217 905 1320 960 pro
1347 890 1601 942 locorum
1633 894 1690 942 et
1717 893 2044 960 temporum

345 976 430 1029 vel
485 976 871 1046 quarumlibet
922 988 1116 1031 rerum
1173 976 1602 1048 opportunitate
1646 977 1828 1048 magis
1877 977 2044 1030 nobis

347 1065 636 1136 conjuncti
665 1071 818 1120 sunt.

413 1155 634 1221 (Gnec.,
685 1155 786 1210 lib.
843 1172 918 1210 vn
992 1157 1211 1223 Moral.,
1268 1171 1391 1225 cap.
1450 1155 1557 1225 t0.)
1606 1156 1812 1224 Diliges
1859 1157 2043 1210 Domi-

342 1265 471 1304 num
529 1252 706 1306 Deum
763 1255 936 1321 tuum,
989 1257 1100 1306 etc.
1165 1253 1269 1306 Per
1315 1267 1572 1305 amorem
1631 1251 1729 1306 Dei
1784 1252 2045 1323 gignitur

342 1355 506 1394 amor
556 1341 826 1411 proximi,
868 1345 1000 1409 etc.,
1053 1357 1222 1410 usque
1275 1340 1350 1395 ad
1397 1340 1454 1394 in
1504 1341 1669 1394 bonis
1721 1341 1874 1396 enim
1927 1358 2041 1395 non

343 1429 666 1498 agnoscitur
711 1431 946 1497 amicus,
979 1434 1035 1483 et
1068 1430 1128 1484 in
1169 1430 1334 1483 malis
1364 1445 1481 1483 non
1531 1430 1900 1484 absconditur
1930 1430 2040 1484 ini-

343 1533 544 1573 micus.

2158 451 2366 504 militat
2397 451 2457 504 in
2490 451 2758 505 membris
2795 450 3002 505 nostris
3052 453 3356 506 carnalium
3402 455 3675 512 delectatio
3700 479 3806 530 pas-

2156 539 2408 606 sionum,
2456 555 2630 611 quam
2664 539 2853 593 studia
2899 538 3195 606 virtutum,
3245 557 3369 611 qua:
3411 559 3619 599 summa
3645 550 3804 603 cordis

2155 633 2212 682 et
2272 628 2528 698 corporis
2583 628 2922 682 contritione
2985 627 3374 699 acquiruntur.
3436 632 3632 687 Harum
3681 652 3802 704 gen-

2153 715 2298 769 tium
2329 717 2591 786 regiones
2643 716 3025 786 possidemus,
3073 733 3200 771 cum
3246 718 3462 772 Israelis
3490 723 3730 789 exercitu,
3755 725 3802 779 id

2155 809 2239 857 est
2293 804 2597 858 virtutibus
2652 804 2792 859 vitia
2840 821 3194 876 superamus.
3228 806 3297 860 Ut
3336 806 3394 860 in
3431 808 3587 863 corde
3634 817 3802 865 nostro

2153 893 2343 946 locum
2390 893 2782 948 fornicationis
2837 894 3064 947 castitas
3121 894 3407 961 obtineat;
3459 896 3629 951 locum
3665 899 3796 952 turo-

2152 982 2252 1050 ris,
2287 982 2557 1053 patientia
2584 1002 2598 1049 ;
2629 983 2817 1036 locum
2851 983 3119 1049 tristitiae,
3153 984 3411 1037 salutaris
3438 984 3657 1052 laetitia;
3688 1003 3793 1040 ace-

2155 1070 2260 1124 :lize
2286 1071 2473 1125 locum
2508 1071 2718 1126 incolat
2763 1071 3076 1139 fortitudo;
3113 1072 3296 1126 locum
3328 1073 3612 1143 superbiai,
3639 1074 3794 1128 humi-

2152 1159 2300 1225 litas,
2334 1161 2412 1214 sic
2441 1161 2683 1231 singulis
2728 1161 2880 1215 vitiis
2925 1160 3176 1232 expulsis
3207 1161 3325 1215 loco
3373 1177 3561 1215 eorum
3586 1167 3786 1233 regnent

2150 1248 2258 1304 ﬁlii
2290 1249 2476 1314 Israel,
2523 1249 2582 1303 id
2621 1253 2724 1314 est,
2756 1249 2964 1304 animas
3014 1251 3194 1304 Deum
3225 1250 3496 1304 videntes.
3534 1250 3651 1304 Cum
3675 1267 3784 1304 vero

2150 1338 2391 1392 Abrahae
2431 1337 2500 1392 de
2529 1338 2736 1392 futuris
2784 1338 3118 1409 loqueretur
3156 1338 3323 1403 Deus,
3358 1353 3471 1390 non
3499 1341 3685 1406 septem
3705 1337 3792 1390 sed

2151 1427 2347 1481 decem
2384 1431 2581 1495 gentes
2628 1443 2957 1481 numerasse
3005 1427 3238 1498 legitur,
3286 1442 3526 1497 quorum
3567 1431 3700 1480 terra
3724 1442 3797 1480 se-

2152 1516 2296 1569 mini
2354 1516 2478 1586 ejus
2530 1515 2904 1586 promittitur,
2963 1515 3196 1586 abjectis
3249 1514 3454 1567 scilicet
3506 1513 3800 1567 idololatriis

422 1609 682 1680 'l‘riplicis
734 1614 955 1662 naturae
986 1611 1070 1661 est
1124 1606 1349 1661 anima:
1390 1607 1517 1661 ideo
1541 1606 1776 1676 jubetur
1801 1604 2040 1675 diligere
2078 1643 2120 1698 B
2151 1605 2427 1674 gentium,
2483 1604 2837 1674 blasphemia
2890 1604 3242 1665 Judazorum,
3300 1619 3486 1656 errore
3542 1601 3802 1655 haeretico-

341 1700 659 1772 tripliciter.
711 1698 836 1751 Non
866 1697 982 1750 vult
1030 1697 1179 1750 Deus
1221 1712 1475 1750 amorem
1505 1711 1673 1749 suum
1722 1693 1944 1765 partiri,
1977 1699 2040 1747 ut

343 1788 510 1843 simul
562 1787 870 1856 diligamus
916 1786 1120 1852 Deum,
1173 1789 1230 1838 et
1271 1800 1498 1850 aurum,
1532 1785 1616 1838 vel
1662 1799 1918 1850 uxorem,
1949 1781 2037 1834 vel

342 1877 508 1932 ﬁlios.
567 1876 742 1930 Nemo
783 1877 962 1943 potest
1025 1872 1231 1926 duobus
1287 1872 1522 1927 dominis
1571 1873 1771 1926 servire
1819 1871 2034 1941 (Matth.

343 1967 440 2036 νι),
476 1965 595 2035 ipse
627 1979 798 2034 super
829 1961 1022 2016 omnia
1063 1961 1405 2032 diligendus,
1463 1962 1585 2032 ejus
1634 1960 1860 2014 dilectio
1891 1975 2036 2029 prte-

339 2052 590 2124 ponitur.

407 2143 567 2195 Vens.
599 2143 653 2194 8.
688 2168 750 2179 —
781 2140 854 2194 Et
897 2137 1094 2204 ligabis
1121 2153 1184 2192 ea
1213 2140 1374 2208 quasi
1401 2139 1633 2205 signum.
1688 2136 1808 2190 Hoc
1836 2135 2033 2190 Phari-

337 2229 436 2283 seei
463 2229 613 2282 male
664 2227 1123 2297 interpretantes,
1151 2225 1208 2279 in
1243 2225 1656 2279 membranulis
1694 2225 2032 2295 decalogum

335 2319 417 2388 (id
447 2322 550 2381 est,
583 2316 780 2370 decem
829 2314 1021 2384 verba)
1071 2314 1414 2379 scribebant,
1447 2317 1505 2367 et
1534 2313 1710 2382 ligata
1755 2313 1814 2365 in
1847 2313 2033 2365 fronte

332 2406 654 2477 portabant.
706 2403 870 2468 Quod
914 2419 1095 2474 usque
1143 2403 1311 2458 hodie
1359 2402 1575 2456 faciunt
1605 2402 1921 2472 Babylonii,
1971 2407 2034 2456 ut

332 2497 608 2564 putentur
647 2491 918 2562 religiosi.
965 2492 1158 2546 Unde:
1215 2493 1468 2545 Dilatant
1505 2493 1647 2545 enim
1688 2491 2034 2560 phylacteria

330 2597 450 2648 sua,
482 2586 533 2636 et
559 2583 914 2650 magniﬁcam
941 2580 1189 2648 ﬁmbrias
1220 2580 1439 2648 (Matth.
1471 2579 1652 2650 xxiii).

401 2672 562 2725 Vens.
624 2673 708 2725 t3.
770 2700 836 2709 —
898 2671 1000 2723 Per
1064 2685 1252 2723 nomen
1303 2671 1452 2724 illius
1517 2668 1764 2738 jurabis.
1833 2667 2026 2736 (Aue.,

330 2763 517 2830 quam.
552 2761 662 2829 12.)
696 2756 1116 2812 Permittuntur
1139 2758 1333 2826 jurare
1362 2772 1466 2826 per
1496 2772 1708 2810 nomen
1741 2756 1863 2825 Dei,
1894 2760 2028 2822 etc.,

325 2864 495 2918 usque
521 2847 596 2901 ad
620 2846 721 2917 qui
748 2852 937 2900 autem
987 2846 1224 2900 omnino
1257 2861 1370 2898 non
1420 2846 1598 2916 jurat,
1632 2845 1802 2916 longe
1833 2862 1864 2899 a
1895 2860 2028 2914 per-

333 2936 479 2990 iurio
511 2940 614 2990 est.

356 2953 479 2990 uno
511 2953 614 2990 εει.
1212 2966 1217 2970 υ

322 2953 345 3006 J
401 3025 560 3078 Vens.
598 3025 682 3078 16.
735 3052 798 3063 -
843 3024 960 3080 Νοη
1009 3023 1238 3077 tentabis
1284 3024 1568 3078 Dominum
1617 3024 1800 3076 Deum.
1848 3021 2028 3076 Deum

330 3115 530 3179 tentat,
563 3112 664 3184 qui
693 3111 912 3166 habens
940 3112 1097 3182 quod
1127 3111 1318 3178 faciat,
1366 3112 1488 3164 sine
1534 3111 1753 3165 ratione
1780 3127 1838 3164 se
1873 3126 2028 3165 com-

331 3200 506 3254 mittit
560 3200 835 3271 periculo,
887 3200 1185 3270 experiens
1236 3204 1428 3253 utrum
1486 3198 1661 3270 possit
1715 3199 1946 3253 liberari
1995 3215 2029 3252 a

334 3289 468 3343 Deo.

992 3359 1216 3414 CAPUT
1254 3359 1371 3412 VII.

400 3467 569 3520 Vens.
639 3469 687 3519 t.
739 3495 805 3505 —
864 3465 1052 3521 Gentes
1095 3466 1313 3520 multas.
1373 3465 1601 3535 Septem
1657 3469 1853 3535 gentes
1896 3468 2029 3519 sunt

330 3559 547 3625 septem
576 3554 916 3625 principalia
945 3553 1102 3620 vitia,
1153 3571 1283 3624 qua:
1314 3570 1416 3624 per
1447 3553 1546 3607 Dei
1576 3553 1820 3624 gratiam
1851 3553 2024 3622 spiri-

328 3643 456 3698 talis
485 3643 650 3697 miles
696 3659 1042 3713 exsuperans
1093 3641 1475 3696 exterminare
1499 3642 1754 3712 jubetur.
1799 3641 2026 3712 Majoris

328 3732 555 3787 numeri
591 3732 875 3798 dicuntur,
909 3731 1046 3802 quia
1095 3731 1260 3799 plura
1302 3735 1436 3786 sunt
1465 3731 1600 3786 vitia
1628 3746 1801 3802 quam
1845 3730 2024 3784 virtu-

327 3826 428 3875 tes.
462 3822 524 3875 ln
553 3822 812 3892 catalogo
863 3821 1132 3876 dicuntur
1177 3826 1395 3892 septem
1441 3820 1723 3886 nationes,
1754 3820 1812 3872 in
1846 3835 2023 3890 expu-

325 3910 597 3979 gnatione
625 3911 745 3962 sine
793 3925 1034 3963 numero
1083 3914 1413 3979 ponuntur;
1448 3909 1564 3974 sed,
1611 3925 1730 3963 cum
1770 3909 2026 3963 deleverit

322 4003 502 4064 gentes
532 4000 732 4053 multas
777 4015 957 4053 coram
996 4003 1061 4052 te.
1116 3997 1484 4052 Numerosior
1529 3997 1681 4051 enim
1713 4001 1816 4062 est,
1850 4013 2024 4068 quam

324 4086 516 4152 Israel,
551 4088 797 4157 populus
823 4085 1137 4139 carnalium
1160 4086 1513 4156 passionum,
1545 4085 1642 4156 qui
1676 4085 2020 4156 multiplica-

323 4180 416 4228 tur
455 4175 524 4228 de
555 4174 874 4244 septenario
909 4175 1104 4228 fomite
1151 4174 1437 4228 vitiorum.
1491 4175 1569 4228 De
1599 4174 2017 4244 gastrimargia,

2153 1709 2303 1762 rum,
2360 1693 2566 1763 quibus
2623 1698 2754 1746 ante
2807 1692 3070 1746 notitiam
3121 1692 3225 1746 Dei
3279 1695 3333 1745 et
3380 1690 3609 1761 gratiam
3647 1688 3808 1758 bapti-

2149 1781 2278 1850 smi,
2336 1781 2397 1835 in
2454 1781 2735 1852 spirituali
2792 1782 3032 1852 fligypto
3102 1784 3546 1845 commorantur,
3599 1774 3809 1846 subjecti

2149 1876 2299 1926 sunt.
2333 1871 2438 1924 Sed
2466 1871 2565 1940 qui
2612 1869 2742 1924 inde
2791 1864 3107 1940 egreditur,
3139 1876 3194 1923 et
3223 1885 3330 1939 per
3374 1867 3606 1938 gratiam
3636 1865 3725 1919 Dei
3750 1863 3809 1916 ad

2148 1976 2406 2015 eremnm
2481 1960 2836 2029 spiritualem
2912 1960 3190 2030 pervenit,
3271 1960 3342 2014 ab
3409 1954 3807 2028 impugnatione

2145 2047 2323 2104 trium
2380 2048 2640 2120 gentium
2713 2048 3009 2117 liberatur,
3069 2053 3270 2102 contra
3328 2052 3540 2118 septem
3593 2058 3808 2114 congre-

2146 2138 2327 2193 ditur.

2215 2227 2488 2280 Hwtheum
2542 2229 2593 2278 et
2648 2225 3003 2292 Gergezaoum.
3068 2229 3175 2279 etc.
3251 2226 3500 2288 (HIEBON.
3558 2223 3620 2276 de
3670 2222 3805 2276 Nom.

2143 2314 2344 2381 Hebr.,
2392 2319 2525 2367 tom.
2587 2314 2706 2384 IIl.)
2765 2314 3086 2383 Hethaaum,
3137 2318 3274 2384 etc.,
3314 2329 3478 2382 usque
3521 2311 3592 2365 ad
3636 2309 3689 2364 id
3715 2313 3806 2371 est,

2144 2404 2420 2464 calcatum
2451 2402 2565 2455 sive
2595 2418 2851 2472 praesepe
2885 2418 3102 2456 eorum.

2214 2491 2424 2560 Septem
2453 2495 2650 2558 gentes.
2673 2491 2912 2545 Abrahae
2967 2491 3313 2561 permissum
3345 2494 3430 2545 est
3457 2488 3604 2561 quod
3634 2487 3806 2560 decem

2143 2579 2500 2634 delerentur:
2555 2585 2692 2634 tunc
2719 2580 2873 2633 enim
2922 2579 3119 2634 decem
3170 2584 3355 2646 erant,
3408 2579 3502 2633 sed
3551 2592 3674 2631 cum
3718 2571 3812 2628 lilii

2145 2670 2315 2723 Israel
2397 2669 2704 2722 transirent
2751 2669 2822 2722 ad
2884 2669 3212 2736 Iordanem,
3281 2671 3402 2741 jam
3459 2673 3568 2721 tres
3630 2664 3814 2719 deleta:

2143 2762 2322 2812 erant.
2381 2757 2505 2812 Filii
2558 2757 2713 2811 enim
2789 2757 2930 2811 Loth
2985 2757 3318 2812 deleverunt
3377 2756 3670 2827 gigantes;
3723 2749 3815 2804 ﬁlii

2145 2848 2288 2901 Esau
2345 2847 2640 2913 Horraeos;
2711 2845 3136 2916 Cappadocesve
3190 2851 3416 2916 partem
3481 2845 3811 2898 Hevzeorum.

2063 2965 2105 3022 ο
2216 2939 2284 2990 Et
2307 2935 2649 2989 robustiores.
2700 2934 2992 3004 Spiritales
3023 2934 3294 3005 nequitiae
3337 2932 3651 3022 subtiliores
3680 2929 3816 3022 sunt,

2138 3030 2195 3082 et
2225 3026 2353 3096 plus
2383 3023 2572 3078 valent
2598 3022 2670 3076 ad
2716 3021 3134 3093 decipiendum,
3185 3038 3361 3094 quam
3397 3018 3692 3076 inﬁrmitas
3715 3017 3815 3070 bo-

2139 3115 2360 3170 minum
2389 3113 2462 3167 ad
2487 3111 2906 3165 sustinendum.

2209 3204 2376 3256 Vens.
2432 3201 2514 3256 14.
2545 3230 2617 3240 ——
2662 3200 2895 3255 Steritis.
2947 3197 3217 3263 Quaedam
3261 3197 3484 3254 steriles
3541 3193 3684 3267 apud
3727 3193 3817 3247 Ju-

2136 3292 2291 3347 dazos
2321 3291 2573 3350 fuerunt.
2605 3288 2701 3343 sed
2728 3288 2872 3342 adeo
2898 3303 3116 3358 paucae,
3149 3291 3215 3342 ut
3244 3287 3318 3342 ad
3349 3283 3812 3358 comparationem

2134 3380 2510 3435 fecundarum
2537 3377 2866 3452 viderentur
2898 3377 3094 3431 nullae.

2208 3471 2369 3523 Vens.
2416 3469 2504 3522 20.
2539 3498 2604 3506 -
2637 3468 2864 3535 Insuper
2893 3470 2944 3519 et
2987 3465 3290 3534 crabrones,
3330 3469 3437 3520 etc.
3474 3464 3594 3518 Non
3624 3457 3816 3529 legitur

2135 3556 2344 3612 alicubi
2399 3556 2460 3610 in
2516 3554 2774 3621 historia,
2832 3553 2984 3625 quod
3015 3554 3321 3608 crabrones
3382 3553 3472 3608 vel
3520 3564 3712 3620 vespas
3763 3545 3815 3598 in

2132 3645 2323 3699 hostes
2384 3659 2585 3698 eorum
2642 3644 2788 3696 Deus
2843 3641 3204 3712 praemiserit.
3250 3642 3362 3697 Sed
3409 3657 3512 3713 per
3562 3633 3816 3692 animalia

2133 3735 2390 3789 aculeata
2419 3731 2640 3787 timoris
2682 3731 3153 3802 compunctiones
3183 3731 3468 3801 designat,
3499 3727 3702 3800 quibus
3728 3723 3817 3778 ho-

2101 3888 2108 3892 ,
2133 3829 2245 3879 stes
2274 3823 2502 3877 territos
2526 3821 2781 3892 fugabat.

2202 3913 2359 3965 Vens.
2418 3913 2506 3964 22.
2565 3939 2633 3949 -—
2692 3911 2812 3966 Non
2861 3911 3083 3979 poteris,
3158 3913 3264 3962 etc.
3323 3907 3651 3964 Cavendum
3707 3914 3813 3956 esse

2132 3998 2397 4065 ostendit,
2428 4014 2500 4052 ne
2540 3998 2700 4059 forte,
2749 3998 2997 4070 expulsis
3045 3997 3287 4069 peccatis
3316 4014 3350 4052 a
3397 4011 3566 4051 carne
3617 3995 3813 4055 nostra,

2131 4087 2390 4157 insurgat
2435 4085 2704 4156 spiritalis
2744 4085 2946 4147 bestia,
2979 4085 3035 4139 id
3075 4091 3160 4140 est
3188 4085 3488 4156 jactantia,
3542 4078 3813 4153 superbia,

2129 4177 2215 4230 vel
2261 4191 2406 4229 vana
2447 4174 2650 4245 gloria,
2693 4191 2822 4245 quin
2875 4174 3161 4228 difﬁcilius
3213 4175 3608 4245 exstirpantur
3657 4181 3815 4240 quam

321 4262 670 4322 comessatio,
726 4261 1008 4327 ebrietas;
1070 4261 1141 4315 de
1187 4262 1578 4326 fornicatione,
1644 4262 2016 4334 turpiloquia,
2045 4285 2090 4340 ι)
2129 4263 2376 4319 carnalia
2405 4263 2559 4319 vitia.
2611 4265 2754 4317 Loth
2785 4263 2960 4324 enim,
2997 4263 3095 4334 qui
3129 4264 3189 4316 in
3217 4263 3483 4317 Sodomis
3525 4255 3814 4320 continuit,

321 4350 655 4415 scurrilitas,
702 4349 938 4415 ludicra,
969 4354 1025 4403 et
1076 4350 1470 4420 stultiloquia;
1526 4351 1595 4405 de
1646 4351 2016 4422 philargyria,

321 4439 704 4507 mendacium,
751 4439 925 4504 fraus,
977 4438 1148 4504 furta,
1201 4439 1474 4508 perjuria,
1510 4440 1693 4510 turpis
1725 4440 1867 4494 lucri
1916 4458 2016 4511 ap-

319 4528 546 4597 petitus,
594 4527 735 4581 falsa
785 4527 1133 4590 testimonia,
1178 4527 1470 4593 violentia,
1517 4527 1927 4594 inhumanitas,
1960 4533 2019 4582 et

317 4615 596 4686 rapacitas
621 4635 636 4683 ;
667 4616 736 4670 de
768 4615 852 4668 ira
882 4614 1278 4682 homicidium,
1324 4617 1540 4671 clamor
1568 4621 1625 4671 et
1651 4617 1971 4689 indignatio
1998 4635 2012 4684 ;

316 4703 386 4757 de
433 4702 680 4767 tristitia,
749 4717 971 4766 rancor,
1035 4701 1497 4772 pusillanimitas,
1556 4704 1895 4772 amaritudo,
1960 4710 2020 4759 et

316 4788 654 4859 desperatio,
688 4793 744 4841 et
789 4787 1059 4858 pigritia;
1090 4789 1157 4842 de
1189 4788 1404 4856 acedia,
1456 4789 1731 4857 otiositas,
1781 4806 2013 4845 somno-

316 4877 509 4944 lentia,
558 4877 984 4946 importunitas,
1019 4877 1358 4947 inquietudo
1389 4879 1595 4933 mentis
1626 4884 1683 4932 et
1735 4881 2012 4950 corporis,

314 4964 676 5032 instabilitas,
725 4966 1060 5034 verbositas,
1088 4971 1146 5020 et
1197 4966 1494 5020 curiositas
1528 4985 1540 5034 ;
1577 4968 1646 5022 de
1675 4969 2010 5038 cenodoxia,

313 5053 726 5121 contentiones,
768 5054 1032 5121 haereses,
1073 5054 1369 5124 jactantia,
1405 5060 1461 5110 et
1486 5059 1858 5129 praesumptio
1909 5077 2014 5115 no-

315 5140 590 5207 vitatum;
635 5142 712 5196 de
749 5143 1037 5213 superbia,
1084 5149 1465 5215 contemptus,
1520 5145 1752 5212 invidia,
1809 5148 2012 5203 inobe-

315 5228 550 5295 dientia,
601 5229 975 5299 blasphemia,
1025 5233 1428 5300 murmuratio,
1479 5233 1773 5300 detractio,
1817 5240 1872 5290 et
1900 5237 2010 5292 alia

308 5317 493 5388 plura.
528 5316 662 5370 Haec
707 5333 837 5371 cum
871 5320 1100 5389 majoris
1138 5322 1365 5375 numeri
1398 5322 1511 5375 sint
1541 5339 1716 5393 quam
1745 5323 2004 5395 virtutes,

308 5405 540 5462 devictis
597 5411 794 5460 tamen
852 5408 1266 5478 principalibus
1319 5427 1517 5464 omnes
1575 5411 1894 5481 quiescunt,
1952 5419 2008 5468 et

309 5500 590 5568 perpetua
638 5511 776 5550 nece
819 5495 1101 5551 delentur.
1158 5497 1317 5560 Quod
1364 5505 1557 5553 autem
1585 5499 1676 5553 hie
1707 5505 1896 5569 pestes
1925 5517 2006 5556 ro-

2127 4353 2187 4408 in
2231 4357 2422 4406 monte
2475 4352 2846 4406 fornicatione
2892 4352 3144 4422 pollutus
3203 4365 3286 4405 est
3338 4353 3501 4421 (Gen.
3554 4348 3686 4419 xxx).
3731 4347 3818 4400 Ex-

2125 4444 2289 4512 pulso
2342 4441 2478 4495 vitio
2536 4441 2726 4494 statim
2780 4441 2960 4495 virtus
3015 4441 3307 4511 plantetur
3363 4456 3437 4494 ne
3495 4434 3817 4496 immundus

2125 4530 2359 4600 spiritus
2438 4530 2651 4596 redeat,
2731 4534 2787 4584 ct
2855 4530 3092 4584 domum
3173 4533 3470 4584 vacantem
3555 4523 3818 4582 inveniat.

2126 4620 2338 4690 (Matth.
2373 4622 2490 4687 xu).

2197 4708 2374 4772 (Bne,
2421 4707 2610 4776 Gneo.)
2651 4707 3004 4772 Quibusbam
3057 4707 3276 4778 majora
3326 4706 3482 4761 bona
3532 4707 3680 4760 Deus
3711 4700 3818 4765 dat,

2121 4812 2226 4850 nec
2258 4795 2480 4850 minora
2527 4795 2806 4863 concedit,
2838 4800 2903 4849 ut
2940 4811 3166 4867 semper
3207 4795 3437 4850 animus
3487 4809 3689 4850 eorum
3728 4791 3819 4844 ha-

2119 4885 2250 4940 beat
2275 4884 2428 4939 unde
2461 4901 2518 4938 se
2561 4883 2961 4954 reprehendat,
2991 4889 3048 4938 et
3094 4885 3231 4939 dum
3278 4884 3520 4954 perfecti
3573 4898 3696 4937 esse
3737 4894 3822 4949 ap-

2119 4977 2325 5044 petunt
2361 4987 2464 5025 nec
2512 4977 2767 5042 possunt,
2800 4971 3039 5026 minime
3066 4989 3124 5027 se
3175 4973 3453 5027 extollant
3483 4973 3545 5026 in
3581 4971 3668 5025 his
3697 4979 3818 5038 quae

2118 5062 2349 5128 habent,
2401 5061 2504 5131 qui
2553 5075 2657 5132 per
2686 5077 2744 5114 se
2789 5076 2962 5130 parva
2990 5077 3105 5115 non
3152 5061 3363 5114 habere
3411 5061 3626 5114 valent.
3686 5055 3819 5111 Ilinc

2118 5155 2202 5205 est
2249 5150 2402 5222 quod
2449 5149 2624 5204 fortes
2677 5155 2734 5204 et
2786 5155 3045 5219 potentes
3121 5149 3474 5204 adversarios
3551 5142 3822 5202 exstinxit

2118 5239 2510 5308 Philisthaaos;
2543 5245 2600 5294 et
2643 5241 2994 5295 Chananteos
3024 5239 3124 5293 diu
3172 5237 3505 5304 reservavit,
3560 5241 3623 5290 ut
3653 5235 3714 5288 in
3742 5231 3820 5284 eis

2117 5327 2440 5382 erudiretur
2488 5329 2655 5382 Israel
2699 5328 2914 5383 habens
2961 5332 3161 5382 contra
3208 5344 3352 5399 quos
3398 5327 3711 5397 pugnaret,
3753 5334 3820 5373 ne

2115 5415 2185 5470 de
2240 5417 2554 5488 majoribus
2593 5416 2828 5471 devictis
2873 5431 2993 5471 sese
3037 5417 3358 5472 extolleret.
3415 5414 3629 5469 Eadem
3683 5422 3818 5480 ergo

2115 5518 2278 5558 mens
2331 5505 2509 5572 pollet
2561 5519 2628 5557 ex
2685 5504 2914 5572 virtute,
2966 5504 3315 5562 lassescitex
3362 5502 3725 5562 infirmitate,
3757 5501 3823 5550 ut
