3976 6178
195 251 286 303 461
1340 252 1594 307 GLOSSA
1629 252 2030 308 ORDINARIA.
2069 283 2138 293 ——-
2179 255 2304 309 LIB.
2349 254 2560 310 DEUT.

196 371 332 424 dum
385 370 595 439 quaerit
652 372 804 442 quod
863 372 1075 426 habere
1134 388 1249 426 non
1291 373 1456 438 valet,
1516 374 1669 444 quod
1727 374 1972 429 habetA

195 461 494 516 humiliter
544 467 748 518 servet.
798 461 1059 530 Superna
1112 478 1343 532 quoque
1392 463 1550 532 regio
1592 462 1652 516 in
1682 463 1896 518 civibus

191 552 307 605 suis
365 569 430 606 ex
488 558 654 624 parte
727 551 936 605 damna
990 550 1250 620 pertulit,
1323 568 1389 605 ex
1464 556 1624 620 parte
1677 553 1898 606 fortiter

194 641 383 695 stetit:
443 649 510 696 ut
567 640 729 695 electi
779 639 968 708 angeli
1023 640 1161 692 dum
1220 639 1361 692 alios
1405 656 1509 709 per
1565 641 1893 710 superbiam

196 730 467 785 cecrdisse
521 729 938 800 conspicerent,
987 732 1143 780 tanto
1195 727 1483 781 robustius
1529 733 1742 798 quanto
1790 730 1894 782 hu-

196 817 391 872 milius
449 823 685 872 starent.
737 817 826 871 Sic
875 815 933 868 in
979 832 1330 886 unaquaque
1370 815 1561 870 anima
1590 817 1800 886 agitur,
1835 829 1899 872 ut

194 907 447 961 maxima
495 909 655 962 lucra
704 906 1020 971 conferant,
1080 905 1392 976 aliquando
1453 905 1697 960 minima
1727 907 1888 961 dam-

196 1003 355 1049 nant.

266 1083 429 1136 Vens.
466 1084 554 1135 26.
589 1112 658 1122 —
688 1080 1013 1136 Anathema.
1046 1082 1171 1130 Ἀπὸ
1203 1085 1293 1130 τοῦ
1324 1076 1596 1143 ἀναθὴναι,
1647 1079 1700 1133 id
1735 1083 1837 1145 est,
1864 1096 1897 1133 a

195 1192 427 1230 sursum
460 1176 750 1247 ponendo,
783 1175 872 1228 vel
911 1175 1329 1244 suspendendo,
1383 1175 1524 1228 sicut
1566 1175 1804 1229 donaria
1835 1177 1895 1230 in

191 1266 422 1335 templis
469 1263 984 1336 suspendebantur,
1039 1268 1095 1317 et
1123 1264 1193 1318 ab
1241 1263 1322 1316 eis
1368 1263 1467 1334 qui
1508 1263 1719 1318 dabant
1747 1265 1896 1319 alie—

196 1352 506 1406 nabantur.

851 1421 1073 1476 CAPUT
1113 1421 1253 1474 VIII.

268 1531 435 1584 Vens.
485 1532 538 1582 2.
598 1558 668 1570 —
711 1529 1098 1594 Quadraginta
1145 1529 1325 1580 annis.
1389 1526 1519 1580 Ideo
1582 1526 1736 1580 enim
1794 1544 1896 1598 per

195 1617 578 1687 quadraginta
626 1633 806 1669 annos
847 1615 1106 1685 permisit
1137 1631 1232 1667 eos
1266 1614 1467 1685 affligi,
1498 1619 1558 1668 ut
1589 1631 1892 1684 cognosce-

191 1711 318 1758 rent
345 1710 579 1776 quantae
611 1704 935 1775 fragilitatis
974 1708 1181 1757 essent.

263 1795 328 1847 Ut
354 1797 629 1861 afﬂigeret
661 1799 726 1848 te.
781 1794 962 1863 (Are,
1003 1799 1189 1860 quazst.
1230 1795 1339 1862 15.)
1380 1793 1477 1846 Hic
1523 1792 1773 1863 apertius
1805 1793 1888 1847 di-

188 1887 339 1936 ctum
377 1889 484 1948 est,
517 1889 650 1948 etc.,
682 1898 851 1952 usque
897 1882 970 1934 ad
1001 1881 1156 1951 quod
1187 1881 1234 1933 si
1276 1881 1527 1950 dixisset,
1561 1882 1892 1952 intelligen—

190 1971 324 2024 dum
358 1977 501 2037 erat,
535 1970 761 2040 cognita
792 1971 1022 2024 faceret.

252 2061 421 2113 Vens.
474 2063 525 2114 3.
579 2089 647 2100 —
695 2060 918 2114 Manna.
963 2059 1205 2112 Carnem
1254 2058 1483 2124 Christi,
1538 2075 1650 2128 qua
1696 2059 1892 2113 refecti

190 2148 257 2201 ad
307 2164 509 2202 veram
568 2147 967 2218 promissionis
1015 2152 1228 2200 terram
1275 2147 1590 2200 veniamus.
1634 2146 1889 2210 Quadra-

189 2237 348 2306 ginta
380 2237 550 2290 annis
584 2253 793 2292 manna
824 2235 1198 2304 comedimus,
1241 2235 1295 2289 id
1327 2240 1432 2303 est,
1485 2240 1604 2289 toto
1634 2241 1891 2305 tempore

190 2330 406 2391 nostro,
459 2327 614 2398 quod
665 2331 914 2397 quatuor
960 2324 1439 2378 vicissitudinibus
1466 2323 1726 2391 volvitur,
1779 2326 1892 2378 Do-

193 2415 388 2468 minici
419 2415 674 2486 corporis
697 2419 1053 2468 sacramento
1086 2413 1390 2484 pascimur.

255 2507 381 2560 Non
412 2507 472 2557 in
511 2505 618 2558 sole
652 2520 797 2572 pane
827 2505 966 2557 vivit
997 2504 1168 2569 homo,
1209 2502 1302 2556 sed
1332 2505 1388 2555 in
1419 2505 1584 2569 omni,
1618 2507 1722 2556 etc.
1756 2501 1891 2571 Spi—

196 2593 374 2647 ritalis
404 2593 565 2647 cibus
604 2592 1064 2657 commendatur,
1098 2591 1251 2644 unde
1283 2591 1493 2645 anima:
1521 2591 1581 2644 in
1607 2596 1888 2645 aeternum

192 2682 423 2735 victurae
465 2682 766 2735 satiantur.
827 2681 1030 2734 Manna
1081 2680 1150 2734 de
1207 2682 1348 2733 coelo
1405 2679 1603 2733 datum
1653 2696 1882 2733 carnem

195 2770 403 2824 Christi
437 2770 740 2840 signiﬁcat,
793 2770 892 2840 qui
939 2770 1058 2822 ait:
1110 2772 1224 2834 Ego
1255 2784 1378 2822 sum
1406 2771 1570 2837 panis
1613 2770 1759 2835 vitae,
1805 2769 1889 2821 hic

193 2865 262 2912 est
281 2861 448 2927 panis
479 2862 574 2927 qui
603 2859 668 2912 de
688 2860 812 2912 calo
834 2857 1108 2912 descendit
1130 2856 1323 2926 (Joan.
1354 2861 1454 2924 vn),
1478 2857 1615 2927 quia
1640 2857 1889 2910 Verbum

3596 263 3702 317 462

2685 378 2912 433 CAPUT
2942 380 3028 435 IX.

2080 502 2240 555 Vens.
2294 506 2344 556 5.
2401 504 2674 573 —-Neque
2724 506 2886 569 enim,
2939 508 3044 560 etc.
3109 505 3296 577 (Ana,
3330 513 3520 576 quaest.
3587 512 3692 582 14.)

2009 590 2102 642 Isti
2153 595 2287 644 sunt
2329 591 2428 661 qui
2461 608 2578 644 non
2611 598 2946 646 meruerunt
2973 593 3161 664 perire
3195 595 3252 647 in
3288 595 3530 663 deserto,
3565 604 3700 668 etc.,

2006 693 2174 746 usque
2202 680 2275 732 ad
2306 680 2401 732 ubi
2432 680 2521 733 illi
2552 681 3032 736 exacerbaverunt
3077 683 3405 748 Dominum,
3441 687 3540 757 qni
3573 704 3700 742 me-

2006 765 2116 818 rito
2171 783 2273 820 suo
2347 768 2402 821 in
2475 773 2685 822 terram
2763 770 3158 840 promissionis
3219 772 3533 830 introducti
3586 794 3701 833 non

2008 859 2160 909 sunt.

2079 943 2241 997 Vens.
2278 947 2474 1000 105-—
2512 945 2802 1014 Deditque,
2858 951 2962 1001 etc.
2997 948 3185 1018 (Ave,
3226 956 3412 1018 quast.
3475 955 3594 1021 15.)
3640 955 3701 1007 In

2009 1030 2197 1085 Exodo
2243 1032 2454 1102 legitur
2499 1035 2650 1104 quod
2702 1035 2925 1089 tabulas
2978 1038 3149 1108 Moysi
3199 1039 3475 1112 Dominus
3530 1041 3701 1096 dede-

2007 1119 2099 1186 rit,
2133 1125 2264 1187 etc.,
2292 1137 2459 1190 usque
2488 1123 2561 1176 ad
2585 1124 2751 1178 durat
2788 1125 2848 1178 in
2880 1127 3172 1181 sazculum.

2688 1300 2913 1356 CAPUT
2950 1303 3010 1356 Χ.

1999 1461 2007 1465 ·
2077 1440 2244 1493 Vens.
2277 1440 2328 1494 4.
2361 1468 2432 1478 -—
2463 1442 2803 1510 Scripsitque
2826 1445 2901 1497 in.
2927 1446 3114 1510 (AUG.,
3134 1451 3322 1513 quaest.
3357 1446 3422 1499 14
3442 1448 3500 1501 in
3522 1449 3697 1519 Deut.)

2005 1529 2068 1581 In
2100 1527 2284 1581 Exodo
2316 1529 2548 1598 Moyses,
2583 1535 2716 1595 etc.,
2745 1546 2912 1598 usque
2962 1532 3036 1584 ad
3065 1532 3187 1603 ipse
3234 1537 3429 1588 autem
3469 1535 3698 1604 adjuvat

2004 1617 2168 1670 bonae
2200 1617 2504 1670 voluntatis
2536 1619 2853 1672 arbitrium.

2075 1706 2233 1760 Vens.
2271 1708 2322 1758 6.
2368 1736 2428 1745 -—
2476 1708 2556 1761 In
2606 1708 2834 1772 Mosera,
2883 1713 2987 1762 etc.
3032 1710 3093 1763 In
3143 1710 3304 1774 libro
3348 1712 3580 1769 Numeri
3637 1713 3694 1766 in

2003 1798 2197 1847 monte
2226 1795 2340 1847 Hor
2368 1800 2626 1849 mortuus
2665 1796 2952 1863 scribitur,
2996 1798 3094 1851 sed
3126 1799 3364 1853 forsitan
3423 1802 3577 1854 locus
3612 1806 3695 1855 est

2000 1883 2309 1937 binomius.
2365 1885 2570 1938 Beroth
2629 1885 2784 1938 enim
2825 1886 3074 1940 filiorum
3122 1890 3289 1942 Jacan
3330 1889 3488 1944 locus
3517 1896 3603 1944 est
3641 1892 3700 1944 in

2001 1973 2246 2041 deserto,
2282 1971 2427 2024 sicut
2456 1973 2692 2038 Mosera,
2726 1974 2823 2026 ubi
2855 1974 2994 2028 obiit
3025 1980 3231 2046 Aaron,
3266 1977 3411 2031 sicut
3449 1977 3508 2031 in
3540 1979 3700 2032 libris

2000 2061 2253 2115 locorum
2311 2062 2534 2130 legitur.
2587 2063 2652 2114 Et
2695 2062 3011 2116 ostenditur
3060 2081 3240 2134 usque
3287 2066 3454 2120 hodie
3486 2066 3547 2120 in
3594 2067 3693 2121 de-

1999 2149 2147 2203 cimo
2179 2149 2367 2219 lapide
2397 2149 2556 2202 urbis
2586 2150 2767 2202 Petrae
2789 2150 2851 2202 in
2888 2151 3103 2204 montis
3146 2154 3372 2208 vertice.

2073 2239 2258 2292 Vens.»
2295 2239 2346 2292 8.
2405 2267 2474 2278 —-
2507 2238 2726 2291 Tribum
2760 2241 2906 2292 Levi.
2945 2238 3059 2292 Nisi
3089 2256 3194 2309 per
3227 2241 3373 2294 hanc
3405 2243 3693 2312 signiﬁca-

2000 2331 2158 2382 retur
2203 2343 2372 2381 omne
2419 2327 2608 2396 regale
2667 2327 3066 2394 sacerdotium,
3123 2330 3272 2399 quod
3330 2331 3582 2400 pertinet
3626 2333 3695 2387 ad

2003 2418 2221 2470 Novum
2281 2418 2725 2481 Testamentum,
2788 2432 2904 2469 non
2962 2417 3198 2470 auderet
3247 2418 3418 2472 homo
3475 2421 3688 2487 dicere,

1999 2505 2099 2575 qui
2148 2505 2215 2558 de
2265 2522 2332 2558 ea
2378 2505 2528 2558 tribu
2562 2520 2677 2558 non
2708 2510 2830 2558 erat
2863 2522 2875 2557 :
2914 2507 3049 2560 Pars
3081 2521 3196 2558 mea
3227 2509 3482 2561 Dominus
3515 2508 3694 2577 (Psal.

2001 2595 2216 2659 Lxxn);
2272 2597 2327 2646 et
2375 2591 2510 2645 alibi
2543 2609 2555 2645 :
2591 2595 2846 2646 Dominus
2874 2609 3006 2662 pars
3037 2594 3370 2650 haereditatis
3400 2611 3546 2662 meae,
3581 2602 3690 2651 etc.

2000 2682 2190 2753 (Ibid.,
2226 2682 2340 2752 xv.)

2069 2770 2236 2825 Vens.
2288 2772 2370 2824 14.
2398 2798 2468 2810 -
2508 2769 2714 2822 Cazlum
2760 2771 2896 2837 caeli,
2929 2775 3033 2825 etc.
3069 2771 3311 2836 Quidam
3350 2772 3548 2827 dicunt
3577 2777 3692 2827 tres

1997 2874 2118 2912 esse
2177 2859 2367 2926 caelos,
2425 2874 2660 2923 atreum,
2694 2858 3028 2925 zethereum,
3084 2865 3140 2914 et
3190 2861 3496 2915 sidereum.
3547 2862 3694 2916 Non-

197 2963 321 3001 caro
348 2949 566 3000 factum
597 2951 704 3014 est,
737 2950 792 3000 et
831 2946 1105 3000 habitavit
1135 2946 1196 2998 in
1246 2945 1431 2999 nobis.
1468 2947 1573 3015 Qui
1600 2945 1892 2999 manducat
1921 2983 1961 3037 Β
1999 2947 2143 2999 nulli
2174 2951 2411 3017 septem,
2445 2946 2700 3015 primum
2741 2963 2975 3012 aereum,
3009 2949 3324 3003 secundum
3354 2950 3690 3015 aethere-um,

189 3037 322 3090 hanc
355 3051 592 3101 carnem,
619 3035 781 3089 habet
802 3037 972 3089 vitam
999 3040 1272 3088 zternam.

251 3127 374 3180 Non
425 3127 484 3177 in
536 3125 645 3178 solo
671 3139 833 3192 pane,
866 3127 971 3177 etc.
1005 3123 1301 3193 Significat
1326 3121 1616 3192 geminam
1657 3127 1883 3176 naturae

185 3219 395 3268 nostra:
446 3212 846 3267 substantiam.
897 3213 1076 3266 Homo
1125 3211 1280 3264 enim
1313 3227 1379 3264 ex
1424 3211 1616 3264 anima
1656 3215 1714 3264 et
1754 3227 1882 3264 cor-

184 3320 319 3374 pore
351 3305 577 3356 constat
610 3317 624 3354 :
656 3317 884 3371 corpus,
915 3301 1070 3371 quod
1095 3316 1162 3354 ex
1195 3306 1349 3354 terra
1376 3305 1480 3362 est,
1512 3305 1742 3354 terreno
1775 3301 1878 3354 ali-

186 3399 277 3446 tur
323 3392 486 3456 cibo;
525 3389 717 3443 anima
766 3406 899 3443 vero
953 3389 1092 3443 vivit
1122 3390 1191 3444 de
1245 3389 1416 3443 verbo
1448 3388 1576 3453 Dei;
1617 3389 1884 3460 spiritum

183 3498 319 3535 vero
371 3479 625 3535 hominis
677 3479 926 3534 viviﬁcat
974 3478 1207 3548 spiritus
1239 3479 1360 3545 Dei,
1397 3478 1444 3531 si
1473 3482 1665 3532 tamen
1709 3480 1883 3534 homo

184 3575 268 3623 est
297 3569 360 3623 in
391 3586 628 3640 corpore
660 3569 944 3635 Ecclesiae,
977 3569 1033 3622 id
1064 3573 1146 3622 est
1179 3567 1403 3630 Christi,
1441 3572 1496 3621 et
1525 3569 1586 3622 in
1616 3569 1725 3623 ﬁde
1760 3569 1884 3623 Filii

185 3659 305 3713 Dei.
342 3659 475 3713 Ideo
507 3659 663 3713 addit
697 3675 709 3712 :
769 3659 1154 3712 Vestimentum
1182 3658 1299 3726 ejus
1345 3661 1608 3711 vetustate
1651 3673 1758 3711 non
1788 3658 1880 3712 de-

180 3751 367 3816 ﬁcere;
435 3747 571 3818 quia
624 3747 759 3801 novi
807 3746 1058 3800 hominis
1117 3746 1471 3799 conversatio
1529 3746 1588 3798 in
1635 3746 1881 3800 novitate

181 3837 312 3891 vita:
357 3837 528 3891 debet
574 3851 932 3906 permanere,
988 3835 1150 3905 cujus
1179 3850 1281 3904 pes
1311 3851 1428 3888 non
1458 3839 1542 3887 est
1581 3834 1879 3894 subtritus,

179 3926 318 3996 quia
367 3941 600 3996 gressus
652 3939 890 3994 operum
945 3923 1068 3993 ejus
1117 3927 1373 3976 servatur
1430 3922 1640 3977 illaasus
1685 3939 1696 3977 :
1736 3924 1881 3988 Quia

175 4017 329 4069 novit
358 4013 628 4068 Dominus
652 4015 799 4066 viam
822 4013 1117 4081 justorum,
1149 4016 1199 4064 et
1228 4014 1333 4064 iter
1360 4013 1650 4080 impio-rum
1676 4011 1881 4080 peribit

179 4104 349 4171 (Psal.
385 4102 452 4172 1).

246 4193 411 4245 Vens.
451 4193 532 4244 11.
571 4221 640 4229 —
692 4189 932 4243 Iudicia.
975 4189 1111 4252 Quae
1143 4203 1246 4259 per
1276 4189 1501 4258 Moysen
1533 4193 1663 4258 post
1691 4189 1879 4259 legem

1998 3036 2232 3089 tertium
2281 3034 2614 3104 olympium,
2671 3040 2940 3104 quartum
2989 3036 3244 3106 igneum,
3279 3038 3547 3108 quintum
3593 3038 3688 3091 tir-

1993 3124 2370 3186 mamentum,
2420 3125 2641 3173 sextum
2686 3136 2955 3190 aqueum,
2991 3122 3300 3191 septimum
3331 3125 3688 3193 angelorum.

2067 3209 2229 3262 Vens.
2287 3212 2371 3263 16.
2429 3237 2498 3248 —-
2556 3208 2950 3274 Circumcidite,
3023 3214 3134 3263 etc.
3201 3211 3528 3280 Spiritalem
3583 3212 3688 3265 cir-

1992 3297 2402 3351 cumcisionem
2449 3295 2753 3366 signiﬁcat,
2795 3296 2853 3350 id
2895 3302 2978 3351 est
3017 3298 3226 3352 mentis
3257 3300 3594 3367 custodiam,
3635 3305 3690 3354 et

1989 3402 2184 3440 veram
2241 3384 2663 3438 absrinentiam.
2733 3384 2925 3452 Quasi,
2981 3401 3109 3439 cum
3158 3386 3441 3441 luxuriam
3504 3389 3688 3443 carnis

1992 3473 2402 3542 exstinxeritis,
2436 3473 2610 3527 etiam
2658 3473 2868 3527 mentis
2919 3475 3208 3544 superﬂua
3252 3482 3523 3531 resecato.
3569 3477 3687 3533 Cir-

1990 3563 2350 3618 cumcidendi
2382 3566 2513 3616 sunt
2560 3578 2756 3616 omnes
2803 3579 3018 3617 sensus.
3061 3565 3218 3618 Unde
3248 3566 3463 3635 Moyses
3493 3583 3552 3620 se
3595 3566 3684 3619 in-

1990 3651 2389 3705 circumcisum
2440 3649 2602 3703 labiis
2647 3650 3019 3720 conqueritur
3061 3656 3157 3717 ;et
3216 3652 3539 3722 Stephanus
3586 3654 3682 3707 Ju-

1989 3740 2180 3794 daais:
2234 3741 2621 3804 Incircumcisi,
2682 3738 2891 3808 inquit,
2952 3740 3109 3793 corde
3163 3745 3214 3794 et
3270 3743 3514 3808 auribus,
3577 3747 3681 3797 etc.

1990 3829 2139 3899 (Act.
2191 3829 2319 3898 v11).
2371 3828 2512 3881 Vere
2562 3842 2695 3894 ergo
2753 3827 3118 3881 circumcisus
3165 3834 3268 3894 est,
3321 3831 3421 3900 qui
3467 3832 3686 3885 obturat

1991 3932 2149 3971 aures
2177 3932 2243 3971 ne
2268 3916 2462 3970 audiat
2502 3917 2820 3983 sanguinem
2862 3921 2911 3968 et
2951 3916 3159 3970 claudit
3204 3919 3380 3972 oculos
3409 3934 3476 3972 ne
3503 3920 3686 3973 videat

1989 4007 2225 4072 malum;
2275 4005 2376 4074 qui
2424 4021 2540 4058 non
2588 4003 2873 4073 delinquit
2901 4004 2962 4058 in
2993 4005 3210 4074 lingua,
3245 4007 3406 4075 cujus
3435 4023 3532 4061 cor
3570 4024 3685 4062 non

1989 4099 2256 4164 gravatur
2284 4094 2516 4162 crapula
2543 4097 2600 4146 et
2628 4092 2920 4161 ebrietate,
2955 4093 3053 4163 qui
3109 4094 3258 4147 lavat
3314 4095 3464 4148 inter
3511 4097 3680 4150 inno-

1988 4186 2179 4236 centes
2239 4197 2444 4235 manus
2497 4196 2642 4246 suas,
2705 4185 2762 4234 et
2819 4181 2886 4235 ab
2921 4181 3079 4235 omni
3112 4183 3200 4236 via
3231 4183 3382 4237 mala
3412 4185 3683 4254 prohibet

176 4281 373 4335 datam
430 4280 668 4334 diversis
731 4278 1082 4349 temporibus
1126 4279 1343 4348 populo
1393 4284 1679 4348 pracepta
1723 4283 1873 4343 sunt,
1907 4308 1950 4362 Ι)
1988 4276 2162 4346 pedes
2209 4292 2365 4343 suos;
2419 4275 2520 4346 qui
2566 4275 2801 4345 castigat
2848 4291 3054 4346 corpus
3109 4292 3274 4331 suum
3325 4282 3381 4332 et
3427 4279 3685 4333 servituti

173 4386 308 4439 qua:
340 4369 401 4422 in
431 4368 624 4421 Exodo
650 4367 1092 4437 justiﬁcationes
1122 4366 1503 4435 appellantur.

247 4461 321 4512 Et
375 4459 734 4511 caeremonias.
785 4455 1313 4520 Circumcisionem,
1375 4454 1517 4507 ritus
1565 4453 1877 4508 sacriﬁcio-

174 4564 328 4601 rum.
366 4547 525 4602 Unde
546 4545 885 4599 Ambrosius
916 4560 1086 4615 super
1118 4543 1425 4614 Epistolam
1457 4543 1527 4597 ad
1557 4543 1873 4598 Romanos:

173 4637 410 4706 Triplex
456 4634 687 4705 (inquit)
732 4635 819 4687 lex
861 4639 964 4699 est,
1015 4633 1203 4702 prima
1255 4647 1388 4702 pars
1429 4633 1497 4686 de
1527 4637 1878 4686 sacramento

174 4724 538 4790 divinitatis;
602 4723 851 4776 secunda
915 4722 1181 4793 congruit
1250 4721 1366 4791 legi
1417 4721 1688 4788 naturali,
1749 4737 1878 4792 quae

169 4817 443 4881 pecatum
491 4811 812 4877 interdicit;
866 4810 1030 4866 tertia
1080 4810 1362 4864 festorum
1413 4808 1575 4879 legis,
1645 4808 1705 4862 id
1771 4813 1874 4875 est,

171 4903 434 4968 sabbata,
468 4901 816 4964 neomenize,
865 4906 920 4954 et
967 4899 1342 4953 circumcisio.

237 4993 408 5044 Vens.
456 4995 539 5044 15.
573 5019 634 5029 —
669 4992 755 5043 Ac
807 4990 1014 5058 dipsas.
1049 4990 1237 5042 Genus
1268 4987 1481 5057 aspidis
1512 5003 1642 5058 quae
1682 4987 1876 5042 Latine

169 5079 389 5132 dicitur
446 5078 638 5144 situla,
697 5093 1100 5148 quemcunque
1132 5076 1528 5142 momorderit,
1567 5076 1662 5129 siti
1690 5077 1872 5146 perit;

166 5169 310 5221 adeo
355 5184 533 5238 parva
582 5173 648 5220 ut
715 5182 844 5219 cum
904 5167 1151 5219 calcatur
1204 5181 1319 5218 non
1367 5165 1646 5218 videatur.
1703 5165 1876 5232 Cujus

169 5271 458 5312 venenum
513 5261 641 5309 ante
675 5256 1006 5326 exstinguit,
1061 5272 1235 5326 quam
1283 5255 1584 5321 sentiatur,
1636 5271 1740 5308 nec
1771 5253 1872 5308 tri-

173 5346 389 5400 stitiam
422 5344 597 5398 sentit
635 5345 966 5398 moriturus.

237 5435 489 5505 Mystice.
553 5433 704 5486 Varii
777 5437 1069 5505 serpentes
1126 5433 1371 5488 hareses
1429 5437 1566 5487 sunt
1618 5430 1767 5485 inter
1816 5447 1873 5486 se

174 5524 406 5593 quidem
438 5523 698 5588 diversae,
732 5523 826 5577 sed
856 5538 1058 5577 omnes
1085 5521 1416 5576 mortiferae.

1991 4366 2237 4437 subjicit,
2289 4370 2344 4419 et
2391 4365 2550 4419 omni
2593 4364 2850 4419 custodia
2906 4371 3090 4419 servat
3137 4383 3234 4420 cor
3293 4383 3481 4421 suum.
3545 4369 3684 4423 Bina

1988 4471 2220 4526 quoque
2263 4453 2692 4507 circumcisione
2739 4452 3088 4524 indigemus,
3136 4470 3208 4509 ne
3239 4471 3303 4508 ex
3337 4455 3428 4509 his
3459 4473 3682 4527 quiera-

1988 4559 2116 4597 mus
2169 4558 2374 4596 vanam
2422 4541 2687 4611 gloriam,
2728 4557 2800 4595 ne
2849 4541 2987 4595 foris
3017 4543 3243 4608 mundi,
3294 4548 3350 4597 et
3377 4543 3530 4597 intus
3579 4544 3684 4598 im-

1989 4632 2188 4687 mundi
2234 4631 2432 4697 simus,
2483 4635 2540 4683 et
2587 4629 2869 4684 simulatae
2924 4631 3234 4685 sanctitatis
3283 4648 3476 4700 pmnas
3516 4633 3682 4685 susti-

1986 4736 2240 4787 neamus,
2275 4720 2420 4773 sicut
2447 4718 2757 4774 Sichimitaa
2809 4718 2909 4789 qui
2949 4719 3403 4789 patriarcharum
3433 4719 3680 4772 circum-

1985 4809 2264 4863 cisionem
2297 4808 2507 4861 imitati
2537 4812 2692 4876 sunt,
2723 4823 2841 4861 non
2872 4806 2973 4860 Dei
3019 4823 3236 4870 amore,
3288 4807 3389 4861 sed
3436 4808 3508 4861 ob
3557 4824 3685 4861 cau-

1985 4913 2106 4952 sam
2152 4895 2443 4950 luxurite:
2495 4895 2624 4949 ideo
2673 4894 2815 4948 nihil
2892 4894 3169 4948 mercedis
3239 4895 3679 4966 acquisiverunt,

1986 4982 2083 5040 'sed
2133 4985 2224 5039 die
2262 4984 2427 5038 tertia
2474 4984 2624 5037 intra
2667 4982 2910 5036 civitatis
2955 4999 3071 5035 sua:
3122 4983 3315 5036 ruinas
3361 4985 3677 5054 perierunt.

1983 5076 2143 5128 Tales
2172 5073 2328 5128 enim
2358 5074 2417 5126 in
2449 5077 2705 5141 tempore
2734 5071 3166 5124 resurrectionis
3218 5074 3520 5138 evacuatis,
3557 5075 3682 5145 qui-

1985 5163 2091 5218 bus
2120 5162 2501 5226 conﬁdebant,
2552 5159 2879 5224 virtutibus,
2923 5158 2983 5211 in
3023 5166 3302 5214 aeternum
3337 5163 3679 5216 moriuntur.

2058 5253 2217 5304 Vens.
2250 5253 2338 5303 2'2.
2370 5279 2434 5288 —-
2465 5247 2858 5303 Descenderam
2911 5253 3098 5316 patres
3145 5252 3225 5302 tui
3260 5249 3319 5303 in
3349 5251 3682 5320 Egyptum.

1985 5339 2360 5394 Descenditur
2429 5337 2489 5390 in
2545 5339 2853 5407 .‘Egyptum
2902 5352 2914 5389 :
2971 5339 3175 5392 Facitis
3257 5345 3334 5393 est
3401 5340 3685 5395 descensus

1985 5431 2211 5485 Averni.
2246 5429 2311 5480 In
2341 5426 2653 5481 Jerusalem
2686 5425 3030 5491 ascenditur,
3059 5425 3193 5497 quia
3241 5432 3397 5480 arcta
3450 5433 3534 5482 est
3591 5429 3680 5482 via

1987 5534 2116 5588 qum
2144 5516 2297 5571 ducit
2326 5515 2392 5569 ad
2422 5515 2615 5581 vitam,
2649 5520 2704 5568 et
2733 5514 2917 5568 tendit
2946 5514 3005 5567 in
3038 5515 3214 5568 ardua
3239 5517 3434 5569 virtus.
