3976 6178
311 262 415 317 463

990 380 1215 434 CAPUT
1249 379 1336 433 XI.

388 488 548 540 Vnus.
600 488 687 541 10.
730 515 799 527 -
850 488 923 540 De
971 501 1081 555 qua
1130 486 1310 540 existi.
1361 485 1566 550 Mente,
1612 483 1755 537 duce
1799 486 2011 555 Moyse,

318 576 375 631 id
408 581 492 629 est
524 575 760 629 docente
797 575 923 643 lege
960 578 1212 627 terrenas
1264 572 1578 643 voluptates
1611 572 1920 643 despicere,
1958 579 2017 629 et

318 670 531 719 terram
564 661 960 733 promissionis
1001 661 1142 714 duce
1171 660 1301 713 Jesu
1323 659 1560 713 intrare.

388 752 450 805 In
498 751 792 804 hortorum.
824 749 965 812 Quia
1014 749 1269 802 carnales
1313 748 1528 819 quique
1557 753 1899 819 praesentem
1928 748 2014 802 fe-

321 838 589 892 licitatem
646 843 701 890 et
759 837 984 907 copiam
1034 852 1225 890 rerum
1275 838 1684 908 temporalium
1738 842 2016 909 appetunt

320 926 426 981 sibi
455 926 854 995 multiplicare.

390 1015 551 1067 Vnas.
603 1017 686 1067 12.
748 1044 816 1053 -
872 1015 920 1068 A
976 1014 1248 1082 principio
1295 1016 1446 1068 anni.
1481 1012 1565 1067 Ab
1613 1012 1775 1068 initio
1808 1013 2018 1068 scilicet

319 1104 483 1158 bona:
512 1103 819 1157 voluntatis
859 1118 1039 1172 usque
1082 1103 1152 1156 ad
1194 1102 1603 1173 perfectionem
1651 1103 1787 1157 boni
1827 1104 2016 1174 operis

319 1208 549 1245 cursum
598 1191 729 1246 vitae
777 1191 989 1261 dirigit.
1048 1194 1189 1246 Deus
1218 1194 1359 1245 enim
1411 1196 1488 1245 est
1535 1193 1632 1261 qui
1672 1197 1928 1261 operatur
1956 1193 2016 1245 in

319 1281 473 1335 nobis
520 1281 653 1334 velte
696 1286 745 1334 et
777 1283 1033 1349 perﬁcere
1074 1295 1174 1349 pro
1205 1279 1341 1333 bona
1370 1281 1643 1334 voluntate
1675 1281 1898 1350 (Philip.
1933 1280 2011 1349 ιι).

391 1370 558 1423 Vsus.
608 1369 691 1422 14.
746 1397 816 1408 -
850 1371 1287 1437 Temporaneam,
1340 1374 1445 1423 etc.
1488 1368 1631 1432 Quia
1678 1368 1870 1422 electis
1900 1368 2017 1422 suis

322 1456 514 1525 priore
547 1461 804 1526 tempore
844 1455 983 1525 legis
1019 1455 1373 1509 intellectum
1403 1456 1674 1521 contulit;
1709 1457 2017 1510 serotinam

322 1544 577 1613 pluviam
606 1543 827 1609 tribuit,
850 1543 983 1613 quia
1015 1542 1215 1596 ultimo
1236 1549 1496 1613 tempore
1526 1543 2016 1599 incarnationibus

322 1649 438 1686 suae
466 1632 800 1703 mysterium
831 1631 1094 1702 patefecit
1114 1631 1303 1685 nobis.

394 1722 464 1773 Et
492 1722 802 1784 serotinam,
854 1723 958 1772 etc.
1010 1718 1152 1782 Quia
1201 1718 1510 1773 novissima
1568 1720 1708 1775 hora
1755 1726 1857 1788 est,
1887 1737 2015 1774 cum

322 1807 656 1878 praedicatio
690 1807 814 1877 ejus
845 1807 911 1861 ad
943 1824 1047 1860 nos
1078 1807 1360 1878 pervenit,
1403 1808 1504 1878 qui
1548 1808 1685 1863 dicit
1716 1825 1729 1862 :
1764 1810 2017 1864 Elevatio

323 1912 581 1951 manuum
672 1912 913 1950 mearum
1010 1899 1338 1965 sacrificium
1406 1901 1770 1967 vespertinum
1842 1900 2015 1969 (Psai.

327 1986 467 2052 cn).

400 2072 564 2126 VERS.
615 2073 705 2128 20.
755 2072 965 2128 Scribes
1020 2088 1083 2126 ea
1128 2088 1290 2143 super
1347 2078 1546 2143 postes.
1589 2074 1776 2143 (Avo,
1828 2080 2017 2145 quaest.

341 2154 452 2222 17.)
499 2153 613 2206 Hoc
660 2152 976 2205 secundum
1027 2152 1275 2207 litteram
1322 2170 1395 2207 an
1442 2155 1809 2226 hyperbolice
1860 2172 2019 2210 com-

332 2239 623 2294 mendatio
653 2245 756 2306 est,
786 2239 931 2294 sicut
952 2242 1130 2295 multa
1168 2242 1475 2297 dicuntur?

404 2330 559 2382 Vnas.
603 2331 690 2383 29.
742 2359 812 2369 —
856 2331 1087 2384 Montem
1137 2331 1407 2385 Garizim.
1461 2331 1702 2386 Garizim
1735 2332 2024 2403 interpre-

332 2423 483 2472 tatur
515 2416 725 2471 Divisio
757 2419 844 2472 vel
874 2418 1133 2484 Advena;
1166 2418 1361 2487 Hebal,
1397 2420 1612 2490 Vorago
1640 2426 1798 2475 vetns
1844 2421 2023 2475 inter-

329 2510 608 2576 pretatur.
666 2506 774 2569 Qui
804 2507 959 2560 enim
1008 2524 1040 2560 a
1080 2507 1230 2560 vitiis
1261 2524 1318 2560 se
1369 2513 1658 2578 separant,
1693 2514 1748 2561 et
1776 2525 1833 2562 se
1865 2509 2025 2563 adve-

335 2610 438 2648 nas
486 2600 544 2649 et
588 2595 925 2666 peregrinos
983 2595 1045 2649 in
1092 2595 1200 2649 hoc
1267 2596 1482 2650 mundo
1525 2597 1807 2666 judicant,
1853 2597 2025 2652 etiam

333 2686 610 2737 aeternam
658 2688 953 2738 merentur
984 2683 1464 2738 benedictionem.
1500 2685 1606 2749 Qui
1654 2703 1784 2740 vero
1824 2687 1883 2740 in
1923 2704 2024 2741 vo-

333 2771 593 2841 raginem
626 2771 830 2825 veteris
877 2771 1008 2825 vitae
1060 2788 1117 2825 se
1165 2772 1545 2843 pracipitant,
1578 2774 1899 2828 carnalibus
1929 2774 2027 2828 de-

330 2860 555 2915 sideriis
597 2860 925 2926 servientes,
1006 2865 1235 2915 ueterum
1304 2861 1698 2916 maledictioni
1767 2864 2027 2933 subiace-

328 2949 490 3004 bunt

989 3075 1217 3130 CAPUT
1252 3077 1366 3131 XII.

412 3200 565 3253 Vers.
627 3202 677 3252 6.
748 3226 816 3240 —-
888 3200 1137 3254 Decimus
1203 3204 1253 3253 et
1306 3201 1615 3268 primitias,
1679 3205 1783 3255 etc.
1863 3201 2024 3268 (At'o.

334 3293 525 3358 quast.
587 3289 687 3355 18.)
742 3287 1127 3350 Quaerendum
1182 3292 1266 3341 est
1320 3289 1609 3358 quomodo
1637 3289 1837 3358 jubeat
1865 3289 2025 3343 deci-

336 3375 618 3430 mationes
664 3375 922 3428 omnium
984 3374 1270 3429 fructuum
1320 3382 1377 3431 et
1431 3376 1721 3447 primitiva
1763 3379 2023 3433 omnium

334 3480 605 3532 pecorum
655 3477 774 3517 non
826 3463 1180 3529 manducari,
1233 3464 1343 3518 nisi
1396 3465 1453 3518 in
1496 3464 1720 3519 civitate
1753 3466 1853 3520 ubi
1881 3472 2028 3521 tem-

336 3554 499 3623 plum
549 3557 691 3617 erat,
743 3567 872 3605 cum
932 3567 1024 3604 eas
1084 3552 1284 3606 Levitis
1339 3552 1460 3607 dari
1514 3552 1572 3606 in
1631 3554 1756 3625 lege
1816 3571 2026 3626 praece-

337 3639 505 3709 perit.

410 3728 570 3782 Vsas.
645 3731 730 3784 13.
794 3758 860 3767 -—
910 3728 1049 3784 Cave
1106 3744 1173 3783 ne
1219 3728 1434 3797 offeras.
1504 3730 1867 3786 Occasionem
1914 3748 2029 3787 am-

338 3820 479 3885 puta
525 3816 694 3871 idolis
741 3816 1114 3872 sacriticandi.
1149 3817 1281 3871 Ideo
1314 3817 1468 3872 enim
1500 3819 1761 3891 praecipit
1788 3821 1847 3875 in
1877 3825 2026 3875 temo

338 3902 435 3971 plo
482 3907 538 3957 et
579 3904 650 3958 ad
694 3905 870 3959 altare
916 3906 1143 3959 Domini
1183 3906 1396 3960 hostias
1442 3907 1653 3972 offerri,
1706 3913 1766 3962 ut
1794 3909 1890 3963 ubi
1940 3910 2029 3964 in-

337 3995 499 4061 tegra
560 3999 643 4047 est
689 3994 911 4064 religio,
964 3994 1046 4049 ibi
1102 3995 1287 4049 cultus
1339 4012 1621 4068 congruus
1674 3998 2024 4054 exhibeatur.

339 4079 565 4149 Mystice
615 4086 806 4135 autem
875 4081 1064 4135 innuit
1120 4084 1341 4138 nullum
1419 4100 1628 4139 munus
1680 4089 2028 4157 acceptabile

338 4182 461 4220 esse
496 4168 610 4221 Deo
642 4175 799 4223 extra
849 4169 1181 4224 catholicam
1236 4172 1557 4238 Ecclesiam,
1608 4173 1700 4227 hic
1740 4174 1895 4230 enim
1943 4180 2030 4231 est

922 258 1311 313 WALAFRIDI
1350 259 1597 314 STRABI
1639 259 1833 314 FULD.
1881 259 2037 313 ΜΟΝ.
2091 257 2249 313 OPP.
2295 259 2467 314 PARS
2517 259 2557 313 I.
2600 288 2669 297 -—
2710 258 3160 315 TIIEOLOGICA.
3662 269 3753 323 464

2041 379 2091 433 Α
2124 383 2235 445 tur,
2268 378 2367 449 qui
2399 395 2502 449 per
2528 396 2726 433 omnes
2773 396 2943 433 venas
2992 378 3329 435 diffunditur
3367 399 3379 436 :
3432 383 3605 454 ipsum
3654 391 3763 443 ani-

2124 482 2276 520 mam
2309 472 2488 537 vocat,
2520 468 2577 521 id
2627 473 2727 530 est,
2761 469 3016 538 corporis
3046 468 3239 537 vitam,
3293 487 3417 541 qua:
3466 480 3631 529 morte
3660 478 3773 531 tini-

2123 560 2235 613 tur.
2291 556 2515 627 Mystice
2555 562 2746 611 autem
2789 556 3068 623 innuitur,
3128 563 3191 612 ut
3246 562 3487 616 carnales
3538 564 3770 622 homines

2124 661 2157 698 a
2211 644 2458 715 pristina
2533 646 2964 700 conversatione
3018 647 3383 715 discedentes,
3452 650 3506 705 in
3574 656 3768 711 unitate

2124 732 2257 787 ﬁdei
2288 738 2344 786 et
2391 734 2673 788 honorum
2721 750 2960 805 operum
3002 736 3296 804 sociantes,
3341 753 3531 793 eorum
3576 758 3773 796 errores

2125 820 2185 875 in
2212 838 2380 875 usum
2413 828 2672 877 nostrum
2696 839 2809 878 non
2841 829 3267 879 convertamus:
3299 827 3393 880 sed
3422 828 3769 899 eﬂ‘undamus,

2124 910 2181 964 id
2207 916 2306 975 est,
2340 928 2443 983 per
2471 912 2887 968 confessionem
2928 914 3181 985 prolatos
3211 921 3447 970 terrenae
3476 918 3766 988 fragilitatis

2126 999 2490 1070 deputemus,
2559 1006 2618 1055 et
2690 1002 2852 1072 quasi
2903 1002 3175 1074 indignos
3242 1004 3374 1058 viris
3418 1006 3769 1075 spiritualibus

2126 1088 2478 1160 abjiciamus.

2774 1197 2998 1251 CAPUT
3035 1198 3177 1252 XIII.

2197 1303 2357 1357 Vsus.
2417 1306 2466 1358 1.
2512 1334 2581 1342 -
2626 1303 2689 1359 Si
2734 1306 3054 1358 surremerit.
3107 1305 3240 1359 Vult
3280 1305 3538 1377 intelligi,
3580 1324 3634 1360 ea
3659 1324 3767 1378 quae

2127 1391 2398 1445 adivinis
2455 1408 2572 1445 non
2630 1394 2945 1447 secundum
3004 1394 3185 1447 Deum
3263 1394 3543 1463 dicuntur,
3585 1395 3772 1449 etiamsi

2129 1480 2442 1547 evenerint,
2482 1496 2607 1533 non-
2634 1497 2755 1535 esse
2802 1483 2880 1534 sic
2912 1482 3264 1551 accipienda,
3298 1490 3360 1537 ut
3389 1484 3525 1536 tiant
3567 1500 3682 1554 quae
3719 1483 3779 1536 ab

2130 1570 2213 1622 eis
2242 1568 2655 1639 praedicuntur,
2689 1586 2790 1623 nec
2814 1575 3023 1639 praeter
3064 1574 3403 1640 potestatem
3436 1588 3588 1625 suam
3616 1577 3781 1625 osten-

2049 1662 2091 1717 Β
2129 1656 2211 1711 dit
2265 1673 2406 1719 esse,
2453 1672 2581 1727 qua:
2635 1656 2712 1710 ita
2755 1656 3115 1725 contingunt.
3181 1658 3289 1712 Sed
3323 1676 3494 1729 quare
3525 1661 3788 1729 permittat

2125 1744 2415 1815 supponit,
2451 1745 2521 1797 ad
2584 1745 3041 1814 cognoscendum
3087 1746 3302 1800 scilicet
3358 1753 3624 1818 quantum
3675 1746 3786 1800 dili-

2127 1838 2265 1903 gant
2316 1834 2498 1886 Deum
2554 1833 2866 1887 servientes
2926 1832 3084 1903 ipsis,
3156 1851 3270 1889 non
3342 1836 3424 1889 illi
3479 1836 3575 1906 qui
3619 1834 3793 1888 omnia

2128 1921 2306 1975 novit.

2777 2028 3002 2083 CAPUT
3040 2029 3174 2084 XIV.

2203 2136 2370 2189 Vens.
2407 2138 2455 2189 1.
2487 2164 2556 2175 -
2609 2135 2739 2189 Non
2775 2150 2867 2189 vos
2898 2135 3174 2191 incidetis.
3212 2137 3399 2207 Usque
3430 2135 3591 2191 hodie
3621 2135 3797 2189 multa:

2129 2228 2331 2295 gentes
2378 2223 2638 2278 incidunt
2679 2240 2738 2278 se
2770 2224 2829 2277 in
2861 2224 3160 2279 funeribus
3194 2230 3569 2280 mortuorum.
3606 2223 3751 2279 Unde
3780 2239 3793 2277 :

2132 2314 2249 2369 Non
2274 2327 2367 2367 vos
2387 2314 2781 2367 contristemini
2833 2314 2975 2367 sicut
3041 2318 3091 2367 et
3135 2316 3334 2381 caeteri,
3383 2316 3481 2383 qui
3531 2329 3671 2383 spem
3709 2327 3803 2365 non

2132 2402 2346 2455 habent.
2381 2401 2515 2454 Hec
2545 2406 2737 2454 autem
2770 2400 2973 2467 facere,
3010 2416 3213 2455 eorum
3255 2407 3345 2457 est
3391 2401 3492 2473 qui
3518 2401 3803 2471 desperant

2134 2490 2203 2545 de
2233 2489 2662 2545 resurrectione.

2204 2581 2307 2635 Nec
2363 2580 2605 2645 facietis.
2672 2579 2875 2647 Capilli
2927 2581 3123 2648 capitis
3167 2581 3337 2635 vestri
3385 2583 3650 2633 numerati
3696 2581 3809 2631 sunt

2135 2666 2353 2739 (Matth.
2387 2668 2469 2736 χ),
2500 2666 2558 2720 id
2588 2672 2673 2720 est
2719 2666 3119 2736 cogitationes,
3168 2683 3309 2737 quas
3339 2684 3456 2722 non
3489 2672 3711 2737 oportet
3737 2666 3802 2719 ab

2137 2756 2437 2810 honestate
2493 2754 2695 2825 capitis
2738 2754 2981 2821 auferre,
3032 2760 3090 2809 et
3143 2755 3372 2809 diabolo
3405 2755 3626 2821 otl'erre,
3677 2755 3809 2809 sicut

2136 2844 2371 2916 quidam
2394 2843 2719 2913 corporales
2752 2842 2988 2913 capillos
3015 2842 3241 2898 diabolo
3267 2844 3540 2899 offerunt.

2210 2935 2378 2988 Vl-ZRS.
2432 2935 2482 2987 3.
2548 2960 2613 2970 -
2682 2933 2760 2987 Ne
2810 2931 3119 2986 comedatis.
3156 2932 3475 2988 ‘Animalia
3535 2929 3817 2986 immunda

2139 3026 2292 3090 sunt,
2323 3021 2419 3076 sed
2466 3037 2596 3093 quae
2627 3020 3001 3091 signiﬁcando
3059 3020 3408 3092 exprimunt,
3461 3037 3666 3088 mores,
3719 3018 3818 3073 sci-

2137 3112 2269 3167 licet
2297 3111 2622 3177 homnium,
2642 3114 2696 3162 et
2727 3114 2905 3178 actus,
2937 3112 2993 3164 et
3015 3110 3357 3165 voluntates.

2208 3201 2371 3255 Vnus.
2426 3201 2477 3253 5.
2530 3228 2598 3239 —
2651 3197 3173 3268 Cametopardalum.
3234 3198 3343 3263 Qui
3402 3198 3545 3254 albis
3595 3195 3820 3252 maculis

2136 3303 2449 3359 respersus,
2493 3286 2676 3358 capite
2722 3286 2941 3340 camelo
2986 3286 3208 3353 similis,
3241 3288 3387 3342 collo
3421 3287 3653 3359 equino,
3679 3284 3822 3357 pedi-

2135 3376 2241 3430 bus
2286 3374 2515 3441 bubalo,
2558 3390 2663 3445 per
2703 3379 2907 3429 caetera
2969 3376 3230 3446 pardus:
3282 3374 3342 3429 in
3396 3376 3689 3447 Ethiopia
3729 3391 3820 3428 na-

2136 3463 2327 3519 scitur.

2207 3553 2370 3608 Omne
2417 3551 2628 3607 am‘mai
2676 3551 2820 3620 quod
2850 3554 2906 3606 in
2959 3552 3117 3609 duas.
3150 3553 3280 3607 Illos
3325 3552 3537 3613 recipit
3594 3551 3828 3608 Ecclesia

2136 3645 2194 3695 et
2240 3640 2514 3695 membris
2566 3641 2684 3696 suis
2737 3641 3085 3713 incorporat,
3131 3642 3233 3713 qui
3273 3644 3553 3713 ungulam
3586 3643 3827 3703 tindunt,

2136 3728 2236 3801 qui
2276 3728 2678 3784 discretionem
2709 3729 2845 3784 boni
2889 3736 2947 3785 et
2979 3730 3116 3784 mali
3148 3730 3358 3785 habere
3389 3732 3603 3796 sciunt,
3639 3737 3694 3787 et
3735 3730 3829 3801 qui

2138 3817 2454 3885 ruminant,
2486 3818 2544 3873 id
2576 3826 2663 3873 est
2692 3818 3045 3873 meditantur
3069 3819 3129 3873 in
3152 3820 3280 3890 lege
3304 3820 3397 3874 die
3418 3837 3485 3875 ac
3512 3827 3703 3875 nocte.

2209 3907 2367 3961 Vens.
2402 3909 2453 3961 6.
2502 3936 2572 3948 —
2617 3907 2774 3973 Quod
2827 3911 2885 3961 in
2932 3907 3070 3961 duas
3115 3912 3319 3977 partes.
3353 3908 3463 3972 Qui
3505 3908 3696 3963 silicet
3722 3907 3828 3963 duo

2139 3998 2472 4050 testamenta
2524 3994 2837 4065 suscipiens
2883 3996 3050 4050 tirmo
3078 3997 3259 4067 gradu
3300 3997 3548 4068 justitias
3587 4004 3647 4054 et
3675 3999 3831 4052 inno-

2137 4083 2337 4138 centiaa
2359 4100 2481 4138 sese
2511 4084 2824 4138 constituit.

2209 4173 2367 4229 Vens.
2404 4177 2462 4229 7.
2522 4173 2903 4229 —Camelum.
2935 4173 3197 4228 Judaeum
3230 4174 3330 4245 qui
3359 4174 3549 4246 liquat
3576 4174 3834 4239 culicem,

334 4254 492 4351 locus
536 4272 709 4351 quem
762 4258 911 4351 Betis
971 4259 1166 4330 elegit,
1226 4264 1289 4313 ut
1334 4267 1575 4331 poneret
1602 4279 1812 4317 nomen
1860 4281 2026 4319 suum
2058 4296 2101 4351 Β
2140 4266 2195 4315 et
2224 4261 2395 4332 glutit
2422 4262 2725 4328 camelum,
2785 4261 2883 4332 qui
2933 4262 3181 4317 litteram
3239 4263 3514 4333 ruminat,
3572 4265 3672 4320 sed
3731 4280 3837 4319 non

337 4340 437 4407 ibi,
471 4346 526 4395 et
551 4342 767 4397 habitet
795 4343 855 4397 in
881 4360 966 4398 eo.

408 4430 569 4483 Vens.
624 4434 704 4485 l6.
756 4459 825 4473 —
877 4432 1099 4500 Absque
1141 4448 1251 4487 esu.
1309 4435 1688 4490 Homicidium
1739 4438 2025 4509 prohibet.

335 4518 577 4589 Sanguis
622 4535 728 4589 pro
771 4519 963 4573 anima
1008 4520 1259 4591 ponitur,
1326 4522 1462 4593 quia
1518 4524 1679 4577 sedes
1704 4526 1932 4592 animm,
1968 4527 2027 4581 id

337 4613 420 4660 est
445 4605 712 4663 humana:
742 4608 892 4673 vitae,
930 4609 988 4662 in
1010 4610 1288 4677 sanguine
1311 4615 1415 4664 est.

408 4698 567 4750 VERS.
627 4702 708 4752 17.
742 4728 812 4737 -
841 4699 913 4752 In
961 4699 1195 4767 oppidis.
1248 4699 1306 4754 Id
1357 4704 1462 4767 est,
1497 4702 1715 4755 meritis
1770 4704 1885 4758 tuis
1914 4721 2029 4759 non

334 4785 679 4869 assignabis,‘
732 4803 861 4857 qum
946 4787 1138 4840 divina
1192 4788 1450 4858 largitate
1508 4776 1853 4861 perceperis,
1914 4809 2029 4850 non

333 4873 546 4928 viribus
596 4874 729 4941 tuis,
787 4877 885 4929 sed
922 4877 1056 4943 Deo,
1110 4875 1273 4946 cujus
1322 4893 1559 4932 munere
1609 4880 1713 4933 hoc
1762 4881 2031 4937 habueris

338 4960 487 5030 (Gal.
520 4964 619 5031 VI).

404 5050 564 5103 Vens.
614 5054 703 5105 23.
751 5083 821 5092 —
862 5055 971 5107 Hoc
1024 5054 1196 5108 solum
1248 5070 1391 5108 cave.
1452 5055 1530 5110 Ad
1593 5057 1841 5113 litteram
1890 5077 2028 5131 apo-

331 5133 460 5188 stoli
514 5135 619 5189 hoc
648 5146 1091 5211 praeceperunt:
1130 5143 1194 5196 Et
1240 5142 1301 5197 in
1358 5145 1637 5215 sanguine
1690 5148 2028 5217 prohibetur

331 5222 723 5289 homicidium,
780 5232 835 5281 et
878 5229 1076 5284 odium
1110 5230 1370 5287 fratrum.
1409 5233 1517 5297 Qui
1570 5236 1727 5290 enim
1757 5236 1876 5291 odit
1914 5238 2026 5291 fra-

328 5315 476 5365 trem
505 5327 670 5365 suum
702 5314 989 5369 homicida
1016 5323 1100 5371 est
1131 5319 1187 5386 (Ι
1205 5321 1360 5374 Joan.
1400 5322 1501 5394 ιιι).

401 5400 642 5467 Sanguis
669 5404 812 5457 enim
868 5419 1068 5460 eorum.
1117 5406 1260 5470 Quia
1318 5408 1551 5479 aliquod
1598 5412 1767 5467 vitale
1814 5418 1902 5469 est
1956 5415 2019 5470 in

333 5488 635 5560 sanguine,
697 5494 754 5545 et
802 5507 907 5562 per
954 5493 1139 5563 ipsum
1188 5497 1435 5551 maxime
1467 5498 1528 5554 in
1555 5499 1662 5555 hac
1691 5518 1860 5556 carne
1889 5503 2028 5559 vivi-

2138 4350 2311 4405 habet
2350 4349 2543 4404 ﬁssam
2594 4349 2888 4420 ungulam,
2942 4349 3079 4421 quia
3108 4366 3142 4404 a
3188 4351 3391 4422 spiritu
3432 4352 3697 4408 litteram
3727 4368 3838 4407 non

2139 4438 2358 4504 dividit,
2392 4437 2452 4492 hi
2482 4442 2612 4492 sunt
2638 4439 2836 4492 scribas
2863 4443 2919 4493 et
2949 4438 3243 4495 Pharisazi.

2207 4529 2479 4597 Leporem.
2512 4528 2617 4581 Per
2645 4527 3055 4598 choerogyllum
3099 4532 3157 4582 et
3202 4530 3456 4599 leporem
3514 4530 3840 4587 multitudi-

2139 4632 2270 4670 nem
2300 4616 2949 4687 significatlndworum,
2974 4621 3283 4688 utrumque
3314 4619 3469 4674 enim
3498 4621 3727 4676 animal
3754 4621 3843 4674 de—

2138 4704 2250 4759 bile
2280 4710 2336 4758 et
2374 4704 2692 4760 inﬁrmum.

2208 4794 2348 4859 Quia
2377 4797 2677 4849 ruminant.
2718 4792 3033 4848 Ruminant
3084 4794 3265 4848 Judaei
3297 4796 3476 4853 verba.
3524 4798 3696 4868 legis,
3751 4797 3842 4850 sed

2140 4885 2412 4953 ungulam
2436 4899 2549 4937 non
2576 4883 2860 4949 dividunt,
2880 4883 3011 4953 quia
3044 4883 3105 4936 in
3137 4885 3364 4939 Patrem
3391 4890 3449 4939 et
3481 4887 3700 4941 Filium
3730 4902 3845 4941 non

2136 4973 2395 5039 credunt,
2463 4966 2565 5027 nec
2631 4972 2745 5026 duo
2802 4976 3142 5027 testamenta
3210 4973 3519 5043 recipiunt.
3588 4976 3837 5041 Quidam

2136 5066 2327 5116 autem
2360 5061 2616 5116 haeretici
2651 5062 2930 5132 ungulam
2970 5060 3214 5126 ﬁndunt,
3252 5062 3349 5117 sed
3382 5063 3718 5119 doctrinam
3753 5080 3842 5117 ve-

2136 5151 2318 5205 ritatis
2341 5152 2398 5206 in
2425 5167 2523 5206 ore
2552 5167 2665 5206 non
2694 5151 2990 5206 ruminant
3010 5153 3202 5223 (Leuit.
3234 5151 3331 5223 ιι).

2209 5240 2369 5295 Vsas.
2423 5243 2474 5295 9.
2517 5271 2584 5281 —
2635 5240 2771 5294 Hzc
2818 5239 3100 5295 comedetis
3151 5256 3218 5294 ea:
3265 5241 3511 5295 omnibus
3570 5258 3702 5311 qua
3732 5257 3845 5297 mo-

2134 5335 2329 5385 ventur
2371 5332 2430 5385 in
2471 5332 2649 5399 aquis.
2686 5330 2792 5384 Per
2837 5330 2961 5384 haec
2988 5329 3233 5400 gentiles
3262 5330 3697 5401 intelliguntur,
3748 5332 3850 5403 qui

2136 5416 2196 5471 in
2217 5418 2378 5488 aquis
2410 5417 2680 5488 baptismi
2702 5425 3095 5474 renascuntur.

2207 5507 2336 5571 Quae
2404 5507 2599 5561 habent
2654 5510 2932 5565 vinnutas.
2982 5507 3313 5566 leditantes
3345 5510 3529 5581 legem
3560 5510 3703 5567 vita
3751 5526 3851 5566 su-
