4038 6180
207 272 306 325 465

1342 280 1592 337 GLOSSA
1632 282 2036 341 ORDINARIA.
2078 318 2146 327 —-
2188 290 2314 343 LIB.
2358 290 2561 344 DEUT.

3609 299 3712 352 466

207 390 485 484 blimiset
516 395 801 463 caelestis;
835 397 971 467 quia
999 398 1328 470 ignorantia
1375 401 1581 457 divinae
1636 405 1777 476 legis
1814 407 1911 461 diu
1936 412 1979 465 Α
2018 411 2192 478 caelis,
2224 416 2287 467 ut
2344 414 2697 484 recipiantur
2766 415 2827 469 in
2906 419 3121 470 aeterna
3185 419 3548 473 tabernacula
3618 424 3716 477 ubi

204 477 255 531 ιιι
286 482 554 551 gentibus
608 483 814 553 fuerat,
868 486 1137 555 pinnulas
1194 494 1249 543 et
1285 506 1550 561 squamas
1593 494 1899 565 adjungit:

203 568 340 622 sicut
370 570 527 625 enim
545 572 723 644 pisces
777 576 1064 646 squamati
1097 584 1230 632 sunt
1261 582 1317 633 et
1363 580 1608 649 pinnati,
1675 584 1753 637 sic
1780 586 1903 657 qui-

202 657 300 709 bus
337 664 423 713 est
476 660 797 731 ignorantia
865 666 1217 735 temporalis,
1270 668 1378 721 cito
1431 669 1660 725 additur
1705 674 1901 746 cogni-

205 746 277 799 lio
309 747 571 802 sublimis
602 755 658 803 et
682 750 812 804 vitae
846 752 1105 806 ccelestis.

268 836 439 891 Vens.
479 840 560 891 l2.
593 868 660 879 —
696 842 765 893 Et
798 841 1077 910 gryphem.
1122 842 1258 905 Quae
1315 847 1399 898 est
1430 846 1776 917 quadrupes,
1811 866 1900 902 ca~

202 925 315 992 pitc
359 930 416 978 et
459 926 563 979 alis
609 928 819 997 aquila
871 928 1092 995 similis,
1134 930 1361 1001 reliquo
1435 949 1671 1003 corpore
1722 936 1898 1005 leoni,

201 1019 249 1066 et
271 1013 524 1068 abundat
558 1013 618 1068 in
659 1016 1033 1086 Hyperboreis
1081 1019 1392 1087 montibus,
1444 1024 1608 1093 equis
1656 1026 1900 1081 maxime

200 1102 419 1155 infensa
449 1108 507 1156 et
548 1103 901 1160 hominibus.

262 1192 428 1245 Vxns.
468 1195 549 1246 15.
588 1222 651 1233 -
702 1194 1092 1250 Struthionem.
1148 1196 1317 1260 Quia
1360 1202 1513 1253 terra
1571 1217 1686 1255 non
1744 1203 1894 1258 leva-

200 1286 311 1345 tur,
353 1280 448 1334 sed
481 1282 845 1337 saecularibus
884 1284 1131 1355 negotiis
1170 1285 1519 1357 implicatur.

263 1371 543 1426 Noctuam.
602 1370 740 1436 Quae
786 1372 849 1427 in
905 1379 1071 1428 nocte
1115 1380 1278 1430 acute
1329 1376 1507 1446 videt,
1558 1382 1615 1432 et
1665 1396 1779 1434 non
1837 1380 1900 1435 in

198 1458 304 1511 die.
375 1458 533 1513 Sicut
582 1459 682 1530 qui
730 1460 968 1517 scientia
1035 1462 1176 1534 legis
1217 1465 1555 1535 gloriantur,
1607 1476 1665 1521 et
1713 1468 1895 1523 lucem

200 1546 487 1616 Evangelii
518 1564 629 1601 non
662 1550 912 1620 capiunt.

257 1636 484 1690 Larum.
513 1636 620 1700 Qui
674 1643 736 1691 ut
780 1639 897 1693 avis
938 1640 1109 1707 volat,
1168 1645 1232 1695 ut
1290 1642 1543 1713 aquatile
1592 1649 1769 1713 natat,
1797 1645 1891 1716 qui

196 1722 408 1778 scilicet
452 1724 941 1782 circumcisionem
988 1732 1288 1783 veneratur
1344 1735 1400 1785 et
1448 1732 1752 1803 baptisma.
1787 1734 1899 1788 Ta-

198 1811 340 1866 libus
367 1812 742 1867 Paulus‘ait:
799 1814 862 1870 Si
914 1813 1386 1883 circumcidimini,
1441 1818 1696 1873 Christus
1748 1820 1898 1875 vobis

200 1916 303 1955 non
318 1901 544 1970 prodest
570 1902 713 1973 (Gal.
748 1904 827 1971 v).

257 1991 612 2058 Accipitrem,
663 1995 769 2044 etc.
823 1991 931 2056 Qui
973 1992 1252 2047 mansueti
1302 1994 1584 2063 videntur,
1630 1996 1727 2051 sed
1792 2014 1897 2068 po-

192 2076 439 2131 tentibus
471 2082 528 2131 et
555 2077 740 2131 avaris
763 2078 1079 2134 sociantur.

260 2166 425 2219 Vens.
463 2168 545 2219 l6.
586 2194 645 2205 —
711 2167 955 2236 Cygnum
982 2173 1034 2222 et
1070 2168 1205 2224 ibin.
1239 2171 1334 2225 Hae
1385 2170 1544 2243 longi
1592 2173 1720 2227 colli
1752 2189 1893 2241 esse,

196 2259 251 2307 et
274 2254 466 2307 cibum
493 2254 563 2309 de
608 2255 891 2326 profundo
946 2260 1114 2311 terra:
1163 2259 1390 2313 trahere
1443 2260 1739 2315 dicuntur:
1793 2279 1899 2317 nos

192 2346 380 2395 autem
412 2342 688 2397 debemus
719 2360 977 2415 quaerere
1003 2362 1214 2417 panem
1244 2348 1344 2419 qui
1372 2348 1443 2403 de
1475 2350 1617 2404 caelo
1647 2350 1889 2405 descen-

198 2428 295 2491 dit,
332 2446 437 2484 nec
477 2447 598 2485 esse
655 2431 885 2486 solliciti
942 2434 1083 2505 quid
1115 2437 1526 2491 manducemus
1578 2439 1763 2507 (Joan.
1815 2456 1894 2512 xi,

196 2521 388 2574 Matth.
428 2520 521 2590 vi).

260 2612 425 2665 Vens.
484 2615 569 2665 17.
626 2641 697 2653 —
754 2615 1175 2682 Nycticoracem.
1229 2615 1387 2688 {Quae
1432 2621 1597 2671 nocte
1652 2618 1798 2688 repit
1839 2622 1898 2671 et

193 2704 481 2768 operatur,
507 2699 832 2771 signiﬁcans
879 2718 977 2756 eos
1027 2704 1127 2774 qui
1178 2704 1358 2759 noctis
1406 2706 1675 2775 operibus
1734 2706 1892 2760 dedi-

192 2793 410 2855 cantur,
432 2805 561 2859 qua:
604 2794 735 2842 sunt
795 2789 1115 2855 fornicatio,
1162 2791 1546 2860 immunditia,
1605 2793 1891 2849 idolorum

191 2876 372 2929 cultus
392 2881 449 2930 et
480 2876 709 2931 similia.

2012 500 2361 570 epulandum
2392 508 2446 555 et
2476 504 2787 558 laetandum
2835 520 2964 558 cum
3020 505 3240 573 amicis,
3299 508 3355 560 id
3407 514 3489 563 est
3511 512 3718 565 sanctis

2011 594 2069 644 et
2100 590 2290 646 electis
2321 592 2439 646 Dei.

2084 698 2245 753 Vens.
2278 700 2368 753 26.
2401 729 2469 740 —
2513 703 2584 754 Et
2635 717 2768 756 emes
2811 717 2878 755 ese
2923 702 3107 755 eadem
3150 706 3396 771 pecunia,
3431 709 3535 758 etc.
3599 705 3721 775 Spi-

2009 784 2296 840 ritualiter
2326 787 2674 858 praecipitur,
2708 795 2773 842 ut
2830 806 3055 860 semper
3117 791 3280 844 bonis
3335 792 3605 861 cperibus
3636 795 3721 848 in-

2009 873 2293 938 sistemus,
2319 882 2597 946 quatenus
2630 883 2756 947 post
2796 878 2942 932 hanc
2996 879 3169 933 vitam
3230 880 3298 933 ad
3350 880 3588 935 domum
3614 898 3717 935 no-

2009 964 2206 1027 stram,
2240 962 2297 1016 id
2328 968 2412 1016 est
2434 964 2502 1017 ad
2532 965 2813 1017 caelestem
2872 966 3116 1035 patriam
3168 970 3539 1021 revertamur.

2083 1068 2246 1122 Vens.
2300 1072 2388 1123 28.
2432 1071 2623 1123 Atiam
2696 1071 2979 1125 decimam.
3042 1073 3215 1125 Extra
3265 1072 3440 1134 illam,
3508 1074 3720 1128 scilicet

2009 1171 2184 1227 quam
2216 1158 2524 1211 manducas
2566 1176 2696 1213 cum
2726 1159 2840 1213 tuis
2887 1166 2943 1214 et
2976 1160 3198 1225 Levitis,
3273 1160 3333 1215 in
3364 1162 3484 1215 loco
3541 1180 3714 1233 quem

2009 1245 2246 1315 elegerit
2278 1246 2574 1301 Dominus.

2082 1354 2235 1408 Vens.
2264 1357 2352 1408 29.
2396 1385 2457 1394 —
2502 1357 2787 1424 Venietque
2842 1357 3068 1411 Levites.
3129 1358 3418 1411 Manifesta
3463 1358 3713 1411 ostendit

2006 1441 2153 1496 hanc
2182 1443 2463 1497 decimam
2496 1460 2613 1497 non
2643 1460 2761 1498 esse
2793 1444 2845 1497 ei
2895 1445 2995 1514 qui
3052 1445 3218 1500 offert
3274 1446 3707 1500 communican-

2006 1530 2158 1597 dam,
2192 1531 2291 1585 sed
2324 1537 2544 1585 tantum
2567 1532 2679 1586 illis
2726 1533 2934 1603 quibus
2991 1535 3262 1606 praecepit
3340 1535 3588 1606 erogari,
3621 1535 3712 1589 in-

2007 1620 2215 1690 quibus
2242 1621 2529 1692 praecipue
2557 1622 2787 1676 Leviten
2816 1622 3028 1693 posuit.

2732 1782 2957 1837 CAPUT
2989 1783 3101 1837 XV.

2078 1910 2310 1963 Vens.t.
2363 1910 2694 1979 —Septimo
2740 1925 2901 1964 anno.
2954 1911 3017 1963 In
3056 1909 3165 1963 hoc
3212 1906 3396 1978 capite
3447 1908 3627 1979 pietas
3657 1916 3716 1965 et

2006 1997 2234 2053 dilectio
2263 1998 2716 2063 commendatur,
2773 2003 2835 2052 ut
2901 1997 3177 2069 proximis
3226 1996 3620 2065 misereamur,
3654 2004 3710 2053 et

2005 2086 2312 2157 praemium
2360 2101 2394 2139 a
2465 2086 2708 2140 Domino
2755 2092 3164 2157 exspectemus.
3218 2086 3495 2154 Tempore
3554 2087 3709 2140 enim

2007 2190 2110 2228 suo
2140 2180 2422 2229 metemus
2488 2190 2603 2227 non
2666 2174 3012 2241 deficientes,
3047 2173 3114 2239 si,
3167 2174 3304 2227 dum
3345 2177 3573 2243 tempus
3615 2175 3709 2228 ha-

2004 2264 2229 2330 bemus,
2262 2278 2568 2333 operemur
2598 2263 2817 2317 bonum
2850 2263 2919 2316 ad
2969 2277 3188 2322 omnes,
3237 2260 3481 2315 maxime
3512 2267 3702 2316 autem

2006 2351 2079 2406 ad
2128 2350 2471 2405 domesticos
2526 2349 2657 2403 ﬁdei
2723 2350 2768 2418 (Ι
2821 2352 2958 2404 Tim.
2993 2349 3093 2418 v);
3140 2348 3291 2402 unde
3355 2350 3621 2404 Dimittite
3654 2356 3705 2404 et

2004 2442 2311 2496 dimittetur
2353 2439 2520 2501 vobis,
2550 2439 2676 2493 date
2726 2440 3010 2494 etdabitur
3036 2439 3187 2492 vobis
3214 2439 3361 2507 (Luc.
3396 2439 3497 2507 vi).

2073 2530 2314 2599 Septimo
2339 2543 2498 2581 anno.
2536 2527 2679 2591 Quia
2717 2526 2778 2580 in
2807 2526 3127 2597 septiformi
3181 2526 3400 2596 Spiritu
3441 2527 3703 2581 remissio

2002 2621 2107 2671 est.
2156 2616 2367 2671 Omnes
2426 2631 2571 2685 pene
2651 2614 2794 2683 legis
2853 2615 3241 2669 solemnitates
3294 2613 3353 2667 in
3376 2613 3699 2684 septenario

1998 2718 2241 2757 numero
2260 2708 2439 2757 sunt:
2490 2703 2788 2757 sabbatum
2826 2704 2979 2757 enim
3029 2703 3089 2756 in
3147 2702 3238 2755 die
3297 2701 3541 2771 septima
3569 2706 3701 2768 est;

1999 2796 2056 2846 et
2086 2794 2416 2846 Pentecoste
2445 2791 2621 2846 ﬁnitis
2652 2796 2865 2862 septem
2897 2790 3347 2845 hebdomadibus
3381 2810 3396 2856 ;
3428 2790 3706 2861 septimus

1998 2896 2226 2952 quoque
2258 2897 2443 2934 annus
2472 2882 2822 2947 celebratur;
2846 2881 3189 2952 etjubilzeus
3216 2880 3421 2950 septies
3479 2885 3697 2949 septem

255 2965 415 3019 Vens.
454 2967 537 3020 18.
575 2995 634 3007 -
673 2968 941 3036 Upupam.
975 2967 1113 3032 Quae
1170 2968 1384 3022 luctum
1449 2974 1623 3024 amat.
1685 2969 1887 3025 Smculi
1926 3005 1967 3060 Ο
2004 2969 2169 3023 annis
2198 2969 2471 3023 succedit.

184 3057 376 3108 autem
417 3054 651 3108 tristitia
703 3060 948 3110 mortem
1002 3061 1319 3127 operatur:
1392 3058 1500 3112 Nos
1560 3072 1683 3111 vero
1724 3057 1887 3110 debe-

180 3157 299 3195 mus
331 3144 391 3195 in
454 3145 677 3197 Domino
722 3144 959 3210 gaudere
1030 3148 1089 3199 in
1145 3145 1389 3199 omnibus
1442 3146 1656 3212 gratias
1732 3161 1891 3213 agere

182 3229 261 3297 (II
287 3233 409 3288 Cor.
444 3248 521 3286 vn
555 3234 631 3298 ;I
665 3233 820 3287 Thes.
851 3234 924 3302 v).

260 3321 723 3389 Vespertilionem,
790 3324 897 3375 etc.
959 3321 1097 3385 Qum
1153 3320 1302 3374 circa
1359 3326 1573 3375 terram
1630 3322 1803 3388 volat,
1835 3327 1892 3377 et

180 3408 393 3478 pennis
419 3409 693 3463 ambulat.
729 3410 932 3475 Nostra
996 3414 1187 3464 autem
1246 3410 1598 3465 conversatio
1644 3410 1705 3465 in
1736 3410 1895 3469 caelis

180 3497 355 3552 debet
382 3513 503 3553 esse
535 3497 697 3567 (Phil.
733 3499 838 3567 ιιι).

312 3588 472 3642 Vens.
538 3591 622 3642 2t.
692 3618 759 3629 —
810 3588 1094 3658 Quidquid
1157 3592 1355 3643 autem.
1428 3590 1652 3661 Mystice
1698 3590 1894 3661 praeci-

178 3673 340 3744 pitur
368 3674 747 3730 ecclesiastico
789 3675 933 3742 viro,
990 3680 1056 3729 ut
1108 3691 1167 3729 se
1214 3674 1274 3729 in
1328 3678 1629 3731 sanctitate
1685 3682 1888 3743 servet,

176 3766 233 3816 et
262 3778 501 3817 omnem
548 3764 765 3833 peccati
835 3764 1259 3819 immunditiam
1318 3764 1548 3831 devitet,
1628 3766 1889 3837 peregri-

177 3868 344 3919 num,
376 3852 432 3907 id
465 3857 569 3919 est,
618 3853 891 3924 gentilem
946 3853 1007 3906 in
1055 3854 1170 3908 suis
1247 3853 1496 3909 sortibus
1553 3870 1889 3910 remanere—

179 3941 504 4011 permittat.

245 4032 541 4097 Peregrino
573 4032 670 4099 qui
696 4033 847 4085 intra
892 4036 1081 4101 portas
1114 4037 1345 4087 tuasest.
1385 4032 1559 4097 Quasi
1583 4033 1822 4103 paganis
1839 4033 1891 4088 ei

174 4118 466 4173 haereticis
491 4119 793 4174 immunda
811 4121 1088 4192 relinque.
1134 4122 1276 4177 Hinc
1313 4122 1603 4177 daemones
1634 4122 1693 4175 in
1720 4124 1893 4176 Evan-

171 4207 334 4277 gelio
363 4208 780 4278 permittuntur
806 4209 889 4263 ire
922 4210 983 4264 in
1027 4225 1262 4281 gregem
1322 4226 1629 4280 porcorum
1670 4209 1887 4281 (Matth.

171 4297 319 4365 vui),
349 4302 409 4351 et
436 4296 685 4351 dicitur:
736 4298 862 4354 Sine
904 4303 1140 4354 mortuos
1191 4301 1416 4369 sepelire
1498 4304 1734 4354 mortuos
1766 4314 1885 4353 suos
1920 4325 1963 4379 ο

172 4385 336 4454 (Luc.
374 4386 465 4454 ιχ).

244 4476 327 4529 In
373 4477 530 4541 lacte,
579 4475 961 4530 mediocribus
1033 4476 1365 4547 disciplinis,
1425 4476 1523 4531 sed
1568 4475 1897 4531 austeriori-

169 4564 307 4629 bus,
335 4569 408 4618 ut
428 4567 812 4619 restaurarent
846 4581 1039 4619 amara
1101 4582 1231 4637 quae
1286 4565 1656 4637 perdiderunt
1687 4563 1889 4621 dulcia.

242 4655 427 4708 Vsus.
447 4655 533 4707 22.
570 4683 640 4692 —
680 4655 965 4708 Decimum.
1029 4654 1199 4718 Quasi
1242 4655 1394 4709 bona
1448 4670 1579 4726 quas
1615 4652 1753 4708 facis
1800 4668 1894 4707 se-

170 4743 441 4797 cundum
479 4741 686 4796 divine
744 4743 887 4814 legis
945 4749 1227 4815 praecepta
1284 4743 1476 4808 iacias,
1527 4748 1583 4797 et
1654 4740 1894 4796 Domino

168 4848 438 4904 separes,
472 4834 534 4883 ut
555 4831 626 4884 ad
658 4831 781 4901 ejus
810 4832 1038 4885 laudem
1079 4833 1274 4887 omnia
1317 4832 1507 4886 facias.

238 4924 423 4975 Vens.
458 4922 548 4974 23.
580 4949 649 4959 -—
680 4922 1061 4990 Primogenita.
1129 4923 1191 4976 Id
1250 4931 1337 4976 est
1360 4920 1499 4975 boni
1542 4919 1732 4991 operis
1782 4919 1891 4973 ini-

167 5012 267 5077 tia,
309 5024 453 5081 quin
500 5008 838 5064 decimanda
896 5016 1050 5077 sunt,
1116 5011 1172 5066 id
1225 5015 1328 5078 est,
1389 5011 1635 5065 Domino
1699 5024 1893 5064 conse-

172 5099 418 5154 cranda.

232 5191 418 5242 Vnus.
457 5188 547 5242 24.
581 5216 651 5227 -—
706 5189 949 5242 Portare.
1009 5188 1202 5255 Quasi,
1266 5188 1366 5259 qui
1454 5188 1625 5257 longe
1696 5189 1892 5240 sunta

172 5277 536 5347 perfectione
566 5282 917 5343 sanctorum,
949 5293 1054 5332 nec
1109 5281 1346 5349 possunt
1406 5275 1711 5330 ascendere
1772 5275 1893 5328 cul-

173 5384 306 5423 men
334 5369 642 5430 virtutum,
725 5382 831 5421 nec
878 5360 1365 5437 lcontemplationi
1437 5380 1681 5420 vacare:
1741 5363 1894 5436 quod

172 5461 447 5526 possunt,
480 5460 656 5527 agant
691 5455 1013 5527 humiliter,
1042 5460 1099 5511 et
1151 5456 1372 5523 devote,
1423 5459 1478 5508 et
1541 5454 1750 5509 faciant
1786 5452 1897 5507 sibt

175 5546 404 5603 micas
459 5545 531 5600 de
584 5561 920 5601 mammona
975 5545 1315 5618 iniquitatis,
1382 5546 1441 5614 et
1490 5544 1790 5599 thesauros
1835 5541 1897 5597 in

2072 3078 2231 3129 Vens.
2270 3080 2320 3131 3.
2357 3106 2429 3117 -—
2461 3076 2510 3131 Α
2560 3079 2867 3145 peregrino.
2920 3075 3068 3129 Licet
3114 3076 3227 3129 sint
3277 3090 3478 3128 omnes
3516 3075 3705 3144 proxi-

1999 3165 2079 3220 mi
2109 3166 2311 3233 nostri,
2346 3166 2588 3219 maxime
2646 3170 2841 3218 tamen
2871 3164 2985 3218 illis
3038 3164 3425 3217 misericordia
3473 3164 3700 3233 impen-

1997 3256 2181 3310 denda
2211 3259 2314 3318 est,
2357 3253 2454 3325 qui
2487 3252 2694 3307 Christi
2735 3258 2869 3307 sunt
2913 3253 3211 3307 nobiscum
3272 3252 3555 3305 membra.
3599 3251 3710 3316 Qui

1996 3346 2140 3398 enim
2169 3344 2327 3397 habet
2352 3343 2714 3397 substantiam
2770 3342 2983 3408 mundi,
3016 3347 3065 3396 et
3096 3344 3270 3407 fratri
3304 3341 3575 3407 indigenti
3598 3356 3703 3394 non

1998 3431 2281 3502 impendit,
2316 3430 2574 3500 quomodo
2593 3436 2773 3484 manet
2804 3432 2865 3483 in
2900 3444 2957 3484 eo
3004 3431 3243 3484 charitas
3292 3431 3384 3484 Dei
3409 3430 3438 3483 ?
3461 3430 3506 3495 (Ι
3530 3430 3699 3482 Joan.

1999 3538 2061 3576 ιιι
2094 3521 2109 3592 )

2068 3629 2231 3682 Vens.
2266 3630 2316 3681 6.
2376 3656 2438 3666 -—
2489 3625 2811 3680 Fwncrabis.
2870 3624 3076 3689 Quasi:
3121 3624 3291 3677 ditior
3346 3623 3457 3676 eris
3505 3621 3703 3677 omni-

1999 3717 2105 3773 bus
2129 3716 2414 3787 gentibus.
2450 3714 2695 3769 Ecclesia
2752 3729 2980 3783 quoque
3036 3713 3289 3766 abundat
3349 3711 3701 3781 spiritalibus

1999 3806 2251 3861 divitiis:
2286 3805 2408 3875 ipsa
2434 3803 2619 3867 docet,
2650 3819 2751 3855 nec
2786 3802 2957 3855 habet
2997 3817 3221 3854 necesse
3257 3801 3467 3855 doceri.

2070 3913 2232 3966 Vens.
2264 3913 2317 3964 9.
2374 3938 2444 3951 ——
2502 3910 2657 3963 Cave.
2709 3908 2897 3973 (Ana,
2946 3912 3134 3976 quaest.
3203 3907 3315 3969 2t.)
3371 3906 3537 3959 LXX:
3593 3910 3699 3959 At-

2002 3999 2154 4055 tende
2183 3999 2285 4052 tibi
2316 3999 2460 4067 'ipsi,
2506 4012 2570 4049 ne
2629 3999 2727 4064 ﬁat
2766 3996 2986 4050 verbum
3035 3996 3316 4059 occultum,
3367 3998 3499 4059 etc.,
3536 4007 3703 4061 usque

2000 4087 2075 4141 ad
2094 4086 2140 4139 si
2192 4084 2500 4140 crudeliter
2544 4084 2760 4154 cogitat
2815 4083 2911 4137 illo
2964 4089 3223 4154 tempore
3290 4080 3546 4135 dandum
3586 4096 3701 4134 non

2000 4191 2143 4243 esse,
2178 4191 2293 4246 quo
2332 4174 2583 4228 dandum
2616 4179 2702 4226 est
2726 4174 2755 4226 ?

2072 4284 2234 4335 Vens.
2307 4282 2388 4335 12.
2452 4310 2519 4320 -
2576 4282 2709 4337 Cum
2756 4279 2858 4333 tibi
2920 4279 3191 4344 venditus,
3239 4282 3343 4331 etc.
3414 4276 3583 4345 (1310.)
3643 4276 3702 4331 Si

2007 4370 2277 4435 Hebraeus
2303 4384 2447 4439 puer
2496 4368 2553 4421 in
2605 4368 2937 4421 servitutem
2981 4366 3291 4433 devenerit,
3346 4370 3477 4433 etc.,
3535 4380 3703 4434 usque

2004 4461 2079 4514 ad
2108 4459 2320 4514 scilicet
2347 4456 2593 4529 peccatis
2621 4457 2681 4512 in
2738 4460 3018 4511 aeternum
3050 4455 3387 4512 serviemus.

2076 4566 2217 4618 Cum
2238 4565 2339 4619 tibi
2365 4565 2635 4633 venditus,
2696 4569 2801 4619 etc.
2863 4564 3132 4618 Hebraeus
3191 4562 3463 4617 transitor
3503 4560 3602 4632 qui
3631 4560 3699 4613 ad

2002 4659 2278 4708 aeternam
2310 4654 2527 4708 scilicet
2544 4655 2792 4725 patriam
2827 4652 3028 4719 tendit,
3091 4657 3146 4705 et
3175 4652 3244 4705 de
3279 4650 3429 4703 vitiis
3484 4649 3553 4702 ad
3586 4648 3702 4701 vir-

2001 4746 2173 4807 tutes,
2203 4741 2272 4795 de
2317 4743 2559 4796 terrenis
2609 4742 2677 4796 ad
2736 4742 2983 4797 caelestia
3055 4740 3303 4805 transit;
3356 4739 3403 4792 si
3459 4737 3588 4791 talis
3644 4753 3702 4792 se

2000 4829 2106 4884 tibi
2142 4828 2483 4895 vendiderit,
2545 4830 2601 4884 id
2634 4836 2720 4884 est
2758 4829 3084 4900 magisterio
3142 4833 3239 4882 tuo
3296 4843 3354 4880 se
3404 4825 3700 4889 addixerit,

2001 4917 2229 4973 docebis
2258 4935 2409 4982 eum,
2444 4923 2508 4973 ut
2554 4919 2613 4972 in
2672 4918 2943 4988 praesenti
3008 4916 3120 4970 vita
3176 4915 3400 4968 studeat
3455 4914 3700 4983 operari,

2002 5012 2064 5061 ut
2088 5007 2159 5060 ad
2194 5006 2452 5079 requiem
2517 5006 2811 5078 pervenire
2858 5004 3052 5075 possit.
3098 5005 3209 5058 Hoc
3264 5008 3370 5068 est,
3417 5017 3513 5055 sex
3541 5001 3706 5055 annis

2001 5096 2208 5150 serviet
2238 5096 2365 5161 tibi,
2399 5096 2641 5165 septimo
2674 5094 2929 5149 dimittes
2961 5108 3092 5147 eum
3149 5091 3415 5152 liberum,
3468 5105 3570 5143 nec
3609 5105 3703 5143 va-

2002 5201 2175 5239 cuum
2208 5184 2361 5239 abire
2393 5183 2623 5255 patieris
2657 5200 2670 5250 ;
2726 5182 2888 5253 quasi
2923 5199 2936 5236 :
2994 5185 3206 5235 aeterna
3262 5178 3501 5249 praemia
3528 5182 3584 5232 et
3610 5194 3704 5231 ve-

2003 5289 2126 5327 ram
2156 5274 2478 5328 libertatem
2503 5272 2800 5343 promittes
2830 5271 2880 5324 ei
2910 5271 2970 5327 in
3034 5270 3146 5324 alia
3201 5269 3334 5323 vita.
3392 5267 3452 5323 Si
3508 5271 3701 5320 autem

2004 5361 2229 5430 dixerit,
2275 5362 2411 5415 Nolo
2443 5360 2656 5431 egredi,
2718 5376 2785 5414 eo
2812 5360 2968 5431 quod
3021 5359 3221 5430 diligat
3270 5362 3324 5411 te
3367 5364 3423 5411 et
3465 5357 3703 5411 domum

2005 5454 2187 5519 tuam,
2219 5450 2274 5504 id
2298 5454 2384 5504 est
2414 5450 2460 5504 si
2492 5450 2641 5504 bona
2661 5466 2790 5521 quae
2820 5448 2952 5503 fecit
2974 5465 3088 5501 non
3131 5462 3236 5517 pro
3269 5450 3484 5500 eterna
3555 5460 3703 5498 mer-

2006 5541 2164 5605 cede,
2199 5539 2298 5595 sed
2327 5555 2432 5610 pro
2485 5540 2736 5593 humana
2794 5537 2981 5597 laude.
3038 5535 3198 5607 quasi
3258 5533 3503 5605 diligens
3557 5548 3703 5602 prae-
