3976 6178
267 286 376 339 467

899 280 1296 337 WALAFRIDI
1336 281 1584 337 STRABI
1624 280 1818 334 FULD.
1863 278 2030 336 NON.
2079 277 2230 334 OPP.
2274 276 2449 332 PARS
2488 278 2532 331 Ι.
2573 306 2641 315 -
2679 273 3156 331 THEOLOGICA.

3573 352 3579 358 η
3656 283 3752 337 468

267 405 492 458 sentem
520 401 696 457 vitam
725 398 938 461 fecerit,
972 395 1289 469 perforabis
1319 411 1518 450 aurem
1568 396 1692 467 ejus
1749 395 1978 465 subula,
2007 396 2056 450 Α
2162 397 2325 450 Vens.
2383 399 2433 450 3.
2465 425 2535 436 —
2597 397 2798 450 Panem
2825 397 3231 462 fermentatum.
3291 397 3609 470 Corruptam
3655 403 3747 457 do-

267 492 326 548 id
360 496 447 546 est
473 494 727 545 mentem
758 489 882 559 ejus
903 493 1122 542 terrore
1137 485 1343 556 judicii
1371 505 1386 552 ;
1411 500 1762 555 compunges
1799 484 1862 539 in
1885 486 1973 556 ja-

269 597 390 635 nua
414 581 639 648 domus,
712 578 848 648 quia
888 574 1168 647 judicium
1225 574 1334 628 erit
1393 573 1453 628 in
1514 573 1686 643 hujus
1741 589 1976 645 egressu

269 674 326 724 et
349 669 585 724 alterius
623 667 907 738 ingressu,
967 670 1024 719 et
1070 662 1277 718 serviet
1305 662 1410 716 tibi
1458 679 1641 734 usque
1689 662 1748 716 in
1800 668 1974 718 mter-

269 774 431 825 num,
454 757 511 811 id
540 761 626 810 est
651 754 876 810 docebit
923 768 1056 807 eum
1107 752 1155 805 si
1197 752 1472 806 saeculum
1518 752 1648 823 plus
1702 752 1977 806 amaverit

269 862 442 918 quam
477 847 680 912 Deum,
706 841 936 896 aeternis
957 838 1252 910 suppliciis
1269 839 1742 910 mancipandam.

342 934 551 1004 (Gens,
607 933 746 986 hom.
803 932 832 984 3
893 931 952 982 in
1030 927 1252 996 Ezech.)
1313 928 1453 982 Cum
1529 927 1709 981 activa
1761 927 1875 981 vita
1921 931 1976 981 et

270 1019 714 1090 contemplativa
739 1017 813 1072 sit
846 1015 1010 1071 nobis
1035 1031 1100 1070 ex
1132 1015 1233 1069 Dei
1281 1017 1484 1087 gratia,
1542 1020 1672 1082 etc.,
1704 1031 1871 1085 usque
1902 1015 1977 1070 ad

271 1111 373 1165 ubi
405 1109 608 1162 subula
637 1105 952 1162 recusantis
981 1104 1305 1159 libertatem
1353 1120 1550 1158 aurem
1575 1104 1796 1176 perfodi
1827 1121 1975 1176 prm-

271 1198 504 1269 cipitur.

343 1288 504 1340 Vens.
542 1288 626 1340 19.
673 1314 743 1324 -
794 1286 867 1338 De
908 1283 1307 1352 primogenitis.
1374 1281 1560 1351 (Aue.,
1619 1285 1806 1352 quaest.
1865 1282 1974 1350 23.)

273 1373 662 1444 Primogenita
693 1371 847 1436 dicit,
882 1377 1012 1438 etc.,
1059 1385 1228 1439 usque
1258 1369 1333 1422 ad
1359 1369 1495 1440 quia
1525 1370 1679 1424 solus
1735 1369 1805 1424 de
1835 1370 1976 1424 sub-

271 1463 482 1518 stantia
511 1461 713 1528 Patris,
747 1465 804 1514 et
831 1459 1070 1531 aequalis
1101 1464 1154 1513 et
1183 1462 1485 1512 coasterus.

343 1551 721 1620 Sanctiﬁcabis
775 1550 993 1603 Domino
1039 1550 1141 1602 Deo
1193 1551 1300 1600 tuo.
1354 1547 1474 1600 Non
1541 1545 1668 1610 tibi.
1709 1545 1808 1600 sed
1855 1561 1976 1599 om-

273 1641 434 1695 nium
487 1637 792 1709 largitori:
854 1637 1000 1702 Quia
1045 1650 1198 1690 omne
1243 1635 1434 1689 datum
1486 1637 1746 1704 optimum
1789 1634 1977 1689 desur-

271 1745 392 1784 sum
414 1733 491 1782 est
514 1729 663 1799 (Jac.
692 1727 756 1795 1).
791 1725 953 1790 Quod
1005 1724 1348 1778 autem'leve
1401 1723 1462 1777 in
1509 1728 1704 1778 nostra
1757 1723 1979 1795 cogita-

273 1816 448 1882 tione,
504 1815 591 1868 vel
646 1813 999 1868 maculosum
1055 1812 1116 1867 in
1160 1817 1355 1867 nostra
1403 1812 1850 1879 conversatione,
1893 1812 1981 1866 vel

274 1904 542 1959 claudum
573 1903 635 1957 in
664 1918 906 1973 operum
950 1901 1368 1973 progressione,
1429 1901 1514 1955 vel
1572 1917 1788 1955 caecum
1817 1901 1978 1971 igno-

274 1992 464 2048 rantia
495 1992 700 2046 mentis
729 1997 831 2046 aut
886 1990 1077 2061 aliqua
1131 1995 1290 2061 parte
1336 1989 1590 2044 deforme
1645 1991 1731 2042 vel
1773 1989 1980 2055 debile,

278 2097 400 2138 non
431 2081 706 2136 debemus
739 2081 854 2136 Deo
885 2079 1206 2144 immolare,
1260 2078 1318 2133 id
1375 2083 1481 2141 est,
1527 2077 1833 2149 imputare,
1884 2077 1984 2132 sed

280 2170 465 2226 nobis.

348 2259 465 2313 Non
495 2255 824 2326 operaberis.
875 2253 1191 2325 (Gneo.,lib
1219 2293 1234 2307 .
1291 2270 1388 2308 vm
1443 2255 1677 2321 Moral.,
1710 2253 1952 2324 cap.3i.)

276 2349 342 2402 In
369 2345 758 2417 primogenito
786 2343 948 2399 bovis
977 2359 1157 2409 arare,
1208 2346 1337 2408 etc.,
1387 2357 1555 2410 usque
1611 2341 1686 2394 ad
1715 2341 1984 2411 deceptus

279 2434 508 2490 animus
539 2450 657 2488 non
681 2433 1072 2504 deprehendat
1103 2436 1233 2499 quas
1261 2431 1322 2484 in
1362 2431 1443 2484 eis
1498 2435 1634 2484 sunt
1671 2431 1840 2484 mala.

344 2525 508 2578 Vens.
545 2526 630 2577 16.
688 2550 755 2564 —
798 2521 898 2576 Sin
955 2525 1134 2574 autem
1179 2520 1457 2574 habuerit.
1523 2519 1669 2573 Sunt
1716 2518 1982 2588 quaedam

275 2627 452 2683 opera
492 2627 622 2683 qua:
671 2610 801 2664 licet
847 2609 1037 2663 minus
1066 2607 1488 2678 placeant'Deo,
1529 2611 1764 2677 prosunt
1790 2612 1984 2660 tamen

276 2700 575 2771 proximo;
600 2703 658 2754 et
685 2699 732 2752 si
767 2700 881 2753 Deo
931 2697 1121 2752 offerri
1153 2711 1265 2749 non
1296 2701 1558 2766 possunt,
1599 2695 1824 2750 comedi
1842 2711 1982 2766 pos-

278 2792 430 2843 sunt.
466 2788 611 2843 Cum
643 2787 798 2841 enim
827 2787 942 2840 Deo
976 2784 1166 2838 minus
1221 2784 1482 2854 placeant
1500 2799 1604 2853 pro
1652 2783 1866 2837 fuscata
1895 2783 1982 2837 in-

275 2877 530 2933 tentione
560 2891 736 2947 quam
766 2876 917 2929 Deus
942 2873 1221 2940 intuetur,
1259 2871 1533 2942 proximis
1579 2875 1773 2925 tamen
1795 2887 1984 2926 exem-

272 2967 370 3038 plo
437 2964 796 3035 opitulantur
851 2963 1024 3029 Quasi
1050 2975 1247 3030 caprea
1277 2965 1329 3014 et
1369 2975 1538 3014 cervo.
1589 2960 1806 3029 Caprea
1871 2962 1980 3015 sal-
2008 2991 2048 3046 Ο

275 3054 442 3109 tatim
481 3051 712 3119 incedit,
742 3067 940 3106 cervus
961 3049 1231 3122 inimicus
1261 3053 1347 3102 est
1397 3048 1668 3117 serpenti,
1688 3052 1744 3102 et
1781 3065 1981 3120 aspera

277 3147 334 3197 et
363 3142 593 3212 spinosa
629 3139 975 3205 transiliens,
1031 3142 1302 3192 montana
1352 3136 1717 3203 transcendit,
1780 3142 1836 3192 et
1855 3137 1982 3193 ideo

287 3230 347 3284 in
375 3230 587 3286 bonam
610 3233 834 3301 partem
855 3226 1230 3298 accipiuntur.

983 3422 1208 3477 CAPUT
1238 3424 1372 3478 XVI.

354 3581 518 3635 Vens.
575 3584 624 3635 1.
679 3608 748 3619 -
814 3579 1048 3635 Observa
1109 3595 1338 3636 mensem
1394 3596 1656 3636 novarum
1734 3583 1979 3649 frugum.

282 3667 428 3733 Quia
458 3667 520 3721 in
548 3683 614 3721 eo
646 3667 922 3738 manipuli
975 3667 1282 3738 spicarum,
1318 3669 1376 3724 id
1432 3673 1517 3725 est
1557 3669 1847 3741 primitiae,
1879 3687 1984 3741 per

283 3757 632 3812 sacerdotem
664 3756 1049 3812 offerebantur
1089 3757 1356 3812 Domino.

352 3847 599 3901 Mensem
649 3845 922 3916 primum,
986 3846 1199 3900 scilicet
1249 3846 1621 3901 Hebrazorum
1672 3848 1773 3918 qui
1828 3850 1981 3920 apud

283 3952 381 3991 eos
454 3935 622 3989 nisan
687 3945 838 4023 των),
908 3934 1059 4005 apud
1138 3936 1358 3991 Graecos
1432 3951 1660 4007 quoque
1723 3936 1978 4003 ξάνθικος,

283 4022 434 4095 apud
467 4022 932 4094 Latinos'Aprilis
961 4023 1189 4090 dicitur,
1221 4023 1283 4078 in
1323 4040 1436 4096 quo
1466 4041 1646 4096 agnus
1703 4026 1981 4096 paschalis

283 4111 666 4166 occidebatur.

352 4201 563 4256 Eduxit
591 4204 660 4254 te.
690 4200 934 4270 Mystice.
970 4201 1080 4254 Nos
1134 4216 1365 4271 quoque
1416 4202 1486 4257 de
1539 4203 1777 4272 Egypto
1809 4202 1982 4272 hujus

2082 485 2322 540 ctrinam
2352 485 2438 539 vel
2486 489 2738 539 veterem
2769 484 3277 551 conversationem,
3333 487 3481 541 unde
3511 505 3524 541 :
3566 491 3747 558 Epule-

2082 590 2205 629 mur
2236 577 2294 628 in
2323 576 2530 642 azymis
2560 589 2665 628 non
2709 575 2769 627 in
2814 575 3077 639 fermento
3120 576 3302 640 veteri,
3339 579 3442 628 etc.
3475 577 3513 642 (1
3542 577 3650 632 Cor.
3680 581 3750 646 v).

2153 664 2382 732 Septem.
2432 664 2570 716 Toto
2617 666 2878 732 tempore
2934 662 3236 731 praesentis
3287 662 3434 718 vitae.
3491 664 3636 719 Sicut
3680 665 3756 719 illi

2084 757 2305 821 septem
2336 750 2536 805 diebus
2577 767 2774 817 azyma
2831 749 3228 816 comedebant,
3271 750 3347 804 sic
3385 767 3486 805 nos
3549 769 3677 823 pure
3707 759 3756 807 et

2083 839 2420 910 simpliciter
2473 848 2688 910 septem
2746 839 2946 892 .liebus
2990 839 3160 908 hujus
3186 839 3312 893 vitae
3365 855 3749 907 conversemus,

2083 928 2291 999 quibus
2315 928 2575 999 quotidie
2605 943 2788 998 agnus
2827 927 3126 993 occiditur,
3179 933 3236 982 et
3288 929 3490 998 paScha
3519 930 3748 982 celebra-

2082 1023 2194 1081 tur,
2226 1017 2544 1071 siiunovati
2571 1016 2714 1071 nihil
2767 1033 2834 1070 ex
2890 1017 3066 1070 veteri
3113 1017 3471 1088 corruptione
3524 1017 3744 1071 retinea-

2083 1122 2235 1160 mus.
2268 1105 2415 1170 Quid
2445 1104 2599 1160 enim
2630 1109 2714 1159 est
2749 1104 2905 1159 aliud
2936 1105 3306 1169 fermentum,
3333 1121 3500 1176 quam
3559 1110 3750 1158 natura:

2084 1194 2411 1265 corruptio?
2445 1194 2868 1248 Fermentatum
2900 1193 3057 1247 enim
3090 1193 3303 1247 recedit
3331 1193 3608 1247 anaturali
3633 1193 3739 1247 dul-

2085 1284 2306 1349 cedine,
2338 1287 2394 1336 et
2423 1281 2808 1352 corrumpitur
2833 1281 3156 1335 adulterino
3181 1297 3433 1336 rancore.

2157 1373 2328 1425 Vens.
2371 1372 2422 1425 4.
2473 1401 2542 1410 —
2583 1373 2703 1427 Non
2743 1371 3050 1440 apparebit.
3104 1371 3406 1440 Epulemus
3452 1384 3550 1423 non
3570 1371 3620 1422 in
3645 1371 3742 1430 fer-

2086 1466 2260 1515 mento
2293 1463 2480 1526 veteri,
2507 1475 2678 1530 neque
2725 1462 2785 1513 in
2839 1461 3098 1526 fermento
3151 1461 3385 1513 malitiae
3413 1464 3461 1512 et
3508 1459 3754 1526 nequitiae,

2089 1554 2195 1604 etc.
2231 1551 2276 1613 (Ι
2305 1549 2428 1605 Cor.
2468 1548 2541 1617 v),
2577 1548 2739 1619 quasi
2773 1565 2786 1602 :
2833 1547 3136 1619 relinquite
3167 1552 3419 1603 veterem
3473 1545 3757 1609 hominem,

2090 1643 2148 1692 et
2168 1637 2390 1692 induite
2421 1653 2654 1690 novum.

2162 1729 2283 1783 Non
2310 1726 2623 1781 remanebit.
2653 1727 2718 1780 In
2759 1725 2864 1779 hac
2895 1724 3012 1778 vita
3051 1725 3248 1779 omnia
3294 1726 3640 1779 sacramenta
3667 1722 3763 1776 Do-

2094 1815 2319 1871 minicaa
2356 1814 2764 1869 incarnationis
2818 1814 3246 1885 perscrutanda,
3289 1819 3349 1868 et
3399 1816 3593 1866 cuncta
3633 1825 3764 1880 prae-

2093 1909 2257 1974 cepta
2309 1903 2432 1972 ejus
2510 1901 2802 1972 implenda
2855 1906 2990 1954 sunt
3041 1901 3262 1970 (Ephes.
3325 1902 3423 1971 iv),
3480 1903 3762 1968 antequam

2093 2007 2282 2060 mane,
2315 1991 2375 2046 id
2403 1995 2488 2045 est
2517 1990 2649 2045 finis
2677 1990 2892 2055 saeculi,
2953 1989 3236 2044 adveniat.

2164 2081 2324 2134 Vens.
2350 2082 2400 2134 5.
2435 2081 2643 2135 —Non
2687 2080 2910 2148 poteris.
2973 2078 3037 2131 In
3068 2093 3181 2130 una
3231 2077 3408 2132 domo
3461 2089 3636 2146 agnus
3689 2087 3774 2142 pa-

2093 2167 2298 2223 schalis
2329 2167 2536 2233 editur,
2568 2171 2625 2220 et
2653 2167 2712 2220 in
2738 2182 2856 2220 uno
2887 2166 3010 2219 loco
3037 2165 3210 2236 phase
3239 2164 3587 2227 immolatur,
3619 2159 3673 2214 id
3700 2162 3776 2213 est

2093 2257 2155 2312 in
2183 2255 2464 2310 catholica
2495 2253 2776 2308 Ecclesia:
2811 2261 2970 2308 extra
3008 2254 3166 2308 illam
3222 2270 3341 2308 non
3389 2257 3536 2306 recte
3584 2248 3777 2320 pascha

2093 2345 2428 2400 celebratur.
2459 2345 2622 2398 Vetat
2675 2343 2962 2397 celebrare
3013 2343 3283 2414 mysteria
3331 2340 3539 2398 Christi
3579 2340 3635 2393 in
3662 2353 3776 2391 con-

2092 2433 2391 2488 venticulis
2415 2431 2833 2486 haereticorum.

2160 2523 2322 2577 Vens.
2353 2524 2404 2576 6.
2490 2550 2559 2561 —
2621 2521 2850 2589 Vespere
2921 2520 2996 2573 ad
3058 2522 3204 2575 solis.
3263 2519 3578 2574 Novissima
3627 2517 3777 2569 aetate

2093 2611 2314 2677 mundi,
2347 2610 2578 2681 quando
2609 2625 2775 2663 verus
2826 2608 2918 2662 Sol
2976 2609 3036 2662 in
3093 2608 3358 2679 passione
3412 2604 3689 2670 occubuit,
3729 2607 3782 2656 et

2092 2699 2485 2770 Egyptiacam
2554 2697 2941 2768 captivitatem
2998 2697 3185 2764 solvit,
3248 2714 3382 2752 cum
3438 2695 3640 2768 pascha
3691 2707 3782 2746 no-

2093 2795 2274 2843 strum
2299 2787 2625 2841 immolatus
2657 2790 2743 2840 est
2772 2787 3048 2841 Christus.

2163 2878 2330 2930 Vsus.
2366 2880 2418 2928 7.
2445 2903 2515 2914 —
2551 2874 2727 2928 Vades
2780 2876 2839 2927 in
2879 2874 3247 2928 tabernacula.
3303 2877 3537 2929 Peracto
3566 2868 3781 2925 servitio

2090 2965 2320 3019 Domini
2349 2979 2517 3017 mane
2568 2961 3002 3016 resurrectionis
3043 2963 3421 3017 transibimus
3469 2963 3528 3016 in
3583 2964 3785 3015 aeterna

2089 3053 2473 3119 tabernacula,
2500 3056 2563 3104 ut
2587 3050 2945 3122 quiescamus
2977 3051 3046 3106 ab
3081 3051 3238 3106 omni
3290 3051 3507 3118 labore,
3537 3050 3780 3104 laetantes

2089 3143 2158 3198 de
2178 3146 2447 3212 percepta
2476 3139 2873 3194 retributione.

2162 3232 2320 3285 Vens.
2355 3233 2407 3284 8.
2465 3259 2528 3268 —
2585 3229 2690 3281 Die
2741 3230 2999 3297 septima.
3054 3231 3285 3282 zEterna
3342 3229 3564 3301 requie,
3625 3240 3787 3296 quam

2089 3317 2445 3390 septenarius
2467 3315 2786 3387 signiﬁcat:
2822 3321 3059 3388 propter
3111 3316 3415 3373 sabbatum
3451 3317 3546 3372 ubi
3603 3314 3790 3370 nullus

2086 3409 2266 3475 labor,
2298 3406 2458 3461 nulla
2487 3405 2763 3476 operandi
2795 3406 2956 3460 ratio.

2157 3497 2312 3550 Vens.
2339 3498 2400 3549 9.
2437 3524 2505 3533 —
2559 3495 2769 3563 Septem
2825 3493 3211 3549 hebdomadas.
3259 3497 3325 3549 In
3377 3493 3624 3550 Levitvico
3678 3491 3790 3561 ple-

2086 3585 2235 3641 nius.
2286 3583 2606 3640 Numerabis
2661 3597 2786 3650 ergo
2867 3583 2935 3636 ab
2982 3583 3151 3636 altero
3206 3583 3294 3637 die
3333 3584 3553 3638 sabbati
3607 3584 3795 3650 septem

2088 3673 2452 3729 hebdomadas
2516 3672 2707 3740 plenas
2765 3671 2840 3725 ad
2905 3673 3134 3726 alteram
3191 3673 3332 3726 diem
3417 3669 3794 3742 explorationis

2089 3761 2452 3818 hebdomadas
2486 3762 2745 3829 septimae.

2161 3850 2353 3920 (AUG.,
2408 3855 2596 3917 quaest.
2647 3847 2761 3918 25.)
2819 3849 3029 3918 Septem
3058 3849 3444 3916 hebdomadas,
3495 3853 3600 3903 etc.
3641 3847 3696 3902 Si
3733 3844 3794 3898 ab

2088 3939 2355 3994 universo
2387 3938 2602 4008 populo
2634 3938 2757 3991 hazc
2791 3937 3121 3992 Pentecoste
3157 3938 3311 4008 jussa
3358 3944 3444 3992 est
3497 3932 3794 3997 observari,

2089 4026 2352 4098 nunquid
2381 4041 2582 4080 omnes
2603 4025 2952 4079 credendum
2983 4031 3070 4079 est
3098 4043 3212 4080 uno
3246 4026 3337 4081 die
3371 4027 3576 4082 falcem
3618 4027 3799 4096 jussos

2087 4117 2313 4171 mittere
2333 4115 2395 4169 in
2434 4113 2723 4168 messem?
2750 4113 2804 4168 Si
2858 4117 3051 4168 autem
3078 4113 3185 4168 sibi
3235 4115 3482 4186 quisque
3540 4114 3799 4168 observat

2089 4205 2252 4258 istam
2316 4201 2874 4274 quinquagesimam,
2940 4201 3310 4257 dinumerans
3355 4204 3427 4258 ab
3457 4204 3557 4258 illo
3577 4202 3667 4257 die
3693 4214 3799 4271 quo

281 4288 483 4343 mundi
508 4287 751 4352 liberati,
783 4304 994 4342 novum
1015 4280 1329 4343 hominem
1380 4289 1588 4354 induti,
1632 4291 1693 4344 in
1725 4291 1974 4347 novitate
2006 4314 2049 4368 ι)
2086 4290 2288 4345 falcem
2313 4291 2505 4356 mittit,
2538 4307 2653 4344 non
2685 4291 2798 4345 una
2835 4295 2920 4345 est
2948 4290 3214 4344 universo
3244 4294 3480 4363 populo.
3541 4293 3644 4346 Illa
3672 4303 3798 4342 vero

280 4377 414 4431 vita:
453 4377 827 4437 ambulemus,
858 4376 1140 4447 primitias
1183 4377 1466 4431 bonorum
1497 4394 1736 4448 operum
1781 4394 1989 4435 conse-

281 4469 520 4531 orantes,
543 4469 602 4518 et
629 4464 823 4534 phase,
876 4465 935 4518 id
988 4469 1090 4527 est,
1150 4465 1458 4519 transitum
1508 4465 1798 4520 bonorum
1839 4469 1986 4522 cele-

177 4600 185 4608 .
280 4554 530 4620 brantes,
570 4557 634 4606 ut
665 4551 862 4606 relicta
887 4555 1149 4624 Egypto,
1207 4553 1279 4608 ad
1324 4557 1539 4608 terram
1590 4555 1987 4624 promissionis

279 4642 594 4697 veniamus.

350 4731 514 4786 Vens.
555 4733 610 4784 2.
653 4759 716 4770 —
744 4731 816 4786 Et
849 4729 914 4785 de
943 4730 1106 4785 bobus
1135 4732 1193 4784 in
1229 4731 1358 4785 loco.
1419 4729 1605 4800 (Aue.,
1654 4735 1845 4801 quaest.
1871 4732 1984 4804 24.)

283 4819 458 4872 Boves
485 4817 664 4885 addit,
691 4833 824 4872 eum
863 4818 933 4873 de
963 4834 1068 4872 ove
1125 4822 1349 4873 tantum
1387 4819 1745 4890 prmceperit,
1811 4837 1985 4893 quem

273 4904 446 4974 jussit
462 4905 643 4976 accipi
671 4921 739 4960 ex
768 4905 967 4960 ovibus
995 4910 1052 4960 et
1093 4904 1274 4960 haedis
1318 4906 1407 4960 vel
1457 4907 1663 4978 capris,
1703 4909 1791 4963 vel
1847 4925 1984 4980 pro-

281 4997 410 5062 pter
428 4992 736 5062 Christum,
791 4994 892 5065 qui
938 4994 1250 5049 secundum
1300 5011 1531 5050 carnem
1578 5012 1644 5051 ex
1679 4997 1846 5068 justis
1876 4998 1985 5054 fuit

280 5085 338 5134 et
363 5082 774 5151 peccatoribus.
799 5085 918 5138 Non
972 5083 1123 5138 enim
1173 5083 1256 5138 ait
1279 5099 1349 5138 ex
1404 5084 1606 5139 ovibus
1657 5086 1745 5140 vel
1775 5087 1980 5158 capris,

281 5169 380 5223 sed
402 5185 469 5223 ex
499 5169 700 5224 ovibus
726 5175 783 5225 et
802 5172 1008 5241 capris,
1067 5172 1200 5227 licet
1241 5172 1474 5244 proprie
1523 5189 1640 5228 non
1691 5174 1984 5247 intelligas-

279 5262 376 5312 tur
428 5257 550 5311 ovis
588 5273 655 5311 ex
712 5260 917 5329 capris,
971 5276 1045 5314 ne
1098 5260 1283 5315 Judtei
1335 5261 1591 5316 dicerent
1641 5263 1983 5319 subaudien-

281 5345 422 5400 dum
445 5360 566 5398 esse
589 5359 844 5415 caprum.
874 5345 1059 5410 Quare
1088 5363 1224 5419 ergo
1259 5349 1436 5404 additi
1468 5355 1602 5405 sunt
1654 5351 1825 5406 boves
1847 5354 1876 5406 ?
1905 5368 1980 5407 an

279 5437 516 5506 propter
543 5432 654 5487 alia
703 5433 999 5502 sacriﬁcia,
1046 5451 1176 5508 quae
1225 5436 1427 5492 diebus
1459 5455 1790 5510 azymorum
1844 5444 1980 5496 sunt

283 5521 677 5579 immolanda?
851 5527 856 5531 ’
1123 5531 1125 5533 ‘

2094 4394 2209 4432 una
2237 4384 2323 4433 est
2351 4395 2480 4450 quae
2509 4383 2878 4448 computatur
2907 4379 2977 4433 ab
3009 4378 3410 4434 immolatione
3455 4381 3684 4453 paschm
3706 4393 3796 4430 us-

2094 4483 2205 4539 que
2232 4467 2293 4521 in
2319 4467 2470 4521 diem
2499 4467 2644 4521 data:
2673 4467 2814 4538 legis
2833 4467 2894 4522 in
2940 4467 3093 4522 Sina.
3486 4487 3488 4489 ’

2167 4557 2276 4610 Nos
2328 4571 2558 4627 quoque
2606 4556 2962 4611 celebramus
3020 4558 3413 4626 Pentecosten,
3461 4557 3523 4612 id
3579 4561 3686 4625 est,
3708 4553 3800 4609 ad-

2090 4649 2326 4699 ventum
2356 4643 2601 4716 Spiritus
2623 4645 2822 4713 sancti,
2853 4644 2954 4716 qui
2977 4650 3064 4699 est
3092 4645 3308 4717 digitus
3343 4646 3465 4716 Dei,
3507 4663 3624 4718 quo
3676 4641 3803 4698 scri-

2089 4743 2189 4803 pta
2213 4738 2297 4787 est
2325 4733 2414 4787 lex
2445 4732 2504 4786 in
2545 4731 2773 4786 tabulis.

2162 4822 2323 4876 Vens.
2380 4823 2464 4876 13.
2519 4850 2590 4861 -
2645 4821 3066 4876 Solemnitatem.
3126 4821 3234 4886 Qui
3291 4827 3359 4876 ut
3411 4820 3800 4884 tabernaculo,

2088 4910 2358 4981 presenti
2387 4908 2603 4963 mundo
2628 4909 2830 4978 utitur,
2879 4909 3242 4965 festivitatem
3285 4926 3477 4981 agere,
3510 4915 3570 4965 et
3625 4908 3802 4964 laztari

2089 4999 2149 5053 in
2181 5015 2248 5052 eo
2297 5003 2504 5070 potest,
2564 5003 2800 5068 propter
2853 4997 3034 5052 futuri
3081 4999 3562 5069 exspectationem
3599 5015 3613 5052 :
3668 4997 3804 5063 Quia

2087 5090 2139 5144 si
2197 5092 2410 5142 terrena
2441 5087 2628 5141 domus
2659 5087 2823 5156 hujus
2869 5087 3224 5142 habitationis
3252 5087 3591 5142 dissolvatur
3641 5085 3802 5140 habe-

2089 5177 2172 5234 bit
2239 5177 2456 5232 domum
2483 5191 2590 5230 non
2618 5178 2993 5244 manu/“actam
3039 5178 3098 5230 in
3157 5178 3301 5231 catis
3329 5177 3378 5248 (Ι
3403 5177 3525 5233 Cor.
3551 5178 3632 5246 ν).

2174 5266 2424 5332 Quando.
2478 5266 2886 5320 Consummata
2937 5265 3291 5336 perfectione
3319 5265 3581 5319 omnium
3614 5265 3798 5318 bono-

2083 5368 2217 5406 rum
2255 5357 2313 5408 et
2344 5353 2656 5408 multarum
2686 5355 3019 5409 collectione
3050 5355 3350 5420 virtutum,
3399 5353 3716 5409 lmtandum
3747 5355 3804 5404 et

2083 5441 2482 5496 exsultandum
2510 5459 2632 5497 esse
2663 5459 2792 5498 cum
2825 5443 3022 5498 amicis
3060 5443 3364 5515 signiﬁcat.
3419 5443 3561 5498 Cum
3614 5439 3795 5496 exsul-

2080 5528 2227 5584 tabit
2255 5529 2499 5602 quisque
2518 5532 2589 5586 de
2621 5538 2888 5603 percepta
2911 5531 3290 5587 retributione
3325 5531 3425 5604 qui
3476 5531 3567 5586 hic
3598 5531 3800 5600 largus
