3976 6178
166 276 270 328 469

164 486 311 541 nitas
345 492 577 558 agetur,
635 505 752 542 uon
813 488 1177 543 mutabilium
1210 490 1445 560 scilicet,
1475 493 1569 546 sed
1620 499 1867 548 αρίδηλο-

162 593 311 641 rum,
342 577 499 631 unde
533 594 546 630 :
609 580 676 633 Ut
716 576 986 647 recipiant
1022 593 1111 632 vos
1168 580 1226 632 in
1254 584 1455 633 aeterna
1513 582 1867 638 tabernacula

162 668 311 729 (Luc.
347 666 463 736 xv).

230 755 394 808 Vens.
467 755 555 807 6t.
618 784 690 793 —-
720 754 1105 809 Masculinum.
1150 756 1272 809 Non
1316 754 1666 825 femineum;
1724 758 1869 813 nihil

163 844 320 897 enim
350 843 550 911 molle,
582 842 786 913 fragile
808 847 865 896 et
898 843 1197 898 inﬁrmum
1248 844 1306 897 in
1339 849 1533 898 nostra
1561 862 1871 901 conversa-

162 932 321 984 tione
350 932 523 985 debet
552 946 676 984 esse
708 946 721 983 :
757 930 928 984 fortia
958 947 1205 1002 quaeque
1237 949 1267 985 a
1299 932 1465 985 nobis
1497 933 1669 1003 exigit
1716 936 1866 989 Deus

164 1021 362 1085 (Exod.
398 1036 550 1087 xxm,
607 1035 797 1085 xxxxv;
848 1022 1014 1074 Eccti.
1058 1022 1241 1089 xxxv).
1292 1021 1349 1075 Si
1394 1026 1586 1075 autem
1638 1022 1696 1076 in
1755 1024 1869 1078 lide

159 1109 460 1163 Trinitatis
508 1108 691 1163 Patris
735 1112 791 1161 et
838 1108 963 1163 Filii
1011 1114 1069 1162 et
1114 1109 1360 1179 Spiritus
1408 1111 1588 1164 sancti
1637 1116 1868 1167 aeterna:

161 1198 448 1252 mercedis
506 1202 769 1267 respectu
826 1203 1085 1268 tempore
1152 1198 1450 1268 praesentis
1509 1199 1639 1253 vita:
1700 1201 1866 1255 bonis
1952 1218 1961 1221 ·

160 1287 439 1357 operibus
483 1286 841 1347 insudamus,
908 1287 1223 1341 masculum
1286 1287 1343 1341 in
1396 1292 1699 1358 conspectu
1754 1291 1866 1345 Do-

158 1376 310 1429 mini
339 1375 672 1447 statuimus.

232 1468 297 1519 In
327 1465 595 1518 omnibus.
648 1464 717 1518 Ut
738 1462 1098 1517 advenientss
1135 1464 1389 1535 undique
1423 1465 1613 1519 statim
1667 1465 1727 1519 in
1772 1467 1859 1520 in-

156 1552 361 1619 troitu,
397 1556 631 1622 paratos
686 1551 1004 1618 inveniant,
1039 1570 1070 1606 a
1101 1552 1308 1623 quibus
1340 1554 1498 1624 justa
1524 1554 1742 1624 judicia
1770 1572 1861 1609 ac-

155 1641 402 1712 cipiant.
1093 1708 1103 1717 ο

232 1732 403 1784 Vens.
484 1732 569 1784 19.
642 1730 831 1785 Oculos
920 1731 1249 1798 sapientum.
1338 1731 1505 1800 Apud
1576 1732 1858 1800 homines,

157 1836 282 1873 non
319 1818 477 1890 apud
522 1819 719 1880 Deum,
780 1818 989 1888 quibus
1026 1818 1279 1873 dicitur:
1320 1822 1410 1877 Vae
1460 1823 1557 1889 qui
1598 1825 1866 1891 sapientes

154 1911 291 1964 estis
312 1912 372 1961 in
401 1908 570 1962 oculis
596 1910 791 1962 vestris
824 1909 954 1976 (Isa.
988 1907 1064 1976 v).

232 1998 399 2049 Vens.
436 1997 525 2049 20.
558 2026 627 2034 —
654 1996 835 2049 Juste.
868 1995 1085 2065 (Gnec.,
1117 1995 1216 2050 lib.
1250 2012 1281 2049 x
1311 1998 1530 2061 Moral.,
1578 2014 1699 2069 cap.
1756 2002 1863 2067 l9.)

156 2085 378 2154 Injuste
409 2083 564 2154 quod
588 2083 813 2153 justum
844 2089 929 2137 est
954 2084 1304 2154 exsequitur,
1338 2085 1439 2155 qui
1482 2087 1551 2141 ad
1576 2087 1862 2142 defensio-

157 2190 294 2227 nem
333 2171 578 2242 justitim
629 2186 746 2224 non
796 2171 1027 2225 virtutis
1083 2173 1469 2239 aemulatione,
1520 2176 1617 2229 sed
1666 2192 1863 2232 amore

155 2259 389 2330 praemii
416 2258 749 2329 temporalis
778 2260 1079 2321 excitatur,
1114 2266 1171 2315 et
1192 2262 1479 2330 justitiam
1507 2281 1682 2333 quam
1713 2282 1862 2335 pra).-

156 2349 364 2414 teudit,
397 2348 648 2403 vendere
677 2364 797 2402 non
826 2353 1072 2402 voretur.
1099 2350 1257 2403 Iuste
1280 2366 1417 2421 ergo
1443 2351 1667 2421 justum
1700 2369 1861 2408 exse-

159 2437 262 2509 qui
303 2442 392 2491 est
436 2436 496 2489 in
529 2437 837 2491 assertione
869 2437 1109 2507 justitiaa
1157 2437 1343 2508 ipsam
1386 2439 1671 2508 justitiam
1702 2459 1863 2512 quaa-

157 2543 330 2580 rere:
387 2526 527 2580 Sunt
547 2529 650 2580 via:
685 2542 803 2594 qua:
858 2525 1115 2579 videntur
1178 2528 1483 2582 hominibus
1513 2530 1699 2597 justae,
1749 2537 1858 2585 etc.

159 2616 339 2681 (Prov.
370 2614 507 2682 xiv).
544 2615 608 2667 Et
642 2630 655 2668 :
720 2615 811 2668 Vw
839 2617 938 2683 qui
972 2615 1295 2683 justiﬁcatis
1333 2631 1425 2669 vos
1475 2632 1654 2670 coram
1685 2618 1861 2672 homi-

157 2702 317 2756 nibus
343 2704 496 2770 (Luc.
532 2701 664 2771 xvr).

240 2791 403 2844 Vens.
454 2792 544 2843 21.
580 2818 646 2829 -
677 2790 795 2844 Νοη
853 2789 1153 2859 plantabis.
1225 2790 1590 2845 Occasionem
1630 2791 1862 2845 idolola-

156 2880 282 2934 triae
313 2882 596 2949 amputat.
628 2878 895 2932 Solebant
925 2878 1080 2931 enim
1111 2884 1310 2948 gentes
1356 2880 1679 2945 immolare,
1712 2886 1769 2934 et
1798 2881 1860 2934 in

155 2968 410 3023 delubris
442 2972 658 3021 statuas
687 2968 950 3022 adorare.

224 3057 455 3111 Lucum.
518 3056 694 3126 (1311).)
742 3058 975 3125 Nemus,
1021 3057 1350 3111 frondentes
1394 3058 1624 3111 arbores
1672 3058 1853 3113 infru-

152 3152 394 3214 ctuosae,
438 3150 569 3210 etc.,
622 3160 790 3213 usque
817 3147 891 3199 ad
920 3161 1022 3199 nec
1064 3145 1348 3215 permittit
1376 3145 1669 3200 tictiouem
1699 3147 1850 3201 falsi-

152 3235 285 3289 tatis
314 3234 406 3288 vel
438 3234 650 3288 erroris
668 3233 891 3288 veritati
915 3234 1147 3288 sociare.

796 3378 1020 3433 CAPUT
1058 3378 1216 3432 XVII.

220 3507 367 3559 Vens
415 3508 467 3557 2.
524 3532 592 3544 —
637 3505 873 3572 Cumque
909 3506 1112 3573 reperti
1156 3506 1384 3570 fuerint.
1439 3506 1549 3558 Lex
1601 3520 1857 3558 errorem

146 3598 201 3647 et
248 3592 644 3647 idololatriam
675 3592 921 3646 maxime
968 3592 1280 3645 detestatur
1312 3609 1325 3647 :
1361 3592 1672 3646 maximum
1699 3594 1854 3647 enim

147 3683 336 3736 scelus
373 3686 461 3734 est
518 3680 799 3734 honorem
854 3680 1136 3735 Creatoris
1181 3681 1516 3751 impendere
1547 3685 1852 3749 creaturae;

150 3769 305 3841 quod
337 3768 559 3822 faciunt
585 3768 848 3838 gentiles,
872 3768 959 3822 vel
992 3768 1127 3821 mali
1158 3768 1443 3833 catholici,
1473 3768 1590 3839 qui,
1626 3769 1758 3822 licet
1785 3770 1855 3824 ab

148 3858 394 3913 Ecclesia
425 3872 545 3910 non
574 3856 861 3924 recedant,
892 3861 1085 3910 tamen
1118 3856 1299 3926 magis
1348 3856 1721 3911 inveniuntur
1750 3873 1851 3928 per

150 3947 377 4000 diversa
404 3944 544 3997 vitia
590 3944 801 3997 servire
851 3944 1098 4010 diabolo,
1128 3960 1301 4015 quam
1345 3960 1449 4013 per
1475 3946 1625 3999 bona
1682 3962 1856 4016 opera

150 4035 401 4089 militare
434 4034 570 4086 Deo.
619 4034 730 4086 Hos
779 4032 1068 4102 lapidibus
1105 4033 1273 4103 jubet
1318 4033 1484 4087 obrui
1516 4050 1661 4104 quos
1709 4035 1851 4089 irre-

149 4122 429 4175 vocabilis
460 4121 745 4175 sententia
768 4121 1127 4175 damnandos
1152 4137 1273 4175 esse
1301 4122 1583 4191 praevidit.

221 4212 392 4264 Vens.
454 4214 505 4263 6.
558 4212 627 4265 In
678 4226 767 4264 ore
799 4211 1029 4265 duorum
1066 4218 1164 4264 aut
1220 4216 1385 4264 trium
1421 4213 1653 4265 testium.
1696 4215 1851 4266 Atte-

1340 280 1594 337 GLOSSA
1633 280 2042 340 ORDINARIA.
2086 316 2155 326 —-
2199 289 2325 342 LIB.
2372 289 2572 344 DEUT.

164 398 337 452 fuerit
383 399 446 453 in
498 415 762 465 munere,
814 404 947 453 tunc
1003 416 1132 454 vere
1192 402 1622 479 tabernaculum
1667 406 1941 461 solem-A

3584 300 3689 352 470

2054 411 2212 464 Vens.
2266 414 2347 465 11.
2398 414 2591 465 Ιαωειι.
2657 413 2822 479 Nota,
2874 430 2989 467 non
3046 414 3257 468 dicitur
3299 416 3495 484 tibi,ut
3551 419 3685 472 obe-

1984 498 2126 564 dias,
2154 500 2263 553 nisi
2288 500 2451 569 juxta
2482 501 2668 570 legem
2691 502 3011 568 docuerint,
3044 504 3192 557 unde
3228 521 3239 557 :
3280 506 3467 574 Supra
3495 508 3685 560 cathe-

1983 588 2142 642 dram
2176 590 2351 658 Moysi
2380 590 2632 643 sederunt
2674 591 2863 645 scribae
2890 598 2940 645 et
2969 594 3234 661 phariszei
3258 594 3478 657 (Matth.
3505 596 3681 665 xxm).

2054 679 2213 731 Vens.
2279 682 2360 731 12.
2420 708 2491 720 -
2538 680 2845 734 Sacerdotis
2900 684 3143 750 imperio.
3203 683 3409 737 Christi
3453 684 3551 753 qui
3602 690 3686 737 est

1984 767 2245 821 sacerdos
2289 767 2345 820 in
2400 772 2679 822 aeternum
2710 770 3021 823 secundum
3060 770 3323 825 ordinem
3382 772 3677 827 Melchise-

1983 854 2145 921 dech,
2195 855 2293 925 qui
2338 856 2577 909 vicarios
2633 856 2737 910 sibi
2782 856 3093 925 substituit,
3153 859 3363 928 quibus
3414 861 3529 913 nit:
3571 860 3683 928 Qui

1979 959 2070 997 vos
2123 944 2300 1010 audit,
2344 959 2427 997 me
2484 945 2673 1013 audit;
2722 948 2819 1013 qui
2867 961 2957 999 vos
3026 953 3255 1014 spernit,
3316 964 3397 1000 me
3469 953 3679 1017 spernit

1979 1037 2081 1085 etc.
2118 1034 2268 1103 (Luc.
2299 1034 2371 1099 Χ).
2403 1035 2536 1087 Jure
2566 1050 2702 1104 ergo
2733 1034 3117 1088 damnationis
3166 1035 3407 1090 sustinet
3442 1043 3678 1091 senten-

1976 1118 2135 1182 tiam,
2169 1120 2266 1191 qui
2297 1122 2612 1175 contemnit
2638 1121 2952 1175 divinitatis
2973 1124 3312 1192 potentiam.

2050 1210 2207 1263 Vens.
2266 1212 2345 1264 14.
2398 1240 2467 1249 —
2520 1211 2651 1265 Cum
2716 1213 2997 1277 ingressus
3044 1213 3218 1276 fueris
3279 1217 3500 1278 terram,
3562 1218 3669 1267 etc.

1979 1298 2175 1364 (AUc.,
2205 1304 2391 1365 quaest.
2426 1299 2538 1366 26.)
2570 1298 2758 1361 Quaeri
2781 1304 2964 1368 potest
2986 1316 3086 1353 cur
3106 1300 3395 1371 displicuit
3427 1303 3674 1371 populus

1979 1387 2110 1453 Deo,
2152 1402 2282 1441 cum
2315 1404 2508 1457 regem
2538 1388 2895 1451 desideravit,
2930 1406 3059 1443 cum
3084 1390 3174 1443 hic
3210 1390 3532 1444 inveniatur
3553 1409 3673 1446 esse

1973 1476 2326 1545 permissus?
2367 1477 2477 1531 Sed
2506 1478 2944 1547 intelligendum
3010 1484 3095 1532 est
3123 1480 3327 1533 merito
3356 1496 3471 1533 non
3503 1481 3673 1533 fuisse

1972 1564 2286 1619 secundum
2318 1567 2672 1620 voluntatem
2698 1567 2815 1635 Dei,
2848 1567 2982 1637 quia
3021 1568 3128 1620 hoc
3156 1568 3279 1620 ﬁeri
3312 1584 3427 1621 non
3458 1584 3669 1638 praece-

1971 1653 2078 1722 pit,
2114 1654 2211 1707 sed
2241 1654 2696 1710 desiderantibus
2749 1654 3029 1726 permisit.
3069 1656 3473 1710 Verumtamen
3518 1673 3671 1728 prae-

1974 1741 2125 1811 cepit
2150 1758 2220 1796 ne
2252 1742 2413 1795 ﬁeret
2460 1742 2696 1807 alienus,
2746 1743 2843 1797 sed
2878 1742 3053 1796 frater
3080 1759 3147 1797 ex
3200 1745 3397 1798 eodem
3455 1746 3669 1815 populo

1973 1830 2244 1901 indigena
2294 1849 2408 1886 non
2450 1832 2790 1901 alienigena.
2834 1833 2994 1896 Quod
3030 1837 3221 1886 autem
3252 1833 3332 1887 ait
3366 1850 3378 1886 :
3426 1836 3541 1890 Non
3576 1850 3671 1904 po-

1974 1923 2100 1974 teris
2130 1937 2142 1973 :
2175 1920 2614 1990 intelligendum
2637 1926 2743 1989 est,
2770 1938 2882 1974 non
2911 1920 3163 1975 debebis.

2044 2009 2376 2064 Constituam
2432 2025 2613 2078 super.
2678 2010 3033 2064 Habitatores
3085 2016 3252 2064 terrae
3314 2011 3669 2066 constituunt

1971 2096 2079 2150 sibi
2108 2113 2302 2167 regem
2334 2103 2528 2151 contra
2561 2098 2660 2152 Dei
2681 2099 3041 2153 sententiam.

2042 2187 2204 2241 Vens.
2243 2190 2329 2240 17.
2386 2218 2453 2224 -
2487 2188 2604 2243 Νοη
2648 2187 2887 2256 habebit,
2941 2193 3045 2241 etc.
3100 2188 3281 2257 (Ana,
3325 2194 3517 2255 quaest.
3555 2190 3663 2257 27.)

1972 2275 2329 2330 Manifestum
2373 2280 2459 2329 est
2507 2276 2871 2330 Salomon‘em
2928 2276 3033 2329 hoc
3074 2281 3423 2346 praeceptum
3478 2282 3667 2330 trans-

1968 2364 2101 2433 isse,
2136 2369 2267 2429 etc.,
2301 2381 2467 2434 usque
2496 2367 2570 2419 ad
2599 2366 2895 2437 perveniat
2925 2366 2993 2419 ad
3026 2366 3398 2433 alienigenas.

2038 2457 2221 2524 Neque
2265 2458 2493 2521 argenti.
2554 2456 2730 2511 Nolite
2788 2456 3155 2509 thesaurizare
3194 2454 3343 2507 vobis
3383 2455 3666 2507 thesauros

1970 2546 2029 2597 in
2046 2549 2191 2597 terra
2223 2547 2437 2613 (Matth.
2469 2549 2564 2611 γι).

2040 2634 2202 2686 Vens.
2259 2637 2341 2687 19.
2396 2665 2463 2672 —
2516 2635 2795 2704 Legetque.
2858 2635 3000 2687 Nota
3068 2638 3285 2704 quanta
3331 2631 3666 2685 assiduitate

1970 2724 2157 2792 legere
2188 2722 2399 2776 debent
2446 2724 2783 2782 sacerdotes.
2817 2739 2946 2775 cum
2978 2723 3203 2776 assidue
3256 2722 3447 2792 legant
3477 2736 3660 2791 reges.

1972 2810 2159 2863 Lectio
2206 2811 2327 2881 ipsa
2378 2812 2471 2864 lux
2504 2817 2590 2864 est
2632 2816 2686 2864 et
2719 2812 2852 2875 vita,
2908 2811 3097 2864 unde:
3159 2811 3353 2876 Verba,
3412 2825 3530 2879 qua?
3571 2824 3664 2875 ego

1968 2902 2158 2967 toquor
2184 2901 2352 2965 vobis,
2381 2903 2611 2968 spiritus
2636 2906 2686 2953 et
2717 2903 2830 2955 vita
2858 2906 2983 2954 sunt
3016 2903 3193 2968 (Joan.
3239 2899 3335 2965 γι).

2047 2988 2206 3041 Vens.
2240 2990 2327 3040 20.
2380 3019 2447 3026 —
2485 2989 2827 3057 Superbiam.
2892 2989 3081 3055 Quasi,
3117 2989 3253 3042 sciat
3304 3005 3362 3041 se
3400 3002 3520 3041 esse
3550 2986 3661 3039 fra-

1967 3083 2136 3134 trem.
2174 3078 2359 3129 Unum
2397 3081 2613 3146 patrem
2666 3079 2847 3131 Deum
2878 3093 3077 3130 omnes
3126 3077 3421 3144 habemus,
3450 3075 3540 3129 cui
3569 3075 3663 3128 di-

1965 3166 2190 3221 cimus:
2244 3168 2402 3220 Pater
2428 3170 2628 3234 noster,
2674 3169 2770 3235 qui
2814 3182 2868 3220 cs
2922 3168 2979 3220 in
3026 3168 3165 3220 caelis
3218 3170 3322 3219 etc.
3359 3166 3505 3233 (Luc.
3562 3164 3657 3233 xi).

2036 3255 2373 3323 Superbiam.
2426 3254 2749 3309 Benedictio
2817 3259 2901 3309 est
2951 3271 3192 3324 regnare
3237 3269 3411 3323 super
3464 3253 3656 3317 Israel,

1966 3342 2180 3397 scilicet
2236 3343 2528 3413 regnando
2594 3343 2778 3397 facere
2845 3344 3032 3406 Israel,
3106 3343 3320 3397 scilicet
3350 3344 3532 3397 Deum
3579 3341 3659 3394 vi-

1966 3431 2185 3486 dentes.

2588 3557 2812 3612 CAPUT
2850 3557 3035 3610 XVIII.

2038 3683 2197 3735 Vens.
2245 3686 2293 3735 l.
2321 3709 2389 3723 —
2428 3683 2547 3736 Non
2576 3681 2861 3734 habebunt.
2896 3681 2958 3733 Et
2988 3680 3047 3733 in
3078 3680 3263 3733 Veteri
3295 3685 3353 3734 et
3398 3680 3460 3733 in
3501 3680 3658 3733 Novo

1962 3771 2323 3824 Testamento
2362 3769 2635 3822 ministris
2676 3767 2867 3821 altaris
2898 3774 3249 3837 prau-eptum
3279 3773 3364 3821 est
3392 3768 3463 3821 de
3496 3768 3659 3822 obla-

1962 3858 2213 3913 tionibus
2246 3863 2301 3912 et
2356 3856 2592 3911 decimis
2617 3856 2823 3918 vivere,
2878 3872 2981 3908 nec
3011 3857 3249 3909 terrenis
3298 3856 3659 3925 possessioni-

1963 3948 2069 4001 bus
2116 3946 2477 4017 acquirendis
2513 3959 2842 3997 concessum
2866 3949 2949 3997 est
2980 3944 3200 3997 inhiare
3236 3960 3249 3997 :
3306 3944 3465 3998 Unde
3503 3946 3653 3999 :No-

1963 4037 2056 4089 tite
2105 4035 2385 4104 possidere
2429 4050 2624 4087 aurum
2654 4048 2743 4086 nec
2791 4038 3093 4099 argentum,
3153 4036 3261 4085 etc.
3316 4032 3537 4099 (Matth.
3570 4044 3654 4095 ι),-

1960 4130 2018 4178 et
2068 4128 2200 4193 post
2246 4140 2469 4193 pauca:
2516 4124 2721 4187 Dignus
2776 4127 2855 4176 est
2894 4125 3036 4175 enim
3080 4123 3369 4190 operarius
3416 4122 3531 4175 cibo
3560 4137 3655 4175 suo

1961 4216 2008 4281 (Ι
2037 4215 2155 4269 Cor.
2192 4214 2289 4283 ιι.)
2324 4214 2388 4267 Et
2443 4212 2616 4265 alibi:
2681 4213 2786 4277 Qui
2820 4213 3021 4265 altario
3075 4212 3315 4265 serviunt
3345 4226 3463 4264 cum
3504 4213 3655 4265 atta-

145 4300 401 4353 statione
432 4299 646 4352 scilicet
693 4298 833 4369 legis
874 4300 1287 4369 prophetarum
1319 4304 1376 4354 et
1426 4300 1733 4370 Evangelii,
1760 4317 1845 4354 se-
1879 4324 1922 4377 ι)
1962 4304 2043 4356 rio
2083 4305 2419 4371 participant
2471 4302 2651 4369 (Num.
2686 4301 2860 4370 xvul).
2916 4301 3039 4354 Non
3088 4299 3240 4353 enim
3288 4303 3530 4369 oportet,
3592 4306 3657 4352 ut

142 4390 406 4443 cundum
439 4387 580 4441 illud
616 4404 628 4440 :
660 4388 842 4443 Sermo
872 4404 1027 4457 quem
1051 4390 1258 4444 locutus
1283 4378 1545 4457 estfipsc
1572 4388 1853 4459 judicabit

140 4494 265 4531 eum
315 4479 375 4530 in
412 4477 823 4531 novissimodie
873 4477 1061 4548 (Joan.
1116 4477 1237 4545 xu).
1290 4479 1352 4532 In
1406 4478 1568 4532 titulo
1619 4494 1850 4549 quoque

141 4566 333 4619 crucis
382 4569 495 4619 tres
552 4566 768 4635 lingua;
820 4570 1103 4620 testantur
1152 4566 1441 4622 Christum
1490 4582 1610 4619 esse
1656 4581 1851 4636 regem

135 4656 475 4710 Iudaeorum
511 4671 523 4707 :
558 4654 849 4718 Hebraica,
903 4656 1096 4709 Graeca
1143 4660 1199 4708 et
1232 4655 1429 4709 Latina
1483 4654 1670 4721 (Joan.
1717 4656 1848 4724 XIX).

206 4746 383 4799 Nemo
450 4743 746 4797 occidatur.
814 4744 992 4797 Tanta
1050 4744 1352 4798 concordia
1406 4746 1489 4795 est
1536 4742 1751 4795 Veteris
1789 4758 1853 4795 ac

142 4831 285 4885 Novi
321 4830 689 4896 Testamenti,
724 4835 785 4884 ut
815 4835 1083 4884 neutrum
1112 4832 1235 4885 sine
1266 4832 1444 4884 altero
1474 4829 1563 4883 sit.

216 4921 287 4973 In
330 4920 588 4981 humano
611 4919 828 4987 judicio
858 4920 1110 4989 primum
1158 4919 1367 4973 divina:
1396 4919 1701 4989 Scriptura:
1746 4934 1849 4971 au-

141 5007 379 5062 ctoritas
411 5007 757 5077 requirenda
788 5014 890 5062 est.

208 5098 381 5149 Vens.
416 5098 506 5149 8t.
547 5126 614 5135 —
642 5097 705 5151 Si
750 5097 997 5165 difﬁcile.
1053 5082 1383 5151 Sacerdotes
1438 5097 1697 5150 Ecclesiae
1749 5097 1848 5150 Dei

148 5184 407 5249 instruit,
458 5189 525 5238 ut
558 5185 777 5254 judicia
823 5185 1202 5240 ecclesiastica
1247 5185 1560 5239 secundum
1602 5190 1850 5255 potesta-

146 5278 259 5325 tem
295 5271 407 5325 sibi
438 5288 470 5324 a
507 5273 619 5326 Deo
654 5272 846 5326 datam
894 5279 1223 5328 reverenter
1254 5279 1446 5343 agant,
1478 5279 1536 5327 et
1576 5274 1730 5342 juste
1759 5272 1854 5326 de-

150 5366 409 5423 cernant,
444 5377 565 5414 non
615 5362 685 5415 ad
719 5361 945 5416 libitum
999 5379 1183 5424 suum,
1218 5364 1315 5417 sed
1360 5364 1677 5417 secundum
1709 5363 1853 5434 legis

150 5446 469 5515 decretum,
546 5465 619 5503 ne
694 5450 1052 5520 suscipiendo
1090 5467 1395 5521 personam
1452 5455 1675 5505 mutent
1729 5467 1852 5504 sen-

154 5537 417 5590 tentiam.

1963 4390 2064 4461 qui
2115 4406 2342 4460 semper
2393 4394 2574 4443 astare
2621 4390 2790 4443 debet
2821 4388 3006 4443 oflicio
3053 4388 3265 4453 divino,
3310 4387 3493 4441 inhiet
3538 4392 3652 4441 ter-

1960 4495 2101 4532 reno
2130 4480 2303 4544 lucro,
2336 4479 2424 4531 cui
2458 4480 2603 4532 Deus
2634 4478 2939 4532 hmreditas
2974 4482 3074 4529 est.
3111 4476 3257 4539 Quid
3290 4492 3427 4545 ergo
3458 4475 3653 4530 deesse

1960 4573 2146 4638 potest
2174 4569 2258 4622 illi
2284 4569 2383 4639 qui
2415 4568 2611 4622 omnia
2640 4568 2948 4621 habentem
2979 4566 3173 4620 habet.

2032 4657 2190 4711 Vens.
2226 4659 2277 4709 2.
2319 4687 2388 4697 —
2437 4657 2753 4711 Hereditas.
2828 4658 2935 4710 Pro
2990 4653 3323 4724 operatione
3371 4653 3524 4708 bona
3590 4658 3654 4707 ut

1961 4745 2116 4815 quod
2169 4750 2358 4798 mente
2390 4745 2728 4816 conceperit,
2771 4760 2943 4814 opere
2992 4744 3217 4813 probet,
3252 4742 3404 4797 unde
3439 4759 3451 4795 :
3484 4744 3655 4811 Capit

1958 4833 2111 4884 Jesus
2140 4834 2322 4897 facere
2359 4838 2408 4884 et
2439 4833 2623 4886 docere
2656 4834 2806 4901 (Act.
2841 4831 2903 4900 ι).

2031 4922 2197 4975 Vens.
2246 4923 2297 4973 3.
2350 4950 2419 4959 -—
2469 4922 2710 4975 Dabunt.
2746 4922 2888 4986 Quia
2926 4920 2984 4973 in
3016 4918 3407 4987 corporalibus
3438 4919 3654 4972 solatiis

1961 5015 2017 5062 et
2058 5008 2450 5079 spiritualibus
2490 5010 2893 5063 emolumentis
2941 5009 3141 5063 devote
3178 5008 3506 5062 doctoribus
3548 5024 3651 5061 no-

1958 5097 2089 5151 stris
2117 5096 2541 5150 communicare
2579 5098 2871 5162 debemus,
2918 5098 3069 5151 unde
3122 5114 3135 5150 :
3198 5098 3556 5152 Communicet
3606 5099 3654 5150 is

1959 5189 2055 5254 qui
2116 5186 2484 5239 catechizatur
2515 5186 2692 5250 verbo,
2740 5188 2788 5239 ei
2828 5188 2924 5253 qui
2956 5201 3011 5239 se
3034 5186 3347 5244 catechizat,
3393 5187 3452 5238 in
3509 5188 3657 5240 omni

1963 5290 2118 5343 opere
2148 5274 2279 5327 bono
2317 5273 2465 5342 (Gal.
2500 5274 2590 5341 γι).

2039 5364 2424 5418 Ventriculum.
2473 5363 2680 5416 Venter
2738 5362 3161 5430 receptaculum
3208 5362 3492 5428 ciborum,
3533 5378 3657 5416 om-

1961 5468 2061 5505 nes
2092 5452 2395 5506 hominum
2423 5451 2663 5511 labores,
2696 5455 2753 5503 et
2792 5454 3191 5503 momentanea
3232 5451 3386 5521 gulae
3429 5448 3657 5503 blandi-

1965 5546 2159 5594 menta
2177 5544 2330 5607 sunt,
2364 5554 2609 5609 quorum
2646 5538 2821 5593 ﬁnem
2852 5538 3196 5593 condemnat
3230 5555 3242 5593 :
3280 5542 3337 5591 et
3369 5537 3657 5591 mentibus
