3976 6178
318 305 418 360 471

932 304 1330 360 WALAFRIDI
1367 306 1610 362 STRABI
1657 306 1851 362 FULD.
1899 307 2018 362 MOI‘

2210 310 2249 361 ἒ.
2296 307 2470 361 PARS
2512 307 2553 361 Ι.
2596 335 2664 344 --
2703 303 3160 361 THEOLOGIGA.

3698 310 3802 363 472

317 427 433 481 Deo
467 426 699 481 sacratis
747 426 996 481 ostendit
1040 431 1227 482 totum
1280 428 1432 499 quod
1478 444 1746 482 voramus
1795 428 1857 482 in
1901 446 2017 483 suc-
2046 435 2091 487 Α
2130 430 2427 501 provisum
2477 429 2675 501 liquet,
2708 433 2840 490 etc.,
2892 443 3063 497 usque
3093 428 3169 482 ad
3220 444 3518 499 percussus
3578 430 3803 487 chitico

319 529 543 568 cessum
576 514 798 587 projici,
834 514 987 568 unde
1022 531 1034 568 :
1088 517 1226 569 Esca
1271 517 1468 583 ventri,
1502 520 1552 570 et
1606 520 1790 570 venter
1833 519 1965 572 escis
1998 533 2012 571 :

320 605 457 657 Deus
477 607 657 656 autem
684 608 738 657 et
764 604 905 657 hunc
930 608 981 657 et
1008 604 1145 657 hanc
1175 603 1438 658 destruet.

394 689 552 741 Vens.
585 689 636 741 4.
691 719 756 728 -
789 690 1089 743 Primitias.
1139 689 1422 743 Primitias
1460 689 1693 761 frugum
1753 690 2015 745 laboran-

322 781 437 830 tem
458 776 770 847 agricolum
800 781 1027 846 oportet
1055 776 1308 848 primum
1333 778 1401 832 de
1426 778 1705 833 fructibus
1737 779 2014 850 accipere.

394 866 561 919 Vens.
597 866 648 917 6.
692 893 764 904 —
816 866 878 920 Si
930 867 1141 919 accierit.
1195 865 1367 929 Quasi
1413 867 1618 921 urbem
1672 871 1726 920 et
1779 868 2018 922 domum

324 953 555 1021 deserit,
588 952 687 1024 qui
716 954 894 1024 gratis
925 955 1040 1008 Deo
1082 954 1273 1020 servit,
1307 960 1364 1010 et
1392 955 1513 1010 sine
1568 960 1807 1027 sumptu
1835 957 2017 1010 Evan-

324 1040 539 1111 gelium
576 1041 760 1111 ponit.

396 1130 557 1183 Vens.
625 1132 676 1185 8.
751 1160 821 1170 —-
876 1133 1132 1200 Excepto.
1200 1133 1384 1201 (Auc.,
1430 1135 1621 1198 quast.
1694 1132 1808 1201 38.)
1860 1130 2021 1197 Quod

326 1218 472 1285 LXX,
510 1222 596 1271 etc
650 1233 818 1287 usque
869 1219 943 1272 ad
988 1234 1119 1272 eum
1177 1218 1391 1272 servari
1438 1223 1668 1289 oportet
1710 1220 1864 1290 quod
1924 1235 2021 1290 pa-

326 1305 584 1359 rentibus
613 1306 931 1361 exhibitum
964 1311 1067 1362 est.

397 1396 559 1448 Vens.
616 1397 668 1448 9.
728 1425 795 1437 -
852 1396 1079 1463 Quando
1121 1398 1419 1465 ingressus,
1450 1396 1635 1466 (Auc.,
1684 1402 1872 1466 quaest.
1903 1398 2021 1465 29.)

324 1484 607 1548 Quoniam
635 1489 1031 1553 portentorum
1058 1485 1407 1554 inspectores
1431 1485 1856 1539 interdicuntur
1888 1489 2016 1553 etc.,

323 1586 493 1640 usque
540 1573 614 1626 ad
635 1572 713 1626 sic
742 1574 855 1626 illa:
886 1572 1266 1642 inspectiones
1308 1573 1682 1643 prodigorum
1722 1590 1757 1628 a
1808 1573 2020 1644 signiﬁ-

325 1660 648 1714 cationibus
679 1660 1088 1715 miraculorum
1120 1660 1497 1715 decernendae
1519 1665 1675 1717 sunt.

396 1750 560 1804 Vnus.
613 1752 697 1803 lO.
757 1778 827 1789 —
866 1751 1099 1804 Ariolos.
1150 1748 1257 1813 Qui
1308 1749 1666 1805 circumeunt
1738 1766 1863 1804 aras
1926 1766 2022 1804 ne-

322 1837 511 1893 fandis
540 1838 822 1909 precibus,
862 1843 918 1892 et
947 1837 1358 1893 divinationem
1388 1838 1450 1893 in
1505 1839 1649 1893 extis
1680 1839 2017 1894 animalium

327 1930 615 1996 quaerunt.

404 2014 680 2080 Auguria.
738 2013 912 2078 Quasi
959 2014 1230 2085 avigeria,
1280 2029 1410 2085 quae
1460 2014 1519 2067 in
1568 2015 1799 2070 vocibus
1829 2015 2019 2070 avium

330 2106 623 2170 gerantur.
646 2102 743 2156 Vel
764 2102 1035 2173 avigaria,
1069 2103 1137 2156 ab
1158 2102 1348 2156 avium
1376 2103 1613 2173 garritu.
1828 2098 1840 2109 ’

406 2189 563 2243 Vens.
631 2193 716 2244 tl.
762 2189 1059 2261 Pythones.
1139 2191 1560 2263 Ventriloquos,
1633 2192 1702 2246 de
1776 2208 2026 2264 quorum

331 2281 526 2330 ventre
574 2276 866 2331 daemones
913 2278 1250 2349 loquuntur,
1280 2296 1313 2332 a
1370 2280 1629 2349 Pythone
1678 2279 1757 2333 sic
1822 2279 2023 2346 dictos,

329 2365 390 2419 id
418 2370 502 2419 est
537 2366 825 2436 Apolline,
869 2382 1043 2437 quem
1073 2367 1244 2421 deum
1297 2366 1667 2422 divinationis
1723 2367 2031 2423 credebant

337 2468 480 2509 esse.

402 2542 562 2595 Vens.
591 2544 705 2604 .15.
741 2573 807 2581 —
840 2542 1167 2611 Prophetam
1196 2543 1278 2597 de.
1332 2542 1484 2596 Licet
1544 2543 1915 2598 historialiter
1960 2544 2032 2599 de

329 2628 626 2699 prophetis
652 2629 828 2701 accipi
866 2630 1059 2701 possit,
1097 2630 1197 2701 qui
1245 2636 1373 2701 post
1430 2633 1658 2701 Moysen
1706 2632 1767 2686 in
1813 2634 2031 2703 populo

334 2718 503 2773 Israel
539 2717 740 2787 repleti
770 2724 904 2772 sunt
949 2718 1166 2789 Spiritu
1199 2719 1319 2786 Dei,
1356 2721 1558 2774 melius
1590 2727 1780 2775 tamen
1813 2722 1883 2776 de
1918 2724 2019 2776 Do-

335 2804 493 2858 mino
523 2806 941 2875 prophetarum
978 2808 1272 2878 accipitur,
1306 2808 1376 2863 de
1407 2824 1521 2878 quo
1560 2808 1742 2863 turbae
1790 2808 1862 2862 ab
1908 2809 2034 2880 ipso

332 2894 551 2949 satiate:
574 2895 841 2950 dixerunt
873 2912 886 2949 :
920 2898 1023 2951 Hic
1066 2902 1143 2951 est
1172 2913 1291 2951 vere
1318 2899 1588 2967 propheta
1618 2901 1715 2967 qui
1774 2902 2035 2954 venturus

2126 517 2317 588 gladio
2349 516 2631 570 moriatur
2656 532 2854 570 sensus
2886 515 3091 583 carnis,
3128 520 3191 569 ut
3215 515 3363 569 vivat
3388 516 3577 570 anima
3603 523 3787 573 vestra.

2198 607 2360 659 Vens.
2406 606 2459 659 9.
2511 634 2580 645 —
2622 604 2781 659 Adde
2828 603 2947 656 tibi.
3004 603 3066 656 In
3122 601 3267 655 libro
3314 604 3445 657 Iesu
3501 604 3661 669 Nave,
3714 622 3798 660 sex

2127 693 2378 747 civitates
2422 692 2627 763 refugii
2673 693 3065 747 decernuntur
3115 690 3322 745 talibus
3373 691 3660 746 homicidis
3691 694 3799 758 (Jo-

2126 797 2219 837 sue
2266 786 2380 850 xx).
2436 781 2612 835 Cades
2672 781 2727 833 in
2759 780 2985 835 Galilaea
3019 779 3227 833 montis
3277 780 3556 851 Nepthali,
3589 780 3795 835 Sichem

2128 870 2187 924 in
2218 874 2408 924 monte
2456 870 2743 939 Ephraim,
2782 874 2836 919 ut
2891 866 3280 935 Cariatharbe,
3312 884 3442 938 qua:
3468 873 3548 922 est
3573 869 3798 938 Hebron,

2127 959 2187 1012 in
2219 963 2412 1012 monte
2440 958 2603 1012 Juda.
2661 959 2727 1012 Et
2753 962 2912 1011 trans
2962 957 3270 1011 Iordanem
3329 958 3500 1010 Bosor
3540 958 3606 1011 de
3659 959 3796 1013 tribu

2130 1047 2353 1115 Ruben,
2380 1051 2437 1100 et
2468 1046 2712 1100 Ramoth
2744 1046 2805 1100 in
2833 1045 3039 1101 Galaad
3074 1046 3144 1099 de
3174 1045 3330 1100 tribu
3378 1046 3513 1113 Gad,
3574 1050 3625 1099 et
3666 1047 3800 1101 Gau-

2129 1137 2223 1191 lon
2254 1135 2315 1188 in
2338 1136 2541 1203 Basan,
2570 1135 2641 1189 de
2662 1134 2817 1189 tribu
2842 1134 3119 1187 Manasse.

2202 1226 2427 1293 (Anam,
2458 1224 2553 1277 ubi
2604 1224 2821 1293 supra.)
2876 1223 2983 1277 Sex
3036 1224 3226 1275 autem
3284 1221 3572 1275 civitatum
3606 1222 3793 1293 refugis

2128 1317 2280 1377 sunt,
2312 1317 2440 1380 etc.,
2489 1327 2659 1381 usque
2708 1311 2783 1365 ad
2815 1311 2902 1365 vel
2948 1309 3392 1364 interdictorum
3436 1309 3777 1364 declinatione

2129 1416 2494 1455 veneremur.

2202 1491 2362 1543 Vens.
2399 1491 2483 1542 Η.
2529 1517 2589 1527 -
2623 1487 2690 1542 Si
2739 1489 2862 1557 quis
2887 1488 3067 1541 autem
3096 1485 3218 1539 odio
3250 1486 3454 1540 habens
3506 1487 3802 1554 proximum.

2131 1578 2241 1644 Qui
2273 1576 2493 1631 malitia
2521 1576 2772 1647 aliquem
2833 1574 3099 1645 percutit,
3128 1578 3185 1627 et
3240 1574 3300 1626 in
3360 1578 3599 1627 mortem
3627 1573 3809 1625 anima:

2130 1667 2306 1733 ducit,
2355 1682 2487 1720 reus
2540 1670 2623 1719 est
2669 1668 2913 1723 aeternae,
2943 1663 3165 1729 mortis,
3202 1663 3398 1716 unde:
3432 1663 3498 1716 Si
3526 1664 3643 1732 quis
3671 1676 3810 1716 scan-

2130 1756 2459 1812 dalizath
2500 1769 2667 1808 unum
2715 1754 2781 1807 de
2806 1754 3029 1822 pusillis
3084 1754 3182 1821 qui
3233 1754 3291 1805 in
3320 1766 3407 1805 me
3435 1750 3671 1817 credunt,
3701 1753 3794 1804 etc.

2135 1845 2199 1898 Et
2222 1843 2399 1897 alibi:
2452 1842 2562 1909 Qui
2589 1842 2706 1897 odit
2737 1843 2968 1908 fratrem
3000 1839 3274 1895 homicida
3310 1844 3413 1903 est,
3471 1844 3521 1892 et
3562 1853 3662 1892 non
3706 1836 3798 1891 ha-

2134 1934 2274 1988 bebit
2325 1934 2495 1986 vitam
2544 1937 2800 1986 zternam
2849 1930 3074 2001 (Matth.
3125 1930 3329 1994 xvm;1
3380 1930 3519 1982 Joan
3566 1928 3665 1995 Ill).
3718 1926 3807 1979 llic

2133 2022 2205 2076 ab
2248 2021 2412 2075 altari
2438 2019 2745 2085 divellitur,
2780 2024 3056 2089 tanquam
3104 2016 3479 2071 sacramentis
3520 2013 3810 2069 Dominicis

2133 2109 2429 2179 indignus,
2468 2123 2574 2161 nec
2612 2106 2837 2160 veniam
2868 2106 2978 2158 nisi
3006 2121 3111 2175 per
3155 2104 3505 2174 condignam
3549 2102 3812 2172 poeniten-

2134 2198 2270 2252 tiam
2302 2199 2683 2268 promeretur.
2726 2195 2835 2259 Qui
2869 2198 3058 2248 autem
3089 2208 3209 2247 non
3240 2198 3447 2263 sponte
3473 2190 3689 2257 occidit,
3720 2190 3812 2243 ha-

2136 2289 2232 2343 bet
2263 2287 2432 2340 urbes
2462 2283 2689 2354 refugii,
2737 2283 3038 2338 Ecclesiam
3088 2282 3300 2335 scilicet
3332 2280 3690 2343 catholicam,
3732 2271 3819 2331 ubi

2137 2392 2195 2430 se
2217 2374 2482 2446 angustia
2539 2373 2888 2444 poenitentiae
2918 2387 3203 2436 coercens,
3255 2386 3357 2441 per
3396 2385 3569 2424 omne
3608 2374 3817 2438 tempus

2139 2464 2438 2537 praesentis
2467 2464 2595 2517 vitae
2638 2461 2804 2515 bonis
2842 2461 3111 2533 Operibus
3157 2461 3401 2526 studeat,
3436 2462 3492 2513 et
3516 2458 3562 2513 si
3592 2473 3742 2528 spem
3768 2457 3821 2511 in

2140 2556 2321 2606 morte
2378 2551 2589 2604 summi
2638 2549 2944 2621 pontiﬁcis,
2994 2548 3208 2603 scilicet
3270 2547 3668 2619 Redemptoris
3718 2546 3821 2611 sui,

2141 2638 2415 2709 posuerit,
2442 2639 2674 2693 tandem
2697 2638 3012 2691 mcrebitur
3028 2637 3253 2691 salvari.

2215 2727 2323 2791 Qui
2375 2728 2687 2781 fraternum
2738 2726 2936 2781 odium
2989 2727 3196 2781 retinet
3242 2726 3300 2780 in
3349 2727 3541 2791 corde,
3576 2740 3687 2778 non
3732 2738 3821 2793 po-

2141 2820 2252 2871 test
2281 2817 2627 2870 fructuosam
2669 2814 3066 2884 paenitentiam
3096 2830 3287 2885 agere,
3339 2830 3445 2869 nec
3496 2815 3673 2867 Deum
3722 2809 3824 2865 sibi

2145 2906 2390 2977 placare.

339 2988 418 3038 est
464 2984 526 3037 in
573 2984 835 3039 mundum
879 2986 1055 3054 (Joan.
1112 2988 1207 3054 νι).
1273 2986 1339 3041 Et
1376 2986 1512 3040 alibi
1545 3003 1558 3041 :
1608 2987 1880 3056 Propheta
1920 3004 2038 3043 ηια-
2073 3011 2115 3067 c
2224 2995 2382 3049 Vens.
2420 2996 2503 3049 14.
2539 3023 2607 3033 -
2635 2994 2753 3049 Non
2772 3008 3009 3047 assumes
3041 2998 3091 3047 et
3116 2993 3411 3058 transferes
3433 2993 3705 3057 terminos,
3731 2993 3827 3042 etc.

340 3088 480 3141 gnus
506 3075 752 3128 surrexit
772 3076 831 3129 in
859 3075 1013 3129 nobis
1042 3077 1194 3141 (Luc.
1223 3076 1348 3146 vn).

989 3218 1216 3272 CAPUT
1255 3218 1386 3272 XIX.

419 3358 576 3412 Vens.
609 3362 662 3413 2.
695 3387 765 3399 —
831 3361 975 3413 Tres.
1008 3357 1228 3424 Fidem,
1259 3374 1421 3429 spem
1453 3362 1510 3414 et
1556 3358 1912 3427 charitatem,
1969 3360 2038 3415 ad

349 3461 490 3516 quas
509 3462 706 3501 omnes
734 3447 1074 3517 paenitentes
1112 3447 1322 3501 debent
1353 3446 1683 3517 confugere.

417 3534 553 3586 Tres
609 3534 863 3589 civitates
917 3534 1125 3605 refugii
1185 3535 1333 3588 ultra
1387 3534 1696 3589 Iordanem
1743 3534 2034 3589 constituit

350 3620 562 3690 Moyses
590 3618 889 3674 homicidis
920 3620 1017 3691 qui
1063 3638 1177 3675 non
1206 3624 1409 3692 sponte
1466 3620 1840 3676 homicidium
1887 3638 2041 3675 com-

351 3706 650 3775 miserunt,
682 3708 821 3763 alias
869 3714 985 3764 tres
1031 3710 1181 3764 circa
1226 3709 1531 3764 Iordanem
1571 3710 1737 3781 jubet
1787 3710 2043 3781 separari

352 3795 536 3865 (Num.
590 3813 763 3865 xxxv;
821 3800 1009 3853 Josue.
1061 3799 1172 3869 xx),
1234 3799 1465 3869 mystice
1537 3798 1833 3853 insinuant
1884 3798 2037 3871 quod

349 3890 481 3939 ante
508 3887 933 3959 perceptionem
961 3888 1248 3959 baptismi,
1298 3888 1397 3960 qui
1428 3887 1549 3942 vult
1576 3904 1609 3941 a
1652 3894 1887 3958 peccato
1939 3889 2045 3943 sal-

350 3974 473 4028 vari
510 3979 569 4030 et
619 3976 688 4030 ab
747 3976 1007 4031 hostibus
1076 3977 1468 4048 spiritualibus
1533 3977 1788 4045 liberari,
1834 3983 2045 4031 sanctae

351 4062 643 4118 Trinitatis
688 4064 859 4120 ﬁdem
917 4066 1082 4121 debet
1138 4066 1355 4120 sincera
1405 4070 1597 4119 mente
1654 4066 1933 4132 conﬁteri,
1991 4070 2047 4119 et

352 4158 478 4223 post
528 4153 879 4225 baptismum
934 4155 995 4209 in
1049 4155 1183 4221 ﬁde,
1235 4171 1335 4225 spe
1382 4159 1440 4209 et
1482 4154 1760 4209 charitate
1806 4154 2048 4209 viriliter

353 4242 598 4313 operari.
644 4242 848 4313 Sicque
881 4242 1146 4312 religiose
1182 4258 1523 4296 conversans
1582 4242 1643 4295 in
1674 4242 1913 4308 mundo,
1945 4243 2044 4314 qui

2153 3083 2354 3138 Unde:
2416 3082 2494 3139 Ne
2551 3081 2975 3148 transgrediaris
3033 3082 3285 3135 terminos
3362 3095 3496 3149 quos
3548 3081 3827 3148 posuerunt

2149 3176 2337 3230 Patres
2371 3175 2453 3227 tui
2496 3173 2677 3242 (Prov.
2712 3171 2866 3243 xxn),
2915 3171 2973 3225 id
3003 3175 3089 3225 est
3116 3170 3562 3242 praecedentium
3618 3172 3831 3240 patrum

2150 3262 2376 3333 regulas
2407 3267 2462 3316 et
2488 3260 2849 3316 deﬁnitiones
2878 3259 3121 3315 vivendi.

2222 3353 2383 3406 Vens.
2452 3353 2532 3405 15.
2595 3381 2662 3389 —
2720 3351 2839 3407 Non
2884 3348 3055 3404 stabit
3097 3350 3250 3403 testis
3298 3361 3458 3401 unus.
3513 3347 3627 3400 Hoc
3671 3345 3827 3399 etiam

2150 3439 2520 3495 historialiter
2561 3454 2784 3493 servare
2827 3439 3122 3493 debemus.
3172 3438 3235 3491 Et
3280 3441 3478 3490 contra
3521 3435 3727 3506 impios
3752 3435 3828 3487 vel

2151 3529 2463 3596 haereticos,
2503 3545 2632 3583 cum
2674 3526 3014 3581 testimoniis
3042 3525 3468 3594 Scripturarum
3500 3523 3828 3594 indigemus,

2150 3620 2291 3674 duos
2345 3622 2535 3687 testes,
2581 3617 2638 3671 id
2685 3621 2788 3683 est,
2838 3618 3004 3670 Vetus
3054 3620 3111 3667 et
3158 3615 3380 3668 Novum
3417 3614 3831 3667 Testamentum

2152 3707 2511 3772 adhibemus,
2544 3706 2630 3759 vel
2673 3710 2804 3768 tres,
2842 3704 2899 3758 id
2937 3708 3041 3768 est,
3074 3702 3469 3774 Evangelium,
3516 3700 3829 3772 prophetas,

2152 3796 2496 3867 apostolum,
2520 3799 2577 3849 et
2606 3794 2686 3848 sic
2715 3796 2824 3847 stat
2853 3793 3114 3847 verbum.

2223 3886 2385 3937 Vens.
2434 3887 2524 3938 2t.
2574 3913 2642 3922 —-
2686 3881 2947 3937 Animam
2994 3896 3094 3951 pro
3132 3882 3338 3935 anima.
3371 3879 3479 3943 Qui
3523 3877 3680 3934 enim
3723 3876 3833 3931 ani-

2156 3988 2308 4027 mam
2340 3986 2530 4025 errare
2563 3970 2713 4035 fecit,
2746 3969 2911 4023 venia
2940 3969 3147 4039 dignus
3168 3984 3288 4022 non
3318 3973 3421 4022 est.

2225 4064 2442 4117 Dmtem
2486 4075 2587 4130 pro
2630 4060 2785 4113 dente
2827 4058 3035 4129 (Exod.
3086 4074 3220 4124 xx1;
3280 4059 3406 4112 Leo.
3456 4073 3585 4123 xxi;
3646 4057 3826 4111 Matth.

2153 4152 2229 4217 v).
2268 4148 2581 4203 Verborum
2620 4146 2912 4200 virtutem.
2964 4147 3168 4200 Dentes
3208 4145 3365 4199 enim
3412 4146 3589 4199 verba
3634 4140 3835 4213 signiﬁ-

2154 4244 2284 4293 cant
2337 4238 2649 4292 secundum
2695 4236 2874 4290 illud:
2907 4237 3039 4290 Filii
3081 4237 3377 4300 hominum,
3449 4235 3635 4289 dentes
3672 4245 3839 4286 eorum

355 4331 579 4385 senario
613 4331 874 4385 conditus
903 4334 987 4384 est
1015 4347 1278 4397 numero,
1313 4337 1442 4401 post
1483 4330 1888 4401 perfectionem
1946 4332 2040 4386 bo-
2073 4332 2117 4386 D
2156 4344 2311 4382 arma
2349 4326 2512 4398 (Psal.
2572 4326 2705 4393 va).
2744 4326 2811 4378 Et
2856 4323 2992 4379 alibi
3026 4339 3039 4377 :
3084 4326 3275 4377 Dentes
3317 4324 3431 4393 ejus
3475 4324 3633 4391 lacte,
3682 4320 3737 4374 id
3766 4322 3839 4371 est

355 4434 565 4474 norum
600 4434 840 4490 operum
887 4419 1148 4490 requiem
1178 4423 1453 4473 aeternam
1501 4423 1785 4488 exspectat
1821 4416 1879 4472 in
1920 4419 2047 4471 sab-

355 4507 619 4562 batismo.

427 4596 588 4649 Vens.
622 4597 672 4650 3.
714 4623 785 4635 —
828 4597 902 4649 In
939 4599 1063 4649 tres.
1116 4595 1186 4649 Ut
1233 4595 1333 4666 qui
1373 4595 1677 4649 salvandus
1718 4598 1774 4649 et
1826 4595 2047 4650 facilius

356 4682 557 4737 evadat
586 4681 986 4737 Praedicatores
1042 4698 1272 4753 quoque
1303 4682 1477 4737 verbo
1522 4686 1580 4737 et
1633 4682 1895 4752 exemplo
1948 4681 2047 4735 de-

354 4771 496 4826 bent
550 4770 941 4843 peccatoribus
1000 4771 1293 4826 consulere
1341 4776 1400 4825 et
1461 4770 1759 4841 aequaliter
1811 4769 1871 4824 in
1929 4774 2049 4825 tota

356 4865 511 4915 terra
549 4860 804 4915 Ecclesiae
834 4860 1005 4914 ﬁdem
1062 4859 1355 4914 Trinitatis
1407 4859 1672 4913 omnibus
1727 4857 2043 4926 insinuare,

356 4952 421 5003 ut
448 4948 597 5003 viam
627 4948 882 5003 veritatis
929 4952 983 5003 et
1041 4953 1269 5020 portam
1308 4947 1442 5003 ﬁdei
1498 4948 1798 5019 ignoscant
1854 4951 2045 5018 patere

358 5037 487 5103 sibi,
527 5042 584 5091 et
625 5053 684 5091 se
731 5037 935 5093 merito
977 5038 1332 5093 damnandos
1386 5037 1432 5091 si
1478 5037 1693 5092 intrare
1734 5036 2043 5091 noluerint.

428 5126 535 5182 Sed
560 5126 779 5182 abiisse.
834 5128 1103 5199 Exemplo
1135 5127 1291 5182 enim
1342 5124 1593 5182 ostendit
1630 5124 1814 5197 qualis
1867 5125 2049 5179 homi-

358 5213 485 5270 cida
509 5214 813 5269 salvandus
845 5215 936 5271 sit.

428 5300 644 5371 (GBEG.,
695 5302 847 5356 Past.
879 5307 1027 5372 part.
1061 5320 1120 5370 ιι,
1179 5319 1303 5374 cap.
1363 5319 1419 5369 x,
1468 5307 1609 5356 tom.
1652 5300 1775 5373 III.)
1821 5301 1903 5356 Ad
1963 5300 2051 5355 sil-

357 5405 486 5444 vam
516 5404 647 5443 cum
683 5388 864 5445 amico
886 5389 1058 5460 imus,
1100 5395 1230 5455 etc.,
1262 5406 1433 5461 usque
1461 5391 1537 5445 ad
1573 5406 1697 5462 quae
1746 5406 1865 5446 non
1920 5405 2049 5443 ma-

360 5478 544 5534 litiose
564 5481 949 5550 perpetretur.

432 5570 648 5634 (Anam,
708 5567 805 5623 lib.
860 5568 927 5623 de
983 5570 1137 5637 Fuga
1192 5570 1392 5637 secuti,
1450 5582 1575 5639 cap.
1640 5567 1715 5635 2.)
1787 5567 2050 5638 Congrue

2154 4418 2304 4489 lege,
2344 4416 2685 4471 candidiores
2708 4416 2869 4483 (Gen.
2892 4415 3072 4483 xxix).

2227 4507 2478 4571 Manum,
2505 4510 2609 4559 etc.
2661 4502 3084 4574 Operationem,
3119 4503 3178 4554 ut
3221 4514 3309 4565 ea,
3344 4499 3578 4567 scilicet,
3633 4502 3762 4554 sunt
3788 4494 3834 4549 ei

2156 4595 2322 4649 utilia
2340 4600 2438 4649 aut
2465 4592 2664 4648 nociva
2692 4607 2821 4663 quae
2848 4590 2902 4644 in
2938 4590 3048 4645 alio
3087 4588 3379 4660 pervertit.

2828 4745 3055 4801 CAPUT
3084 4746 3195 4801 XX.

2227 4855 2388 4909 Vens.
2417 4857 2465 4907 t.
2497 4882 2567 4894 —
2621 4854 2759 4919 Quia
2808 4853 3092 4907 Dominus.
3129 4851 3376 4923 Mystice.
3429 4852 3622 4921 μω..
3653 4851 3832 4920 quaest.

2156 4944 2271 5013 30.)
2340 4942 2510 4996 LXX:
2573 4941 2837 5007 Quoniam
2894 4942 3170 5007 Dominus,
3240 4945 3371 5008 etc.,
3423 4956 3591 5009 usque
3648 4938 3721 4992 ad
3780 4939 3837 4989 ut

2156 5031 2327 5086 etiam
2359 5030 2513 5100 ipsos
2543 5034 2765 5083 acturos
2797 5028 3136 5083 ostenderet.

2227 5122 2386 5175 Vens.
2434 5121 2483 5173 5.
2535 5150 2603 5158 —
2647 5118 2775 5185 Quis
2815 5123 2893 5172 est
2936 5119 3106 5172 homo.
3161 5119 3282 5185 (10.,
3342 5122 3530 5187 quast.
3566 5116 3679 5186 3t.)
3723 5114 3836 5168 Non

2158 5214 2242 5266 est
2272 5209 2477 5264 melior
2518 5207 2578 5263 in
2625 5208 2776 5262 bello
2820 5207 2920 5279 qui
2944 5207 3064 5277 jam
3094 5204 3334 5261 aediﬁcia
3357 5205 3661 5274 dedicavit,
3711 5207 3832 5266 etc.,

2157 5315 2327 5369 usque
2362 5298 2437 5353 ad
2489 5297 2587 5352 sed
2640 5297 2759 5351 haec
2820 5296 3077 5351 instituta
3132 5300 3267 5351 sunt
3294 5300 3533 5367 propter
3585 5293 3831 5348 virorum

2158 5388 2381 5442 animos
2408 5385 2806 5457 explorandos.

2230 5477 2365 5541 Quis
2397 5481 2478 5530 est
2506 5477 2676 5531 homo.
2711 5474 2891 5545 (Ism.)
2917 5476 3091 5530 Docet
3118 5490 3237 5528 non
3282 5489 3447 5545 posse
3497 5480 3839 5544 quemquam

2157 5564 2568 5635 professionem
2619 5562 3139 5633 comtemplationis
3191 5563 3278 5617 vel
3319 5561 3539 5617 militia
3567 5555 3835 5631 spiritalis
