3976 6178
211 278 305 329 473
1345 271 1600 327 GLOSSA
1636 272 2040 329 OBDINABIA.
2085 303 2150 312 —-
2195 273 2323 326 LIB.
2369 271 2570 326 DEUT.
3609 272 3714 325 474

205 397 477 466 arripere,
506 399 635 463 etc.,
669 411 838 465 usque
875 395 986 448 ad:
1019 399 1079 448 ut
1106 397 1156 449 ei
1201 396 1412 464 placeat
1457 397 1546 449 cui
1567 409 1622 449 se
1647 395 1899 464 probavit
1926 397 1972 448 Α
2081 396 2239 450 Vens.
2278 398 2358 448 ll.
2398 425 2460 434 —
2492 395 2773 448 Mulierem
2829 393 3132 461 pulchram.
3183 392 3340 446 Sicut
3370 393 3580 446 Paulus
3611 391 3709 462 qui

211 489 274 554 (II
307 489 442 539 Tim.
481 489 564 552 ιι).
2013 483 2081 537 de
2116 485 2422 538 Menandro
2456 481 2736 552 sumpsit:
2785 484 3157 550 Corrumpunt
3207 482 3365 534 bonos
3409 495 3578 534 mores
3609 481 3712 533 col-

274 573 473 628 Melius
505 577 586 626 est
632 572 1048 642 professionem
1096 573 1183 625 vel
1235 571 1691 641 persecutionem
1744 572 1905 626 devi-

211 670 343 728 tare,
379 678 555 732 quam
589 661 647 715 in
669 677 736 714 ea
763 661 1147 714 succumbere.
1174 661 1253 714 Ad
1286 659 1734 730 disputationem
1763 678 1909 732 quo-

209 767 312 821 que
343 756 544 804 contra
588 750 886 803 hereticos
933 749 1122 802 venire
1172 765 1289 802 non
1338 749 1524 816 debet,
1559 749 1669 803 nisi
1709 750 1906 804 doctus

207 846 258 893 et
285 840 592 909 perfectus,
626 855 700 892 ne
730 838 1070 891 scandalizet
1101 837 1241 891 alios
1275 843 1591 908 superatus.

271 929 433 980 Vens.
488 931 580 980 16.
639 957 710 967 -
742 929 963 981 Nullum
1007 930 1220 980 omnino
1264 930 1560 996 permittes.
1620 927 1767 981 Nulli
1817 928 1905 981 vi-

203 1017 277 1070 tio
331 1017 392 1069 in
453 1020 648 1068 nostra
703 1015 1131 1068 conversatione
1183 1016 1551 1085 parcendum,
1602 1032 1673 1069 ne
1714 1032 1903 1070 coram

203 1104 378 1158 oculis
414 1103 640 1158 Domini
691 1104 1078 1172 voluptatibus
1125 1104 1377 1173 corrupti
1411 1109 1466 1157 et
1497 1104 1905 1158 abominabiles

199 1210 601 1264 appareamus,
637 1199 691 1245 et
727 1193 1072 1246 exsultantes
1120 1192 1337 1245 inimici
1377 1193 1444 1246 de
1498 1193 1663 1246 ruina
1713 1199 1902 1247 nostra

201 1282 438 1336 dicant:
495 1285 662 1348 Euge,
693 1297 822 1349 euge
871 1284 1065 1335 anime
1114 1286 1327 1345 nostra,
1371 1281 1744 1337 devorabimus
1785 1299 1900 1337 eum

203 1372 369 1434 (Psal.
418 1373 625 1438 xxxrv).

858 1511 1080 1564 CAPUT
1119 1511 1246 1563 XXI.

269 1636 432 1688 Vens.
476 1639 524 1689 l.
556 1664 625 1673 —
677 1634 901 1700 Quando
945 1635 1236 1701 inventum,
1293 1639 1398 1688 etc.
1456 1636 1728 1703 Cadaver,
1774 1653 1902 1691 cor-

201 1740 300 1792 pus
329 1723 457 1777 sine
488 1723 699 1787 anima,
753 1729 810 1775 et
839 1723 1033 1776 anima
1081 1723 1204 1776 sine
1258 1725 1392 1790 Deo,
1425 1723 1524 1794 qui
1563 1725 1720 1779 enim
1753 1726 1890 1780 vita.

200 1813 265 1863 In
296 1816 447 1864 terra
505 1825 670 1878 quam
731 1813 984 1863 Dominus
1042 1812 1179 1864 Deus
1237 1815 1359 1864 tuus
1411 1811 1640 1866 daturus
1693 1819 1770 1866 est
1801 1815 1903 1868 tibi

200 1900 300 1953 hoc
354 1904 440 1952 est
481 1899 540 1952 in
605 1899 865 1952 Ecclesia.
922 1898 1094 1954 Caedis
1149 1914 1291 1963 reus,
1351 1905 1508 1953 actor
1559 1901 1895 1970 seditionis;

197 1988 426 2054 Majas-es
475 1989 627 2038 natu.
666 1984 780 2037 vita
828 1989 886 2037 et
915 1983 1198 2054 sapientia
1250 1985 1512 2054 majores.
1547 1987 1786 2055 Judices,
1843 1989 1900 2043 id

199 2079 276 2127 est
306 2073 655 2136 sacerdotes,
698 2088 943 2142 quorum
991 2072 1244 2126 ofﬁcium
1275 2078 1358 2126 est
1386 2074 1453 2127 de
1481 2073 1720 2145 singulis
1742 2076 1900 2145 judi-

197 2179 342 2227 care,
393 2163 452 2216 id
504 2166 606 2227 est,
657 2161 1001 2214 discernere.
1057 2163 1350 2216 Metientur
1399 2178 1432 2215 a
1461 2163 1568 2217 loco
1596 2165 1897 2231 cadaveris,

199 2253 248 2306 id
279 2257 390 2316 est,
423 2267 556 2304 eum
608 2265 833 2303 summa
878 2249 1216 2303 discretione
1265 2250 1687 2320 investigabunt
1743 2257 1902 2306 acto-

200 2357 313 2395 rem
363 2340 680 2394 seditionis.
735 2340 940 2392 Tollent
990 2340 1219 2392 vitulam
1266 2339 1332 2392 de
1380 2345 1644 2402 armento.
1696 2342 1753 2395 id
1796 2347 1899 2408 est,

202 2446 429 2484 carnem
459 2427 686 2493 Christi,
720 2443 891 2498 quam
925 2427 994 2480 de
1046 2427 1300 2496 patribus
1347 2429 1609 2498 sumpsit.
1640 2431 1769 2494 Quav
1795 2447 1901 2484 non

203 2523 376 2573 traxit
395 2519 623 2587 jugum,
658 2517 792 2587 quia
816 2521 1095 2584 peccatum
1145 2532 1248 2569 non
1292 2519 1443 2584 fecit,
1493 2532 1598 2572 nec
1655 2521 1900 2574 inventus

201 2609 271 2656 est
298 2603 460 2657 dolus
491 2607 549 2656 in
574 2619 662 2657 ore
689 2605 824 2671 ejus.
860 2606 962 2658 Nec
1003 2609 1201 2658 terram
1231 2605 1395 2658 scidit
1433 2622 1640 2660 vomere
1669 2608 1708 2676 (Ι
1760 2611 1895 2664 Petr.

203 2694 278 2757 ιι),
311 2693 533 2745 nullam
556 2692 770 2746 scilicet
798 2692 1097 2746 seditionis
1122 2694 1405 2746 maculam
1431 2695 1679 2749 admisit.

264 2783 336 2834 Et
367 2780 714 2846 ignorabitur
743 2781 904 2834 caedis
943 2797 1088 2835 reus.
1123 2781 1393 2835 Diabolus
1422 2784 1518 2853 qui
1571 2784 1897 2854 invisibilis,

201 2877 249 2923 et
272 2870 404 2924 ideo
435 2856 692 2938 ignorari
723 2869 950 2936 dicitur,
1004 2870 1180 2923 scitur
1235 2870 1386 2924 enim
1446 2871 1581 2942 quia
1637 2873 1792 2928 misit
1839 2876 1898 2928 in

197 2975 302 3024 cor,
338 2964 401 3012 ut
431 2957 685 3011 traderet
712 2974 842 3011 eum
874 2959 1044 3012 Judas
1077 2959 1262 3028 (Joan.
1301 2975 1416 3013 xm.

262 3047 498 3115 Majores
543 3051 697 3104 natu.
752 3051 856 3100 etc.
906 3047 1161 3117 Apostoli
1208 3051 1262 3100 et
1312 3049 1568 3101 doctores
1615 3049 1716 3119 qui
1749 3050 1901 3106 Scri—

197 3141 373 3205 ptura:
433 3135 792 3189 attestatione
865 3141 1242 3207 perceperunt
1323 3138 1540 3190 nullam
1609 3139 1898 3194 nationem

195 3225 269 3277 sic
297 3228 634 3295 promptam
681 3224 748 3277 ad
780 3225 992 3278 caedem
1039 3229 1101 3278 ut
1133 3225 1464 3278 Judmorum
1513 3232 1766 3296 gentem,
1798 3230 1900 3300 qui

195 3318 249 3366 et
279 3313 698 3384 prophetarum
733 3317 786 3365 et
819 3311 1047 3366 Domini
1070 3311 1411 3381 sanguinem
1444 3313 1732 3369 fuderunt.

264 3404 430 3456 Vens.
466 3404 519 3456 4.
552 3432 621 3441 -
657 3404 720 3455 Et
749 3402 942 3454 ducent
991 3417 1107 3454 eam
1149 3401 1223 3454 ad
1249 3401 1442 3454 vallem
1487 3417 1756 3472 asperam,
1790 3409 1895 3458 etc.

199 3493 434 3544 Mortem
485 3491 700 3543 scilicet
757 3490 1079 3560 despectam
1131 3497 1188 3542 et
1243 3489 1654 3559 turpissimam,
1706 3494 1894 3549 unde:

196 3580 363 3632 Morte
428 3581 747 3646 turpissima
803 3578 1199 3632 condemnemus
1256 3595 1392 3632 eum.
1449 3579 1574 3644 Quae
1621 3597 1898 3650 nunquam

197 3675 354 3722 arata
403 3674 482 3722 est
513 3668 667 3736 (Sap.
729 3673 812 3735 ιι),
865 3667 1000 3738 quia
1037 3683 1187 3720 mors
1238 3667 1441 3722 Christi
1471 3669 1686 3738 absque
1732 3673 1898 3742 culpa

197 3758 317 3810 fuit.
354 3758 468 3811 Nec
498 3762 778 3811 sementem
829 3759 1026 3826 recepit
1078 3758 1297 3824 (Matth.
1352 3762 1488 3826 xm),
1523 3758 1578 3812 id
1614 3769 1718 3826 est,
1747 3761 1896 3815 ziza-

196 3846 286 3899 nia
321 3847 560 3916 peccati,
594 3863 722 3916 quas
750 3845 1016 3899 inimicus
1038 3846 1210 3899 homo
1233 3847 1727 3914 superseminavit.
1759 3850 1895 3903 Pos-

195 3951 392 3988 sumus
440 3951 546 4005 per
604 3936 807 3988 vallem
865 3950 1123 4005 asperam
1184 3934 1564 4003 gentilitatem
1621 3938 1890 4007 accipere,

195 4040 318 4093 quas
372 4040 577 4094 aspera
627 4029 786 4089 erat;
847 4039 1058 4081 saxosa,
1105 4023 1241 4094 quia
1287 4040 1421 4076 saxa
1474 4024 1780 4092 adorabat;
1837 4027 1894 4080 in

195 4128 302 4182 qua
333 4129 482 4166 caesa
529 4117 612 4165 est
653 4113 836 4166 cervix
871 4113 1059 4166 vitula:
1100 4113 1234 4183 quia
1267 4128 1368 4183 pro
1410 4115 1590 4167 salute
1635 4115 1894 4185 gentium

195 4215 346 4253 mors
377 4201 588 4254 Christi
621 4201 899 4254 celebrata
938 4205 1040 4254 est.
1085 4201 1277 4254 Cervix
1324 4201 1498 4254 robur
1525 4203 1709 4254 carnis
1740 4204 1891 4273 quod

2013 572 2197 639 loquia
2241 573 2386 624 mala
2439 573 2492 641 (Ι
2540 573 2667 624 Cor.
2706 572 2817 638 xv).
2869 572 2931 624 Et
2957 570 3025 624 de
3060 574 3267 622 Arato:
3303 573 3363 624 In
3396 571 3512 638 ipso
3567 571 3715 621 vivi-

2012 675 2149 717 mus.
2208 676 2496 727 movemur,
2557 665 2605 712 et
2655 674 2875 713 sumns:
2934 661 3108 727 ipsius
3158 660 3299 711 enim
3331 663 3379 710 et
3425 672 3592 722 genus
3622 671 3713 710 su-

2011 764 2128 802 mus
2161 750 2306 817 (Act.
2337 751 2495 818 xvu),

2081 837 2192 890 Alii
2221 841 2424 908 putant
2453 838 2597 890 hanc
2643 836 2941 890 mulierem
2975 834 3160 905 Specie
3192 835 3456 888 decoram
3487 833 3711 903 signiﬁ-

2011 943 2137 978 care
2168 925 2566 979 rationabilem
2618 924 2975 995 disciplinam
3025 924 3174 993 apud
3228 923 3476 977 Gentiles
3511 923 3710 975 inven-

2010 1020 2158 1068 tam:
2189 1016 2258 1068 ab
2288 1031 2352 1068 ea
2379 1015 2531 1068 enim
2557 1020 2779 1083 oportet
2811 1013 2982 1066 recidi
3014 1029 3242 1065 omnem
3278 1011 3710 1081 superstitionis

2010 1103 2459 1166 immunditiam,
2519 1109 2577 1155 nt
2625 1103 2696 1156 ad
2749 1102 2998 1156 studium
3061 1101 3314 1154 veritttis
3367 1103 3706 1154 assumatur.

2014 1193 2160 1246 Nihil
2210 1193 2364 1246 enim
2419 1193 2697 1244 mundum
2749 1193 2964 1245 habent
3014 1189 3330 1260 disciplinae
3386 1188 3707 1260 gentilium,

2011 1281 2146 1351 quia
2200 1282 2355 1334 nulla
2405 1282 2553 1350 apud
2606 1297 2702 1334 eos
2732 1280 3034 1351 disciplina
3081 1284 3183 1344 est,
3217 1279 3453 1332 cuinon
3485 1278 3558 1331 sit
3608 1278 3709 1330 ali-

2011 1369 2150 1440 quid
2181 1369 2561 1424 immunditiae
2588 1371 2670 1423 vel
2707 1370 3130 1440 superstitionis
3158 1368 3483 1422 admistum.

2083 1459 2244 1511 Vens.
2284 1461 2366 1511 13.
2420 1487 2489 1498 —-
2543 1461 2653 1512 Uno
2702 1474 2896 1524 mense,
2943 1459 2998 1512 id
3050 1463 3153 1521 est,
3206 1456 3443 1527 triginta
3485 1455 3708 1518 diebus,

2014 1552 2072 1600 nt
2102 1553 2225 1616 post
2256 1547 2426 1601 ﬁdem
2477 1547 2770 1600 Trinitatis
2801 1554 2856 1600 et
2905 1563 3048 1618 opus
3086 1547 3248 1616 legis,
3286 1549 3573 1598 mereatur
3605 1546 3710 1598 Ec-

2009 1636 2194 1690 clesiae
2228 1636 2468 1700 sociari;
2497 1641 2584 1689 ter
2616 1636 2770 1689 enim
2801 1636 2995 1689 decem
3025 1635 3259 1704 triginta
3284 1634 3558 1688 efﬁciunt.

2083 1728 2154 1778 Et
2179 1727 2384 1794 postea.
2440 1726 2578 1779 Cum
2611 1741 2714 1779 nec
2743 1725 2803 1778 in
2859 1725 3064 1796 capite,
3099 1724 3152 1778 id
3187 1728 3272 1778 est
3297 1724 3575 1788 sensibus,
3610 1739 3713 1776 nec

2013 1813 2070 1866 in
2104 1814 2388 1880 manibus,
2420 1813 2474 1867 id
2509 1819 2594 1868 est
2649 1814 2939 1885 operibus.
2976 1813 3193 1884 aliquid
3228 1814 3584 1882 superﬂuum
3615 1817 3716 1866 aut

2012 1902 2377 1956 immundum
2408 1902 2533 1957 erit.

2083 1991 2240 2043 Vens.
2288 1994 2370 2043 l5.
2423 2021 2488 2029 —
2537 1989 2604 2043 Si
2655 1991 2904 2044 habuerit
2953 1991 3105 2044 homo
3151 2005 3345 2043 uxores
3393 1990 3552 2054 duas,
3604 1992 3710 2042 etc.

2013 2078 2269 2131 Christus
2298 2078 2402 2132 sibi
2451 2079 2588 2131 duas
2630 2095 2853 2145 uxores,
2913 2080 3190 2149 populum
3247 2077 3458 2131 scilicet
3488 2078 3709 2132 Judmo-

2011 2182 2140 2220 rum
2171 2171 2227 2220 et
2257 2167 2538 2237 gentium,
2575 2168 2828 2238 conjugii
2877 2167 3162 2238 copulavit
3215 2166 3469 2220 nomine.
3505 2167 3710 2220 Odiosa

2011 2261 2094 2308 est
2123 2271 2428 2326 synagoga,
2479 2272 2704 2326 semper
2746 2257 3115 2318 contentiosa,
3161 2256 3305 2308 dura
3353 2255 3588 2321 cervice,
3624 2256 3710 2309 in-

2010 2343 2339 2397 circumcisa
2371 2344 2540 2398 corde
2571 2361 2584 2410 ;
2619 2345 2824 2398 dilecta
2871 2344 3100 2414 gentilis
3150 2345 3412 2397 Ecclesia.
3443 2345 3548 2398 Sed
3596 2359 3710 2398 non

2009 2437 2198 2502 potest
2227 2433 2407 2486 ﬁlium
2440 2433 2660 2487 dilectae
2691 2433 2960 2502 praeferre
2992 2432 3111 2486 ﬁlio
3145 2432 3378 2500 odiosas,
3411 2433 3464 2485 id
3497 2439 3580 2486 est
3614 2435 3710 2486 Ec-

2011 2521 2237 2574 elesiam
2269 2522 2336 2575 de
2385 2521 2651 2592 gentibus
2694 2527 2750 2576 et
2779 2522 2924 2576 ﬁlios
2955 2522 3078 2591 ejus
3123 2521 3391 2591 praeferre
3435 2521 3710 2590 apostolis

2011 2614 2068 2664 et
2097 2611 2222 2663 aliis
2255 2611 2574 2681 primitivis,
2628 2612 2727 2682 qui
2759 2617 2892 2665 sunt
2940 2612 3041 2664 lilii
3081 2627 3404 2682 synagoga.
3441 2610 3712 2680 Agnoscit

2011 2698 2222 2752 odiosas
2254 2700 2721 2769 primogenitum,
2751 2702 2846 2754 dat
2866 2701 2916 2753 ei
2946 2701 3216 2770 duplicia,
3243 2699 3376 2769 quia
3406 2699 3711 2769 primitivis

2010 2804 2312 2857 synagogas
2345 2788 2477 2842 filiis
2510 2788 2666 2842 dedit
2694 2789 2880 2859 legem
2912 2794 2967 2841 et
2997 2789 3325 2859 prophetas,
3360 2792 3416 2840 et
3447 2787 3708 2841 notitiam

2011 2875 2262 2929 nominis
2292 2875 2399 2941 sui,
2432 2881 2488 2929 et
2513 2876 2699 2946 primo
2730 2876 2811 2928 eis
2831 2876 3200 2945 Evangelium
3224 2877 3570 2945 praedicavit.
3608 2877 3707 2930 Hic

1932 2989 1972 3045 ο
2014 2964 2166 3018 enim
2198 2969 2279 3017 est
2308 2965 2724 3034 primogenitus
2761 2965 3070 3018 liberorum
3102 2965 3243 3034 ejus.

2086 3054 2255 3106 Unam
2284 3052 2557 3107 dilectam.
2611 3052 3061 3121 Auimalitatem,
3111 3069 3239 3123 quae
3278 3054 3456 3107 dulcis
3487 3054 3709 3107 videtur

2010 3145 2065 3193 et
2095 3141 2475 3195 delectabilis:
2509 3142 2703 3195 omnia
2743 3143 3084 3212 voluptuosa
3113 3143 3271 3213 cupit
3300 3148 3356 3196 et
3384 3144 3542 3196 nullo
3574 3159 3707 3198 mm~

2008 3244 2137 3282 rore
2171 3229 2367 3283 afﬁcit.

2079 3318 2323 3372 Alteram
2368 3319 2628 3372 odiosam.
2683 3320 3168 3384 Rationalitatem,
3210 3336 3337 3390 qua:
3372 3335 3485 3372 non
3518 3319 3705 3374 indul-

2007 3412 2102 3478 get
2122 3407 2370 3477 corpori,
2401 3424 2503 3462 nec
2535 3409 2707 3462 servit
2760 3409 3060 3479 voluptati,
3092 3409 3186 3462 sed
3219 3409 3442 3462 abdicat
3487 3410 3708 3462 occulta

2006 3495 2319 3550 dedecoris.

2080 3585 2239 3639 Vens.
2303 3588 2385 3639 16.
2423 3615 2486 3625 -
2542 3588 2976 3654 Primogenitum.
3030 3586 3288 3656 Apostoli
3311 3591 3368 3639 et
3410 3586 3704 3656 apostolici

2006 3673 2132 3738 viri,
2168 3673 2264 3744 qui
2307 3674 2497 3727 locum
2547 3674 2918 3743 primogeniti
2975 3674 3259 3743 obtinent,
3308 3691 3556 3745 quorum
3606 3677 3702 3729 Ec-

2005 3762 2175 3816 clesia
2204 3761 2461 3832 sequitur
2492 3763 2907 3816 auctoritatem.

2076 3853 2238 3905 Vens.
2280 3856 2354 3904 l7.
2388 3882 2459 3890 —
2490 3851 2595 3906 Sed
2621 3853 2814 3920 ﬁlium.
2865 3852 2979 3904 Hoc
3003 3851 3074 3904 ad
3106 3851 3350 3904 litteram
3381 3851 3702 3905 faciendum

2006 3944 2108 4005 est,
2143 3955 2213 3991 ne
2243 3945 2518 4009 sequatur
2547 3940 2675 4009 quis
2706 3939 2884 3992 animi
2914 3939 3001 3992 sui
3034 3943 3276 4000 motum,
3305 3941 3386 3991 vel
3424 3955 3697 4006 amorem,

2003 4030 2090 4082 vel
2117 4029 2332 4095 odium,
2367 4029 2464 4082 sed
2494 4035 2777 4082 naturam.

2076 4111 2278 4164 Cuncta
2315 4110 2578 4178 duplicia.
2631 4109 2888 4178 Apostoli
2917 4113 3120 4162 cuncta
3158 4109 3410 4177 duplicia
3437 4126 3700 4180 suscepe-

2004 4202 2158 4260 runt,
2191 4197 2290 4267 qui
2321 4197 2579 4250 doctrina
2610 4203 2665 4250 et
2695 4197 3025 4267 operatione
3059 4197 3286 4267 praediti
3316 4203 3467 4251 sunt.

193 4287 246 4340 in
288 4295 473 4341 morte
499 4283 802 4358 'deposuit,
863 4288 1151 4342 Lavabunt
1204 4305 1395 4342 manus
1442 4305 1605 4358 super
1643 4293 1892 4355 vitulam,
1928 4309 1968 4363 ι)
2080 4286 2183 4339 Alii
2211 4285 2368 4339 dabit
2399 4292 2460 4338 ut
2490 4286 2658 4350 vivat,
2691 4303 2806 4339 non
2841 4292 2902 4340 ut
2947 4287 3216 4351 abundet,
3245 4287 3389 4339 sicut
3417 4286 3698 4340 Abraham

192 4375 246 4428 id
280 4381 386 4440 est,
428 4378 762 4447 purgabunt
792 4394 966 4448 opera
1013 4394 1116 4448 per
1145 4377 1428 4447 passionis
1475 4379 1682 4433 Christi
1712 4380 1892 4433 conﬁ-

191 4465 468 4520 dentiam.

260 4557 424 4609 Vens.
460 4558 510 4609 6.
545 4585 614 4595 —-
655 4556 1048 4624 Lavabuntque
1091 4569 1282 4609 manus
1329 4571 1476 4618 suas,
1526 4561 1632 4609 etc.
1694 4557 1753 4610 Id
1787 4561 1890 4624 est,

191 4659 366 4713 opera
422 4661 523 4697 sua
572 4644 629 4698 in
677 4644 939 4714 passione
998 4643 1202 4698 Christi
1251 4643 1726 4697 demonstrabunt
1772 4661 1891 4700 esse

193 4734 426 4787 munda.
487 4732 638 4786 Licet
681 4733 835 4786 enim
890 4732 1145 4801 ejusdem
1204 4731 1483 4800 passionis
1537 4739 1892 4788 sacramenta

189 4821 447 4892 quotidie
489 4821 790 4888 iterentur,
820 4821 891 4873 ab
921 4820 1078 4873 omni
1110 4825 1303 4872 tamen
1336 4819 1532 4873 fraude
1562 4821 1888 4876 Judazorum

187 4910 362 4964 corda
389 4916 447 4963 et
477 4926 651 4980 opera
676 4909 889 4963 habent
920 4907 1317 4962 mundissima.

256 5000 419 5052 Vens.
454 5001 501 5052 8.
535 5029 601 5037 --
661 4999 935 5066 Propitius
981 5004 1108 5050 esto.
1162 4997 1270 5050 Pro
1329 4995 1516 5050 ofﬁcio
1577 5013 1679 5050 suo
1713 4998 1885 5052 bene-

185 5085 383 5140 dicunt
409 5087 645 5156 populo,
694 5091 759 5139 ut
789 5102 903 5139 non
931 5085 1198 5138 reddatur
1233 5083 1476 5138 vindicta
1519 5101 1623 5154 pro
1653 5087 1884 5157 scelere,

182 5177 276 5229 sed
315 5177 467 5228 salus
501 5193 603 5245 pro
637 5175 1051 5245 redemptione.

252 5266 412 5318 Vens.
455 5268 536 5319 10.
570 5295 640 5304 --
671 5266 732 5320 Si
762 5279 1004 5333 egressus
1051 5265 1221 5329 fuerit
1277 5265 1350 5316 ad
1394 5277 1653 5331 pugnam.
1706 5264 1882 5334 (lsm.)

184 5353 384 5407 Dieant
413 5353 620 5419 Judaei,
654 5353 946 5424 quomodo
977 5352 1098 5406 haec
1134 5352 1402 5405 servent?
1433 5352 1570 5421 quid
1597 5367 1781 5406 causa:
1812 5353 1884 5407 sit

184 5441 485 5495 mulierem
538 5442 818 5496 decalvari
867 5446 922 5496 et
965 5457 1184 5511 ungues
1238 5439 1614 5494 circumcidi?
1662 5441 1801 5513 quid
1836 5442 1882 5496 si

186 5529 307 5583 sine
339 5530 558 5601 capillis
587 5535 644 5583 et
675 5530 961 5601 unguibus
990 5529 1221 5583 inventa
1240 5527 1459 5583 fuerit?

2007 4373 2259 4428 ﬁliorum
2290 4375 2509 4429 ancillae
2541 4391 2714 4445 super
2753 4376 3010 4430 nationes
3037 4374 3291 4446 praefecit
3321 4393 3332 4428 :
3378 4375 3496 4428 lilio
3525 4375 3696 4440 Sara,

2006 4478 2120 4515 non
2173 4465 2361 4518 solum
2408 4464 2768 4534 temporalia,
2813 4465 2906 4518 sed
2961 4464 3276 4535 spiritualia
3326 4464 3702 4518 accumulavit

2000 4551 2166 4621 (Gen.
2203 4558 2323 4622 xu).

2075 4643 2233 4696 Vi-zns.
2299 4645 2381 4697 l8.
2444 4673 2508 4683 —
2566 4644 2628 4698 Si
2680 4644 2941 4709 genuerit.
3015 4645 3202 4697 Melior
3259 4648 3339 4696 est
3398 4641 3700 4697 obedientia

2000 4747 2163 4800 quam
2192 4734 2442 4796 victim,
2488 4737 2537 4785 et
2583 4734 2887 4786 auscultare
2933 4734 3112 4798 magis
3149 4747 3312 4800 quam
3355 4730 3545 4798 offerre
3583 4731 3698 4783 adi-

1994 4837 2116 4891 pem
2164 4823 2418 4889 arietum,
2469 4823 2722 4888 quoniam
2764 4823 2923 4889 quasi
2964 4825 3237 4886 peccatum
3289 4819 3566 4873 ariolandi
3620 4824 3699 4872 est

1997 4925 2320 4979 repugnare,
2381 4916 2486 4963 etc.
2535 4912 2583 4972 (Ι
2628 4912 2754 4980 Reg.
2801 4911 2912 4968 xv.)
2970 4909 3398 4961 lnobedientem
3454 4923 3591 4976 ergo
3622 4908 3694 4962 ﬁ-

1998 4997 2139 5052 lium
2167 5003 2222 5051 et
2251 4998 2520 5052 vitiosum
2542 4999 2752 5068 Moyses
2775 4997 2940 5066 jubet
2971 4996 3135 5049 obrui
3164 4996 3446 5066 lapidibus
3471 5014 3482 5050 :
3519 4999 3694 5050 Evan—

1996 5086 2211 5156 gelium
2245 5102 2471 5157 quoque
2507 5085 2664 5139 duris
2698 5084 3201 5154 increpationibus,
3226 5084 3387 5155 quasi
3413 5085 3694 5155 lapidibus

1995 5177 2136 5229 tales
2164 5176 2353 5245 arguit
2376 5192 2388 5228 :
2420 5176 2704 5230 Genimina
2726 5176 3060 5242 viperarum,
3103 5177 3227 5243 quis
3253 5174 3457 5228 docebit
3481 5191 3573 5229 vos
3601 5178 3690 5242 fu-

1994 5279 2115 5332 gere
2143 5279 2178 5315 a
2203 5267 2430 5316 ventura
2453 5264 2540 5315 ira
2571 5263 2716 5328 (Luc.
2753 5261 2832 5331 ιιι)
2850 5261 2877 5315 ‘P

2065 5351 2227 5404 Vens.
2281 5353 2367 5404 2'2.
2426 5378 2493 5390 —
2549 5353 2850 5419 Appensus.
2903 5350 3227 5405 Cruciatum
3284 5352 3407 5422 ejus
3465 5352 3690 5406 vidente

1993 5440 2228 5512 populo,
2278 5439 2477 5494 unde:
2531 5441 2812 5504 Peccantes
2859 5455 3039 5494 coram
3085 5443 3330 5496 omnibus
3390 5457 3577 5510 argue,
3630 5447 3690 5495 ut

1993 5531 2171 5584 ceteri
2197 5533 2392 5583 metum
2422 5530 2653 5583 habeant
2685 5528 2769 5597 (II
2799 5532 2937 5584 Tim.
2971 5531 3048 5597 v).
