3976 6178
281 275 386 328 475

896 273 1289 328 WALAFRIDI
1329 275 1580 330 STRABI
1621 276 1817 330 FULD.
1858 276 1953 332 ΜΟ

2156 278 2213 332 P.
2260 278 2432 333 mas
2469 278 2511 332 ι.
2551 306 2620 316 -
2659 243 3117 334 THEOLOGICA.

3659 287 3757 342 476

351 398 516 450 Vens.
543 398 632 450 23.
687 425 757 436 -—
785 398 902 453 Non
955 397 1309 466 permanebit.
1367 396 1489 450 Hoc
1527 402 1610 451 est
1661 413 1778 450 non
1810 398 2047 454 debctA
2083 399 2408 458 humilitate
2463 404 2794 471 congregat,
2856 400 3020 472 quasi
3076 401 3372 472 pulverem
3428 403 3487 458 in
3543 411 3760 463 ventum

278 483 532 554 relinqui
565 483 626 537 in
655 484 859 538 eadem
915 484 1302 551 damnatione,
1343 485 1440 538 sed
1489 485 1738 539 revocari
1785 487 1980 540 docto-

277 588 407 626 rum
457 572 872 640 exhortatione,
905 577 968 626 ut
1000 572 1166 640 nulli,
1213 575 1351 629 dum
1394 573 1550 640 vivit,
1593 575 1978 631 reconciliatio

279 664 522 730 negetur
535 704 547 716 .

349 750 468 804 Non
510 751 1000 818 permanebit.Non
1034 755 1112 805 est
1144 751 1214 805 de
1256 751 1347 806 die
1393 752 1452 805 in
1483 752 1635 806 diem
1665 752 1980 808 diﬂ'erenda

284 836 640 905 paenitentia,
688 839 786 892 sed
814 839 1007 892 statim
1053 840 1293 910 agenda,
1325 846 1391 894 ut
1429 857 1529 911 per
1585 842 1979 910 paenitentiam

277 923 698 980 infructuosam
744 927 816 980 ab
847 929 1024 981 oculis
1054 930 1156 982 Dei
1185 930 1566 983 abscondatur
1614 930 1836 996 delicta,
1871 947 1976 985 un-

276 1013 343 1065 de
371 1029 382 1066 :
418 1015 573 1066 Beati
604 1020 831 1082 quordm
879 1021 1016 1070 tecta
1044 1022 1171 1071 sunt
1204 1024 1426 1087 peccata
1455 1019 1630 1088 (Psal.
1662 1019 1830 1085 xxxi).

348 1101 668 1156 Maledictus
693 1119 728 1156 a
753 1107 879 1159 Deo.
939 1105 1152 1175 ((Auc.,
1189 1107 1286 1160 lib.
1330 1123 1422 1160 xxv
1461 1113 1650 1162 contra
1676 1093 1978 1165 Faustum.)

277 1189 540 1243 Christus
571 1207 676 1244 nos
701 1192 944 1248 redemit
973 1195 1042 1248 de
1077 1196 1376 1250 maledicto
1425 1196 1586 1265 legis,
1640 1195 1820 1250 factus
1873 1211 1977 1266 pro

278 1277 444 1332 nobis
475 1279 844 1334 maledictum
889 1281 1029 1351 (Gal.
1078 1285 1177 1350 Ill).
1209 1283 1414 1351 (Adam
1449 1300 1694 1354 namque
1724 1284 1782 1337 in
1821 1283 1978 1353 ligno

277 1367 764 1438 prmvaricationis
819 1370 1068 1425 corruit:
1124 1370 1249 1426 ideo
1303 1371 1409 1425 sibi
1459 1376 1515 1426 et
1567 1372 1808 1444 posteris
1861 1371 1979 1425 suis

274 1455 738 1511 maledictionem
769 1459 1000 1524 meruit,
1035 1460 1104 1514 de
1134 1477 1248 1531 qua
1277 1460 1451 1515 dicit:
1486 1461 1812 1516 Maledictus
1845 1477 1978 1514 om-

273 1546 363 1600 nis
394 1546 495 1616 qui
523 1547 734 1616 pendct
760 1547 819 1600 in
850 1548 1051 1619 ligno.)
1099 1549 1446 1604 Maledictam
1478 1565 1747 1621 namque,
1782 1551 1838 1605 id
1870 1555 1976 1618 est,

276 1635 682 1690 exsecrabilem
713 1640 770 1690 et
798 1637 1190 1708 turpissimam
1221 1643 1464 1693 mortem
1494 1640 1759 1710 suscepit.

348 1725 469 1794 (ln.,
503 1725 598 1779 ubi
626 1741 817 1794 supra,
861 1742 985 1797 cap.
1019 1730 1068 1789 3,
1099 1727 1175 1797 4.)
1221 1729 1542 1803 Maledictus
1571 1745 1606 1782 a
1639 1732 1744 1784 Deo
1771 1732 1850 1783 est
1880 1729 1976 1796 qui

270 1813 490 1883 pendet,
523 1818 628 1868 etc.
679 1813 923 1879 Quidam
965 1816 1220 1870 haeretici
1255 1817 1326 1872 ad
1368 1818 1714 1872 calumniam
1763 1818 1978 1888 passio-

276 1901 366 1955 nis
407 1900 615 1955 Christi
661 1903 806 1956 banc
843 1905 1181 1958 sententiam
1234 1905 1603 1971 transferunt,
1646 1911 1776 1972 etc.,
1807 1921 1978 1975 usque

273 1991 350 2044 ad
377 1991 523 2045 bene
553 2007 690 2062 ergo
738 1992 1104 2046 maledictum
1152 1993 1381 2060 dicitur,
1431 1994 1586 2066 quod
1629 1994 1750 2048 odit
1804 1997 1972 2060 Deus,

274 2078 381 2133 hoc
409 2079 684 2149 pependit
710 2079 772 2133 in
803 2079 980 2151 ligno.

345 2167 772 2223 Contaminabis.
827 2168 1182 2224 Pmnitentias
1226 2171 1492 2242 lacrymis
1557 2171 1796 2225 fetorem
1847 2186 1975 2243 pec-

275 2257 533 2308 catorum
565 2255 799 2311 abluere
831 2257 1125 2327 debemus,
1161 2275 1232 2313 ne
1263 2259 1391 2314 aliis
1429 2260 1759 2316 scandalum
1787 2266 1847 2315 et
1871 2277 1976 2314 no-

275 2341 364 2397 bis
393 2343 680 2414 germinet
706 2345 1042 2402 cruciatum.

921 2538 1146 2594 CAPUT
1183 2541 1338 2595 XXII.

347 2693 510 2748 Vens.
556 2698 606 2748 1.
641 2723 714 2734 -
765 2695 898 2749 Non
952 2694 1182 2750 videbis.
1239 2695 1545 2750 Moraliter.
1606 2696 1800 2750 Frater
1845 2699 1979 2748 tuus

275 2783 474 2836 doctor
525 2782 803 2848 Ecclesiae,
856 2784 1018 2855 cujus
1045 2784 1394 2855 discipulum
1440 2785 1527 2838 vel
1577 2785 1830 2851 doctum,
1879 2783 1980 2856 qui

276 2871 633 2942 signiﬁcatur
659 2889 765 2942 per
794 2873 1018 2942 bovem,
1041 2876 1129 2928 vel
1157 2874 1474 2940 indoctum,
1497 2874 1596 2945 qui
1627 2874 1980 2945 signiﬁcatur

2005 1691 2046 1745 Β

2087 492 2296 558 portat.

2164 576 2316 630 Vens.
2377 579 2428 630 9.
2462 605 2530 615 —-
2591 577 2834 644 Vineam,
2898 575 3240 638 doctrinam,
3298 579 3385 630 vel
3433 579 3648 648 plebem
3675 581 3760 634 do-

2086 664 2340 719 ctoribus
2403 665 2790 732 commissam,
2851 665 2948 719 ubi
3009 665 3206 720 vinum
3262 665 3528 736 spiritalis
3581 669 3761 738 gratim

2087 753 2381 808 abundare
2411 754 2598 808 debet.

2156 843 2342 897 Altero
2371 846 2588 910 semine,
2625 843 2680 898 id
2716 848 2800 898 est
2829 843 3116 898 haeretico.
3172 843 3380 898 Semen
3413 844 3619 900 bonum
3645 863 3756 900 ver-

2086 931 2225 985 bum
2261 928 2395 998 Dei;
2450 947 2646 986 semen
2691 948 2938 1002 nequam
2969 931 3121 1002 quod
3176 931 3442 985 inimicus
3486 934 3758 988 seminavit

2089 1019 2310 1088 (Matth.
2377 1024 2532 1089 xm):
2585 1020 2900 1074 cavendum
2939 1036 3077 1090 ergo
3114 1036 3185 1072 ne
3242 1019 3621 1075 immisceatur
3665 1023 3754 1077 ali-

2089 1109 2228 1180 quid
2264 1109 2494 1174 erroris,
2526 1115 2583 1163 et
2611 1114 3016 1178 corrumpatur
3045 1124 3244 1162 semen
3282 1109 3399 1164 Dei.

2158 1199 2318 1252 Vens.
2359 1200 2444 1252 10.
2477 1227 2547 1238 -—-
2605 1199 2719 1253 Non
2759 1198 2971 1252 arabis.
3031 1197 3209 1266 asin.)
3248 1199 3313 1250 1n
3345 1197 3483 1251 bove
3526 1204 3575 1253 et
3614 1201 3746 1254 asino

2087 1292 2231 1353 arat,
2264 1286 2366 1358 qui
2397 1287 2601 1357 recipit
2658 1286 2962 1356 Evangelia
3021 1302 3151 1340 cum
3213 1287 3535 1340 Judaeorum
3583 1289 3749 1343 obser-

2085 1375 2297 1440 vantia,
2330 1391 2458 1446 quas
2474 1374 2764 1445 praecessit
2784 1374 2842 1428 in
2868 1375 3091 1428 umbra.
3126 1376 3189 1428 In
3214 1374 3359 1428 bove
3390 1391 3606 1445 quoque
3628 1376 3756 1430 bene

2087 1464 2452 1533 operantium
2485 1463 2618 1528 vita,
2651 1462 2711 1516 in
2736 1462 2897 1516 asino
2928 1464 3236 1516 stultorum
3269 1464 3527 1517 socordia
3555 1480 3568 1518 :
3597 1463 3758 1534 quasi,

2085 1551 2306 1606 fatuum
2357 1552 2601 1622 sapienti
2634 1551 2692 1604 in
2742 1550 3146 1622 praedicatione
3183 1567 3300 1604 non
3351 1551 3541 1619 socies,
3573 1568 3636 1604 ne
3674 1568 3764 1622 per

2086 1657 2220 1695 eum
2251 1641 2350 1712 qui
2383 1656 2506 1694 rem
2531 1640 2772 1710 implere
2819 1655 2939 1694 non
2962 1639 3113 1694 valet
3151 1640 3203 1693 ei
3237 1639 3481 1695 obsistas
3505 1641 3599 1712 qui
3625 1657 3761 1711 prae-

2084 1731 2249 1784 valet.
2308 1730 2524 1785 Stultus
2585 1744 2716 1782 vero
2776 1732 2832 1782 et
2863 1729 3090 1798 sapiens
3137 1729 3288 1783 bene
3339 1730 3765 1801 conjunguutur,

2086 1825 2149 1874 ut
2178 1835 2328 1873 unus
2359 1818 2657 1890 praecipiat
2681 1823 2738 1872 et
2761 1818 2906 1872 alter
2933 1818 3180 1886 obediat,
3217 1835 3336 1872 non
3365 1822 3430 1873 ut
3456 1819 3653 1890 aequali
3672 1835 3764 1890 po-

2082 1912 2288 1962 testate
2318 1908 2557 1962 verbum
2588 1906 2691 1961 Dei
2721 1905 3082 1960 annuntient.

2155 1997 2472 2068 Allegorice
2530 1995 2693 2050 lineis
2757 1995 3010 2049 vestibus
3067 1996 3262 2049 lanam
3333 1995 3420 2050 vel
3472 2011 3765 2066 purpuram

2089 2086 2304 2151 miscet,
2337 2085 2436 2156 qui
2461 2084 2787 2138 inordinate
2815 2083 2970 2150 vivit,
3017 2087 3074 2138 et
3100 2084 3552 2155 profectionibus
3578 2085 3768 2138 diversi

2086 2174 2334 2245 generis,
2391 2178 2454 2228 ut
2519 2173 2567 2226 si
2625 2172 3078 2227 sanctimonialis
3166 2174 3380 2228 habeat
3453 2177 3770 2227 ornamenta

2084 2262 2303 2329 uxoris,
2338 2262 2426 2315 vel
2481 2277 2626 2316 uxor
2653 2265 2814 2331 gerat
2845 2261 3094 2331 speciem
3123 2261 3386 2332 virginis.
3437 2263 3546 2316 Hoc
3591 2266 3766 2316 autem

2085 2350 2442 2421 ﬁgurabatur
2464 2349 2524 2404 in
2557 2350 2828 2416 vestibus,
2857 2349 3012 2420 quod
3039 2365 3193 2403 nunc
3224 2350 3544 2404 declaratur
3570 2349 3628 2403 in
3654 2364 3770 2403 mo-

2087 2441 2266 2495 ribus.

2158 2531 2318 2583 Vens.
2362 2531 2446 2581 l2.
2497 2557 2565 2566 —
2617 2527 2932 2581 Funiculos.
2989 2526 3076 2580 Ad
3123 2525 3507 2581 dill’erentiam
3550 2525 3768 2590 scilicet,

2087 2619 2234 2673 sicut
2277 2616 2506 2686 signum
2553 2614 2996 2669 circumcisionis
3040 2615 3327 2670 Israelitas
3375 2619 3594 2686 separat
3621 2631 3650 2668 a
3674 2630 3769 2668 cae-

2087 2706 2241 2762 teris.
2307 2703 2698 2775 Superstitiosi
2756 2720 2888 2758 vero
2948 2703 3203 2774 magistri
3249 2709 3541 2775 captantes
3583 2719 3767 2757 auram

2087 2793 2308 2867 populi,
2359 2799 2415 2848 et
2455 2794 2611 2846 lucra
2647 2808 2711 2846 ex
2744 2791 3116 2856 mulierculis,
3171 2791 3487 2846 dilatabant
3531 2791 3768 2846 ﬁmbrias

2086 2890 2144 2938 et
2175 2883 2256 2937 eis
2286 2881 2595 2951 alligabant
2623 2880 2838 2950 spinas,
2869 2886 2932 2934 ut
2963 2881 3047 2934 vel
3081 2881 3442 2935 ambulantes
3471 2881 3556 2934 vel
3585 2880 3769 2934 seden-

275 2977 382 3031 per
413 2977 600 3027 ovem,
641 2961 689 3014 si
716 2961 926 3016 videris
973 2979 1186 3029 errare,
1227 2963 1346 3018 noli
1373 2963 1686 3034 negligere,
1737 2965 1835 3018 sed
1877 2981 1980 3019 ex-
2011 2986 2052 3042 C
2090 2976 2174 3024 tes
2205 2974 2621 3041 pungerentur,
2646 2973 2702 3021 et
2734 2968 2812 3021 sic
2840 2968 2912 3022 ad
2945 2967 3307 3022 serviendum
3343 2971 3454 3022 Deo
3476 2982 3768 3021 moneren-

275 3049 505 3103 hortare
539 3055 599 3104 ut
625 3050 810 3118 fratri,
842 3050 900 3106 id
931 3055 1036 3118 est,
1068 3051 1343 3121 magistro
1372 3050 1552 3122 possis
1586 3051 1971 3106 reconciliare.

274 3139 387 3191 Duc
415 3139 474 3190 in
503 3137 719 3192 domum
767 3143 917 3192 tuam
962 3137 1019 3208 (Ι
1061 3140 1191 3193 Cor.
1225 3139 1320 3206 x1),
1367 3138 1424 3193 id
1473 3142 1578 3204 est,
1631 3138 1834 3193 adhibe
1877 3155 1974 3192 cu-

275 3240 420 3278 ram.
462 3227 527 3279 Et
553 3223 604 3278 si
642 3241 749 3279 non
778 3231 857 3281 est
904 3229 1266 3296 propinquus,
1322 3226 1382 3282 id
1411 3231 1495 3281 est
1541 3226 1806 3281 Ecclesiae
1836 3231 1972 3292 tute,

275 3316 376 3370 sed
406 3317 640 3370 alterius
671 3317 886 3372 doctor.

345 3405 507 3459 Vsus.
541 3408 592 3461 3.
621 3435 690 3446 —
740 3407 1024 3462 Similiter.
1083 3406 1312 3471 Gentili,
1369 3407 1599 3473 scilicet,
1647 3406 1810 3477 cujus
1859 3407 1973 3461 uti-

274 3494 488 3548 litatem
517 3499 575 3547 et
604 3493 1034 3549 immunditiam
1063 3511 1178 3549 non
1207 3495 1480 3550 debemus
1505 3495 1815 3566 despicere.

349 3584 690 3638 Vestimenta.
725 3583 892 3638 Plebe
922 3600 1039 3655 qua
1080 3589 1320 3638 ornatur
1363 3585 1580 3638 doctor.
1607 3585 1688 3639 Ad
1725 3584 1973 3640 litteram

274 3686 503 3742 quoque
532 3671 726 3726 omnia
753 3671 877 3727 haec
907 3677 966 3727 et
1002 3672 1212 3727 similia
1243 3674 1522 3728 servanda
1547 3677 1699 3728 sunt.

345 3761 506 3814 Vens.
543 3763 593 3815 5.
627 3792 695 3800 -
732 3763 853 3818 Non
884 3761 1144 3816 induetur
1170 3764 1386 3832 mulier,
1415 3766 1520 3817 etc.
1551 3762 1739 3832 (Αυθ.⁷
1781 3768 1970 3832 quasi.

275 3848 382 3917 3‘2.)
412 3848 538 3902 Alia
567 3849 766 3917 editio,
799 3855 924 3915 etc.,
975 3866 1144 3920 usque
1175 3851 1250 3905 ad
1279 3867 1391 3904 non
1441 3851 1611 3906 debet
1639 3851 1856 3922 aliquid
1887 3852 1971 3905 fe-

273 3937 530 3993 mineum
556 3940 642 3993 vel
669 3939 839 3994 molle
869 3939 928 3993 in
959 3939 1216 3994 doctrina
1247 3956 1349 3994 sua
1379 3941 1609 3996 habere.

343 4028 564 4082 Mulier.
597 4027 768 4098 Cujus
811 4029 1145 4083 naturaliter
1170 4029 1427 4084 diversus
1456 4031 1632 4095 color,
1666 4034 1853 4084 motus
1879 4029 1968 4084 in-

273 4121 476 4181 cestus,
505 4117 672 4184 vires,
713 4117 806 4172 cui
839 4133 958 4172 non
995 4117 1350 4188 permittitur
1380 4118 1604 4184 docere,
1653 4134 1759 4172 nec
1797 4118 1974 4173 domi-

2083 3064 2197 3125 tur,
2229 3057 2418 3113 unde:
2480 3057 2730 3110 Dilatant
2773 3057 3123 3126 phylacteria
3170 3070 3272 3110 sua
3328 3061 3379 3110 et
3438 3057 3769 3125 magniﬁcam

2079 3149 2348 3218 ﬁmbrias.

2153 3238 2317 3290 Vens.
2361 3237 2444 3298 l3.
2488 3262 2557 3274 —-
2611 3234 2673 3288 Si
2717 3232 2960 3286 duxerit.
3016 3232 3202 3301 (Aoc.,
3260 3237 3453 3302 quaest.
3513 3232 3621 3300 33.)
3665 3235 3770 3302 Ap-

2081 3330 2246 3397 paret
2274 3323 2562 3395 quomodo
2587 3321 2843 3376 subditas
2874 3320 3012 3374 viris
3038 3321 3303 3388 feminas,
3339 3327 3470 3388 etc.,
3503 3336 3666 3392 usque
3705 3319 3772 3373 ad

2081 3431 2195 3485 qua
2229 3414 2414 3467 fuerat
2441 3412 2587 3465 alter
2611 3409 2962 3480 plectendus.

2153 3503 2312 3557 Vens.
2349 3505 2432 3555 15.
2465 3528 2534 3541 —
2581 3501 2744 3554 Pater
2771 3503 2823 3553 et
2869 3503 3042 3552 mater
3085 3499 3222 3567 ejus.
3275 3500 3545 3553 Doctores
3592 3497 3769 3552 Eccle-

2081 3590 2180 3645 siie
2210 3590 2310 3662 qui
2339 3588 2504 3660 quasi
2531 3591 2693 3658 pater
2741 3592 2798 3641 et
2826 3592 3010 3642 mater
3037 3586 3233 3641 fovent
3284 3588 3510 3657 plebem
3535 3605 3549 3641 :
3596 3590 3773 3657 patres

2081 3678 2439 3743 auctoritate,
2481 3679 2692 3729 matres
2731 3673 2965 3744 pietate.

2146 3769 2310 3820 Vens.
2345 3767 2427 3818 l8.
2463 3793 2533 3803 ——
2592 3765 2652 3817 Et
2697 3761 3081 3816 verberabant.
3141 3762 3265 3815 Non
3312 3761 3545 3828 mirum,
3577 3760 3625 3814 si
3672 3758 3768 3820 vir,

2084 3852 2185 3923 qui
2215 3852 2356 3906 falso
2388 3855 2632 3918 accusat,
2659 3850 2897 3920 jubetur
2924 3849 3088 3915 caedi,
3120 3855 3177 3903 et
3224 3851 3466 3904 multam
3509 3848 3766 3912 reddere;

2083 3941 2277 4012 puella
2305 3955 2462 4006 vero,
2497 3938 2546 3992 si
2574 3937 2875 4008 culpabilis
2900 3938 2990 4002 sit,
3020 3937 3296 4008 lapidari:
3331 3939 3466 4009 quia
3496 3953 3598 4009 per
3622 3935 3768 3992 femi-

2082 4046 2216 4085 nam
2247 4027 2480 4082 initium
2526 4026 2761 4098 peccati,
2795 4043 2923 4096 qum
2952 4025 3139 4081 virum
3194 4027 3419 4081 seduxit
3449 4032 3506 4080 et
3533 4024 3768 4096 duplici-

2082 4125 2168 4174 ter
2199 4117 2465 4188 peccavit,
2523 4116 2684 4186 prius
2714 4115 2774 4170 in
2832 4116 3033 4179 Deum,
3100 4121 3294 4185 postea
3338 4116 3399 4170 in
3429 4116 3633 4182 virum,
3689 4112 3768 4166 vir

275 4205 399 4260 nari
435 4205 497 4258 in
548 4205 758 4267 virum,
811 4222 915 4260 nec
958 4211 1196 4277 usurpet
1251 4207 1503 4260 ofﬁcium
1548 4206 1898 4277 praedicandi
1929 4207 1979 4276 (Ι
2078 4211 2304 4262 tantum
2336 4206 2398 4260 in
2429 4207 2630 4259 Deum.

273 4297 402 4348 Cor.
435 4294 573 4359 xm).

343 4383 554 4438 Contra
604 4387 867 4436 naturam
923 4391 1008 4437 est
1045 4382 1232 4436 virum
1289 4382 1593 4437 muliebria
1624 4383 1828 4450 facere,
1877 4400 1969 4437 co-

274 4487 428 4524 mam
467 4472 737 4542 crispare.
796 4475 1066 4542 torquere
1105 4470 1362 4542 capillos,
1423 4471 1574 4525 unde
1622 4472 1970 4541 Apostolus:

282 4560 400 4625 Vir,
452 4562 503 4614 si
549 4575 753 4614 comam
789 4561 1066 4624 nutrierit,
1121 4561 1424 4628 ignominia
1469 4563 1548 4613 est
1600 4561 1703 4614 illi.
1757 4558 1974 4613 Mulieri

275 4654 467 4702 autem
505 4647 696 4718 capilli
727 4663 832 4717 pro
861 4647 1142 4701 velamine
1189 4646 1308 4701 dati
1356 4652 1524 4713 sunt;
1570 4663 1683 4700 non
1714 4662 1850 4716 ergo
1885 4645 1971 4698 in-

275 4737 485 4791 duetur
528 4736 614 4791 vir
645 4741 799 4791 veste
845 4735 1116 4804 feminea,
1156 4735 1412 4806 operatio
1461 4734 1673 4789 scilicet
1718 4734 1873 4789 ﬂuxa
1919 4738 1976 4786 et

276 4825 573 4879 dissoluta.

347 4913 540 4985 (ΗΑΒ.)
597 4914 705 4968 Per
761 4913 913 4968 viam
969 4912 1140 4979 imus,
1196 4916 1326 4976 etc.,
1386 4927 1553 4980 usque
1581 4911 1656 4965 ad
1683 4911 1780 4965 sed
1813 4927 1878 4966 ex
1908 4927 1976 4965 ea

275 5001 649 5072 allegoricum
682 5017 911 5056 sensum
943 5001 1005 5055 in
1034 5006 1226 5055 mente
1257 4999 1590 5054 retinemus.
1638 5014 1645 5021 '

353 5091 510 5143 Vens.
543 5091 594 5144 8.
627 5119 698 5130 —
721 5094 950 5169 Domum
979 5106 1192 5157 novam,
1223 5088 1280 5142 id
1313 5093 1398 5142 est
1426 5088 1749 5142 Ecclesium.

345 5180 561 5233 Murum
592 5181 735 5244 tecti,
768 5179 828 5233 id
859 5185 944 5234 est
972 5180 1248 5233 virtutum
1282 5177 1618 5232 custodiam.

345 5267 423 5320 Ne
446 5264 764 5332 effundatur
811 5270 1036 5337 sanguis
1085 5270 1142 5322 in
1168 5268 1322 5322 domo
1353 5272 1468 5336 tua,
1517 5267 1625 5322 hoc
1655 5273 1740 5321 est
1764 5283 1836 5321 ne
1863 5268 1975 5322 alio

277 5358 549 5424 peccante
576 5370 710 5408 reus
744 5357 1012 5410 tenearis.

345 5444 564 5511 (Cum,
615 5442 715 5497 lib.
765 5459 859 5497 vm
899 5445 1128 5510 Morel,
1179 5461 1302 5515 cap.
1355 5443 1466 5515 39.)
1513 5446 1587 5501 Ne
1633 5445 1972 5513 effundatur.

272 5536 379 5588 Per
404 5529 689 5585 incuriam
718 5535 888 5603 atque
929 5531 1221 5587 desidiam.
1258 5533 1418 5588 Unde
1448 5531 1549 5604 qui
1581 5532 1819 5588 virtutes
1848 5534 1972 5590 sine

2001 4315 2040 4368 D

2155 4298 2311 4352 Vens.
2350 4299 2431 4350 l9.
2483 4324 2553 4335 -ο
2609 4295 2830 4351 Centum
2883 4294 3054 4355 stetis,
3108 4297 3215 4347 etc.
3270 4292 3620 4348 Perfectione
3673 4291 3766 4345 do-

2081 4385 2279 4441 ctrinae
2307 4390 2364 4440 et
2395 4383 2814 4451 sollicitudinis,
2847 4397 3022 4454 quam
3046 4382 3342 4453 impendat
3369 4383 3635 4452 subjectae
3664 4381 3770 4451 ple-

2081 4476 2159 4539 bi,
2195 4476 2280 4528 vel
2311 4472 2684 4544 paenitentize.
2729 4471 3101 4526 Centenarius
3149 4472 3304 4525 enim
3342 4471 3628 4540 perfectus
3670 4471 3766 4534 est,

2082 4560 2612 4635 quinquagenarius
2649 4559 3004 4629 paenitentiae.
3043 4563 3422 4615 consecratus.

2156 4653 2313 4705 Vsus.
2341 4653 2430 4705 23.
2456 4678 2530 4690 —
2548 4649 2610 4704 Si
2627 4649 2868 4717 puellam
2890 4649 3158 4715 virginem
3181 4647 3556 4718 desponderit.
3587 4650 3646 4701 In
3672 4647 3772 4700 hoc

2081 4739 2354 4811 capitulo,
2401 4738 2548 4792 sicut
2597 4737 2654 4790 in
2703 4737 2927 4791 duobus
2977 4736 3430 4807 praecedentibus
3475 4743 3531 4791 et
3559 4734 3771 4791 duobus

2082 4827 2536 4893 succedentibus,
2568 4826 2927 4896 corporalem
2957 4825 3302 4879 condemnat
3322 4825 3763 4880 fornicationem.

2155 4920 2320 4972 Vens.
2355 4919 2442 4970 '26.
2476 4946 2546 4956 —
2573 4915 2728 4971 Nihil
2749 4917 3011 4984 patietur.
3043 4914 3148 4969 Sed
3179 4914 3250 4968 ad
3275 4913 3580 4985 incmptam
3611 4912 3770 4967 fidem

2082 5003 2438 5059 revocabitur
2464 5019 2568 5075 per
2596 5003 2838 5074 gratiam
2859 5002 3128 5072 baptismi
3160 5003 3394 5056 liberata
3412 5003 3484 5056 ab
3504 5001 3767 5056 hostibus.

2152 5095 2314 5148 Vens.
2353 5097 2444 5149 29.
2489 5123 2552 5133 —
2603 5095 2719 5148 Non
2767 5093 2985 5160 poterit.
3037 5091 3222 5161 (Auo.,
3271 5096 3461 5159 quaest.
3507 5091 3610 5158 34.)
3668 5089 3770 5143 Me-

2081 5183 2194 5238 rito
2254 5183 2531 5253 quaeritur
2582 5186 2778 5236 utrum
2842 5181 2951 5234 ista
3003 5196 3172 5250 poena
3215 5179 3304 5245 sit,
3364 5185 3429 5233 ut
3487 5196 3600 5234 non
3654 5192 3769 5232 eam

2084 5273 2264 5344 possit
2292 5271 2583 5326 dimittere
2625 5286 2732 5341 per
2759 5285 2930 5324 omne
2980 5273 3228 5338 tempus,
3261 5284 3435 5339 quam
3465 5266 3770 5322 inordinate

2085 5365 2144 5415 et
2197 5361 2395 5415 illicite
2455 5359 2727 5425 violavit;
2783 5359 2831 5412 si
2879 5358 3030 5412 enim
3088 5357 3467 5428 intelligimus
3505 5372 3626 5410 eam
3665 5367 3769 5407 non

2082 5464 2270 5518 posse,
2303 5449 2361 5503 id
2414 5454 2500 5502 est
2541 5463 2661 5503 non
2692 5447 2901 5502 debere
2943 5447 3153 5504 dimitti
3199 5462 3304 5516 per
3333 5462 3502 5500 omne
3536 5451 3767 5514 tempus,

2089 5535 2224 5604 quia
2250 5551 2391 5589 uxor
2418 5535 2617 5590 effecta
2663 5538 2770 5599 est,
2821 5534 3065 5588 occurrit
3113 5533 3269 5603 quod
3317 5533 3529 5604 Moyses
3563 5529 3767 5602 permi-
