3976 6178
144 320 231 372 477
1291 311 1543 367 GLOSSA
1583 310 1986 366 ORDINABIA.
2029 340 2097 349 -—
2138 310 2267 365 LIB.
2308 310 2514 365 DEUT.

3527 318 3631 370 478

143 440 201 492 sit
230 440 365 493 dare
414 437 676 492 libellum
708 434 934 507 repudii
959 437 1015 488 et
1045 433 1347 488 dimittere.
1387 434 1452 487 In
1501 434 1590 488 his
1624 439 1815 489 autem
1845 436 1889 489 Α
2000 435 2104 487 Per
2140 434 2461 487 Idumaium
2522 436 2579 486 et
2625 434 2929 503 .Egyptum
2978 433 3333 504 signiﬁcatur
3376 450 3630 505 przesens

140 545 248 601 qua
291 526 487 581 illicite
535 526 743 580 vitiant
774 525 961 579 noluit
994 524 1184 590 licere,
1237 538 1310 576 ne
1352 522 1615 577 videatur
1638 524 1707 577 ad
1741 524 1827 577 lu-

141 618 376 672 dibrium
411 614 632 680 fecisse,
693 618 749 668 et
779 613 972 685 potius
1019 612 1246 668 ﬁnxisse
1298 612 1451 682 quod
1494 629 1617 666 eam
1649 613 1824 667 duxe-

140 706 218 759 rit.
276 705 392 758 Hoc
440 718 671 774 quoque
716 703 786 756 de
833 701 932 755 illa
965 701 1155 772 jussit,
1207 701 1299 755 cui
1331 701 1417 754 vir
1447 701 1829 755 calumniatus

140 792 297 848 fuerit
328 792 401 846 de
421 790 801 861 virginalibus
832 807 945 843 non
976 790 1243 843 inventis.

198 883 356 935 Vens.
414 883 501 935 30.
557 909 629 920 —
682 882 821 936 Non.
874 881 1039 933 Pater
1086 884 1279 932 noster
1308 878 1563 934 Christus
1592 882 1695 945 est,
1730 895 1828 932 cu-

136 972 218 1039 jus
247 969 498 1023 Ecclesia
546 985 691 1022 uxor
736 973 853 1033 est;
903 984 1018 1021 non
1073 968 1203 1021 licet
1240 968 1459 1021 homini
1491 967 1830 1037 dignitatem

142 1060 290 1114 istius
318 1058 514 1128 sponsi
567 1058 873 1111 transferre
922 1056 983 1110 in
1013 1072 1090 1121 se,
1124 1072 1228 1110 nec
1258 1072 1525 1126 sponsam
1567 1056 1690 1126 ejus
1718 1056 1831 1109 vio—

143 1152 265 1213 lare,
299 1154 366 1201 ut
399 1163 655 1201 amorem
698 1147 817 1216 ejus
860 1150 1174 1199 commutet
1224 1145 1281 1198 in
1314 1160 1392 1208 se,
1424 1161 1488 1198 ex
1532 1145 1685 1199 dono
1717 1144 1831 1197 vir-

144 1242 321 1291 tutum
380 1237 471 1290 vel
519 1236 926 1306 prmdicatione
990 1234 1217 1288 laudem
1289 1250 1449 1287 suam
1522 1234 1832 1305 querendo

144 1342 245 1380 non
309 1325 437 1390 Dei;
487 1324 579 1378 cui
617 1324 804 1378 dicere
862 1322 1174 1377 convenit:
1222 1324 1339 1378 Non
1369 1322 1545 1387 nobis,
1582 1324 1831 1388 Domine,

143 1431 237 1470 non
255 1415 434 1479 nobis,
457 1414 553 1468 sed
575 1415 785 1467 nomini
812 1418 902 1468 tuo
927 1412 1000 1465 da
1029 1413 1259 1479 gloriam
1288 1410 1457 1482 (Psal.
1484 1411 1617 1481 cm).

743 1554 968 1609 CAPUT
1009 1554 1189 1608 XXIII.

206 1678 371 1731 Vens.
429 1682 479 1730 1.
536 1707 605 1716 -
656 1677 774 1731 Non
822 1675 1074 1729 intrabit.
1108 1676 1318 1730 Omnes
1347 1675 1446 1747 qui
1473 1677 1723 1732 molliter
1753 1681 1833 1735 vi-

143 1772 290 1832 vunt,
322 1781 433 1819 nec
463 1764 627 1818 virile
660 1781 801 1836 opus
845 1763 1167 1835 perﬁciunt,
1198 1780 1314 1817 non
1342 1770 1579 1835 possunt
1608 1782 1833 1836 perma-

144 1869 267 1907 nere
310 1853 375 1907 in
423 1852 871 1924 congregatione
902 1856 1232 1906 sanctorum
1261 1867 1365 1905 nec
1395 1851 1553 1922 digni
1585 1858 1719 1907 sunt
1746 1854 1833 1907 in-

143 1943 306 1996 troitu
330 1941 501 2013 regni
521 1941 819 2007 caelorum,
853 1940 1008 2011 quod
1031 1939 1362 1994 violentiam
1382 1941 1618 2010 patitur,
1642 1947 1698 1996 et
1722 1942 1835 1996 vio-

145 2032 272 2085 lenti
302 2031 587 2102 diripiunt
634 2030 795 2085 illud.

205 2122 464 2174 Mamzer.
502 2120 762 2189 Degener
820 2133 991 2172 sensu
1044 2117 1132 2171 vel
1172 2117 1465 2186 moribus;
1516 2119 1603 2171 vel
1661 2136 1834 2189 quem

145 2208 542 2261 hiereticorum
572 2206 818 2277 pravitas
849 2207 909 2260 in
939 2206 1309 2276 perceptione
1340 2212 1834 2262 sacramentorum

151 2298 487 2368 degenerem
538 2295 701 2363 fecit;
753 2296 839 2350 vel
879 2295 1023 2349 ritus
1060 2295 1398 2365 gentilitatis
1428 2300 1526 2350 aut
1555 2297 1835 2352 Judaismi

149 2387 463 2441 maculavit.
516 2386 659 2441 Isin
716 2384 1020 2439 Ecclesiam
1051 2384 1377 2455 recipiatur,
1410 2388 1565 2449 {cum
1613 2386 1837 2459 integra

151 2475 247 2529 fide
276 2476 623 2545 decalogum
656 2475 799 2544 legis
829 2474 1143 2528 secundum
1190 2474 1477 2544 Evangelii
1517 2475 1834 2532 institutio-

151 2581 269 2618 nem
300 2564 639 2631 servaverit,
671 2569 728 2618 et
755 2563 1044 2617 carnalem
1099 2563 1590 2618 conversationem
1623 2565 1836 2635 Spiritu

151 2658 324 2707 sancto
354 2654 661 2707 roboratus
705 2652 1078 2718 abdicaverit;
1116 2652 1306 2705 unde:
1341 2653 1403 2707 Si
1441 2654 1525 2707 vis
1565 2652 1639 2705 ad
1666 2655 1837 2706 vitam

152 2742 373 2809 ingredi,
436 2756 594 2796 serva
641 2740 905 2795 mandata
954 2741 1167 2810 (Matth.
1218 2740 1354 2810 xix).
1407 2741 1470 2794 Et
1502 2740 1633 2794 alibi
1670 2741 1837 2810 :Ego

151 2846 253 2885 sum
280 2833 481 2885 ostium
509 2846 521 2883 :
553 2846 644 2899 per
677 2845 758 2883 me
786 2832 837 2885 si
864 2832 987 2899 quis
1020 2831 1192 2883 intrat
1216 2830 1523 2883 salvabitur
1555 2829 1729 2901 (Joan.
1755 2830 1834 2900 x).

210 2921 367 2973 Vens.
403 2922 457 2974 3.
513 2949 575 2959 —
619 2920 950 2973 Ammonites
994 2923 1043 2972 et
1092 2919 1353 2973 Moabites
1408 2919 1596 2989 (ACG.,
1647 2923 1834 2989 quast.

1935 521 2069 588 vita,
2124 521 2216 575 cui
2269 519 2529 591 quamvis
2576 521 2973 575 renuntiantes
3025 522 3343 592 [Egyptiam
3401 528 3627 585 terram,

1936 611 1990 665 id
2034 615 2117 664 est
2170 610 2662 664 conversationem
2692 610 2993 681 pristinam
3029 616 3085 664 et
3114 612 3628 682 concupiscentiam

1941 700 2138 754 mundi
2186 700 2568 765 declinemus;
2601 700 2737 753 dum
2764 703 2958 753 tamen
2990 700 3159 769 hujus
3190 701 3392 755 mundi
3430 717 3631 755 neces-

1938 787 2199 841 sitatibus
2225 787 2542 853 subdimur,
2569 804 2684 841 nou
2717 788 2955 841 omnino
2985 788 3307 859 Egyptiam
3341 790 3629 845 nationem

1939 876 2407 947 exstinguimus:
2469 876 2565 929 sed
2634 876 3059 947 quodammodo
3114 878 3383 946 separati,
3445 880 3631 950 quoti-

1938 964 2106 1017 diano
2138 963 2287 1018 victu
2319 969 2375 1017 et
2414 963 2617 1017 vestitu
2646 963 2899 1017 contenti
2928 981 3154 1018 sumus:
3181 964 3347 1018 tertia
3386 982 3629 1037 genera-

1940 1052 2095 1106 tione
2144 1053 2205 1106 in
2250 1052 2553 1106 Ecclesiam
2602 1053 2916 1117 intrabunt,
2963 1053 3096 1124 quia
3128 1054 3415 1107 smcularis
3445 1058 3631 1124 potest

1940 1142 2149 1195 sanctis
2176 1143 2274 1196 Dei
2306 1143 2597 1212 conjungi,
2650 1159 2777 1195 cum
2825 1143 3071 1212 perfecte
3112 1144 3170 1195 in
3202 1144 3424 1196 Patrem
3462 1147 3519 1196 et
3548 1142 3630 1196 Fi-

1942 1231 2080 1285 lium
2128 1236 2185 1285 et
2232 1231 2508 1301 Spiritum
2549 1236 2806 1285 sanctum
2835 1230 3161 1295 crediderit,
3216 1230 3301 1283 vel
3344 1246 3475 1283 cum
3507 1246 3626 1300 spe,

1942 1322 2074 1387 ﬁde,
2104 1325 2161 1375 et
2190 1320 2460 1374 charitate
2499 1325 2732 1373 ornatus
2759 1319 2951 1373 fuerit.

2012 1410 2171 1462 Vens.
2217 1410 2269 1462 9.
2310 1439 2378 1447 ——
2427 1408 2673 1474 Quando.
2711 1408 3003 1478 Spiritales
3046 1407 3255 1462 Christi
3305 1406 3514 1460 milites
3542 1405 3630 1460 in-

1943 1497 2129 1563 struit,
2164 1497 2373 1567 quibus
2413 1497 2549 1551 alibi
2580 1496 2788 1550 dicitur
2817 1513 2829 1549 :
2863 1497 3046 1551 Omnis
3081 1499 3177 1566 qui
3206 1498 3265 1549 in
3307 1510 3475 1564 agone
3508 1509 3632 1548 con-

1946 1587 2138 1652 tendit,
2169 1587 2237 1640 ab
2262 1587 2506 1640 omnibus
2528 1602 2582 1640 se
2607 1587 2841 1640 abstinet
2865 1586 2913 1655 (Ι
2938 1586 3057 1641 Cor.
3092 1585 3193 1653 χι).

2016 1678 2093 1730 Si.
2131 1674 2315 1745 (Auc.,
2355 1674 2456 1729 lib.
2512 1674 2578 1728 de
2624 1675 2755 1729 bono
2808 1674 3105 1745 conjugali,
3140 1689 3263 1743 cap.
3291 1674 3408 1743 20.)
3459 1672 3634 1727 Multa

1944 1764 2108 1834 ponit
2136 1764 2227 1818 lex
2255 1763 2315 1817 in
2345 1762 2714 1817 sacramentis
2739 1767 2794 1817 et
2845 1762 3063 1817 umbris
3111 1763 3459 1828 futurorum,
3498 1765 3630 1828 etc.,

1942 1869 2111 1922 usque
2161 1853 2235 1906 ad
2281 1869 2395 1906 non
2428 1852 2563 1924 quia
2609 1868 2816 1922 corpus
2856 1856 3145 1905 mortuum
3188 1854 3483 1921 peccatum
3528 1855 3636 1919 est,

1944 1944 2039 1997 sed
2074 1942 2357 2012 signiﬁcat
2386 1946 2682 2011 peccatum
2721 1941 2928 1995 animae
2961 1958 2993 1994 a
3019 1940 3237 2012 justitia
3268 1940 3524 1993 desertae.

2016 2031 2241 2101 Mystice
2289 2031 2513 2099 (Gnec.,
2546 2029 2649 2085 lib.
2691 2046 2741 2084 1x
2796 2030 3012 2095 Moral.,
3062 2045 3185 2098 cap.
3236 2028 3344 2098 40.)
3378 2028 3438 2084 Si
3466 2028 3638 2094 fuerit

1942 2123 2085 2175 inter
2128 2135 2220 2174 vos
2273 2122 2444 2183 homo,
2497 2122 2594 2189 qui
2637 2124 2894 2173 nocturno
2934 2120 3195 2187 pollutus,
3247 2122 3353 2171 etc.
3405 2118 3639 2171 Noctur—

1942 2226 2083 2264 num
2114 2209 2404 2263 somnium
2446 2207 2685 2262 tentatio
2734 2209 2969 2273 occulta,
3005 2212 3135 2273 etc.,
3170 2222 3339 2277 usque
3368 2206 3443 2259 ad
3480 2209 3535 2260 et
3563 2205 3635 2260 ad

1942 2298 2200 2353 ﬁdelium
2233 2297 2437 2351 merita
2462 2300 2759 2366 reparetur
2789 2294 3208 2365 praesumenda.

2014 2386 2173 2440 Vens.
2216 2389 2298 2440 l2.
2358 2415 2428 2425 ——
2474 2384 2725 2439 Habebis.
2772 2382 3138 2453 Corporalem
3190 2379 3343 2433 enim
3400 2378 3638 2433 mundi-

1942 2474 2083 2529 tiam
2109 2474 2297 2546 diligit
2326 2476 2477 2528 Deus
2510 2490 2523 2528 :
2553 2470 2978 2543 ideo'praecepit
3000 2470 3142 2524 nihil
3168 2469 3385 2524 fasdum
3443 2483 3631 2521 rema-

1945 2578 2083 2617 nere
2114 2563 2174 2616 in
2196 2562 2413 2617 castris.

2019 2651 2266 2723 Mystice.
2302 2651 2534 2721 (Gneo.,
2582 2649 2679 2703 lib.
2730 2665 2853 2703 xxxi
2888 2651 3043 2711 Men,
3073 2664 3201 2717 cap.
3233 2646 3344 2717 32.)
3388 2645 3640 2699 Habebis

1948 2743 2138 2807 locum,
2192 2746 2298 2794 etc.
2353 2740 2578 2793 Natura:
2608 2738 2993 2809 corruptibilis
3024 2737 3275 2809 pondere
3327 2737 3574 2806 gravatae
3606 2749 3639 2785 a

1946 2835 2157 2883 nostra:
2194 2829 2403 2882 mentis
2429 2833 2588 2881 utero
2620 2828 2878 2898 quaedam
2903 2826 3316 2898 cogitationum
3344 2822 3637 2893 superflua

1946 2918 2110 2989 quasi
2155 2917 2368 2971 ventris
2416 2932 2724 2986 gravamen
2774 2920 3101 2986 erumpunt.
3134 2915 3238 2969 Sed
3266 2918 3495 2983 portare
3529 2911 3636 2964 sub

151 3008 247 3079 35.)
277 3007 407 3061 Alia
435 3007 632 3075 editio,
665 3012 796 3075 etc.,
831 3021 999 3076 usque
1029 3006 1103 3059 ad
1132 3005 1359 3059 feminis
1388 3006 1835 3077 imputaverunt,
1869 3009 1909 3064 C
1947 3004 2135 3059 balteo
2168 3003 2441 3074 paxillum
2465 3002 2760 3068 debemus,
2784 3006 2847 3055 ut
2876 3002 2946 3055 ad
2977 2999 3479 3071 reprehendendos
3512 3014 3637 3051 nos-

148 3110 274 3165 quas
303 3110 645 3148 conservare
675 3094 1024 3148 maluerunt.

209 3184 491 3237 Moabites.
529 3182 831 3236 [hereticos
889 3198 1115 3252 semper
1163 3181 1232 3236 ab
1282 3181 1531 3235 Ecclesia
1561 3198 1680 3236 esse
1708 3182 1838 3252 pel—

148 3272 331 3326 lendos
384 3270 697 3341 signiﬁcat,
756 3270 943 3341 quasi,
995 3272 1317 3324 Haereticum
1391 3271 1657 3325 hominem
1713 3274 1840 3340 post

149 3376 299 3414 unam
324 3365 376 3415 et
416 3361 649 3414 alteram
686 3361 1060 3415 correctionem
1104 3358 1301 3413 devita.
1766 3354 1799 3381 θ

211 3451 369 3504 Vens.
406 3451 462 3503 4.
494 3479 565 3489 --
603 3451 743 3519 Quia
771 3450 1061 3503 noluerunt
1091 3448 1243 3502 nobis
1280 3463 1553 3502 occurrere
1582 3463 1698 3501 cum
1729 3451 1834 3502 etc.

150 3539 394 3592 Tradunt
450 3537 674 3592 Hebraei
722 3538 875 3607 quod
940 3537 1031 3591 hae
1090 3540 1286 3607 gentes
1344 3537 1687 3607 propinqua
1728 3536 1839 3591 sibi

152 3627 484 3681 exeuntibus
506 3626 575 3680 de
602 3626 848 3697 Egypto
877 3629 1249 3679 occurrerunt
1263 3641 1393 3678 cum
1419 3641 1566 3695 pane
1591 3630 1839 3686 tantum.

151 3732 269 3770 cum
299 3718 521 3771 scirent
563 3732 665 3770 nos
707 3716 768 3769 in
816 3716 1039 3769 deserto
1073 3714 1319 3769 maxime
1355 3714 1447 3768 siti
1478 3714 1755 3781 laborare,
1785 3722 1840 3770 et

150 3805 268 3859 ideo
299 3806 441 3860 huic
474 3804 862 3859 maledictioni
899 3803 1142 3875 subjecti
1171 3809 1324 3857 sunt.

211 3896 443 3966 Mystice
491 3893 793 3965 designant
844 3895 1154 3958 haereticos,
1217 3892 1315 3964 qui
1373 3892 1727 3963 fugientibus
1768 3893 1839 3947 de

151 3984 376 4054 .£gypto
405 3983 581 4054 hujus
609 3982 810 4037 mundi
858 3983 929 4036 ad
958 3998 1149 4036 veram
1181 3987 1394 4035 terram
1441 3981 1840 4052 promissionis

151 4072 388 4126 offerunt
421 4088 629 4142 panem
660 4072 965 4141 pollutum,
1000 4087 1117 4125 non
1149 4087 1295 4142 aqua
1326 4071 1626 4141 sapientia).
1647 4070 1838 4125 dulco-

149 4165 347 4225 ratum,
382 4167 444 4214 et
474 4160 602 4214 ideo
632 4161 702 4213 ab
732 4159 973 4213 Ecclesia
1003 4158 1235 4213 alienati
1259 4164 1408 4212 sunt.

212 4249 374 4303 Vens.
436 4252 490 4302 5.
554 4250 851 4316 Vertitque.
913 4248 1056 4313 Quia
1106 4262 1256 4317 saepe
1305 4248 1623 4317 persecutio
1670 4262 1840 4300 causa

1948 3092 2219 3163 metipsos
2251 3107 2479 3161 semper
2507 3089 2743 3143 accincti
2773 3094 2999 3143 acutum
3034 3090 3181 3143 circa
3211 3104 3317 3142 nos
3343 3086 3640 3140 stimulum

1945 3179 2400 3252 compunctionis
2422 3179 2751 3246 habeamus,
2786 3178 2937 3249 quod
2962 3183 3173 3231 terram
3195 3180 3403 3230 nostrae
3430 3174 3641 3228 mentis

1945 3270 2299 3342 poenitentia:
2321 3270 2518 3323 dolore
2540 3268 2847 3334 confodiat,
2872 3272 2930 3322 et
2972 3267 3127 3338 quod
3149 3284 3179 3320 τι
3216 3266 3379 3320 nobis
3397 3263 3637 3319 fetidum

1945 3351 2213 3431 erumpit,
2249 3357 2575 3413 abscondat.

2015 3450 2175 3503 Vens.
2226 3450 2308 3502 I3.
2355 3477 2424 3487 —
2469 3448 2530 3501 In
2577 3446 2767 3501 balteo.
2816 3446 3003 3500 Balteo
3037 3444 3193 3498 enim
3244 3458 3408 3497 renes
3460 3440 3644 3495 accin-

1946 3542 2181 3607 guntur,
2215 3536 2342 3590 ideo
2382 3551 2488 3605 per
2515 3534 2788 3601 balteum,
2825 3534 2989 3587 malae
3022 3531 3331 3587 voluntatis
3374 3529 3641 3584 contritio

1946 3625 2296 3696 designatur,
2356 3625 2506 3679 unde
2547 3624 2650 3678 Job
2684 3640 2697 3677 :
2737 3624 2981 3677 Balteum
3035 3637 3222 3689 regum
3268 3620 3536 3686 dissolvit,
3590 3622 3640 3673 et

1939 3717 2233 3785 praecinxit
2259 3716 2398 3780 fune
2426 3729 2576 3767 renes
2599 3728 2777 3767 eorum
2817 3712 2956 3783 (Job.
2992 3711 3072 3781 ιι).

2016 3805 2188 3856 Humo
2247 3804 2467 3871 operies.
2529 3802 2777 3854 Terrena
2850 3798 3159 3869 fragilitate
3232 3796 3590 3850 considerata
3625 3838 3638 3859 ,

1947 3891 2138 3945 sordes
2168 3890 2441 3945 debemus
2474 3890 2717 3959 operire.

2019 3980 2173 4032 Vens.
2211 3982 2301 4032 15.
2344 4008 2412 4017 -
2442 3980 2557 4033 Non
2588 3978 2768 4031 trades
2793 3991 3007 4031 servum
3056 3974 3242 4045 (Auc.,
3299 3979 3489 4041 quaest.
3522 3972 3640 4039 36.)

1950 4068 2073 4121 LXX
2107 4084 2119 4120 :
2152 4068 2267 4122 Non
2319 4066 2500 4120 trades
2538 4081 2769 4134 puerum
2818 4065 3032 4118 domino
3080 4078 3178 4116 suo
3221 4064 3317 4131 qui
3358 4062 3640 4130 appositus

1946 4160 2025 4209 est
2054 4155 2156 4209 tibi
2184 4172 2218 4208 a
2246 4155 2459 4209 domino
2486 4169 2600 4208 suo.
2636 4154 2759 4208 Non
2794 4151 2949 4224 quod
2988 4150 3254 4205 dominus
3285 4164 3416 4201 eum
3463 4162 3639 4217 appo-

1949 4243 2145 4309 suerit,
2188 4248 2313 4307 etc.,
2355 4257 2523 4312 usque
2554 4242 2628 4295 ad
2670 4243 2780 4295 hoc
2821 4241 3084 4311 explanat
3113 4239 3311 4293 dtcens
3343 4252 3357 4289 :
3390 4237 3462 4289 In
3489 4235 3639 4289 vobis

150 4338 375 4407 majoris
403 4338 804 4409 prosperitatis
833 4343 936 4391 est.
971 4337 1109 4403 Quia
1140 4337 1492 4404 diligentibus
1524 4337 1699 4390 Deum
1725 4351 1835 4391 om-
1870 4331 1915 4386 Ι)
1952 4333 2225 4387 habitabit
2250 4335 2304 4386 in
2326 4334 2471 4385 omni
2506 4333 2614 4386 loco
2676 4331 2770 4384 ubi
2807 4331 3078 4400 placuerit
3108 4330 3158 4381 ei
3194 4327 3253 4398 (Ι
3282 4327 3419 4394 Reg.
3452 4324 3636 4391 xxvn).

149 4430 236 4480 nia
262 4432 626 4497 cooperantur
654 4428 712 4479 in
736 4426 929 4480 bonum
960 4426 1128 4495 (Rom.
1162 4426 1313 4494 vni).

213 4516 375 4569 Vens.
434 4519 489 4567 7.
550 4543 618 4553 -
676 4515 795 4570 Non
866 4514 1265 4569 abominaberis
1331 4514 1644 4569 ldumarum.
1706 4514 1837 4568 Idu-

151 4618 317 4657 mteus
349 4602 706 4674 sanguineus
738 4604 825 4656 vel
858 4608 1116 4657 terrenus
1145 4619 1375 4657 carnem
1406 4604 1588 4674 (cujus
1619 4607 1705 4656 est
1731 4608 1841 4657 ter-

148 4706 277 4745 rena
303 4691 572 4759 materia)
596 4690 906 4762 signiﬁcat:
930 4691 1247 4762 Egyptius,
1278 4692 1333 4746 id
1364 4696 1451 4746 est
1480 4692 1837 4758 tenebrosus,

149 4796 343 4851 corpus
370 4780 723 4834 morbidum.
750 4780 991 4834 Carnem
1012 4785 1268 4834 nostram
1291 4796 1404 4833 non
1418 4780 1690 4834 debemus
1710 4780 1839 4833 abo-

148 4868 369 4936 minari,
422 4869 520 4923 sed
552 4868 741 4922 fovere
779 4874 836 4922 et
863 4869 1184 4923 necessaria
1213 4868 1296 4922 illi
1334 4869 1612 4938 praebere,
1642 4884 1839 4922 curam

148 4961 330 5012 tamen
363 4957 493 5027 ejus
531 4957 592 5010 in
621 4957 918 5012 desideriis
962 4974 1078 5011 non
1110 4958 1293 5012 facere
1329 4974 1341 5011 :
1378 4959 1589 5024 Frater,
1627 4957 1836 5027 inquit,

150 5050 269 5099 tuus
290 5050 397 5107 est,
434 5046 573 5116 quia
602 5062 666 5100 ex
696 5062 865 5101 carne
890 5062 1088 5100 sumus
1118 5050 1174 5100 et
1220 5046 1431 5100 anima.
1483 5046 1835 5116 Egyptium,

151 5132 198 5186 id
227 5139 313 5187 est
342 5149 559 5203 corpus
590 5149 707 5187 non
740 5134 1164 5201 abominemur,
1196 5133 1254 5187 in
1293 5134 1456 5203 cujus
1487 5139 1635 5187 terra
1668 5134 1836 5188 adve-

151 5236 226 5275 nae
250 5223 502 5287 fuimus;
550 5221 744 5275 anima
786 5222 962 5287 enim,
994 5238 1126 5292 qua:
1155 5222 1437 5276 caelestem
1468 5222 1641 5276 habet
1667 5222 1840 5293 origi-

153 5325 290 5379 nem,
331 5311 502 5383 quasi
532 5311 749 5365 advena
790 5315 1048 5365 moratur
1094 5310 1153 5364 in
1202 5327 1458 5380 corpore,
1514 5311 1663 5365 unde
1691 5314 1838 5381 Apo-

153 5401 313 5454 stolus
347 5416 361 5452 :
397 5403 538 5454 Dum
580 5414 764 5454 sumus
799 5402 859 5453 in
913 5414 1153 5469 corpore,
1180 5402 1595 5469 peregrinamur
1645 5416 1680 5453 a
1732 5401 1840 5454 Do-

152 5488 282 5541 mino
340 5488 417 5557 (11
466 5488 599 5540 Cor.
631 5488 703 5554 v).
737 5488 842 5553 Qui
872 5490 992 5541 nati
1016 5489 1228 5553 fuerint
1255 5503 1323 5542 ea:
1350 5490 1447 5555 eis,
1496 5492 1625 5554 etc.,
1667 5487 1724 5542 id
1755 5490 1840 5541 est

154 5575 421 5643 paulatim
457 5575 601 5630 ﬁent
621 5575 965 5646 spirituales.

2018 4424 2179 4476 Vens.
2253 4425 2338 4477 37.
2406 4452 2475 4459 —
2530 4423 2645 4477 Non
2710 4422 2813 4474 erit
2885 4421 3167 4474 meretrix.
3229 4415 3389 4486 (Auc.
3449 4418 3636 4482 quaest.

1949 4511 2058 4582 3‘7.)
2096 4513 2219 4566 LXX
2254 4528 2266 4565 :
2299 4513 2419 4566 Non
2469 4512 2572 4564 erit
2610 4511 2885 4572 meretrix,
2944 4514 3075 4573 etc.,
3130 4520 3299 4575 usque
3354 4503 3429 4557 ad
3487 4501 3639 4556 unde

1948 4600 2087 4671 quid
2120 4600 2285 4654 nobis
2322 4599 2629 4662 videretur,
2662 4598 2742 4652 ibi
2770 4597 3152 4652 tractavimus.

2018 4691 2138 4745 Non
2165 4689 2353 4757 offeres
2401 4687 2692 4741 mercedem
2736 4686 3043 4756 prostibuli.
3108 4684 3269 4753 (Avo.
3303 4685 3489 4750 quaest.
3527 4676 3638 4747 38.)

1952 4779 2075 4832 LXX
2108 4794 2120 4831 :
2176 4779 2294 4834 Non
2324 4776 2512 4845 offeres
2544 4817 2558 4843 ,
2615 4781 2733 4830 etc.
2764 4817 2777 4842 ,
2832 4790 3002 4843 usque
3056 4773 3131 4827 ad
3173 4770 3476 4826 dicendum
3510 4767 3637 4833 fuit,

1949 4866 2101 4937 quod
2127 4866 2367 4920 Domino
2401 4863 2755 4918 abominatio
2787 4862 2874 4915 sit.

2018 4957 2255 5009 Pretium
2278 4957 2481 5013 carnis,
2527 4952 2765 5022 rapacis.
2800 4953 2956 5004 Dona
2989 4949 3325 5019 iniquorum
3353 4962 3469 5000 non
3500 4961 3639 5016 pro-

1948 5045 2044 5099 bat
2095 5043 2436 5098 Altissimus.
2492 5042 2596 5107 Qui
2647 5040 2803 5108 oﬂ‘ert
2856 5040 3183 5105 sacriﬁcium
3234 5052 3302 5089 ea:
3328 5035 3641 5089 substantia

1942 5148 2265 5203 pauperum,
2299 5132 2460 5201 quasi
2502 5130 2598 5197 qui
2624 5129 2868 5181 victimat
2895 5126 3070 5194 ﬁlium
3122 5127 3181 5178 in
3226 5128 3507 5193 conspectu
3540 5139 3641 5192 pa-

1948 5224 2049 5275 tris
2082 5221 2267 5289 (Eccli.
2292 5218 2501 5286 xxxiv).

2017 5312 2178 5364 Vens.
2239 5311 2323 5362 t9.
2379 5335 2447 5347 —-
2488 5307 2606 5361 Non
2649 5303 2940 5372 fwnerabis
2998 5304 3172 5369 fratri
3223 5306 3331 5356 tuo.
3394 5302 3634 5355 Usuram

1945 5404 2002 5453 et
2073 5397 2369 5451 avaritiam
2429 5398 2699 5459 removet,
2775 5397 2833 5446 et
2886 5392 3222 5445 charitatem
3299 5390 3634 5461 impendere

1939 5487 2123 5558 jubet.

2017 5578 2084 5630 Et
2111 5573 2375 5646 pecunia,
2425 5588 2553 5645 quae
2595 5572 2666 5627 ad
2699 5586 2931 5625 usuram
2961 5569 3084 5626 dari
3113 5567 3640 5641 prohibetur,'quia
