3976 6178
330 263 437 318 479

329 385 529 439 vitium
574 384 901 456 cupiditatis
951 389 1036 439 est
1080 384 1306 455 exigere
1355 386 1517 453 velle,
1551 384 1705 456 quod
1733 385 2093 455 cognoscisA

330 479 384 527 te
416 490 530 528 non
560 474 976 528 commodasse.
1023 475 1177 527 Hanc
1219 474 1496 528 Dominus
1534 473 1756 539 habuit,
1790 478 1847 528 et
1891 474 2023 529 inde

330 563 682 633 pauperibus
724 562 1073 631 erogandam
1104 562 1355 627 tradidit,
1393 568 1450 616 et
1478 579 1582 616 nos
1613 563 1684 617 ad
1716 563 2022 617 liberalita-

328 656 444 705 tem
478 650 755 721 largitatis
784 650 1065 703 invitavit.
1105 650 1296 704 Altera
1327 656 1413 704 est
1455 667 1629 721 quam
1664 652 1732 705 ad
1781 668 2018 706 usuram

330 740 464 793 dare
523 741 822 805 debemus;
876 741 1071 794 unde:
1125 741 1309 795 Nonne
1360 743 1597 808 oportuit
1647 746 1696 795 te
1740 743 2023 810 pecuniam

328 831 655 882 committere
688 829 1070 882 nummulariis
1118 834 1178 881 ut
1207 844 1300 894 ego
1343 831 1557 883 veniens
1583 831 1853 896 exigerem
1881 829 2026 897 quod

333 932 504 971 meum
534 922 612 971 est
640 933 760 970 cum
789 918 1000 971 usura?
1030 919 1248 981 (Matth.
1282 916 1429 986 xxv).

402 1005 560 1058 Vens.
611 1007 699 1058 20.
748 1034 808 1044 -
870 1006 975 1060 Sed
1026 1007 1220 1059 alieno.
1278 1006 1497 1060 [nfideli
1547 1006 1633 1059 vel
1691 1006 1889 1077 iniquo
1934 1006 2026 1061 cui

332 1092 630 1164 pecuniam
658 1093 859 1147 damus
907 1094 974 1147 ad
1008 1110 1264 1160 usuram,
1313 1111 1440 1148 cum
1490 1111 1594 1165 pro
1626 1096 1797 1150 verbo
1824 1096 2026 1165 praedi-

331 1180 571 1234 cationis
597 1179 880 1251 exigimus
907 1180 1105 1247 fidem,
1130 1182 1527 1253 paenitentiam
1550 1187 1606 1236 et
1634 1182 2023 1252 operationem

334 1271 564 1325 bonam.

398 1360 559 1414 Vens.
594 1363 683 1414 21.
711 1390 779 1400 -
810 1362 925 1415 Νοη
958 1361 1203 1415 tardabis
1244 1362 1487 1415 reddere.
1522 1363 1680 1417 Unde
1711 1362 1976 1416 Salomon
2007 1380 2021 1419 :

327 1449 507 1501 Ruina
561 1452 639 1501 est
687 1449 884 1502 homini
948 1453 1074 1518 post
1146 1453 1274 1503 vota
1347 1454 1583 1505 tractare
1649 1451 1735 1505 vel
1804 1453 2027 1507 tardare

331 1534 615 1603 (Proverb.
640 1540 722 1607 x).

950 264 1341 321 WALAFRIDI
1382 266 1627 320 STRABI
1668 266 1867 320 FULD.
1913 266 2074 321 MON.
2114 265 2265 321 OPP.
2308 264 2481 321 PARS
2520 265 2561 317 1.
2602 294 2671 302 —
2709 262 3157 319 THEOLOGICA.
3709 267 3809 321 480

2205 384 2417 455 (Gnec.,
2456 385 2551 439 lib.
2587 401 2756 439 xxxm
2804 385 3035 449 Moral.,
3087 400 3209 455 cap.
3250 386 3358 454 l6.)
3421 388 3542 441 Non
3591 390 3811 456 accipies

2132 473 2242 527 loco
2288 475 2539 542 pignoris
2606 474 2941 539 inferiorem,
3016 479 3122 526 etc.
3182 472 3455 543 Accipere
3522 474 3809 546 aliquando

2130 562 2334 617 offerre
2381 563 2647 629 dicimus,
2679 566 2810 627 etc.,
2870 575 3040 630 usque
3088 561 3162 615 ad
3213 566 3272 615 et
3312 562 3593 616 incassum
3625 566 3809 619 metuit

2131 654 2232 736 qui
2257 670 2371 708 non
2398 650 2654 707 conﬁdit.

2201 753 2364 805 Vens.
2397 750 2449 799 7.
2503 772 2570 780 —
2626 740 2879 806 Auferes.
2932 738 3117 808 (Auc.,
3160 744 3353 807 quaest.
3410 743 3535 810 39.)
3591 742 3808 796 Assidue

2130 840 2238 895 hoc
2285 834 2579 904 Scriptura
2629 827 2786 891 dicit,
2838 832 2967 893 etc.,
3015 843 3183 897 usque
3231 827 3307 881 ad
3354 827 3507 898 quod
3539 843 3809 898 exponens

2132 929 2209 983 ait
2240 944 2252 980 :
2289 924 2396 991 Qui
2423 919 2720 988 furabatur
2737 918 2859 986 jam
2884 932 2992 969 non
3018 918 3238 981 furetur
3268 917 3494 985 (Ephes.
3529 916 3620 985 ιν.)

2202 1017 2365 1069 Vens.
2401 1013 2452 1065 8.
2486 1039 2556 1048 —
2602 1009 2832 1076 Plagam
2876 1006 3054 1072 lepra.
3092 1006 3237 1058 Nota
3268 1009 3509 1074 propter
3536 1010 3800 1074 peccatum

2128 1100 2277 1154 hanc
2323 1092 2723 1151 inﬁrmitatem
2780 1087 3112 1142 hominibus
3142 1088 3405 1142 accidere
3440 1129 3454 1153 ,
3494 1088 3629 1142 sicut
3669 1090 3797 1144 Ozias

2131 1187 2233 1261 qui
2263 1181 2643 1240 sacerdotium
2686 1178 3006 1248 usurpavit.

2204 1276 2375 1329 Vens.
2436 1272 2517 1325 l0.
2578 1298 2646 1308 —
2696 1268 2827 1324 Cum
2864 1270 3084 1334 repetes.
3137 1264 3325 1334 (Aua.,
3380 1269 3563 1334 quaest.
3602 1264 3795 1332 41.)Αό

2132 1380 2275 1435 opus
2306 1357 2709 1416 misericordiae
2745 1355 2993 1426 pertinet
3021 1360 3086 1407 ut
3114 1354 3461 1423 piguorator
3509 1354 3565 1406 in
3593 1353 3802 1406 domum

2132 1469 2246 1507 non
2281 1452 2474 1513 intret,
2502 1452 2653 1515 {etc.,
2702 1460 2871 1512 usque
2915 1443 2990 1495 ad
3016 1457 3129 1495 non
3169 1442 3393 1495 habens
3427 1441 3525 1495 ubi
3566 1440 3803 1495 dormiat.

2208 1543 2417 1595 Nonne.
2459 1538 2562 1603 Qui
2622 1533 2977 1597 Evangelium
3023 1533 3370 1595 annuntiat,
3428 1530 3494 1583 de
3544 1531 3809 1596 Evangelia

402 1624 560 1678 Vens.
594 1626 681 1680 24.
736 1657 804 1667 -
834 1629 1114 1695 Ingressus
1139 1629 1353 1681 vineam
1377 1630 1640 1696 proximi.
1700 1629 1759 1681 lu
1792 1628 2026 1683 ecclesia
2056 1670 2094 1696 ι,
2133 1628 2285 1681 vivat
2337 1625 2394 1696 (Ι
2422 1625 2541 1680 Cor.
2577 1625 2673 1690 Ix).
2736 1621 2952 1688 Dignus
2982 1623 3059 1673 est
3100 1619 3242 1672 enim
3290 1620 3575 1688 operarius
3598 1616 3811 1671 mercede

327 1711 561 1766 alterius
588 1713 861 1785 episcopi,
910 1718 1100 1785 potest
1154 1715 1297 1768 alter
1338 1714 1563 1786 aliquos
1612 1715 1896 1787 corrigere
1932 1718 2021 1772 vel
2056 1711 2096 1724 “’
2133 1731 2235 1771 sua
2266 1713 2419 1784 (Luc.
2453 1711 2527 1781 x).

327 1800 686 1865 conﬁrmare,
731 1807 911 1858 totam
957 1804 1184 1874 plebem
1233 1820 1347 1858 non
1393 1803 1522 1858 licet
1573 1804 1627 1858 ei
1682 1820 1901 1875 regere,
1933 1807 2018 1859 vel

327 1904 538 1960 magna
566 1892 797 1961 negotia
836 1897 1097 1947 tractare.

396 1980 582 2034 Foras.
636 1981 800 2034 Extra
855 1982 1151 2035 ecclesiam
1201 1982 1349 2036 hanc
1390 1982 1629 2053 gratiam
1671 1983 1872 2038 efferre
1904 2000 2021 2038 non

327 2064 476 2131 licet,
509 2065 644 2135 quia
694 2067 750 2121 in
800 2084 917 2121 una
962 2069 1134 2124 domo
1166 2086 1364 2125 carnes
1414 2071 1551 2141 agni
1581 2071 1673 2127 edi
1719 2071 2018 2141 jubentur.

396 2150 567 2206 Vens.
593 2156 680 2207 25.
718 2184 785 2195 —
816 2157 879 2210 Si
915 2159 1224 2213 intraveris.
1257 2159 1399 2214 Sunt
1426 2160 1690 2231 quaadam
1718 2163 1842 2215 loca
1871 2161 2019 2215 Scri-

324 2242 511 2308 ptura;
544 2257 674 2311 qua:
704 2242 1071 2301 historialiter
1099 2248 1271 2302 fidem
1298 2248 1585 2315 imbuant,
1618 2250 1881 2321 quaedam
1903 2266 2021 2304 mo-

326 2326 522 2383 raliter
553 2335 807 2385 sanctam
837 2335 1331 2390 conversationem
1354 2336 1663 2404 instruunt,
1709 2354 1724 2390 :
1756 2339 2018 2409 quaedam

326 2431 443 2469 non
476 2419 794 2475 secundum
823 2421 1141 2491 historiam,
1192 2424 1290 2479 sed
1339 2426 1649 2480 secundum
1689 2427 2018 2498 allegoriam

324 2506 648 2560 veneranda
677 2508 947 2578 mysteria
998 2512 1321 2567 ostendunt.
1357 2513 1531 2567 Caute
1579 2530 1714 2585 ergo
1744 2515 1801 2568 in
1832 2520 2020 2586 segete

324 2590 575 2661 proximi
625 2592 961 2652 intrandum
1020 2605 1124 2666 est,
1187 2606 1252 2655 ut
1296 2602 1670 2657 discernendo
1701 2619 1896 2675 carpas
1933 2604 2020 2658 ci-

325 2680 487 2749 bum,
544 2697 661 2736 non
706 2685 1182 2756 prmeipitandum
1240 2690 1470 2745 succisae
1523 2692 1719 2746 messis
1763 2692 2020 2748 incurras

320 2768 624 2838 judicium.

960 2845 1184 2901 CAPUT
1221 2849 1397 2903 XXIV.

2202 1804 2364 1856 Vens.
2429 1802 2511 1854 16.
2574 1827 2642 1836 —-
2697 1796 2815 1851 Non
2869 1793 3195 1849 occidentur.
3243 1792 3442 1863 (Ana,
3500 1792 3809 1860 quaestu).

2130 1890 2314 1945 Etiam
2346 1889 2430 1942 lex
2466 1884 2621 1951 dicit,
2674 1888 2806 1951 etc.,
2844 1896 3013 1950 usque
3066 1880 3141 1934 ad
3170 1896 3291 1934 non
3318 1885 3436 1934 tres
3461 1880 3550 1934 vel
3584 1883 3814 1949 quatuor

2128 1977 2378 2047 intelligi
2404 1974 2605 2030 voluit.

2204 2068 2361 2121 Vens.
2429 2068 2511 2119 t7.
2570 2091 2639 2105 —
2704 2062 2825 2117 Non
2861 2061 3161 2129 'pervertes.
3212 2056 3399 2127 (Auc.,
3461 2061 3646 2126 quaest.
3709 2056 3809 2124 43).

2132 2156 2256 2211 LXX
2291 2172 2304 2208 :
2335 2156 2451 2210 Non
2497 2149 2794 2206 declinabis
2847 2148 3121 2217 judicium
3167 2146 3392 2200 advena:
3423 2150 3473 2199 et
3520 2145 3746 2213 orphani
3771 2148 3814 2196 et

2127 2245 2327 2299 viduae.
2356 2245 2471 2299 Non
2523 2237 2847 2310 pignorabis
2891 2238 3265 2290 vestimentum
3313 2234 3514 2287 viduae.
3568 2233 3678 2287 Cur
3708 2248 3813 2285 non

2129 2332 2226 2398 ait,
2260 2338 2391 2395 etc.,
2422 2344 2591 2398 usque
2638 2326 2711 2380 ad
2757 2323 3109 2379 continentia
3138 2323 3198 2376 in
3246 2322 3329 2375 eis
3378 2321 3663 2388 laudatur,
3707 2334 3813 2372 non

2129 2419 2401 2475 desolatio
2438 2414 2897 2472 commendatur.

2204 2508 2414 2563 Videte.
2449 2504 2629 2559 Vidua
2668 2502 2860 2556 anima
2889 2503 3020 2553 ante
3055 2498 3282 2554 diabolo
3317 2499 3541 2569 juncta,
3573 2497 3662 2552 cui
3688 2512 3810 2550 cou-

2128 2612 2307 2651 versze
2335 2594 2469 2649 fidei
2491 2592 2895 2646 vestimentum
2925 2605 3040 2643 non
3059 2592 3143 2642 est
3173 2588 3574 2643 auferendum.

2200 2686 2366 2739 Vens.
2405 2686 2488 2738 19.
2539 2713 2608 2721 -
2641 2683 2758 2737 Νοη
2806 2680 3110 2733 reverteris.
3164 2676 3481 2731 lnvidendo
3532 2673 3811 2747 gentibus,

2130 2774 2230 2846 qui
2263 2777 2397 2827 sunt
2425 2772 2658 2826 advenas
2695 2771 3171 2822 testamentorum
3205 2766 3321 2819 Dei.

2202 2864 2359 2917 Vens.
2390 2863 2480 2915 20.
2515 2890 2580 2900 -
2612 2860 2673 2914 Si
2721 2860 2908 2925 fruges
2950 2856 3239 2924 collegeris.
3292 2854 3410 2908 Etsi
3445 2850 3677 2922 superbi
3703 2850 3810 2903 col-

398 2944 558 2999 Vens.
599 2949 645 3000 1,
672 2977 739 2986 -
770 2948 834 3003 Si
859 2953 1143 3019 acceperit.
1202 2950 1362 3022 (Rea.
1401 2954 1460 3007 in
1509 2955 1696 3018 Deut.,
1742 2960 1883 3009 tom.
1932 2957 2022 3024 Il.)
2056 2984 2095 3038 ο
2134 2953 2314 3022 ligant
2346 2955 2402 3004 et
2455 2946 2727 3019 improbi,
2780 2946 2876 2999 ille
2927 2943 3401 3038 misericordiam_
3424 2943 3559 3038 facit
3586 2939 3685 3012 qui
3713 2939 3811 2992 hoc

330 3032 509 3086 Homo
540 3049 780 3089 uxorem
825 3038 1056 3109 accepit,
1093 3042 1224 3104 etc.,
1257 3055 1425 3109 usque
1453 3040 1528 3095 ad
1556 3047 1829 3114 tanquam
1878 3043 2025 3098 iudi-

326 3136 441 3189 gna
471 3126 527 3174 et
559 3138 751 3177 errore
780 3124 999 3195 polluta
1028 3126 1431 3184 abominabilis
1460 3132 1799 3200 permansit;
1836 3134 2018 3188 unde:

336 3210 496 3263 Vobis
529 3212 810 3280 oportebat
858 3217 1098 3282 primum
1126 3218 1278 3286 loqui
1330 3219 1550 3273 verbum
1588 3223 1704 3285 Dei,
1747 3222 1843 3275 sed
1890 3239 2022 3291 quo-

330 3299 498 3351 niam.
536 3305 639 3353 etc.
662 3300 806 3370 (Act.
840 3303 963 3369 xu.)

399 3388 580 3454 (Ana,
632 3388 731 3441 lib.
765 3406 779 3442 1
816 3389 882 3443 de
937 3406 1174 3446 sermone
1203 3395 1418 3447 Domini
1463 3396 1521 3447 in
1551 3398 1770 3466 monte.)
1833 3399 2022 3452 Multas

326 3475 577 3527 erantin
606 3477 731 3547 lege
778 3492 963 3533 causa:
1017 3478 1345 3534 dimittendi
1397 3498 1617 3552 uxores,
1675 3489 1805 3549 etc.,
1855 3501 2023 3556 usque

327 3563 402 3616 ad
433 3567 491 3615 ut
539 3565 636 3635 qui
686 3565 898 3620 habent
948 3582 1153 3622 uxores
1201 3567 1314 3622 sint
1364 3570 1527 3640 quasi
1580 3588 1694 3626 non
1753 3573 2022 3631 habentes

330 3650 383 3717 (Ι
413 3652 531 3707 Cor.
565 3653 686 3721 ιιι).

400 3750 626 3806 Scribet.
659 3752 741 3805 Ad
778 3751 1049 3808 duritiam
1080 3753 1266 3808 cordis
1322 3756 1492 3809 vestri
1545 3757 1768 3828 scripsit
1807 3759 2020 3828 Moyses

329 3845 679 3909 praeceptum
715 3841 887 3910 istud,
910 3844 1128 3897 malens
1152 3843 1365 3899 scilicet
1384 3844 1680 3917 indulgere
1699 3847 2017 3909 dissidium,

329 3942 502 3998 quam
530 3929 811 3984 committi
841 3931 1236 3987 homicidium.

399 4021 557 4075 Vens.
606 4023 655 4075 4.
706 4053 771 4065 -
818 4026 894 4080 Ne
934 4040 1175 4093 peccare.
1222 4024 1432 4078 Polluit
1462 4030 1673 4079 terram
1705 4042 1888 4093 suam,
1920 4027 2021 4097 qui

329 4110 800 4180 concupiscentiis
855 4113 1178 4167 carnalibus
1234 4113 1501 4183 inquinat
1554 4131 1760 4186 corpus
1830 4130 2017 4168 suum.

333 4198 461 4251 ldeo
512 4214 739 4252 necesse
794 4204 879 4253 est
917 4200 1292 4255 ambitionem
1343 4204 1640 4272 praesentis
1685 4203 1813 4257 vitae
1855 4203 2022 4257 citius

2134 3041 2325 3096 animo
2354 3038 2611 3102 dimittit,
2667 3040 2731 3089 ut
2769 3038 2999 3105 egentes
3033 3033 3306 3086 habeant.
3368 3034 3651 3086 Praeterea
3691 3043 3811 3081 cum

2133 3129 2254 3183 haec
2280 3126 2495 3197 populo
2528 3122 2974 3195 praecipiuntur;
3002 3120 3101 3190 qui
3139 3136 3255 3173 non
3286 3118 3572 3189 indigent,
3627 3115 3808 3170 admo-

2132 3221 2340 3270 nentur
2380 3230 2454 3269 ne
2508 3213 2615 3267 ista
2667 3213 2946 3282 quaerant.
2978 3208 3035 3263 Si
3066 3212 3259 3262 autem
3290 3207 3664 3279 quaesierunt,
3696 3209 3812 3257 tano

2134 3321 2305 3376 quam
2340 3303 2636 3374 praedones
2666 3314 2985 3370 pauperum
3007 3296 3309 3367 judicaudi
3351 3302 3504 3351 sunt.

2208 3394 2431 3447 Vineam
2481 3397 2649 3445 tuam.
2712 3388 2948 3441 Vineam
3001 3386 3070 3440 de
3123 3400 3239 3456 qua
3284 3385 3576 3456 colligitur
3604 3383 3808 3446 vinum,

2130 3482 2280 3553 quod
2312 3480 2564 3536 laetificat
2593 3494 2691 3532 cor
2728 3475 2978 3532 hominis
3008 3476 3179 3544 (Psal.
3210 3474 3342 3541 cm).

2770 3618 2995 3673 CAPUT
3033 3616 3183 3671 XXV.

2202 3756 2359 3809 Vens.
2415 3758 2463 3807 1.
2525 3782 2593 3792 -
2643 3752 2705 3807 Si
2748 3752 2918 3816 fuerit
2967 3763 3152 3802 causa.
3212 3747 3400 3818 (Αιια.9
3460 3750 3647 3817 quaest.
3707 3742 3807 3813 45).

2132 3846 2299 3900 LXX:
2354 3844 2415 3898 Si
2445 3845 2625 3896 autem
2677 3841 2848 3907 fuerit
2893 3839 3174 3892 altercatio
3225 3839 3367 3890 inter
3394 3838 3653 3901 homines,
3684 3837 3807 3895 etc.,

2129 3948 2299 4003 usque
2323 3932 2398 3986 ad
2423 3930 2502 3984 sic
2535 3933 2593 3983 et
2621 3932 2852 3999 peccata
2889 3942 3018 3997 qua:
3040 3941 3150 3978 non
3181 3925 3243 3978 in
3275 3925 3477 3990 Deum,
3513 3924 3607 3978 sed
3642 3922 3699 3977 in
3720 3921 3810 3975 ho-

2132 4023 2345 4076 minem
2381 4018 2645 4073 videntur
2674 4016 2918 4079 admitti,
2951 4013 3214 4087 quaedam
3245 4018 3379 4068 sunt
3413 4013 3588 4084 digna
3618 4014 3807 4073 morte,

2131 4109 2397 4180 quaedam
2429 4107 2680 4161 verbere.

2202 4198 2363 4251 Vens.
2398 4199 2456 4252 3.
2516 4225 2586 4236 —
2642 4193 3169 4260 Quadragenarium.
3204 4190 3696 4262 Quadragenarius
3727 4187 3812 4241 de-

330 4284 573 4349 domari,
608 4302 677 4340 ne
699 4288 884 4341 valeat
912 4288 1215 4342 dominari.
1253 4290 1471 4344 Etcum
1509 4295 1735 4345 terrena
1764 4291 1908 4345 actio
1930 4308 2016 4345 se-
2048 4302 2093 4356 Ῑ)
2130 4285 2291 4339 nario
2319 4290 2521 4356 quater
2549 4284 2716 4337 ducto
2746 4281 3054 4352 perﬁcitur.
3116 4281 3228 4335 Nos
3284 4296 3417 4333 vero
3465 4279 3536 4333 de
3580 4280 3812 4350 quatuor

330 4372 444 4425 mel
470 4372 643 4426 fuerit
670 4374 917 4443 repulsa,
968 4391 1081 4429 non
1116 4380 1203 4429 est
1254 4378 1562 4447 repetenda
1594 4394 1607 4432 :
1646 4395 1716 4433 ne
1748 4384 1874 4450 post
1904 4384 2019 4434 ter-

328 4473 465 4527 gum
498 4459 780 4530 respiciat,
816 4462 916 4532 qui
954 4462 1014 4517 in
1046 4468 1232 4517 aratro
1263 4479 1499 4517 manum
1530 4471 1815 4534 posuerat.

404 4551 561 4605 Vens.
597 4554 648 4605 5.
684 4582 743 4593 —-
799 4554 929 4609 Cum
976 4557 1260 4624 acceperit.
1311 4555 1501 4622 Quasi,
1531 4556 1859 4627 quicunque
1898 4573 2017 4611 car-

329 4639 554 4693 nalibus
601 4640 898 4695 desideriis
953 4659 1012 4697 se
1058 4642 1275 4715 obligat
1320 4645 1391 4698 ad
1425 4646 1682 4716 regimen
1734 4647 2015 4712 Ecclesiae,

329 4732 386 4781 et
411 4727 481 4781 ad
509 4727 821 4798 spiritalem
855 4730 1117 4786 militiam
1143 4749 1201 4785 se
1230 4749 1344 4786 non
1377 4732 1627 4789 habilem
1660 4751 1783 4789 esse
1815 4752 2022 4806 cogno-

330 4820 446 4869 scat
478 4816 660 4881 :Quia
687 4834 838 4873 nemo
879 4820 1127 4875 militans
1160 4821 1262 4875 Deo
1304 4823 1550 4890 implicat
1581 4837 1635 4877 se
1671 4825 2020 4879 saecularibus

328 4910 575 4974 negotiis,
633 4913 694 4963 ut
745 4912 795 4963 ei
845 4911 1063 4979 placeat
1084 4911 1171 4965 cui
1216 4926 1271 4964 se
1320 4911 1576 4979 probavit
1629 4913 1713 4984 (ΙΙ
1745 4915 1860 4967 Tim
1918 4914 2019 4984 11;)

332 4995 482 5048 unde
509 4997 748 5052 :Nemini
766 4999 872 5053 cito
900 5013 1120 5051 manum
1144 4999 1486 5067 imposueris.

403 5080 575 5153 (1511).)
654 5084 826 5139 Tollit
879 5085 1093 5139 molam
1144 5085 1498 5155 superiorem
1557 5087 1659 5158 qui
1724 5093 2022 5158 peccatum

331 5170 489 5224 ﬂenti
519 5171 656 5224 dicit
687 5188 700 5225 :
740 5173 863 5227 Non
891 5175 1129 5229 habebis
1156 5175 1384 5229 veniam
1412 5175 1481 5230 de
1512 5176 1851 5231 commissis.
1886 5177 2022 5230 Tol—

331 5258 398 5313 lit
443 5259 771 5315 inferiorem
826 5262 925 5333 qui
984 5269 1274 5334 peccatem
1329 5266 1627 5335 palpando
1673 5267 1853 5323 dicit:
1904 5268 2020 5336 Age

332 5349 483 5402 mala
524 5354 804 5421 quantum
838 5350 941 5415 vis,
998 5353 1144 5407 Deus
1195 5353 1321 5423 pius
1350 5358 1437 5407 est
1464 5359 1523 5409 et
1563 5358 1633 5410 ad
1665 5357 1886 5412 veniam
1918 5377 2021 5431 pa-

334 5442 522 5505 ratus;
546 5437 764 5493 utiliter
793 5444 1035 5511 utraque
1070 5441 1222 5495 mola
1253 5442 1515 5509 habetur,
1547 5444 1594 5497 si
1632 5462 1760 5516 spes
1791 5449 1863 5502 sit
1892 5464 2021 5505 cum

331 5529 673 5585 emendante
693 5529 997 5586 formidine
1019 5534 1075 5585 et
1111 5529 1357 5586 formido
1386 5548 1516 5588 cum
1542 5550 1665 5607 spe.

2130 4374 2428 4428 elementis
2475 4372 2790 4427 secundum
2833 4385 3040 4440 corpus
3089 4367 3483 4423 consistimus:
3542 4368 3811 4439 precepts

2130 4470 2385 4542 decalogi
2418 4486 2520 4540 per
2551 4469 2852 4524 denarium
2890 4466 3277 4536 accipiuntur.
3310 4464 3481 4519 Juhet
3511 4480 3646 4535 ergo
3669 4459 3809 4532 judi-

2128 4560 2282 4614 cium
2311 4560 2399 4613 vel
2444 4558 2777 4621 vindictam,
2827 4557 2885 4609 iu
2940 4571 3052 4626 qua
3080 4553 3266 4607 carnis
3298 4558 3596 4624 peccatum
3624 4548 3807 4623 plecti-

2127 4653 2245 4715 tur,
2303 4647 2614 4701 secundum
2666 4650 2951 4716 praecepta
2984 4640 3257 4709 ordinari,
3293 4636 3346 4695 et
3386 4642 3584 4696 omnia
3612 4654 3807 4711 prece-

2129 4739 2227 4805 pta
2254 4735 2313 4788 in
2344 4735 2612 4805 decalogo
2652 4734 2773 4789 vult
2812 4731 3078 4801 intelligi.

2200 4825 2376 4895 (1511).)
2400 4826 2462 4877 lu
2493 4820 2947 4893 quadragenario
2976 4820 3083 4874 hoc
3112 4826 3339 4890 tempus
3365 4818 3665 4891 figuratur,
3685 4820 3806 4879 etc.,

2128 4929 2296 4983 usque
2326 4914 2400 4967 ad
2429 4912 2545 4969 illic
2574 4913 2697 4966 sine
2729 4914 2959 4982 peccato
3000 4908 3346 4964 invenimur.

2203 5004 2361 5068 Vens.
2476 5032 2545 5042 —
2574 5003 2643 5058 Os
2684 5001 2832 5056 bovis
2852 5000 3189 5054 triturantis.
3226 4997 3404 5068 (ῐειο.)
3426 4999 3490 5053 In
3521 4999 3662 5053 bove
3706 4994 3807 5050 vita

2129 5092 2493 5163 operantium
2525 5090 2886 5161 exprimitur,
2923 5089 2992 5143 de
3050 5104 3165 5159 quo
3210 5087 3419 5141 dicitur
3453 5104 3465 5142 :
3512 5090 3714 5155 Dignus
3737 5085 3808 5137 est

2129 5185 2272 5237 enim
2300 5184 2580 5251 operarius
2604 5179 2840 5235 mercede
2868 5193 2970 5233 sua
2991 5178 3139 5248 (Luc.
3194 5176 3268 5246 x).
3316 5177 3447 5230 Vult
3499 5192 3636 5248 ergo
3671 5171 3806 5229 Scri-

2132 5277 2301 5342 ptura
2348 5270 2605 5343 praastari
2624 5268 2873 5324 carnalia
2901 5267 2971 5321 iis
3000 5284 3033 5321 a
3061 5265 3269 5338 quibus
3297 5264 3609 5336 accipimus
3640 5260 3801 5334 spiri-

2131 5360 2330 5429 tualia,
2363 5360 2463 5430 qui
2480 5358 2743 5430 occupati
2766 5358 2828 5412 in
2860 5355 3121 5413 doctrina
3149 5371 3267 5411 non
3290 5358 3534 5426 possunt
3561 5354 3663 5410 sibi
3692 5366 3807 5424 pro-

2130 5447 2324 5502 videre
2351 5447 2688 5503 necessaria.

2202 5536 2363 5590 Vens.
2415 5538 2464 5589 5.
2519 5565 2591 5577 —
2626 5535 2873 5607 Quando.
2925 5534 3114 5603 (Ana,
3164 5540 3353 5603 quast.
3404 5535 3521 5604 46.)
3585 5532 3719 5590 LXX.
3752 5529 3805 5583 Si
