4038 6180
166 274 258 328 481

1305 271 1568 328 GLOSSA
1606 271 2012 329 ORDINARIA.
2053 303 2122 311 —
2164 273 2292 327 LIB.
2338 270 2543 327 DEUT.

3564 281 3670 332 482

164 407 288 456 ante
327 403 714 454 habitaverunt
749 405 968 464 fratres,
1010 404 1143 467 etc.,
1168 415 1336 468 usque
1382 400 1456 453 ad
1506 405 1606 454 aut
1634 400 1867 469 adoptio
1897 400 1946 453 Α
1984 399 2042 452 in
2083 404 2232 452 terra
2260 397 2653 469 promissionis
2676 415 2806 452 suas
2855 399 3136 469 primitias
3169 401 3452 470 jubentur
3480 403 3684 457 offerre

162 491 294 545 fecit
321 493 566 543 alterum
599 497 817 559 patrem
849 505 1017 558 quem
1053 494 1241 556 posset
1278 488 1729 558 habereJosepb.

235 581 402 634 Vnus.
435 583 486 633 5.
528 607 598 619 —
653 580 898 633 Mortuus
945 578 1125 647 fuerit.
1166 580 1367 631 Passus
1399 582 1482 631 est
1513 582 1568 630 et
1619 577 1870 631 ascendit

161 668 220 721 in
253 669 462 721 calum
493 667 677 720 adhuc
707 682 994 736 synagoga
1025 666 1204 719 sterili
1233 670 1624 735 permanente.

231 757 342 810 Sed
381 758 630 826 accipiet.
690 761 794 809 etc.
839 755 944 819 Qui
1004 771 1200 824 regere
1233 756 1397 821 valet,
1433 755 1524 807 cui
1566 755 1778 807 nolenti
1811 755 1869 807 in

163 846 367 900 faciem
402 846 609 898 mulier
639 845 886 914 exspuit.
935 845 1041 908 Qui
1094 845 1246 897 enim
1303 843 1469 898 donis
1519 844 1871 914 spiritalibus

159 951 278 988 non
309 939 470 986 curat
502 933 762 1002 prodesse
793 932 938 997 aliis,
987 933 1158 1002 hujus
1209 933 1382 986 etiam
1429 931 1594 985 bonis
1628 931 1872 986 Ecclesia

161 1025 516 1094 exprobrans
545 1022 706 1092 quasi
738 1021 797 1076 in
831 1023 1034 1076 faciem
1086 1023 1262 1092 jactat
1301 1022 1557 1075 salivam.

232 1113 394 1164 Vens.
445 1115 494 1165 9.
547 1139 616 1152 —
665 1112 1118 1166 Calceamentum.
1180 1111 1257 1164 De
1309 1127 1424 1180 quo
1470 1111 1712 1164 dicitur:
1748 1111 1868 1166 Cal-

161 1204 300 1253 ceati
339 1200 500 1268 pedes
566 1203 623 1252 in
669 1203 1074 1268 preparatione
1131 1201 1416 1267 Evangelii
1465 1202 1620 1268 pacis
1648 1200 1868 1268 (Ezech.

162 1290 252 1357 v1).
315 1290 374 1343 Si
435 1296 497 1342 ut
556 1294 829 1354 nostram,
899 1289 978 1341 sic
1048 1303 1244 1341 curam
1300 1287 1542 1358 proximi
1597 1287 1869 1358 gerimus,

165 1385 474 1447 utrumque
523 1378 726 1446 pedem
786 1378 1174 1430 calceamento
1235 1376 1562 1442 munimus;
1608 1377 1708 1447 qui
1742 1393 1872 1430 vero

166 1484 326 1519 suam
406 1469 660 1536 cogitant
745 1466 1051 1519 utilitatem
1146 1466 1537 1535 proximorum
1613 1464 1870 1533 negligit,

164 1556 325 1624 quasi
381 1555 549 1608 unius
636 1555 796 1624 pedis
857 1556 1306 1608 calceamentum
1385 1571 1513 1608 cum
1595 1554 1871 1608 dedecore

165 1646 394 1698 amittit.

235 1737 308 1788 De
336 1733 491 1800 pede,
549 1733 605 1786 id
664 1738 747 1786 est
792 1733 1049 1786 mercede
1115 1731 1533 1802 praedicationis
1587 1731 1872 1801 privatum

163 1825 438 1876 ostendet.
466 1825 771 1875 Doctorum
819 1822 973 1875 enim
1034 1821 1204 1892 pedes
1247 1822 1481 1874 calceati
1535 1825 1687 1884 sunt,
1739 1820 1873 1890 quia

166 1911 444 1980 exemplis
475 1911 920 1981 prazcedeutium
955 1917 1180 1979 patrum
1214 1910 1417 1963 muniti
1467 1925 1692 1979 gressus
1724 1925 1871 1978 pras-

168 1991 468 2045 dicationis
511 2007 708 2045 eorum
768 1991 975 2044 imitati
1038 1997 1188 2043 sunt.
1250 1991 1501 2060 Utroque
1554 1991 1693 2060 pede
1758 1990 1873 2043 cal-

170 2088 362 2134 ceatus
399 2086 507 2148 est,
551 2081 650 2150 qui
680 2081 787 2134 sibi
820 2088 874 2133 et
903 2079 1027 2132 aliis
1057 2079 1304 2150 prodest.

236 2171 404 2223 Vens.
449 2173 531 2224 tl.
567 2200 633 2208 ——
682 2172 753 2223 Et
803 2185 940 2223 unus
998 2173 1186 2223 contra
1244 2169 1492 2221 alterum.
1550 2166 1872 2223 Catholicus

167 2259 578 2329 haai'etieusque
636 2275 881 2329 quorum
969 2263 1251 2328 perpetua
1337 2257 1648 2321 contentio,
1737 2257 1872 2327 quia

167 2348 353 2416 dispar
388 2347 630 2400 intentio
663 2364 676 2400 :
711 2348 852 2400 alter
879 2347 1031 2400 enim
1054 2346 1382 2412 falsitatem,
1419 2347 1562 2399 alter
1617 2344 1873 2399 defendit

169 2435 485 2498 veritatem,
519 2440 574 2489 et
607 2435 867 2488 resistere
899 2440 1127 2505 oportet
1170 2434 1368 2500 errori,
1407 2451 1478 2488 ne
1530 2433 1636 2486 sibi
1667 2435 1872 2486 stultus

167 2523 391 2593 sapiens
425 2522 704 2576 videatur.

227 2615 567 2681 Miser-itque.
611 2613 718 2665 Per
774 2611 975 2665 falsam
1030 2610 1410 2680 ignominiam
1465 2611 1548 2663 vel
1582 2609 1869 2664 actionem

169 2701 611 2754 abominandam
690 2701 932 2754 voluerit
1016 2701 1279 2754 catholici
1377 2700 1867 2754 conversationem

174 2790 454 2843 maculare
475 2790 562 2842 vel
596 2788 910 2843 doctrinam
941 2788 1257 2842 diﬂ'amare.

270 2878 539 2933 Verenda.
627 2877 943 2931 Inﬁrmiora
1000 2877 1258 2930 membra
1309 2877 1587 2940 Ecclesia),
1663 2877 1874 2933 scilicet

1980 504 2082 558 pro
2112 487 2422 558 gratiarum
2454 487 2692 551 actione,
2747 488 2881 558 quia
2912 490 3090 558 erepti
3139 495 3272 543 sunt
3299 490 3368 544 de
3423 492 3683 561 Egypto,

1979 576 2058 628 sic
2089 592 2188 628 nos
2220 592 2322 645 per
2349 575 2662 645 spiritalem
2712 577 3039 642 Iordanem,
3088 578 3142 630 id
3172 583 3255 631 est
3307 579 3684 648 baptismum,

1976 669 2187 718 terram
2226 664 2482 719 Ecclesia:
2532 665 2808 718 intrantes
2867 682 3143 735 ponamus
3192 667 3252 720 in
3310 669 3522 721 cartalo
3555 685 3685 722 con-

1979 754 2313 806 versationis
2369 759 2571 806 HOSU‘tB
2621 754 2903 823 primitias
2961 755 3310 824 operationis
3385 756 3573 824 bonae,
3635 763 3691 812 et

1982 842 2288 896 offeramus
2344 844 2455 895 Deo
2511 842 2570 895 in
2622 843 2786 895 altari
2845 843 2975 895 fidei
3005 844 3315 910 catholicae,
3345 849 3406 896 ut
3427 846 3688 899 sacerdos

1981 937 2171 984 noster
2217 932 2470 985 Christus
2530 931 2821 999 suscipiat,
2872 931 3066 1001 ibique
3120 931 3495 986 conﬁteamur
3577 936 3688 988 Do-

1983 1035 2139 1072 mino
2168 1020 2416 1073 dicentes
2449 1020 2600 1089 quod
2654 1022 2847 1088 Syrus,
2883 1021 2982 1090 qui
3045 1020 3454 1092 interpretatur
3509 1023 3687 1076 subli-

1983 1109 2218 1174 mis,vel
2275 1110 2629 1173 humectans,
2682 1109 2732 1160 id
2785 1116 2870 1161 est
2929 1109 3206 1177 diabolus,
3238 1111 3690 1180 persequebatur

1984 1202 2202 1266 patrem
2231 1201 2522 1260 uostrum,-
2561 1196 2616 1249 id
2667 1201 2751 1249 est
2803 1197 3240 1266 protoplastum,
3271 1203 3333 1252 ut
3386 1200 3688 1268 deceptum

1982 1301 2086 1356 per
2115 1286 2464 1356 superbiam,
2497 1285 2691 1355 gulam
2723 1290 2777 1338 et
2808 1287 3123 1351 araritiam,
3179 1287 3432 1356 paradisi
3472 1305 3689 1357 posses-

1984 1374 2142 1427 sione
2175 1373 2440 1444 privaret,
2479 1375 2630 1427 unde
2662 1375 2818 1426 exsul
2879 1375 2936 1426 in
2969 1375 3207 1444 .Egypto
3258 1376 3429 1444 hujus
3483 1378 3687 1431 mundi

1984 1462 2379 1531 peregrinatus
2413 1466 2495 1513 est
2547 1461 2606 1514 in
2663 1479 2836 1531 parvo
2896 1479 3154 1526 numero,
3199 1465 3333 1533 quia
3363 1465 3529 1518 multi
3561 1466 3684 1519 ido-

1984 1551 2267 1604 lolatriam
2301 1549 2477 1602 secuti
2505 1555 2653 1614 sunt,
2703 1557 2760 1602 et
2817 1551 2984 1620 pauci
3034 1552 3227 1604 fideles
3262 1561 3681 1608 remanserunt.

1983 1640 2089 1694 Sed
2118 1646 2419 1709 postquam
2469 1639 2592 1708 lege
2645 1639 2775 1693 data
2833 1641 3024 1708 plures
3081 1648 3468 1708 surrexerunt,
3501 1643 3686 1697 scien-

1982 1730 2120 1781 tiam
2149 1736 2206 1781 et
2236 1728 2405 1781 tidem
2441 1728 2608 1780 unius
2644 1729 2738 1780 Dei
2796 1729 3156 1798 accipientes,
3221 1731 3545 1784 afflixerunt
3588 1749 3684 1785 eos

1982 1817 2248 1886 Egyptii,
2294 1817 2349 1869 id
2392 1821 2474 1870 est
2524 1817 2835 1883 dmmones,
2870 1834 3041 1871 onera
3088 1824 3449 1887 peccatorum
3480 1822 3691 1889 gravis-

1988 1904 2132 1958 sima
2184 1905 2561 1974 imponentes.
2610 1905 2716 1959 Sed
2761 1906 3011 1974 respexit
3041 1907 3184 1959 Deus
3223 1908 3464 1960 humani
3515 1924 3685 1978 gene-

1985 1995 2059 2047 ris
2105 1993 2473 2046 aftlnetiouem
2513 1999 2567 2046 et
2619 1993 2891 2056 laborem,
2924 1999 2979 2046 et
3032 1995 3187 2047 misit
3245 1995 3448 2048 Filium
3499 2013 3688 2065 suum,

1981 2081 2081 2151 qui
2115 2097 2315 2134 manus
2366 2082 2489 2149 ejus
2533 2087 2590 2134 et
2621 2081 2917 2134 brachium
2961 2082 3187 2149 dicitur,
3222 2087 3283 2136 ut
3311 2085 3561 2154 eriperet
3619 2087 3689 2140 de

1981 2175 2258 2240 potestate
2304 2169 2690 2234 tenebrarum,
2740 2176 2796 2224 et
2839 2171 3168 2223 transferret
3197 2172 3257 2224 in
3301 2188 3548 2242 regnum
3596 2175 3690 2227 lu-

1979 2259 2079 2312 cis.
2122 2258 2209 2312 Sic
2263 2258 2494 2311 tradidit
2543 2258 2708 2311 nobis
2751 2265 2961 2312 terram
3000 2259 3142 2312 lacte
3177 2265 3232 2313 et
3261 2263 3429 2316 melle
3458 2279 3694 2317 manan-

1978 2353 2117 2408 tem,
2163 2347 2218 2400 id
2255 2353 2358 2413 est,
2392 2352 2690 2416 potentem
2729 2347 3050 2415 Ecclesium,
3087 2349 3188 2402 ubi
3227 2349 3313 2402 lac
3347 2349 3691 2407 innocentia:

1978 2441 2034 2491 et
2063 2436 2221 2489 favus
2280 2435 2568 2499 doctrinas,
2623 2436 2772 2489 unde
2830 2436 3160 2489 nutriantur
3211 2439 3457 2507 parvuli,
3493 2445 3550 2494 et
3579 2443 3692 2495 mel

1980 2523 2161 2576 dulcis
2193 2527 2249 2576 et
2300 2522 2634 2592 multiplicis
2691 2522 3003 2593 sapientiae,
3043 2525 3194 2578 unde
3236 2525 3516 2581 satientur
3560 2545 3691 2597 per-

1983 2612 2139 2668 fecti.

2056 2702 2213 2754 Vens.
2279 2702 2360 2754 l0.
2417 2731 2486 2740 —
2545 2702 2720 2766 Quam
2799 2702 3066 2756 Dominus
3143 2705 3278 2757 Deus
3355 2704 3524 2770 dedit,
3583 2712 3690 2760 etc.

1979 2787 2149 2850 Quasi
2204 2804 2318 2841 non
2357 2787 2533 2842 offero
2576 2789 2684 2842 nisi
2722 2789 2876 2860 quod
2917 2789 3118 2843 dedit:
3152 2806 3321 2844 omne
3372 2793 3526 2845 enim
3587 2794 3688 2847 bo-

1982 2893 2124 2930 num
2156 2893 2186 2929 a
2222 2877 2337 2930 Deo
2370 2881 2474 2930 est.

178 2967 357 3020 volent
382 2966 731 3020 blandiendo
790 2966 1052 3035 decipere
1083 2966 1170 3018 vel
1209 2965 1536 3020 insultando
1594 2965 1871 3021 deridere.
1905 2973 1945 3028 ρ
2059 2967 2280 3019 Domini
2343 2967 2440 3018 Dei
2493 2967 2596 3019 tui.
2651 2965 2825 3029 Quasi
2885 2965 2990 3019 sub
3057 2968 3236 3021 oculis
3314 2969 3582 3038 servabit,
3639 2973 3697 3024 et

245 3057 404 3110 Vens.
447 3058 532 3110 l3.
571 3085 631 3097 —
670 3057 786 3110 Non
841 3055 1060 3108 habebis
1105 3057 1162 3108 in
1217 3056 1445 3108 sacculo.
1505 3056 1567 3108 In
1637 3055 1882 3110 Levitico

186 3143 333 3198 idem
414 3142 795 3198 interdicitur.
856 3142 1122 3197 Salomon
1181 3157 1412 3212 quoque
1482 3142 1604 3196 ait:
1673 3144 1884 3198 Pondus

183 3249 436 3300 magnum
467 3238 516 3286 et
535 3233 818 3301 pusillum,
857 3237 906 3284 et
964 3246 1225 3286 mensura
1278 3231 1538 3300 duplices,
1593 3233 1885 3288 immunda

175 3326 298 3374 sunt
328 3321 480 3390 apud
508 3324 673 3375 Deum
701 3321 885 3389 (Prov.
920 3319 1031 3389 xx).

243 3409 420 3479 Usta.)
481 3412 601 3465 Non
649 3409 868 3462 habebis
921 3412 979 3462 in
1025 3410 1254 3463 sacculo.
1305 3408 1691 3478 Spiritualiter
1745 3426 1885 3481 quo-

173 3514 279 3567 que
335 3497 685 3552 studendum
735 3503 841 3565 est,
900 3512 969 3550 ne
1027 3497 1248 3550 diversa
1295 3497 1550 3566 pondera
1610 3497 1669 3550 in
1718 3499 1885 3554 corde

173 3585 504 3653 habeamus,
573 3586 630 3639 id
661 3590 766 3650 est,
827 3585 1198 3639 districtionis
1238 3586 1497 3655 regulam
1551 3586 1710 3640 nobis
1737 3589 1884 3641 mol-

173 3675 392 3742 lientes,
427 3692 524 3729 eos
558 3675 762 3746 quibus
818 3674 1055 3729 verbum
1089 3675 1184 3728 Dei
1256 3675 1634 3745 praedicamus
1693 3676 1883 3730 distri-

175 3764 444 3818 ctioribus
515 3763 813 3834 praeceptis
887 3764 1050 3834 quasi
1104 3764 1459 3834 gravioribus
1533 3765 1885 3834 ponderibus

177 3854 509 3907 obruamus.
561 3853 721 3916 Quod
788 3869 920 3905 cum
990 3852 1249 3917 facimus,
1324 3853 1545 3906 diverso
1630 3854 1884 3923 pondere

181 3947 597 4012 praceptorum
633 3941 859 3994 Domini
891 3941 1214 3994 mercedem
1268 3942 1608 4012 frugemque
1667 3959 1883 4012 appen-

182 4031 391 4096 dimus,
426 4031 615 4085 unde:
649 4030 994 4084 Abominatio
1048 4034 1126 4084 est
1167 4033 1389 4084 Domino
1439 4030 1650 4098 pondus
1683 4031 1886 4100 duplex

181 4122 359 4186 (Prov.
396 4123 510 4187 xx).

249 4210 410 4263 Vens.
450 4213 533 4263 t7.
568 4237 637 4248 —
667 4209 924 4262 Memento
976 4222 1112 4275 qua.
1173 4206 1430 4260 Traduut
1479 4205 1700 4260 Hebraei
1733 4208 1886 4278 quod

178 4297 436 4367 leprosos
488 4308 542 4350 et
588 4295 802 4350 semine
862 4295 1122 4360 fluentes,
1186 4299 1240 4347 et
1296 4295 1436 4348 alios
1495 4301 1652 4349 extra
1705 4302 1956 4360 castraD

175 4388 397 4455 positos
456 4384 806 4439 interfecerit
874 4384 1124 4449 Amalec,
1207 4389 1262 4436 et
1322 4384 1428 4437 hoc
1503 4385 1700 4438 dicunt
1762 4401 1884 4439 esse

173 4482 462 4528 extremos
493 4473 736 4544 agminis
797 4473 1042 4526 Domini.
1092 4472 1322 4526 Amalec
1380 4471 1604 4542 lingens
1654 4473 1886 4544 sangui-

176 4581 328 4618 nem.
359 4564 428 4616 Ili
461 4569 594 4616 sunt
647 4563 934 4618 daemones
993 4561 1092 4632 qui
1152 4560 1312 4614 nobis
1371 4577 1472 4630 per
1538 4560 1886 4631 baptismum

175 4654 242 4706 de
270 4652 520 4723 spiritali
576 4653 814 4721 Aigypto
891 4650 1229 4704 exeuntibus
1274 4649 1661 4716 adversantur,
1720 4657 1777 4705 et
1827 4651 1888 4706 in

175 4742 487 4796 virtutibus
541 4746 839 4802 extremos,
889 4743 944 4792 et
998 4740 1055 4792 in
1109 4739 1310 4792 itinere
1377 4738 1548 4808 hujus
1602 4739 1730 4793 vitae
1786 4741 1890 4794 las-

177 4839 325 4885 satos
386 4835 618 4900 peccata
693 4827 1051 4898 suggerendo
1135 4827 1367 4880 student
1432 4827 1706 4882 occidere.
1778 4829 1888 4882 Hos

176 4938 305 4974 cum
341 4919 622 4974 Dominus
654 4918 980 4970 facultatem
1029 4915 1268 4981 dederit,
1319 4916 1553 4969 omnino
1613 4917 1888 4971 debemus

175 5011 503 5063 subvertere
535 5013 591 5060 et
621 5005 1016 5076 suggestiones
1042 5021 1238 5058 eorum
1272 5005 1430 5057 omni
1487 5005 1653 5059 modo
1684 5006 1888 5076 ejicere

177 5105 346 5168 atque
388 5098 600 5158 delere,
661 5111 732 5148 ne
785 5095 830 5147 si
884 5095 1102 5164 aliquas
1179 5093 1474 5163 reliquias,
1529 5094 1676 5148 sicut
1730 5095 1883 5161 Saul,

179 5187 612 5252 servaverimus,
660 5183 823 5254 quasi
904 5183 1298 5238 inobedientes
1360 5199 1486 5236 cum
1536 5183 1617 5236 eis
1649 5185 1888 5240 subver-

181 5281 389 5330 tamur.

859 5414 1085 5470 CAPUT
1126 5415 1301 5469 XXVI.

249 5542 412 5596 Vens.
468 5545 519 5595 l.
576 5569 642 5580 --
722 5541 958 5609 Cumque
1040 5541 1350 5593 intraveris.
1403 5537 1558 5592 Sicut
1620 5537 1890 5593 Israelita

1991 3055 2190 3110 reddet
2215 3054 2275 3108 in
2306 3054 2403 3107 illa
2435 3053 2528 3108 die
2552 3054 2741 3124 justus
2761 3054 2958 3124 judex.

2062 3144 2223 3197 Vens.
2287 3146 2370 3197 ll.
2427 3173 2494 3183 —
2547 3144 2869 3212 Epulaberis
2907 3187 2919 3210 ,
2987 3143 3231 3214 spiritali
3299 3147 3576 3214 convivio,
3627 3148 3698 3202 de

1991 3248 2106 3304 quo
2161 3231 2370 3286 dicitur
2399 3249 2412 3286 :
2445 3233 2728 3299 Comedite,
2762 3235 2943 3300 amici,
2993 3238 3042 3287 et
3085 3235 3452 3302 inebriamiui,
3482 3239 3695 3291 charis-

1989 3321 2118 3374 simi
2145 3318 2390 3390 (Cantic.
2423 3319 2499 3389 v).

2061 3410 2129 3462 Et
2158 3410 2385 3472 Levites,
2418 3423 2583 3461 verus
2644 3408 2742 3462 Dei
2791 3409 3051 3464 minister
3097 3417 3422 3483 assumptus
3470 3429 3534 3468 ex
3593 3415 3697 3469 ho-

1993 3495 2264 3562 minibus,
2301 3501 2357 3550 et
2383 3499 2726 3550 constitutus
2756 3514 2859 3568 pro
2893 3499 3222 3554 hominibus
3258 3501 3316 3554 in
3349 3502 3438 3556 his
3465 3519 3596 3573 qua:
3629 3506 3700 3560 ad

1993 3587 2172 3639 Deum
2205 3593 2352 3638 sunt.

2063 3675 2224 3730 Vens.
2286 3677 2367 3728 12.
2425 3703 2495 3713 -
2532 3673 2761 3739 Quando
2818 3677 3200 3745 compleveris:
3251 3677 3358 3732 hoc
3393 3679 3536 3749 legis
3589 3680 3695 3734 im-

1991 3763 2172 3833 plesse
2219 3762 2473 3828 Tobiam,
2506 3763 2605 3816 sed
2649 3764 2748 3833 qui
2793 3763 2962 3834 longe
3003 3771 3164 3819 erant
3194 3783 3224 3818 a
3283 3769 3498 3837 templo
3533 3770 3700 3823 tertio

1993 3867 2142 3904 anno
2173 3851 2436 3904 collectas
2491 3849 2664 3904 trium
2708 3867 2992 3905 annorum
3033 3853 3284 3906 decimas
3315 3855 3528 3910 dabant
3553 3873 3697 3927 pau-

1993 3940 2226 4010 peribus
2255 3944 2312 3994 et
2342 3939 2545 3994 Levitis
2576 3939 2674 4011 qui
2703 3956 2893 3994 secum
2919 3942 3307 3995 morabantur.

2615 4096 2838 4151 CAPUT
2875 4098 3076 4151 XXVII.

2070 4202 2227 4256 Vnus.
2259 4203 2317 4255 2.
2367 4231 2436 4242 —
2468 4202 2728 4270 Lapides.
2784 4205 3051 4257 Doctores
3083 4203 3292 4259 debent
3333 4223 3564 4262 omnem
3614 4225 3704 4262 as-

1995 4290 2296 4360 peritatem
2344 4289 2651 4360 deponere,
2686 4296 2742 4345 et
2780 4292 2910 4346 ideo
2959 4293 3245 4362 splendidi
3290 4311 3567 4366 apparere
3600 4299 3695 4352 ha-

1997 4379 2191 4432 bentes
2223 4379 2406 4449 legem
2437 4379 2704 4450 scriptam
2737 4380 2795 4433 in
2829 4382 3094 4436 cordibus
3123 4383 3259 4437 suis.

2066 4468 2226 4521 Vens.
2297 4468 2329 4520 4
2410 4498 2476 4507 -
2528 4469 2754 4538 Quando
2803 4485 2948 4536 ergo.
3009 4473 3180 4542 (1510.)
3236 4472 3537 4536 Quomodo
3600 4475 3705 4529 hoc

1995 4555 2208 4610 factum
2253 4555 2444 4618 fuerit,
2504 4562 2634 4622 etc.,
2690 4573 2860 4628 usque
2918 4559 2992 4612 ad
3041 4560 3140 4630 qui
3201 4562 3394 4616 altaris
3445 4569 3704 4617 constru-

1995 4651 2183 4705 ctione
2216 4651 2375 4722 digni
2406 4657 2556 4706 sunt.

2065 4741 2171 4804 Qui
2206 4742 2366 4812 juxta
2402 4747 2655 4796 montem
2705 4743 2948 4798 Garizim
2983 4745 3257 4800 incedunt
3283 4748 3446 4801 electi
3478 4749 3546 4802 ad
3602 4749 3706 4803 be-

1995 4829 2399 4895 nedicendum,
2445 4830 2696 4900 figurant
2730 4848 2827 4885 eos
2861 4832 2960 4902 qui
3005 4849 3121 4886 non
3171 4840 3328 4888 metu
3361 4852 3570 4905 pceuae,
3605 4839 3703 4891 sed

1993 4919 2234 4972 caelestis
2297 4919 2689 4987 promissionis
2754 4936 2947 4972 amore
3018 4923 3288 4983 succensi,
3338 4925 3577 4978 veniunt
3625 4928 3694 4980 ad

1996 5009 2256 5061 salutem.
2286 5006 2393 5070 Qui
2421 5007 2582 5076 juxta
2631 5013 2887 5062 montem
2921 5009 3094 5062 Hebal
3149 5011 3440 5077 incedunt,
3477 5013 3536 5067 in
3588 5031 3704 5086 quo

1996 5095 2422 5148 maledictiones
2467 5097 2701 5164 prolatas
2731 5103 2895 5161 suat;
2930 5097 2986 5150 hi
3031 5103 3163 5151 sunt
3207 5100 3306 5169 qui
3353 5118 3466 5155 uon
3513 5119 3708 5157 amore

1996 5183 2458 5236 benedictionum
2510 5184 2593 5236 vel
2638 5184 3108 5252 promissionum,
3147 5188 3242 5241 sed
3289 5190 3705 5258 suppliciorum

1997 5271 2224 5337 timore,
2281 5272 2418 5341 legis
2473 5279 2760 5341 praecepta
2799 5273 3030 5328 faciunt.
3067 5276 3277 5330 Omnes
3325 5283 3518 5332 autem
3564 5280 3710 5333 circa

1998 5376 2190 5414 aream
2243 5359 2538 5424 incedunt,
2591 5359 2725 5429 quia
2773 5361 2845 5414 ab
2904 5363 3162 5417 Ecclesiae
3211 5365 3340 5420 sinu
3392 5383 3506 5421 non
3563 5385 3711 5422 rece-

1999 5448 2159 5504 dunt.
2211 5447 2322 5502 Sed
2381 5446 2710 5516 nobiliores,
2769 5449 2869 5519 qui
2913 5466 2980 5505 ex
3026 5452 3327 5523 charitate,
3389 5472 3560 5526 quam
3612 5458 3713 5527 qui

2000 5553 2184 5608 pinnas
2215 5536 2421 5591 timore
2468 5536 2739 5592 serviunt.
2779 5539 2941 5593 Solus
2993 5556 3127 5594 vero
3175 5543 3337 5598 Jesus
3379 5551 3568 5614 potest
3610 5546 3714 5599 bu-
