4038 6180
377 205 480 261 483

988 206 1383 264 WALAFRIDI
1421 208 1670 265 STRABI
1711 211 1912 268 FULD.
1955 213 2116 270 MON.
2156 214 2317 273 OPP.
2367 217 2544 274 PARS
2581 218 2624 272 Ι.
2666 249 2735 260 -
2773 221 3227 280 'I‘HEOLOGICA.

3774 233 3874 287 484

368 329 622 402 jusmodi
653 331 872 382 mentes
918 344 1276 399 cognoscere,
1312 335 1370 384 et
1396 331 1539 384 alios
1563 331 1624 384 in
1680 339 1878 388 monte
1910 335 2076 390 Gari-
2105 341 2151 394 A
2190 338 2352 394 sione
2405 341 2672 396 omnibus
2709 345 3071 401 sermonibus
3101 346 3244 418 legis
3273 363 3634 418 permanere,
3668 367 3794 407 cum
3823 358 3877 408 et

374 420 486 474 zim
526 419 595 472 ad
627 417 1102 484 benedicendum,
1138 417 1271 472 alios
1299 418 1360 472 in
1389 425 1583 474 monte
1632 423 1804 477 Hebal
1833 424 1903 478 ad
1947 442 2076 479 ma—
2184 428 2394 483 Paulus
2414 430 2562 484 dicat
2587 447 2599 484 :
2624 431 2935 502 Quicunque
2953 450 3022 488 ea:
3042 417 3293 504 operibus
3314 437 3446 504 legis
3468 445 3616 506 sunt,
3649 440 3746 494 sub
3768 458 3875 496 ma-

372 507 718 563 ledicendun
772 511 1042 574 statuere,
1100 523 1218 561 non
1274 512 1338 562 ut
1404 508 1868 565 maledictiouem
1921 514 2072 568 acci-

2181 517 2372 573 ledicto
2410 520 2573 575 sunt?
2608 520 2817 590 (Galat.
2875 524 2983 594 ιιι.)
3021 525 3198 578 Nemo
3241 525 3386 579 hanc
3411 527 3866 585 maledictionem

373 596 556 668 piant,
607 595 706 650 sed
751 599 813 648 ut
848 593 1275 649 maledictiones
1311 597 1548 668 scriptas
1595 604 1654 653 et
1679 603 2072 680 peccatoribus
2183 606 2428 660 evadere
2465 607 2674 678 potuit,
2706 625 2812 664 nec
2843 610 3159 681 legislator,
3202 613 3311 667 nisi
3341 614 3618 683 Christus,
3671 619 3821 673 unde
3853 635 3865 673 :

370 687 705 740 constitutas
733 688 987 752 caveant,
1022 689 1078 738 et
1107 683 1312 739 timore
1333 687 1598 756 supplicii
1627 689 1960 758 poeniteant.

441 776 601 829 Vens.
639 776 723 828 l3.
746 803 817 812 —
848 775 917 828 Et
960 775 1410 841 pronuntiabunt.
1445 775 1590 839 Quia
1636 778 1897 832 sacerdos
1946 797 2068 835 ver-

367 864 506 920 bum
555 864 834 917 instanter
877 867 933 915 et
968 863 1218 917 valenter
1248 863 1477 933 populis
1528 864 1844 934 praedicare
1874 864 2064 932 debet,

367 957 431 1007 ut
459 951 660 1018 sciant,
693 951 740 1005 si
769 951 1038 1005 mandata
1071 951 1168 1005 Dei
1199 952 1602 1022 praeterierint,
1643 970 1773 1024 quin
1814 952 2068 1024 pericula

365 1045 672 1108 maneant;
720 1039 766 1094 si
823 1039 1163 1106 obedierint,
1217 1057 1346 1112 quae
1403 1047 1716 1112 sequantur
1763 1042 2062 1111 beneﬁcia,

366 1129 576 1184 scilicet
604 1128 662 1184 in
691 1127 960 1199 praesenti
998 1127 1112 1180 vita
1141 1128 1428 1195 solatium,
1488 1133 1542 1182 et
1579 1129 1638 1183 in
1695 1129 1889 1184 futura
1917 1145 2064 1200 prte-

367 1218 549 1272 mium
579 1222 883 1272 aeternum.
935 1216 1352 1271 Maledictiones
1391 1222 1582 1271 autem
1624 1223 1680 1272 et
1714 1218 2064 1274 benedictio-

366 1323 467 1361 nes
491 1305 864 1361 historialiter
896 1305 1189 1374 pertinent
1225 1305 1295 1359 ad
1325 1321 1422 1359 eos
1475 1306 1573 1377 qui
1600 1306 1927 1361 felicitatem
1957 1311 2067 1361 ter-

367 1412 567 1450 renam
645 1399 844 1448 amant
927 1393 1017 1447 vel
1095 1393 1486 1448 infelicitatem
1547 1395 1878 1450 formidant.
1959 1395 2065 1450 Sed

366 1484 611 1539 maxime
668 1482 1003 1538 Christianis
1047 1482 1382 1548 cavendum,
1444 1499 1513 1537 ne
1569 1499 1674 1554 per
1729 1484 2063 1539 inobedien-

363 1574 504 1628 tiam
524 1571 910 1643 spiritualium
934 1570 1227 1640 patiantur
1250 1572 1588 1641 penuriam;
1624 1573 1890 1642 perfectis
1908 1574 2063 1628 enim

366 1661 499 1715 viris
566 1665 927 1714 terrenorum
985 1675 1134 1728 saepe
1197 1659 1478 1730 contingit
1535 1660 1865 1731 indigentia,
1939 1678 2068 1716 cum

363 1765 589 1820 semper
633 1749 782 1803 adsit
831 1748 1108 1802 virtutum
1156 1748 1336 1818 c0pia,
1388 1748 1574 1802 unde:
1614 1751 1788 1819 Usque
1829 1753 1886 1805 in
1931 1753 2069 1805 hanc

365 1840 554 1895 horam
623 1841 887 1892 esurimus
936 1842 987 1891 et
1063 1839 1281 1891 sitimus
1351 1843 1400 1890 et
1476 1837 1613 1891 nudi
1671 1853 1877 1907 sumus,
1953 1845 2061 1895 etc.

365 1929 426 1998 (Ι
457 1930 571 1984 Cor.
610 1927 706 1997 ιν).

433 2016 784 2072 Maledictus.
835 2015 962 2069 Non
1017 2013 1202 2067 solum
1254 2012 1579 2068 idololatria
1624 2014 2064 2071 simulacrorum

359 2104 720 2176 prohibetur,
750 2103 850 2158 sed
878 2102 1064 2156 omnis
1093 2101 1490 2156 haereticorum
1549 2119 1729 2159 error.
1782 2105 1850 2159 Hi
1908 2105 2063 2160 enim

357 2193 601 2249 artiﬁces
673 2192 937 2247 vanitatis
987 2197 1044 2247 et
1095 2193 1475 2264 superstitiosi
1530 2194 1832 2266 dogmatis,
1865 2196 1963 2266 qui
1994 2196 2062 2251 de

357 2283 527 2338 corde
556 2298 677 2347 suo,
711 2298 856 2352 quos
885 2281 1099 2349 volunt,
1134 2281 1360 2351 tingunt
1391 2282 1499 2337 sibi
1527 2283 1678 2339 deos.

429 2373 590 2425 VERS.
637 2373 721 2424 16.
755 2401 821 2409 -
869 2369 1054 2425 Omnis
1097 2371 1352 2440 populus.
1415 2371 1625 2426 Omnes
1682 2371 1892 2426 debent
1937 2373 2058 2427 lau-

359 2461 494 2516 dare
543 2460 716 2527 bona,
779 2463 835 2513 et
881 2458 1145 2513 detestari
1201 2459 1373 2525 mala,
1415 2463 1535 2514 tam
1603 2460 1828 2531 praelati
1886 2477 2059 2532 quam

359 2549 589 2604 subditi.

423 2639 590 2693 Vens.
642 2641 726 2692 17.
791 2666 855 2682 ν-
912 2636 1236 2693 Maledictus
1312 2639 1409 2706 qui
1460 2638 1752 2704 transferet
1783 2642 2052 2695 terminos.

356 2727 457 2782 Hic
481 2731 566 2782 est
585 2726 684 2796 qui
709 2742 824 2780 non
851 2730 1150 2780 contentus
1177 2725 1289 2780 fide
1325 2725 1604 2780 catholica
1655 2729 1712 2780 et
1771 2725 2054 2796 doctrina,

354 2816 785 2887 superstitiones
811 2819 869 2870 et
897 2819 1075 2869 sectas
1097 2814 1333 2870 inducit.

2104 1634 2143 1688 Β

2179 696 2424 752 Christus
2472 712 2568 752 nos
2613 698 2839 753 redemit
2885 699 2952 754 de
3007 702 3290 757 maledicto
3347 704 3502 772 legis,
3531 706 3717 772 factus
3764 724 3861 777 pro

2177 784 2336 839 nobis
2355 786 2726 855 maledictum,
2756 793 2864 843 etc.

2774 931 3004 986 CAPUT
3039 933 3279 989 XXVIII.

2249 1034 2390 1089 Vens
2425 1039 2473 1090 1.
2506 1067 2575 1077 -
2605 1037 2666 1092 Si
2695 1043 2873 1092 autem
2903 1037 3166 1095 audieris.
3219 1041 3377 1096 Sicut
3419 1041 3876 1102 inobedientibus

2171 1123 2431 1193 praedicit
2458 1126 2896 1182 maledictiones
2938 1133 2996 1182 et
3024 1129 3326 1200 supplicia,
3369 1130 3447 1186 sic
3486 1133 3867 1192 obedientibus

2173 1213 2460 1283 promittit
2489 1215 2917 1272 benedictiones
2947 1222 3004 1272 et
3038 1218 3304 1289 praemia.

2244 1303 2400 1358 Vnus.
2433 1304 2485 1358 4.
2525 1335 2592 1344 —
2633 1309 2861 1361 Fructus
2911 1309 3142 1363 ventris.
3178 1308 3443 1363 Diversos
3493 1311 3718 1367 ordines
3768 1330 3865 1368 no-

2172 1393 2255 1443 tat
2319 1391 2702 1449 subditorum.
2769 1395 2882 1449 Alii
2948 1395 3105 1449 enim
3166 1396 3492 1452 doctoribus
3552 1403 3869 1471 corporalia

2172 1480 2431 1548 praebent
2465 1481 2828 1552 adjumenta;
2867 1484 2965 1538 alii
2995 1485 3256 1540 laborare
3301 1493 3540 1557 possunt
3573 1489 3728 1558 quod
3771 1490 3872 1543 sibi

2173 1565 2344 1623 fuerit
2373 1573 2880 1642 praeceptum;alii
2914 1573 3279 1644 simplicitate
3327 1577 3581 1631 contenti
3630 1595 3736 1649 per
3786 1579 3872 1633 in-

2180 1659 2500 1712 nocentiam
2544 1660 2669 1714 vitae
2717 1661 2950 1716 student
2999 1663 3109 1716 Deo
3157 1664 3428 1734 placere:
3481 1667 3876 1739 unusquisque

2182 1747 2487 1816 proprium
2518 1749 2736 1804 donum
2761 1751 2936 1805 habet
2955 1767 3023 1806 ex
3056 1753 3197 1807 Deo.

2255 1835 2417 1890 Vens.
2453 1840 2504 1890 5.
2551 1867 2621 1878 -
2677 1838 2984 1894 Benedicta
3024 1841 3288 1910 reliquie.
3345 1841 3513 1896 Bonae
3543 1841 3879 1899 intentionis

2176 1924 2503 1993 praemium,
2537 1926 2644 1981 etsi
2688 1928 2955 1982 voluntas
2991 1945 3108 1983 non
3165 1929 3372 1984 habeat
3397 1930 3685 1996 effectum,
3731 1933 3865 2004 quia

2169 2024 2288 2077 pas:
2331 2011 2638 2068 hominibus
2691 2013 2836 2069 bona
2867 2015 3184 2082 voluntatis,
3221 2021 3328 2070 etc.
3380 2017 3526 2085 (Luc.
3577 2020 3659 2088 ιι.)

2243 2099 2407 2155 Vens.
2444 2104 2496 2155 6.
2524 2133 2593 2143 —
2622 2104 2950 2172 Ingrediens.
2998 2105 3325 2176 Ingreditur
3361 2106 3458 2162 ille
3489 2125 3592 2180 per
3631 2110 3864 2180 ostium,

2171 2187 2272 2258 qui
2297 2205 2401 2258 per
2426 2190 2600 2246 ﬁdem
2632 2193 2970 2248 catholicam
2992 2211 3162 2265 quam
3194 2196 3362 2266 juxta
3385 2198 3740 2254 voluntatem
3775 2203 3875 2256 Dei

2169 2276 2326 2330 intus
2365 2277 2672 2333 meditatur
2719 2284 2777 2334 et
2824 2285 3028 2335 tractat
3063 2299 3075 2336 :
3111 2284 3409 2354 egreditur
3430 2286 3658 2357 quando
3710 2287 3865 2343 idem

2175 2379 2368 2418 coram
2398 2365 2730 2423 hominibus
2759 2369 2829 2423 ad
2857 2369 3087 2424 laudem
3123 2371 3222 2426 Dei
3251 2374 3596 2430 manifestat.

2241 2453 2400 2507 Vens.
2437 2459 2487 2508 7.
2529 2485 2602 2494 —
2627 2456 2701 2510 In
2753 2465 3036 2528 conspectu
3075 2464 3183 2514 tuo.
3237 2462 3306 2516 Ut
3335 2463 3585 2533 gaudeas
3638 2481 3650 2519 :
3685 2465 3868 2520 Laeta-

2169 2540 2318 2595 bitur
2325 2543 2512 2612 justus
2534 2559 2655 2599 cum
2679 2546 2880 2600 viderit
2908 2547 3209 2603 vindictam
3231 2550 3397 2620 (Psal.
3432 2555 3585 2623 Lvu).

2236 2631 2396 2686 Vens.
2428 2635 2488 2689 8.
2525 2664 2593 2672 —
2640 2634 3044 2706 Benedicetque.
3081 2638 3247 2692 Bonis
3287 2640 3557 2711 operibus
3610 2643 3872 2699 tribuens

2163 2717 2586 2777 incrementum
2621 2727 2679 2778 et
2707 2723 2932 2778 felicem
2953 2741 3296 2783 successum.

2233 2809 2449 2866 Cretum.
2496 2812 2806 2882 Pr0phetas
2851 2818 2908 2867 et
2959 2817 3273 2886 apostolos,
3321 2816 3391 2872 de
3458 2819 3668 2890 quibus
3719 2821 3865 2877 dici-

426 2906 586 2959 V335.
617 2907 705 2959 20,
765 2933 838 2946 ...
891 2904 1211 2960 maledicus
1249 2906 1347 2973 qui
1391 2902 1593 2958 dormit
1645 2921 1790 2962 cum,
1853 2906 2048 2962 omnis
2085 2930 2124 2986 ο
2163 2899 2275 2964 tur,
2322 2898 2450 2954 Cwii
2504 2902 3010 2968 enarrantgloriam
3060 2903 3190 2960 Dei:
3241 2920 3386 2976 quos
3428 2907 3703 2962 Dominus
3728 2925 3868 2980 ape-

350 2992 600 3046 incestus
644 2991 996 3046 abominatio
1040 2997 1142 3054 est,
1198 2992 1296 3046 sed
1370 2992 1694 3063 specialiter
1753 2995 2054 3051 haereticos

351 3084 522 3151 atque
581 3079 968 3135 schismaticos
1037 3081 1302 3150 percutit,
1366 3081 1468 3151 qui
1529 3098 1797 3152 sponsam
1847 3084 2054 3140 Christi

351 3169 478 3240 (qui
511 3169 771 3223 omnium
816 3173 979 3239 pater
1034 3173 1091 3222 et
1131 3173 1350 3224 creator
1393 3171 1500 3238 est)
1539 3185 1733 3225 errore
1785 3187 2054 3228 corrum-

351 3261 514 3327 punt.
563 3257 940 3328 Tropologice
969 3273 1102 3311 vero
1135 3257 1402 3327 prohibet
1462 3275 1533 3312 ne
1585 3259 1716 3329 quis
1765 3260 2050 3316 actionem

349 3361 586 3416 pravam
616 3345 792 3415 patris
821 3345 911 3400 sui
937 3345 1218 3401 imitando
1249 3345 1527 3414 difi’amet,
1576 3351 1633 3401 et
1667 3347 2049 3419 ignominiam

350 3433 476 3504 ejus
503 3434 736 3489 revelet.

418 3525 578 3578 Vens.
612 3525 700 3577 2t.
735 3553 802 3562 -—
857 3521 1193 3578 Maledictus.
1249 3522 1576 3577 Maledictus
1605 3528 1709 3591 est,
1759 3525 1860 3596 qui
1904 3541 2044 3596 gen-

2166 2986 2258 3052 rit,
2331 3003 2461 3042 cum
2527 3004 2632 3058 per
2701 2989 2974 3045 doctrinae
3030 2991 3444 3050 abundantiam
3509 2997 3728 3064 tribuit,
3798 3006 3871 3053 ut
3908 2998 3921 3009 '

2161 3075 2478 3132 carnalium
2526 3077 2697 3133 corda
2741 3078 2852 3135 hoc
2881 3079 3065 3136 imbre
3119 3081 3358 3154 irrigata
3385 3084 3684 3154 proferant
3739 3103 3872 3158 ger-

2159 3164 2319 3220 mina
2346 3165 2636 3222 bonorum
2664 3182 2926 3238 operum.

2227 3255 2550 3311 Fanerabis.
2613 3254 2676 3312 Id
2696 3261 2780 3311 est
2800 3262 2957 3312 tanta
3002 3258 3110 3314 erit
3139 3259 3491 3317 abundantia
3536 3263 3664 3333 tibi,
3698 3267 3864 3336 quod

2154 3341 2370 3412 poteris
2399 3343 2534 3399 dare
2563 3346 2868 3415 pecuniam
2896 3347 3187 3418 gentibus,
3220 3349 3334 3404 illis
3363 3366 3497 3406 vero
3528 3368 3649 3407 non
3674 3357 3858 3409 tanta.

2156 3432 2276 3500 Vel,
2310 3433 2568 3490 doctrina
2596 3436 2973 3493 ecclesiastica
2999 3439 3362 3511 intelligitur.

2221 3523 2526 3579 Fwnerabis
2599 3527 2867 3594 gentibus.
2948 3529 3206 3584 Fceuerat
3264 3530 3508 3586 Ecclesia
3577 3534 3855 3604 gentibus

344 3612 533 3667 tilium
589 3611 888 3667 stultitiam
942 3611 1216 3682 sequitur.
1264 3611 1361 3666 Vir
1399 3615 1497 3666 aut
1533 3612 1763 3679 mulier,
1798 3630 1914 3668 non
1942 3631 2046 3685 per
2154 3611 2372 3678 multis,
2403 3614 2634 3684 quando
2668 3613 2860 3669 divina
2891 3615 3236 3672 charismata
3272 3619 3550 3689 expendit
3605 3622 3861 3678 nationi-

340 3700 733 3771 fragilitatem,
762 3699 862 3754 sed
894 3704 1326 3770 perseveranter
1373 3700 1476 3754 tali
1503 3701 1898 3758 commistione
1954 3704 2043 3760 in-
2149 3700 2276 3755 bus.
2311 3701 2422 3755 Nec
2475 3702 2662 3757 foenus
2689 3703 2952 3776 acccipit,
3011 3705 3146 3776 quia
3197 3722 3316 3761 non
3361 3713 3706 3778 praisentem
3758 3727 3855 3766 re-

343 3790 570 3845 haarens
597 3805 730 3844 reus
755 3793 840 3844 est
868 3788 1088 3846 mortis.
2149 3790 2627 3858 munerationem,
2671 3793 2770 3847 sed
2811 3794 3066 3849 futuram
3110 3795 3372 3867 inquirit.
3407 3799 3642 3854 Excellit
3689 3801 3855 3857 enim

409 3879 571 3934 VERS.
621 3880 710 3932 22.
755 3906 824 3917 —
863 3878 1095 3946 Dormit,
1147 3876 1208 3932 id
1259 3880 1344 3931 est
1394 3878 1657 3943 maculat,
1718 3894 1891 3950 prave
1936 3879 2039 3935 do-
2149 3879 2438 3949 omnibus,
2486 3885 2544 3935 et
2591 3886 2762 3952 caput
2812 3887 2899 3937 est
2946 3883 3120 3952 orbis,
3169 3900 3288 3939 non
3359 3886 3558 3942 cauda.
3615 3888 3863 3961 Semper

339 3966 541 4028 cendo,
601 3971 698 4020 aut
742 3981 918 4036 prava
964 3965 1226 4035 exempla
1281 3965 1748 4034 demonstrando,
1804 3967 2038 4022 alterius
2146 3982 2320 4038 supra
2350 3972 2451 4035 est,
2489 3973 2545 4024 et
2574 3985 2690 4024 non
2721 3969 2900 4037 infra;
2950 3973 3088 4042 quia
3133 3972 3266 4028 licet
3288 3990 3583 4045 pressuras
3614 3982 3667 4032 et
3721 3995 3860 4050 per-

336 4055 612 4110 animam.
642 4056 812 4109 Pater
839 4053 994 4108 enim
1025 4058 1220 4108 noster
1239 4069 1389 4108 unus
1438 4058 1521 4108 est
1551 4056 1719 4124 Deus,
1748 4059 1804 4109 et
1858 4060 2039 4110 mater
2145 4057 2466 4112 secutiones
2515 4058 2800 4113 malorum
2841 4059 2902 4114 in
2933 4061 3148 4116 mundo
3179 4063 3451 4133 patiatur,
3511 4065 3714 4121 fortior
3765 4073 3858 4123 ta-

334 4145 600 4213 Ecclesia,
657 4159 760 4199 nos
802 4147 994 4198 autem
1024 4159 1223 4198 omnes
1274 4143 1478 4198 fratres
1507 4148 1607 4199 aut
1661 4160 1888 4200 sorores
1937 4161 2033 4199 su-
2145 4159 2281 4200 men
2309 4146 2647 4201 adversariis
2703 4152 2810 4218 est,
2838 4148 2952 4202 ﬁde
2979 4153 3039 4203 et
3084 4149 3295 4206 virtute
3328 4151 3662 4222 praeeminet
3706 4155 3853 4209 uni-

338 4250 487 4288 mus.
2066 4247 2110 4302 D
2149 4234 2343 4289 versis.
2390 4235 2566 4304 Unde,
2601 4239 2886 4292 constituet
2917 4242 2965 4292 te
2995 4240 3266 4295 Domimus
3297 4243 3356 4295 in
3383 4247 3567 4311 caput,
3597 4247 3703 4298 etc.

402 4324 566 4378 νειιε.
596 4323 686 4376 23.
719 4351 789 4360 -
828 4321 960 4378 Cum
987 4334 1143 4374 socru
1170 4335 1298 4374 sua.
1342 4319 1569 4386 Socrus,
1619 4335 1808 4391 pravae
1861 4321 2037 4378 actio-

2231 4324 2385 4378 Veas.
2443 4325 2525 4379 14.
2597 4356 2667 4365 -
2749 4327 2870 4383 Νοη
2948 4328 3324 4385 declinaveris.
3389 4330 3575 4402 (Aea,
3627 4337 3852 4401 quaest"

331 4411 422 4467 nis
450 4408 929 4480 concupiscentia,
987 4407 1124 4479 quia
1151 4408 1338 4462 omnis
1367 4407 1584 4478 peccati
1631 4408 2036 4480 concupiscen-

338 4500 419 4556 tia
446 4502 630 4554 mater
675 4501 779 4552 est.
836 4496 1152 4567 Diligenter
1197 4512 1332 4568 ergo
1382 4496 1744 4551 attendamus
1785 4507 1848 4551 ut
1899 4514 2037 4553 con-

339 4587 705 4661 cupiscentiae
732 4587 1081 4655 resistamus,
1110 4603 1182 4641 ne
1212 4586 1405 4658 cupita
1441 4586 1803 4658 impleamus.

408 4679 570 4733 Vnus.
600 4675 689 4731 24.
721 4706 790 4716 --
827 4674 1172 4730 Maledictus.
1237 4674 1590 4745 Quocunque
1649 4675 1816 4730 modo
1844 4675 2031 4731 homi-

334 4783 469 4822 nem
527 4764 783 4820 occidere
830 4767 1125 4835 peccatum
1175 4767 1276 4817 est.
1337 4761 1541 4817 Mirum
1616 4779 1753 4834 ergo
1810 4763 2036 4820 videtur

333 4872 511 4928 quare
553 4853 922 4909 maledictum
952 4857 1176 4906 tantum
1203 4850 1363 4918 dixit,
1437 4851 1537 4923 qui
1565 4852 1710 4906 clam
1738 4868 2031 4923 percusse-

336 4945 428 4998 rit.
452 4943 556 4998 Sed
583 4943 726 4996 forte
764 4941 911 4995 clam
939 4943 1239 5011 percutere
1264 4943 1352 4993 est
1396 4940 1565 4994 corde
1597 4940 1802 5012 odisse,
1835 4941 1987 4996 unde
2013 4959 2027 4996 :

337 5033 441 5098 Qui
483 5031 598 5086 odit
639 5032 871 5097 fratrem
916 5044 1092 5096 suum,
1134 5028 1407 5082 homicida
1455 5033 1533 5084 est
1583 5027 1738 5099 (Joan
1796 5030 1902 5101 ιιι).
1966 5032 2032 5084 Et

335 5120 472 5175 alibi
503 5135 516 5173 :
548 5120 624 5175 Ne
641 5118 818 5172 oderis
844 5120 1075 5184 fratrem
1105 5122 1256 5171 tuum
1282 5119 1341 5171 in
1369 5117 1525 5172 corde
1579 5122 1668 5171 tuo
1701 5117 1846 5188 (Leu.
1896 5119 2025 5188 xu).

404 5209 579 5262 Vsus.
621 5209 712 5261 26.
743 5235 816 5247 -
858 5207 1180 5262 Maledictus
1234 5208 1332 5275 qui
1382 5222 1490 5261 non
1533 5212 1834 5276 permanet.
1899 5209 2027 5263 Haec

334 5295 614 5353 sententia
640 5295 985 5363 generaliter
1010 5300 1066 5348 et
1092 5295 1387 5366 praeterita
1416 5299 1472 5349 et
1517 5295 1824 5365 praesentia
1853 5299 1910 5349 et
1938 5295 2024 5350 di-

2148 4413 2264 4483 48.)
2319 4413 2492 4468 LXX:
2534 4415 2654 4472 Non
2688 4415 2997 4484 prateribis
3055 4417 3125 4470 ab
3171 4419 3418 4474 omnibus
3455 4421 3656 4492 verbis,
3713 4429 3850 4490 ctc.,

2147 4515 2315 4570 usque
2339 4501 2414 4556 ad
2444 4517 2550 4556 nec
2577 4507 2812 4574 propter
2837 4502 2947 4558 ista
2975 4505 3201 4561 colendi
3233 4512 3386 4563 sunt.

2217 4591 2381 4644 Vens.
2429 4594 2512 4645 15.
2547 4621 2614 4632 -
2653 4591 2805 4658 Quod
2833 4591 2884 4647 si
2930 4593 3124 4648 audire
3175 4597 3434 4652 nolueris.
3476 4598 3634 4653 Sicut
3660 4607 3852 4657 custo-

2142 4678 2430 4734 dientibus
2511 4681 2779 4735 mandata
2866 4683 3133 4752 promisit
3198 4683 3682 4758 benedictionem,
3769 4692 3854 4746 sic

2143 4765 2567 4836 negligentibus
2597 4769 2933 4839 pronuntiat
2965 4772 3448 4829 maledictionem.

2211 4855 2372 4909 Vens.
2406 4857 2493 4910 22.
2526 4887 2596 4896 —
2645 4859 2925 4916 Percutiat
2953 4865 3000 4914 te
3050 4861 3338 4918 Dominus.
3405 4863 3563 4934 (Anc.
3605 4868 3665 4920 in
3724 4869 3851 4923 En-

2139 4943 2360 5011 chirid.,
2408 4960 2531 5016 cap.
2573 4948 2688 5015 98.)
2731 4946 2866 5010 Quis
2903 4952 3022 5004 tam
3067 4949 3244 5020 impie
3275 4951 3537 5023 desipiat,
3584 4960 3649 5008 ut
3689 4957 3853 5012 dicat

2143 5033 2323 5086 Deum
2373 5034 2550 5088 malas
2609 5034 2910 5090 hominum
2958 5037 3301 5107 voluntates,
3375 5057 3518 5112 quas
3573 5045 3854 5114 voluerit,

2138 5122 2368 5194 quando
2405 5123 2668 5191 voluerit,
2712 5124 2813 5178 ubi
2842 5125 3109 5196 voluerit,
3142 5127 3203 5181 in
3249 5128 3468 5184 bonum
3504 5147 3619 5186 non
3676 5150 3856 5204 posse

2137 5211 2504 5266 convertere?
2533 5213 2642 5267 Sed
2672 5229 2802 5268 cum
2845 5213 3001 5281 facit,
3041 5231 3144 5286 per
3175 5217 3626 5275 misericordiam
3655 5221 3802 5278 facit
3837 5242 3852 5278 :

2137 5298 2276 5352 Cum
2309 5315 2424 5354 non
2455 5299 2609 5368 facit,
2649 5316 2750 5371 per
2772 5301 3057 5371 judicium
3089 5319 3209 5358 non
3245 5304 3398 5371 facit,
3433 5309 3532 5376 qui
3571 5311 3662 5364 cui
3717 5313 3853 5368 vult

333 5385 511 5442 cenda
564 5382 709 5454 legis
765 5383 1034 5440 mandata
1099 5382 1520 5454 complectitur,
1588 5387 1746 5438 tanto
1795 5383 2025 5454 gravior
2133 5387 2437 5456 miseretur,
2471 5391 2523 5441 et
2551 5402 2705 5456 quem
2725 5389 2843 5444 vult
2870 5389 3122 5446 obdurat.

333 5478 548 5547 quanto
575 5471 917 5544 generalior.
970 5471 1110 5536 Quis
1155 5471 1312 5527 enim
1350 5475 1542 5543 potest
1568 5471 1695 5527 sine
1725 5477 2019 5543 trangres-

2204 5477 2272 5529 Et
2340 5490 2463 5530 aere
2525 5481 2798 5547 corrupto.
2864 5479 2990 5535 Vita
3057 5480 3281 5552 polluta
3344 5498 3412 5538 ex
3458 5486 3678 5541 carnali
3723 5487 3855 5544 im-
