3976 6178
169 269 274 321 485

1312 266 1561 321 GLOSSA
1598 264 1998 321 ORDINARIA.
2035 295 2105 305 —
2145 266 2278 322 LIB.
2320 267 2525 323 DEUT.

3580 274 3687 330 4-86

161 391 466 446 munditia.
528 391 779 446 Carnalis
828 391 941 443 vita
982 389 1198 460 polluta
1246 406 1311 443 ex
1357 391 1568 443 carnali
1618 390 1870 445 immun-
1902 396 1949 448 A
1990 392 2193 447 Isaiam
2231 392 2483 446 dicitur:
2535 394 2691 449 Servi
2726 397 2831 448 mei
2886 396 3179 464 comedent,
3232 404 3283 453 et
3312 414 3403 454 vos
3440 401 3687 457 esurietis

160 480 321 533 ditia.
396 481 650 535 Carualis
704 480 818 533 vita
882 496 987 549 per
1055 495 1249 535 aerem
1311 480 1671 549 exprimitur,
1732 482 1867 551 quia

159 570 310 623 aeris
339 572 651 641 spiramine
684 571 1005 624 humanum
1026 586 1234 639 corpus
1256 570 1587 623 viviﬁcatur.

228 660 395 713 Vens.
443 663 531 713 ‘25.
571 691 636 699 -—
690 660 750 714 Si
786 660 989 713 calum.
1042 661 1349 723 Elementa,
1394 660 1602 730 quibus
1651 660 1868 713 fructus

157 748 516 811 nutriuntur,
549 753 847 818 comparat
871 747 1191 801 durissimis
1229 748 1493 813 metallis,
1550 748 1687 817 quia
1738 765 1867 818 pec-

159 842 282 890 cata
312 837 618 890 hominum
648 842 1007 890 commutant
1036 836 1295 890 ordinem
1318 852 1532 900 rerum,
1568 843 1774 907 etqua
1796 837 1867 890 ad

161 924 435 978 solatium
460 924 688 978 condita
707 929 839 979 sunt
870 925 1122 978 humano
1153 925 1374 995 generi,
1404 925 1558 979 unde
1583 941 1594 977 :
1651 928 1867 993 Pugna-

164 1013 241 1067 bit
266 1030 374 1082 pro
404 1030 461 1067 eo
489 1014 635 1067 orbis
666 1020 934 1068 terrarum
957 1020 1143 1068 contra
1194 1016 1514 1067 insensatos.

231 1102 457 1157 Catum
506 1108 591 1156 est
646 1119 871 1157 aneum
930 1102 1460 1173 pravaricatoribus
1519 1101 1683 1172 legis,
1740 1118 1869 1155 cum

162 1193 386 1246 nullam
446 1209 475 1244 a
518 1192 726 1245 sanctis
774 1191 1101 1245 doctoribus
1162 1194 1457 1245 merentur
1486 1191 1866 1254 clementiam,

160 1279 259 1333 sed
312 1280 704 1347 durissimam,
735 1279 1115 1350 disciplinam,
1165 1279 1441 1349 quoniam
1470 1279 1578 1349 ipsi
1607 1295 1724 1333 non
1776 1295 1874 1333 cor

160 1385 439 1422 carueum
486 1375 543 1423 et
572 1370 805 1423 mollem
847 1368 1127 1437 animum,
1167 1369 1267 1423 sed
1316 1368 1607 1451 lapideum
1661 1368 1875 1423 habent

159 1464 215 1511 et
246 1459 521 1512 ferreum.
554 1458 711 1512 Sicut
742 1458 884 1511 duro
906 1458 1120 1528 populo
1152 1457 1240 1511 lex
1284 1458 1343 1510 in
1391 1458 1579 1527 lapide
1607 1458 1868 1524 dabatur,

161 1552 222 1601 ut
246 1563 317 1601 ex
349 1562 589 1601 munere
610 1552 872 1617 acceptor
891 1548 1260 1614 ﬁguraretur.

233 1637 396 1689 Vens.
462 1639 550 1690 25.
612 1668 675 1675 —
711 1640 803 1691 Det
850 1637 1105 1689 Dominus
1146 1635 1373 1688 imbrem
1419 1640 1575 1689 terra:
1614 1641 1717 1689 tua
1744 1636 1867 1705 pul-

160 1740 275 1777 vem
314 1740 327 1776 :
367 1724 551 1793 quasi,
588 1724 731 1776 sicut
776 1724 962 1794 pulvis
1025 1729 1080 1777 et
1128 1724 1269 1776 ciuis
1315 1740 1431 1777 non
1479 1724 1695 1777 faciunt
1750 1725 1873 1778 fru-

160 1819 339 1877 ctum,
380 1814 461 1865 sic
509 1812 768 1865 doctrina
816 1812 920 1866 tibi
965 1812 1153 1865 infusa
1201 1828 1317 1865 non
1367 1812 1570 1865 excitet
1613 1812 1877 1883 germina

159 1901 459 1961 virtutum.
492 1901 588 1954 sed
620 1906 897 1955 ateruum
942 1901 1287 1971 pranuntiet
1316 1901 1634 1956 interitum.
1687 1901 1876 1955 Pulvis

163 1990 321 2042 enirn
367 1990 659 2043 bonorum
715 2005 957 2059 operum
1009 1989 1390 2055 sterilitatem,
1436 1989 1579 2042 cinis
1617 1989 1877 2059 designat

164 2079 651 2145 combustionem;
698 2079 831 2149 quia
864 2080 1042 2149 palea
1073 2084 1436 2149 peccatorum
1466 2079 1877 2133 comburentur

166 2165 285 2236 igni
306 2166 757 2236 inextinguibili.

234 2256 408 2309 Vsus.
463 2259 552 2309 25.
586 2285 656 2295 —
684 2258 754 2310 Et
780 2255 1142 2324 dispergaris.
1192 2255 1349 2310 Sicut
1376 2254 1559 2310 Judai
1606 2256 1875 2326 captivati

165 2360 267 2414 per
313 2344 678 2398 latitudinem
739 2343 890 2397 orbis
960 2343 1207 2413 dispersi
1287 2348 1420 2398 sunt
1478 2344 1613 2414 quia
1678 2349 1877 2398 contra

170 2434 349 2487 Deum
390 2434 613 2487 collecti
655 2437 806 2497 sunt,
841 2432 921 2485 sic
968 2432 1262 2502 generatio
1310 2433 1595 2485 malorum
1633 2449 1667 2485 a
1706 2432 1872 2503 spiri-

167 2522 320 2576 tibus
376 2522 694 2575 immundis
748 2520 1151 2592 dispersaper
1205 2537 1433 2590 panem
1484 2537 1694 2591 genera
1752 2536 1876 2591 per-

167 2613 455 2677 turbatur,
497 2611 648 2665 unde
683 2628 695 2665 :
740 2613 957 2665 Inimici
987 2613 1067 2664 tui
1101 2610 1361 2679 peribunt
1396 2616 1444 2664 et
1498 2610 1876 2680 dispergentur

166 2716 342 2754 omnes
372 2704 472 2769 qui
496 2705 790 2769 operantur
806 2701 1153 2767 iniquitatem
1184 2698 1350 2769 (Psal.
1388 2683 1518 2769 Χέι).

234 2790 397 2842 Vens.
455 2792 545 2842 27.
600 2819 666 2827 —-
714 2790 985 2842 Percutiat
1018 2792 1066 2841 te
1112 2790 1369 2842 Dominus
1408 2789 1581 2841 ulcere
1609 2788 1869 2857 Egypti.

167 2878 361 2931 Ulcera
418 2877 684 2931 dolorosa
738 2882 794 2930 et
853 2877 1159 2945 purulenta
1211 2877 1448 2930 malitia.
1502 2876 1730 2941 Vesica,
1791 2877 1873 2931 in.

165 2968 296 3019 tlata
332 2966 625 3037 superbia.
666 2966 893 3020 Scabies
921 2971 977 3019 et
1015 2966 1273 3036 prurigo,
1307 2965 1394 3019 ira
1428 2965 1649 3019 fervida
1679 2970 1737 3019 et
1776 2966 1871 3020 fu-
1896 2973 1937 3028 c

163 3057 306 3111 roris
333 3056 582 3110 insania.
620 3056 747 3109 Hac
774 3054 834 3109 in
873 3054 1141 3125 praesenti
1170 3070 1426 3125 congrua
1456 3070 1623 3124 poena
1680 3070 1873 3123 pecca-

165 3146 235 3198 tis
267 3145 605 3215 inﬂigitur:
664 3147 794 3214 post
843 3144 988 3197 hanc
1043 3142 1219 3195 vitam
1278 3144 1451 3213 (quod
1512 3141 1776 3212 signatur
1812 3142 1874 3195 in

165 3234 606 3304 posterioribus)
663 3233 903 3287 fetorem
943 3232 1223 3286 scelerum
1265 3231 1327 3285 in
1379 3230 1609 3285 aternis
1654 3231 1871 3285 crucia-

166 3323 319 3376 tibus
346 3322 737 3376 sustinebunt.

234 3413 516 3465 Percutiat
546 3416 595 3465 te
631 3408 907 3465 Dominus.
962 3408 1221 3463 Haretici
1255 3412 1311 3462 et
1363 3407 1710 3461 schismatici
1767 3407 1875 3461 cla-

166 3504 423 3553 rescente
457 3499 761 3568 Evangelio
792 3500 852 3552 in
880 3502 995 3552 toto
1025 3498 1162 3553 orbe
1192 3495 1401 3552 erroris
1432 3497 1681 3551 cacitate
1712 3496 1873 3551 invo-

166 3588 288 3653 luti,
322 3588 639 3642 amentiam
682 3602 843 3641 suam
881 3590 1203 3640 exercentes
1247 3584 1537 3638 catholica
1578 3585 1709 3638 lidei
1740 3600 1876 3638 con-

164 3680 473 3734 tradicunt.
526 3677 657 3730 Ideo
710 3676 969 3730 Ecclesia
1016 3673 1363 3728 calumniam
1405 3672 1687 3727 sustinent
1739 3677 1795 3727 et
1842 3689 1876 3726 a

165 3769 403 3823 veritate
432 3765 864 3836 opprimuntur.

235 3860 515 3911 Amentes
572 3859 626 3908 et
682 3854 817 3907 caci
856 3852 1109 3918 fuerunt,
1150 3866 1280 3905 cum
1340 3850 1548 3906 Christi
1597 3850 1873 3905 miracula

168 3946 444 4003 videntes,
488 3944 549 3996 in
603 3941 917 3996 Beelzebub
977 3956 1041 3994 ea
1090 3940 1216 3993 fieri
1269 3938 1554 4009 dicebant,
1604 3944 1662 3993 et
1708 3940 1874 3995 Chri-

167 4040 316 4089 stum
353 4036 534 4088 Deum
565 4047 683 4085 esse
722 4030 1010 4101 negabant
1040 4029 1259 4097 (Matth.
1292 4029 1409 4098 vu),
1441 4044 1544 4083 nec
1574 4028 1873 4083 veritatem

166 4123 453 4187 videbant,
481 4121 536 4175 id
567 4124 649 4173 est
676 4118 1113 4189 intellligebant.

237 4212 414 4265 Vnus.
455 4213 545 4264 29.
591 4240 656 4248 —
700 4211 770 4263 Et
812 4209 1021 4277 palpes.
1058 4205 1328 4260 Tenebrae
1366 4205 1527 4259 facta
1579 4210 1874 4261 suntcum

1980 480 2141 551 (Isai.
2164 482 2309 549 va).

2052 570 2209 623 Vens.
2245 573 2331 624 35.
2376 601 2439 609 —
2464 572 2529 624 In
2558 572 2803 637 gentibus
2846 578 2896 625 et
2926 574 2984 627 in
3031 578 3195 629 suris.
3251 577 3691 650 Fortitudinem,

1979 658 2190 712 scilicet
2202 662 2259 711 et
2281 658 2694 714 statibilitatem
2717 661 2954 715 auferat.
2978 663 3073 715 Vel
3099 663 3157 717 in
3186 666 3453 735 gentibus
3470 684 3684 737 percu-

1980 747 2174 813 tiatur,
2208 748 2370 817 cujus
2402 749 2708 803 novissima
2740 767 2915 819 opera
2947 751 3315 808 damnantur.

2050 838 2100 891 Α
2148 839 2340 904 planta
2396 838 2570 906 pedis.
2617 838 2771 892 Sicut
2827 842 2898 893 ab
2928 840 3093 894 initio
3143 858 3333 910 prava
3384 845 3691 900 voluntatis

1980 940 2161 995 usque
2208 926 2277 979 ad
2329 926 2736 995 perfectionem
2795 928 2983 997 operis
3032 929 3311 983 malitiam
3360 933 3688 1000 exercuisti,

1984 1013 2132 1066 unde
2165 1030 2199 1067 ιι
2236 1015 2432 1082 planta
2471 1016 2626 1083 pedis
2655 1031 2825 1083 usque
2862 1016 2936 1068 ad
2974 1020 3223 1071 verticem
3252 1033 3359 1071 non
3398 1024 3478 1073 est
3524 1022 3583 1073 in
3632 1037 3689 1075 eo

1978 1104 2191 1156 sanitas
2221 1104 2375 1169 (lsai.
2419 1103 2475 1173 ι).
2513 1105 2627 1157 Hoc
2681 1104 2741 1157 in
2791 1104 2993 1158 ultima
3045 1106 3375 1176 captivitate
3428 1108 3689 1179 comple-

1982 1194 2105 1243 tum
2138 1194 2243 1245 est.

2052 1279 2209 1331 Vens.
2242 1281 2328 1333 36.
2364 1309 2432 1318 —
2465 1280 2737 1347 Ducetque
2768 1292 2833 1332 te.
2874 1279 3135 1334 Haretici
3195 1282 3276 1335 vel
3328 1284 3465 1337 mali
3494 1285 3689 1340 catho-

1981 1367 2094 1432 lici,
2145 1367 2246 1437 qui
2297 1374 2672 1422 contemnunt
2728 1375 3010 1439 pracepta
3057 1370 3177 1435 Dei,
3229 1370 3584 1427 damonibus
3634 1381 3690 1430 et

1980 1455 2132 1509 vitiis
2197 1456 2363 1509 variis
2412 1456 2789 1526 captivantur.
2844 1456 3003 1510 Sicut
3072 1476 3287 1525 servus,
3334 1462 3413 1514 ita
3474 1468 3527 1517 et
3574 1464 3681 1517 do-

1982 1544 2195 1612 minus,
2244 1548 2300 1598 et
2353 1560 2453 1599 rex
2490 1544 2633 1598 sicut
2683 1546 2953 1616 populus,
3002 1548 3275 1617 magister
3319 1549 3464 1604 sicut
3518 1552 3690 1606 disci-

1983 1633 2172 1703 pulus.

2055 1724 2123 1775 Et
2170 1736 2363 1787 regem.
2414 1721 2552 1776 Osee
2601 1738 2796 1792 regem
2844 1722 3115 1777 Samaria
3179 1725 3542 1783 Salmanasar
3592 1746 3688 1783 rex

1983 1812 2341 1881 Assyriorum
2390 1827 2520 1865 cum
2566 1811 2762 1865 decem
2782 1812 3044 1866 tribubus
3094 1813 3256 1868 duxit
3297 1815 3357 1869 in
3386 1818 3690 1888 captivita-

1982 1904 2098 1953 tem
2131 1918 2147 1954 :
2196 1900 2738 1966 Nabuchodonesor,
2766 1900 3038 1969 Joachim,
3072 1909 3123 1955 et
3159 1903 3450 1959 Sedeciam
3496 1922 3691 1977 regem

1982 1988 2128 2042 Juda
2149 2004 2279 2041 cum
2312 1990 2522 2059 populo
2544 1988 2871 2059 captivavit.

2054 2078 2217 2132 Vens.
2281 2079 2367 2131 38.
2420 2108 2487 2117 -—
2550 2077 2862 2143 Sementem,
2914 2083 3018 2131 etc.
3082 2079 3255 2134 Nobis
3317 2097 3548 2153 quoque
3597 2100 3691 2137 ca-

1982 2166 2231 2220 vendum
2262 2170 2364 2223 est.
2411 2181 2482 2219 ne
2522 2165 2830 2234 perdamus
2862 2182 3068 2235 panem
3102 2168 3202 2237 qui
3251 2169 3554 2225 conﬁrmat
3597 2187 3694 2225 cor

1982 2254 2232 2310 hominis
2263 2259 2319 2308 et
2365 2254 2564 2307 vinum
2595 2255 2746 2325 quod
2778 2254 3047 2321 latiﬁcat,
3099 2260 3154 2309 et
3189 2257 3380 2312 oleum
3409 2260 3565 2330 quod
3594 2276 3690 2315 ex-

1983 2344 2193 2399 hilarat
2223 2342 2431 2396 faciem
2444 2383 2456 2396 .

2056 2432 2214 2485 Vens.
2250 2432 2337 2484 45.
2368 2459 2438 2470 —
2466 2430 2716 2484 Advena.
2762 2434 2972 2500 Aperte
3003 2431 3402 2502 signiﬁcantur
3446 2437 3691 2507 abjectio

1980 2518 2307 2573 Judaorum
2339 2519 2542 2572 electio
2576 2519 2853 2587 gentium,
2903 2521 3055 2574 unde
3087 2538 3100 2575 :
3136 2524 3436 2589 Auferetur
3464 2542 3499 2579 a
3540 2527 3694 2581 vobis

1980 2624 2207 2676 regnum
2242 2608 2343 2661 Dei
2381 2614 2431 2662 et
2466 2608 2690 2662 dabitur
2728 2612 2875 2676 genti
2914 2612 3142 2676 facienti
3187 2615 3402 2677 fructus
3451 2617 3586 2682 eius,
3639 2620 3695 2668 et

1981 2696 2159 2749 alibi:
2204 2696 2292 2751 Sic
2340 2701 2497 2749 erunt
2544 2699 2824 2750 novissimi
2850 2700 3039 2765 primi,
3085 2704 3136 2753 et
3158 2702 3331 2768 primi
3376 2704 3680 2757 novissimi.

2052 2785 2209 2855 (Rau.
2251 2787 2309 2839 in
2338 2786 2519 2846 Deut..
2565 2790 2703 2839 tom.
2755 2786 2846 2856 ll.)
2874 2787 3104 2842 Advena
3148 2792 3246 2856 qui
3283 2795 3454 2845 tecum
3505 2807 3685 2846 versa-

1981 2879 2088 2940 tur,
2122 2880 2227 2927 etc.
2266 2874 2495 2929 Creator
2521 2874 2786 2927 omnium
2816 2890 2918 2945 per
2949 2876 3361 2932 incarnationis
3392 2896 3510 2933 sua
3562 2896 3687 2951 my-

1979 2963 2239 3028 sterium,
2295 2966 2425 3028 etc.,
2480 2977 2649 3031 usque
2704 2963 2779 3016 ad
2850 2968 2906 3017 et
2964 2966 3305 3035 sanguinem
3362 2969 3689 3023 testamenti

1982 3051 2275 3122 pollutum
2310 3049 2559 3105 duxerit.

2053 3141 2211 3194 Vens.
2246 3142 2334 3193 66.
2364 3168 2434 3180 —-
2478 3142 2549 3194 Et
2575 3142 2680 3193 erit
2718 3141 2854 3195 vita.
2905 3141 3057 3195 Nihil
3085 3143 3249 3214 pejus
3308 3144 3461 3199 inter
3508 3146 3685 3201 male-

1982 3229 2152 3295 dicta,
2186 3245 2315 3300 qua
2334 3228 2543 3284 Judais
2571 3229 2776 3282 merito
2803 3230 3087 3301 superbia
3132 3234 3484 3303 acciderunt,
3516 3251 3691 3306 quam

1983 3318 2174 3372 videre
2205 3317 2380 3372 vitam
2412 3334 2597 3386 suam,
2636 3317 2697 3372 id
2726 3322 2811 3372 est
2844 3319 3052 3373 Filium
3092 3321 3193 3374 Dei
3235 3323 3605 3392 pendentem,
3638 3329 3698 3378 et

1984 3423 2100 3461 non
2130 3407 2359 3461 credere
2412 3406 2482 3461 ei.
2541 3406 2836 3462 Maledicta
2864 3412 3055 3462 autem
3113 3426 3242 3463 cum
3279 3427 3346 3465 ex
3394 3413 3699 3482 prophetia

1983 3496 2252 3551 dicuntur
2284 3512 2297 3550 :
2332 3512 2448 3550 non
2494 3496 2565 3550 de
2595 3496 2746 3551 malo
2788 3500 2922 3551 voto
2954 3502 3104 3564 sunt,
3149 3500 3246 3553 sed
3276 3500 3690 3570 pradicuntur.

1984 3584 2387 3657 Potuitlautem
2418 3584 2497 3638 sic
2526 3601 2729 3639 sonare
2756 3586 2968 3639 Judais
2996 3603 3009 3639 :
3048 3587 3273 3641 Videbis
3315 3588 3489 3643 vitam
3525 3594 3690 3643 tuam

1984 3674 2353 3746 pendentem,
2384 3679 2441 3727 et
2477 3690 2595 3728 non
2625 3675 2818 3729 credes
2849 3676 2978 3729 vita
3009 3680 3144 3743 tua,
3180 3677 3239 3731 id
3288 3684 3375 3732 est
3405 3679 3557 3732 inter
3587 3678 3695 3732 mi-

1982 3780 2084 3818 nas
2118 3768 2173 3817 et
2210 3763 2371 3818 dolos
2401 3763 2651 3818 hostium
2684 3762 2859 3818 vitam
2890 3768 3050 3819 tuam
3075 3766 3291 3820 videbis
3339 3768 3592 3837 pendere
3624 3784 3691 3821 ex

1982 3850 2222 3908 incerto.

2631 3994 2855 4048 CAPUT
2894 3994 3067 4049 XXIX.

2052 4118 2212 4169 Vens.
2250 4120 2298 4170 l.
2346 4145 2411 4155 —-
2442 4117 2561 4169 Hac
2598 4121 2723 4169 sunt
2751 4117 2933 4181 verba,
2977 4122 3084 4171 etc.
3133 4118 3320 4189 (Aea,
3369 4126 3562 4189 quast.
3619 4124 3688 4177 49

1981 4207 2040 4259 in
2088 4205 2269 4274 Deut.)
2334 4205 2499 4259 LXX:
2562 4206 2688 4260 Haec
2748 4211 2875 4259 sunt
2934 4207 3098 4261 verba
3155 4212 3481 4275 testamenti,
3556 4216 3688 4278 etc.,

165 4299 603 4370 cruciﬁgeretur
643 4298 802 4351 Jesus
850 4311 1029 4366 usque
1078 4295 1138 4349 in
1202 4296 1400 4348 horam
1447 4310 1681 4360 nonam,
1741 4295 1887 4351 sicut
1916 4300 1958 4354 D
1988 4309 2156 4365 usque
2183 4294 2257 4347 ad
2286 4294 2356 4347 ad
2386 4293 2671 4347 Abraham
2720 4294 2790 4348 de
2820 4295 3253 4351 circumcisione
3306 4298 3391 4351 vel
3432 4299 3504 4353 ad
3554 4300 3693 4353 Noe.

165 4389 422 4445 tenebra
445 4392 609 4441 erant
630 4386 689 4439 in
709 4384 974 4438 cordibus
993 4384 1339 4438 Judaorum.

236 4480 359 4533 Non
389 4477 604 4545 dirigas
639 4492 650 4528 :
687 4490 793 4528 nec
837 4472 1060 4527 Christo
1105 4472 1451 4541 pradicante
1485 4472 1873 4538 crediderunt,

164 4584 273 4621 nec
295 4583 398 4635 per
426 4563 826 4635 panitentiam
857 4560 1027 4632 dirigi
1057 4562 1381 4614 voluerunt.

234 4656 412 4708 Vens.
484 4657 570 4707 30.
634 4682 706 4693 —
770 4654 999 4707 Uxorem
1044 4652 1305 4718 accipias,
1353 4650 1400 4702 el
1451 4650 1612 4713 alius,
1666 4654 1773 4704 etc.
1816 4650 1879 4705 In

162 4759 349 4799 uxore
418 4742 583 4812 plebs
630 4740 912 4795 hareticis
962 4738 1177 4792 sociata
1234 4736 1531 4807 accipitur,
1580 4752 1707 4791 cum
1767 4754 1881 4809 qua

164 4831 431 4886 diabolus
452 4828 782 4894 fornicatur,
811 4828 949 4881 dum
983 4826 1044 4880 in
1077 4841 1330 4879 errorem
1375 4824 1687 4879 seducitur.
1742 4826 1878 4880 Ani-

164 4917 341 4972 malia
372 4915 657 4971 bareticis
695 4914 1017 4985 rapiuntur,
1062 4930 1191 4968 cum
1230 4912 1468 4983 subjecti
1500 4913 1569 4967 ab
1611 4913 1692 4967 eis
1730 4914 1879 4967 libe-

164 5012 410 5061 rantur:
465 5021 598 5059 cum
643 5003 751 5075 ipsi
784 5004 900 5057 vita
953 5008 1009 5057 et
1056 5003 1313 5056 doctrina
1356 5002 1671 5072 privantur.
1728 5001 1879 5055 Sub-

166 5096 435 5149 stantiam
464 5109 715 5165 quoque,
747 5109 921 5163 quam
949 5092 1135 5147 Judai
1165 5091 1276 5145 sibi
1330 5090 1586 5144 docendo
1633 5094 1689 5143 et
1736 5089 1876 5143 scri-

167 5184 355 5239 bendo
391 5182 761 5253 singulariter
796 5185 1281 5254 praparaverunt,
1334 5178 1582 5235 Ecclesia
1612 5178 1720 5233 sibi
1749 5194 1878 5233 con-

170 5275 335 5327 vertit
364 5274 422 5327 in
453 5288 644 5326 usum.

235 5363 404 5416 Vens.
440 5364 529 5417 33.
571 5391 631 5400 -—
676 5362 902 5415 Fructus
953 5364 1107 5413 terra
1146 5362 1267 5412 tua.
1302 5358 1445 5411 Tota
1499 5354 1874 5410 caremonia-

174 5467 294 5506 rum
325 5452 545 5505 utilitas
594 5449 665 5504 ad
724 5448 1027 5503 Ecclesium
1075 5448 1347 5501 translata
1389 5451 1490 5500 est.
1527 5447 1655 5499 Hac
1685 5445 1875 5499 abun-

175 5541 364 5596 dantia
410 5540 641 5595 fruitur.
708 5538 891 5592 Judai
941 5542 1188 5607 egestate
1239 5540 1502 5607 pereunt,
1556 5534 1710 5591 unde
1774 5548 1878 5604 per

2062 4384 2221 4437 Vens.
2256 4386 2307 4437 3.
2342 4413 2408 4422 —
2443 4384 2780 4437 Tentationes
2825 4400 3074 4452 magnas,
3118 4390 3221 4439 etc.
3270 4388 3404 4455 (Aur.
3438 4426 3452 4440 .
3505 4392 3695 4455 quast.

1986 4472 2097 4542 50.)
2130 4474 2198 4525 Et
2244 4487 2349 4526 non
2395 4471 2547 4525 dedit
2607 4474 2859 4527 Dominus
2892 4476 3027 4527 Deus
3077 4474 3227 4529 vobis
3259 4490 3349 4529 cor
3378 4478 3515 4529 scire
3564 4480 3694 4542 etc.,

1987 4577 2156 4629 usque
2185 4561 2259 4614 ad
2307 4560 2583 4631 quoniam
2610 4560 2830 4629 judicia
2878 4561 2977 4615 Dei
3017 4563 3278 4633 quamvis
3333 4565 3574 4632 occulta,
3607 4568 3694 4617 ta-

1990 4666 2121 4703 men
2140 4650 2299 4719 justa
2329 4654 2484 4704 sunt.

2057 4738 2227 4793 Vens.
2290 4740 2340 4790 6.
2392 4766 2459 4776 -
2522 4738 2722 4790 Panem
2780 4752 2886 4790 non
2937 4737 3264 4805 comedistis,
3336 4743 3442 4793 etc.
3508 4739 3698 4808 (Auu.)

1991 4826 2132 4880 Hinc
2182 4830 2417 4895 apparet
2459 4825 2765 4892 lsraelitas,
2814 4830 2944 4893 etc.,
2984 4842 3154 4894 usque
3200 4826 3275 4880 ad
3330 4827 3680 4898 principium

1988 4915 2142 4980 belli,
2167 4915 2265 4967 sed
2298 4914 2649 4984 principium
2685 4914 2819 4969 vini.

2060 5004 2221 5057 Vens.
2266 5006 2349 5057 l8.
2392 5031 2463 5044 -—
2494 5005 2571 5059 Ne
2607 5006 2749 5069 forte
2784 5006 2874 5057 sit.
2920 5003 3109 5072 (Aea,
3144 5008 3332 5071 quaest.
3377 5004 3493 5075 52.)
3525 5006 3651 5060 LXX
3683 5022 3696 5060 :

1986 5092 2251 5161 Nunquid
2309 5091 2515 5160 aliquis
2572 5096 2651 5145 est
2700 5094 2842 5144 inter
2875 5106 2983 5156 vos,
3042 5096 3173 5157 etc.,
3212 5106 3390 5161 usque
3444 5093 3518 5147 ad
3581 5110 3701 5149 non

1987 5181 2291 5250 conjugem
2323 5180 2429 5233 sibi
2455 5178 2855 5249 concupiverat
2878 5179 3146 5234 alienam.

2059 5270 2216 5322 Vens.
2252 5272 2335 5334 l9,
2364 5271 2451 5322 20.
2489 5299 2555 5307 —
2586 5269 2756 5322 Ebria
2787 5269 3057 5323 sitientem
3097 5275 3147 5324 et
3191 5273 3470 5337 Dominus,
3498 5277 3604 5327 etc.
3639 5273 3701 5327 Id

1987 5362 2090 5423 est,
2124 5373 2195 5409 ne
2228 5356 2357 5427 quis
2382 5356 2589 5425 plenus
2629 5357 2847 5411 malitia
2868 5362 2923 5411 et
2960 5358 3284 5415 idololatria
3305 5361 3536 5415 seducet
3566 5377 3699 5415 eum

1986 5444 2086 5516 qui
2114 5444 2234 5499 sitit
2259 5444 2477 5499 discere
2532 5449 2592 5500 et
2633 5444 2777 5499 scire
2806 5446 3126 5515 veritatem,
3161 5447 3302 5502 scuti
3333 5448 3553 5504 faciunt
3576 5449 3696 5503 ha-

1986 5533 2140 5587 retici
2154 5573 2168 5588 .
