3976 6178
322 222 423 277 487

958 339 1184 395 CAPUT
1222 340 1366 393 XXX.

392 454 550 508 Vens.
592 455 672 506 ll.
706 480 774 489 —
820 447 1143 503 Mandatum
1181 446 1294 509 hoc,
1346 444 1491 513 quod
1528 460 1642 513 ego,
1684 449 1790 498 etc.
1835 446 2015 514 (Auc.,

320 549 507 615 quast.
554 541 663 607 54.)
724 538 891 592 LXX:
935 536 1080 601 Quia
1120 532 1439 587 mandatum
1496 534 1608 600 hoc,
1662 538 1793 601 etc.,
1850 549 2020 602 usque

321 633 396 687 ad
424 632 545 685 sine
575 644 690 698 qua
728 624 775 678 si
821 624 955 679 foris
986 622 1248 676 manibus
1290 620 1450 681 ﬁant.
1484 626 1542 674 et
1597 621 1656 674 in
1702 622 1873 676 corde
1906 638 2015 674 non

320 721 478 783 ﬁant,
510 719 795 788 praecepta
823 711 920 765 Dei
946 726 1060 764 non
1080 710 1413 779 implentur.

394 808 552 859 Vens.
610 804 692 857 14.
742 830 811 841 -
861 802 1035 853 Juxta
1064 802 1111 849 te
1139 802 1215 850 est
1247 811 1439 860 sermo,
1472 800 1576 849 etc.
1634 796 1695 851 Id
1724 802 1810 851 est
1856 814 2019 851 man-

324 897 454 950 data
506 892 604 946 Dei
656 889 948 943 moderata
990 892 1047 939 et
1091 890 1518 954 contemperata
1564 890 1697 939 sunt
1752 887 2019 941 humanis

323 981 552 1035 viribus.
605 980 797 1033 Potest
858 976 964 1028 hoc
1020 975 1089 1028 de
1138 973 1527 1041 incarnatione
1560 973 1769 1027 Christi
1818 974 2017 1044 accipi,

320 1068 415 1140 qui
450 1073 739 1137 assumpta
776 1062 1130 1117 humanitate
1160 1076 1333 1130 super
1359 1064 1569 1114 terram
1621 1061 1769 1113 visus
1800 1066 1906 1128 est,
1964 1066 2023 1116 et

319 1158 471 1212 inter
491 1155 754 1211 homines
784 1155 1167 1207 conversatus.

946 1293 1169 1348 CAPUT
1208 1292 1378 1346 XXXI.

393 1416 553 1469 Vens.
626 1419 679 1467 7.
729 1440 797 1451 --
855 1410 1200 1477 Vocavitque.
1256 1407 1435 1461 Verba
1499 1407 1669 1477 Moysi
1736 1408 1805 1461 ad
1850 1409 2019 1463 Josue

316 1504 641 1575 signiﬁcant
671 1500 825 1572 quod
873 1497 1126 1552 Christus
1174 1501 1382 1549 terram
1428 1494 1737 1549 viventium
1777 1496 2017 1565 singulis

950 217 1337 272 WALAFRIDI
1375 216 1622 272 STRABI
1661 214 1859 271 FULD.
1902 213 2066 271 MON.
2114 214 2267 270 OPP.
2311 214 2484 271 PARS
2534 215 2576 270 Ι.
2618 244 2686 254 -
2724 214 3186 273 THEOLOGICA.
3696 228 3788 282 488

2741 340 2967 395 CAPUT
3003 341 3207 397 XXXII.

2198 426 2420 489 Audite.
2484 428 2619 483 caeli.
2667 428 2731 481 In
2784 428 3067 499 principio
3132 430 3379 486 maxima
3435 433 3698 492 elementa
3740 440 3789 494 in

2130 516 2523 570 testimonium
2552 521 2730 583 vocat,
2761 522 2826 572 ut
2856 517 2901 571 si
2926 518 3194 574 mandata
3222 521 3583 591 neglexerint,
3612 541 3787 583 eorum

2128 604 2456 659 testimonio
2488 604 2709 675 puniat.

2201 694 2471 748 l‘lebraice
2510 697 2763 749 samaiim
2812 694 3054 767 (amici),
3086 696 3144 751 id
3183 701 3269 751 est
3313 698 3479 768 coeli,
3533 702 3672 771 quod
3720 710 3794 759 est

2127 784 2347 853 plurale
2382 788 2437 838 et
2470 784 2769 838 masculini
2807 785 3051 852 gcneris,
3090 786 3189 840 sed
3245 788 3420 842 voluit
3458 789 3792 861 singulariter

2127 869 2396 939 intelligi,
2446 870 2590 924 sicut
2628 871 2885 941 singulas
2932 872 3187 928 civitates
3240 875 3457 930 Thebas
3484 882 3537 931 et
3573 879 3792 934 Athenas

2126 959 2392 1014 dicimus.

2195 1050 2419 1116 Audite,
2451 1050 2586 1104 cali.
2619 1051 2796 1120 (ΗΔΒ.)
2827 1050 3079 1105 Audiant
3106 1051 3233 1106 cceli
3271 1052 3615 1122 allegoriam,
3658 1061 3785 1110 terra

2130 1138 2453 1193 historiam.
3238 1164 3243 1175 π

2732 1210 2959 1265 CHPUT
2997 1212 3221 1267 XXXIII.

2201 1319 2354 1372 Vens.
2420 1321 2464 1371 l.
2512 1346 2582 1358 —
2612 1317 2835 1385 Audite,
2880 1318 3017 1384 cali,
3077 1323 3184 1373 etc.
3229 1318 3475 1382 Quidam
3521 1321 3697 1376 coelum
3735 1327 3784 1376 et

2128 1414 2340 1461 terram
2378 1407 2539 1477 quasi
2588 1406 2841 1460 animata
2870 1408 2940 1461 ad
2983 1407 3336 1463 audiendum
3389 1411 3664 1478 provocari
3703 1427 3790 1479 pu-

2126 1501 2269 1560 tant,
2324 1494 2634 1548 secundum
2691 1495 2869 1549 illud:
2916 1497 3021 1562 Qui
3058 1499 3278 1566 respicit
3338 1504 3539 1552 terram
3587 1506 3632 1553 et
3679 1501 3797 1564 facit

314 1593 626 1648 secundum
656 1587 892 1660 propria
939 1584 1231 1640 distribuit
1282 1584 1503 1649 merita,
1554 1589 1609 1637 et
1642 1585 1833 1638 omnia
1883 1602 2015 1655 pro-
2047 1616 2088 1671 Β
2125 1600 2243 1638 eum
2274 1589 2493 1637 tremere
2528 1584 2693 1652 (Psal.
2729 1584 2861 1654 CIII),
2917 1602 3049 1639 cum
3100 1586 3209 1640 hoc
3261 1585 3365 1639 Dei
3395 1588 3674 1657 potestatis
3718 1587 3797 1649 sit,

315 1679 486 1734 missa
518 1677 615 1731 Dei
649 1675 902 1745 impleat.
948 1674 1071 1742 Ipse
1101 1670 1254 1724 enim
1310 1669 1619 1723 introducit
1648 1671 1923 1741 populum
1956 1673 2015 1725 in

314 1774 525 1823 terram
571 1763 932 1835 promissam.
985 1761 1061 1813 Eo
1111 1775 1358 1829 namque
1405 1758 1546 1812 duce
1593 1760 1875 1814 caelestem
1927 1760 2015 1814 in-

312 1857 607 1927 gredimur
654 1853 917 1923 patriam,
958 1848 1058 1920 qui
1100 1848 1226 1901 ait:
1282 1848 1444 1904 Nemo
1486 1849 1630 1901 venit
1677 1848 1751 1902 ad
1801 1850 2014 1903 Patrem

311 1947 425 1999 nisi
447 1960 546 2013 per
596 1956 677 1996 me
714 1942 888 2012 (Joan.
920 1937 1050 2004 xiv).
1088 1936 1153 1989 Et
1183 1952 1196 1989 :
1227 1937 1401 1992 TNemo
1456 1934 1699 1989 ascendit
1738 1938 1797 1989 in
1828 1938 2012 1991 caelum

311 2036 422 2088 nisi
450 2035 547 2102 qui
584 2027 855 2085 descendit
884 2026 949 2080 de
996 2026 1141 2091 calo,
1181 2026 1354 2078 Filius
1393 2025 1643 2088 hominis,
1697 2028 1795 2093 qui
1823 2031 1901 2079 est
1956 2031 2014 2080 in

313 2122 437 2175 caelo
486 2121 693 2195 (Joan.
758 2119 872 2185 ιιι);
929 2114 1031 2186 qui
1100 2114 1255 2169 enim
1319 2113 1515 2166 unitur
1567 2118 1623 2167 et
1665 2129 1768 2183 per
1822 2113 2014 2184 ipsum

313 2209 590 2266 ascendit.

380 2300 543 2352 Vens.
589 2298 671 2351 lO.
716 2324 782 2334 -—
840 2297 963 2349 Post
1017 2296 1215 2361 septem
1270 2305 1459 2345 annos.
1494 2291 1555 2343 In
1588 2289 1796 2361 quibus
1858 2308 2005 2361 pra:-

310 2404 440 2443 sens
459 2387 570 2441 vita
600 2386 879 2455 signatur,
920 2398 1049 2453 quae
1093 2380 1414 2450 septenario
1454 2396 1693 2433 numero
1740 2380 2009 2447 volvitur;

310 2479 396 2532 vel
452 2482 681 2546 tempus
734 2473 939 2527 veteris
997 2469 1139 2542 legis
1206 2474 1442 2540 propter
1488 2467 1809 2522 sabbatum.
1881 2472 2013 2524 Post

309 2571 527 2636 septem
560 2578 695 2634 ergo
734 2577 914 2616 annos
961 2559 1022 2613 in
1074 2574 1225 2613 anno
1257 2556 1610 2611 remissionis
1641 2556 1729 2610 lex
1768 2557 1829 2611 in
1874 2573 2013 2612 con-

308 2660 478 2711 ventu
513 2654 625 2723 legi
655 2650 1021 2724 praecipitur:
1056 2648 1193 2719 quia
1220 2646 1508 2716 completa
1537 2644 1678 2715 legis
1706 2646 2012 2700 observan-

309 2745 407 2811 tia,
442 2745 525 2797 lex
556 2738 867 2813 spiritualis
892 2736 1159 2792 succedit.
1199 2734 1377 2789 Unde.
1411 2733 1512 2787 Ubi
1540 2736 1686 2786 venit
1728 2734 2012 2803 plenitudo

309 2833 583 2901 temporis,
653 2829 803 2882 misit
858 2829 998 2880 Deus
1058 2824 1254 2877 Filium
1305 2836 1465 2876 suum
1511 2826 1705 2876 natum
1762 2838 1829 2876 ea:
1890 2838 2009 2877 mu-

308 2921 433 2975 liere
465 2923 569 2972 etc.
594 2917 812 2985 (Ep/tes.
848 2915 946 2983 ιν).

378 3009 537 3062 Vens.
573 3006 663 3059 24.
711 3033 779 3044 -
830 3004 1123 3070 Postquam
1159 3012 1284 3067 ergo
1314 2999 1539 3068 scripsit
1567 2999 1795 3069 Moyses.
1856 3000 2006 3054 Deu-

306 3095 695 3153 teronomium
725 3089 1167 3147 commendatur
1202 3086 1408 3141 Levitis
1445 3086 1581 3158 quia
1629 3087 2006 3157 Evangelium

309 3186 518 3243 Christi
552 3199 653 3254 per
683 3195 950 3236 verorum
980 3177 1342 3232 sacerdotum
1372 3174 1757 3229 ministerium
1783 3174 1844 3228 in
1883 3191 2005 3230 me-

311 3275 497 3330 moria
546 3270 871 3325 reconditur
938 3266 1217 3330 Ecclesiaa,
1276 3280 1407 3335 quae
1455 3268 1540 3318 est
1585 3280 1713 3317 arca
1758 3264 2004 3331 Domini,

313 3364 409 3417 ubi
447 3362 703 3416 caelestes
748 3355 1004 3412 thesauri
1060 3353 1466 3407 reconduntur.
1504 3351 1589 3406 lbi
1640 3352 1768 3405 duae
1796 3352 2005 3406 tabulas

308 3448 652 3513 testamenti,
687 3445 819 3501 libri
849 3443 1063 3498 scilicet
1088 3440 1233 3513 legis
1270 3446 1327 3495 et
1358 3440 1673 3511 Evangelii.
1724 3441 1807 3495 Ibi
1862 3457 2007 3496 urna

309 3556 438 3613 quae
463 3537 716 3592 continet
742 3549 972 3597 manna,
1004 3532 1061 3586 id
1095 3534 1181 3585 est
1207 3546 1339 3584 caro
1370 3528 1596 3596 Christi,
1620 3529 1679 3583 in
1712 3545 1825 3600 qua
1849 3529 2006 3583 cibus

308 3629 437 3683 vitae
467 3631 725 3690 internae;
759 3621 840 3676 ibi
869 3620 1030 3691 virga
1077 3622 1288 3685 Aaron,
1317 3633 1447 3689 quae
1482 3617 1836 3683 fronduerat,
1870 3618 2005 3688 quia

306 3717 388 3773 ibi
429 3714 813 3771 sacerdotium
863 3709 1089 3775 Christi,
1142 3707 1295 3779 quod
1342 3711 1533 3761 manet
1584 3705 1646 3760 in
1701 3712 1999 3771 aeternum,

307 3807 413 3873 vel,
446 3805 506 3859 in
540 3808 904 3874 perpetuum,
957 3802 1017 3851 ut
1064 3796 1138 3851 sit
1176 3795 1254 3850 ibi
1307 3800 1504 3849 contra
1536 3798 1590 3849 te
1638 3792 1699 3848 in
1754 3794 2007 3849 testimo—

306 3896 467 3951 nium
516 3891 698 3946 Verba
751 3888 895 3959 legis
944 3884 1397 3941 custodientibus
1458 3888 1592 3938 sunt
1620 3884 1691 3937 ad
1740 3884 2000 3951 salutem,

304 3980 788 4054 contemptoribus
806 3978 868 4031 in
894 3974 1294 4032 testimonium
1324 3973 1700 4028 contumacia:
1730 3978 1787 4027 et
1810 3972 2008 4027 inobe-

305 4072 539 4128 dientiaa
570 4087 584 4125 :
619 4068 773 4124 unde
804 4084 818 4121 :
852 4068 951 4121 Est
980 4066 1077 4134 qui
1132 4067 1349 4119 accusat
1386 4077 1480 4118 vos
1526 4064 1731 4130 Moyses
1790 4064 1849 4116 in
1897 4077 2002 4130 quo

303 4162 557 4228 speratis.
592 4159 653 4214 Si
681 4158 823 4211 enim
866 4154 1152 4209 crederetis
1201 4153 1396 4220 Moysi,
1454 4151 1742 4206 crederetis
1770 4155 1819 4205 et
1864 4152 2004 4204 mihi

2128 1688 2244 1726 non
2276 1688 2471 1725 eorum
2495 1671 2914 1740 intelligentite.

2198 1762 2357 1815 Vsas.
2400 1764 2453 1815 '2.
2487 1790 2556 1800 —
2581 1762 2921 1815 Concrescat.
2957 1760 3286 1816 Doctrinam
3325 1762 3469 1833 legis
3504 1762 3701 1833 pluviae
3751 1766 3800 1815 et

2123 1852 2238 1905 rori
2268 1854 2582 1920 comparat,
2616 1850 2751 1919 quia
2777 1866 2810 1903 a
2838 1850 3095 1904 ﬁdelium
3124 1851 3390 1906 cordibus
3414 1852 3664 1922 germina
3704 1851 3804 1922 spi-

2124 1940 2306 1994 ritalis
2356 1940 2573 1992 fructus
2613 1938 2809 2008 exigit.
2854 1938 2983 1992 Haec
3015 1938 3171 1993 enim
3208 1946 3344 1993 sunt
3374 1956 3509 2010 ager
3552 1944 3605 1993 et
3658 1939 3802 1992 vinea

2126 2028 2250 2082 Dei.
2294 2028 2424 2081 Tale
2455 2032 2538 2080 est
2569 2026 2711 2081 illud
2759 2026 2919 2080 Isaia:
2952 2043 2965 2080 :
3020 2028 3291 2094 Quomodo
3336 2028 3605 2083 descendit
3634 2028 3803 2092 imber,

2121 2121 2173 2170 et
2200 2120 2300 2170 nia:
2324 2116 2390 2169 de
2418 2116 2563 2182 ccelo,
2584 2122 2632 2168 et
2656 2116 2781 2168 illuc
2811 2116 2959 2169 ultra
2997 2132 3103 2170 non
3128 2120 3443 2186 revertitur,
3475 2117 3566 2171 sed
3595 2115 3806 2169 inebriat

2123 2210 2340 2269 terram,
2399 2206 2601 2271 irrigat
2642 2205 2843 2270 faciem
2907 2204 3047 2272 ejus,
3095 2211 3145 2259 et
3182 2208 3489 2272 germinare
3532 2221 3642 2259 eam
3682 2205 3806 2270 facit

2134 2293 2263 2362 (Isa.
2293 2290 2399 2360 ιν).

2193 2379 2364 2433 Vens.
2415 2380 2466 2432 3.
2524 2406 2592 2417 —
2642 2378 2863 2432 Nomen.
2914 2378 3280 2432 Demonstrat
3328 2395 3460 2449 quae
3498 2378 3567 2433 sit
3612 2376 3805 2448 pluvia.

2123 2473 2343 2527 Nomen
2373 2470 2531 2525 enim
2566 2470 2791 2524 Domini
2824 2470 3109 2537 invocare,
3142 2476 3226 2524 est
3272 2470 3637 2542 Evangelium
3670 2485 3810 2540 pra:-

2120 2562 2352 2616 dicare:
2404 2559 2560 2631 quod
2607 2558 2709 2629 qui
2752 2558 2911 2613 audit
2940 2564 2996 2612 et
3038 2558 3189 2625 facit,
3223 2558 3475 2614 fructum
3516 2560 3642 2613 vitas
3685 2574 3812 2629 pos-

2122 2650 2346 2704 sidebit.
2585 2642 2599 2653 ⁸

2192 2738 2314 2791 Dei.
2358 2736 2564 2791 Unde:
2608 2736 2841 2801 Perfecti
2892 2739 3021 2789 sunt
3058 2736 3194 2801 cali,
3235 2740 3285 2789 et
3334 2740 3502 2802 terra,
3551 2740 3601 2789 et
3649 2737 3808 2790 omnis

2121 2831 2345 2881 ornatus
2394 2840 2620 2879 eorum:
2671 2824 3058 2893 complevitque
3103 2826 3241 2878 Deus
3268 2823 3373 2893 {die
3415 2827 3639 2895 septimo
3691 2838 3813 2894 Opus

2041 2928 2082 2983 ο
2118 2931 2275 2973 suum
2306 2914 2453 2984 (Gen.
2506 2914 2582 2981 ιι),
2617 2912 2772 2983 quod
2811 2916 2897 2965 est
2926 2911 3239 2982 redemptio
3291 2912 3532 2967 humani
3581 2912 3809 2984 generis,

2117 3019 2292 3076 quam
2356 3000 2605 3055 ostendit
2649 2999 2814 3054 nobis
2868 2999 3118 3070 quando,
3174 3001 3475 3071 perﬁciens
3531 2990 3808 3073 spirituale

2114 3092 2432 3156 sabbatum,
2459 3090 2520 3143 in
2546 3089 2810 3159 sepulcro
2845 3088 3147 3160 requievit.

2190 3180 2347 3233 Vens.
2379 3181 2437 3233 ὅ.
2501 3202 2571 3216 —-
2600 3179 2961 3232 Peccaverunt
2998 3178 3066 3243 ei,
3101 3180 3207 3231 etc.
3242 3178 3430 3246 (Ana,
3461 3183 3649 3248 quaest.
3700 3180 3808 3246 55.)

2117 3268 2243 3322 LXX
2274 3284 2287 3321 :
2328 3268 2680 3321 Peccauerunt
2708 3280 2815 3319 non
2852 3267 2902 3319 ei
2930 3266 3037 3333 filii
3076 3266 3487 3334 vituperabiles.
3520 3267 3629 3332 Qui
3666 3267 3809 3322 enim

2113 3361 2330 3426 peccat,
2374 3360 2504 3421 etc.,
2556 3368 2725 3423 usque
2777 3352 2852 3407 ad
2907 3352 3226 3407 secundum
3282 3354 3343 3409 id
3394 3356 3552 3425 quod
3604 3371 3719 3410 non
3762 3352 3810 3407 ei

2114 3449 2435 3500 nocuerunt
2464 3448 2694 3513 peccato
2723 3459 2848 3509 suo,
2884 3442 2982 3497 sed
3006 3442 3137 3497 sibi.

2181 3533 2259 3587 Et
2287 3549 2411 3588 non.
2468 3532 2613 3596 Quia
2649 3548 2764 3586 non
2802 3547 2868 3585 ex
2901 3532 3034 3586 ﬁde.
3071 3530 3241 3586 Dedit
3270 3532 3427 3587 enim
3480 3536 3555 3588 eis
3581 3538 3815 3603 potesta-

2113 3627 2218 3676 tem
2246 3623 2384 3691 filios
2443 3622 2547 3675 Dei
2572 3622 2710 3689 ﬁeri,
2765 3620 2849 3675 his
2893 3623 2992 3689 qui
3034 3620 3260 3675 credunt
3310 3623 3370 3675 in
3415 3625 3632 3677 nomine
3681 3624 3811 3691 ejus.

2119 3712 2179 3764 lu
2210 3708 2473 3763 ﬁdelibus
2503 3714 2695 3762 autem
2724 3708 2935 3762 dicitur
2967 3725 2979 3762 :
3022 3710 3127 3764 Vos
3156 3726 3223 3763 ea:
3249 3714 3406 3778 patre
3426 3710 3645 3765 diabolo
3672 3712 3811 3765 estis.

2183 3799 2463 3856 Generatio
2505 3812 2703 3867 prava.
2735 3797 2813 3850 De
2843 3812 2957 3867 qua
3004 3795 3064 3850 in
3115 3797 3424 3869 Evangelio
3462 3816 3476 3853 :
3530 3800 3809 3853 Generatio

2107 3903 2286 3956 prava
2332 3891 2494 3955 atque
2526 3900 2781 3955 perversa
2833 3888 3052 3954 signum
3081 3888 3277 3954 quaerit
3319 3888 3541 3957 (Matth.
3588 3888 3707 3958 xu).
3750 3887 3811 3939 Et

2112 3976 2249 4030 alibi
2278 3992 2291 4029 :
2335 3977 2618 4032 Genimina
2645 3977 2979 4043 viperarum,
3012 3978 3136 4043 quis
3165 3975 3399 4031 ostendit
3430 3977 3583 4033 vobis
3619 3978 3799 4044 fugere

2110 4081 2145 4118 a
2173 4069 2401 4118 ventura
2428 4065 2518 4116 ira
2546 4062 2700 4131 (Luc.
2735 4062 2813 4130 ιιι)
2832 4060 2860 4116 ‘P

2182 4153 2341 4208 Vaas.
2374 4154 2427 4207 6.
2460 4180 2518 4191 -
2552 4150 2813 4220 Nunquid
2832 4165 2957 4213 non,
2990 4155 3097 4206 etc.
3132 4150 3279 4215 Quid
3309 4152 3577 4207 omnium
3600 4155 3811 4207 creator

302 4252 574 4317 forsitan:
633 4245 700 4300 de
778 4258 861 4297 me
910 4244 1052 4296 enim
1118 4242 1212 4296 ille
1279 4242 1502 4309 scripsit
1539 4241 1726 4308 (Joan.
1786 4241 1883 4307 v);
1941 4244 1998 4294 et
2030 4253 2071 4306 ι)
2110 4247 2168 4297 et
2193 4240 2457 4296 conditor
2491 4255 2639 4295 unus
2686 4240 2832 4294 Deus
2870 4254 2904 4293 a
2932 4255 3046 4310 quo
3087 4238 3233 4310 ipso,
3266 4244 3320 4294 et
3351 4256 3456 4311 per
3498 4242 3712 4312 ipsum,
3760 4243 3813 4294 et

306 4336 493 4391 alibi:
544 4335 726 4390 Sermo
775 4346 931 4401 quem
985 4344 1080 4396 ego
1136 4330 1341 4383 locutus
1370 4344 1510 4394 sum,
1563 4330 1683 4397 ipse
1725 4327 2006 4397 judicabit

303 4427 489 4496 (Joan.
503 4424 620 4493 xu).

378 4515 546 4568 Vaas.
606 4513 695 4567 30.
769 4538 839 4549 —
905 4510 1131 4563 Locutus
1192 4509 1270 4561 est
1338 4519 1464 4572 ergo
1536 4505 1765 4574 Moyses.
1822 4504 2007 4559 Verba

303 4603 475 4674 Moysi
517 4617 634 4655 non
662 4596 1000 4669 simpliciter
1029 4599 1161 4649 sunt
1212 4592 1564 4663 accipienda,
1617 4593 1754 4664 quia
1799 4609 2002 4648 secun-

306 4693 445 4747 dum
490 4687 790 4745 historiam
840 4683 1110 4739 Israelitis
1168 4680 1427 4752 largitori
1489 4682 1601 4735 Deo
1630 4682 1871 4752 ingratis
1910 4698 2004 4735 ex-

307 4782 544 4851 probrat
610 4775 933 4849 perfidiam,
1007 4777 1064 4827 et
1126 4768 1428 4841 allegorice
1475 4773 1727 4822 sanctam
1775 4770 2004 4824 instruit

312 4869 630 4932 Ecclesiam,
679 4871 738 4920 et
785 4864 857 4918 ad
909 4877 1137 4917 morum
1174 4860 1531 4913 honestatem
1576 4864 1845 4927 provocat
1901 4875 2005 4930 per

307 4956 710 5029 tropologiam.
744 4951 1033 5008 Servanda
1079 4955 1163 5004 est
1192 4965 1327 5019 ergo
1359 4947 1420 5001 in
1463 4946 1698 5001 historia
1725 4947 1999 5014 veritatis,

308 5048 370 5101 in
413 5044 686 5115 allegoria
715 5041 1006 5112 mysteria,
1044 5040 1105 5094 in
1149 5036 1471 5108 tropologia
1501 5036 1815 5106 disciplinae
1854 5037 2004 5091 utili.

313 5142 414 5196 tas,
450 5140 511 5188 ut
551 5133 630 5186 sic
677 5131 747 5184 ad
799 5130 1085 5184 caelestem
1114 5127 1395 5182 theoriam
1426 5125 1825 5199 provehamur.
1891 5128 2003 5181 No-

308 5223 547 5279 tandum
578 5238 809 5293 quoque
858 5218 1012 5290 quod
1067 5217 1321 5274 dicttur:
1372 5218 1603 5273 Locutus
1660 5221 1742 5270 est
1796 5218 2001 5283 Moyses

305 5312 468 5367 verba
494 5312 753 5365 carminis
808 5309 992 5377 hujus,
1036 5312 1168 5376 etc.,
1202 5312 1265 5360 ut
1294 5306 1395 5377 qui
1421 5307 1600 5360 Deum
1629 5320 1727 5359 ore
1784 5301 2000 5367 laudat,

306 5416 477 5472 Opere
506 5414 621 5454 non
650 5397 1016 5453 contradicat.
1061 5396 1179 5451 Non
1208 5399 1287 5449 est
1330 5396 1570 5463 speciosa
1628 5392 1749 5445 laus
1802 5392 1861 5443 in
1914 5402 2003 5442 ore

305 5489 599 5559 peccatoris
632 5485 815 5557 (Eccli.
848 5484 996 5553 xui).

2112 4330 2175 4384 in
2202 4330 2326 4401 ipso
2363 4332 2497 4384 sunt
2535 4327 2750 4382 omnia.
2789 4329 3181 4397 Prasposterus
3213 4328 3374 4384 ordo.
3411 4330 3607 4384 Primo
3654 4329 3804 4384 enim

2112 4418 2323 4474 creavit
2394 4419 2543 4472 Deus
2606 4416 2966 4487 disponendo
3028 4421 3093 4471 ut
3161 4422 3325 4485 esset,
3406 4420 3658 4475 secundo
3688 4417 3815 4473 fecit

2112 4506 2434 4575 formando,
2468 4504 2634 4560 tertio
2665 4503 3017 4559 dominando
3048 4505 3318 4575 possedit.

2183 4597 2417 4653 Creavit.
2455 4594 2699 4661 Creavit,
2731 4593 2868 4648 dum
2917 4593 3213 4648 materiam
3245 4595 3395 4649 unde
3421 4596 3664 4651 formari
3691 4612 3811 4667 pos-

2112 4682 2204 4749 sit,
2242 4681 2514 4736 condidit.
2549 4681 2764 4737 Stultus
2785 4697 2922 4752 ergo
2952 4687 3011 4736 et
3057 4681 3353 4753 insipiens,
3402 4685 3541 4755 quia
3584 4686 3810 4739 Creato-

2112 4786 2231 4824 rem
2271 4776 2326 4824 et
2358 4769 2634 4824 factorem
2664 4784 2834 4823 suum
2877 4769 3052 4839 digna
3085 4771 3451 4825 veneratione
3483 4789 3602 4827 non
3632 4772 3765 4827 colit
3799 4788 3810 4824 :

2110 4858 2418 4913 immemor
2470 4858 2594 4927 ejus
2636 4857 2921 4927 beneﬁcii,
2970 4874 3087 4929 quo
3134 4876 3266 4914 eum
3321 4861 3469 4914 Deus
3516 4862 3587 4916 de
3642 4876 3814 4915 manu

2111 4946 2479 5002 inimicorum
2525 4945 2677 4999 eruit
2741 4950 2799 5000 et
2844 4946 3113 5015 possedit,
3163 4964 3267 5019 per
3332 4964 3491 5003 mare
3557 4950 3812 5004 Rubrum

2111 5036 2290 5101 duxit,
2339 5050 2551 5089 manna
2583 5034 2652 5089 de
2708 5035 2849 5088 cmlo
2914 5034 3091 5101 dedit,
3137 5035 3259 5105 ipse
3332 5036 3594 5107 ingratus
3668 5038 3815 5091 idola

2109 5124 2284 5179 coluit
2313 5123 2504 5178 dicens
2536 5140 2549 5177 :
2589 5125 2661 5177 Hi
2685 5127 2810 5176 sunt
2828 5121 2912 5175 dii
2940 5125 3040 5189 tui,
3074 5124 3263 5192 Israel,
3291 5127 3390 5194 qui
3417 5124 3727 5180 eduxeruni
3765 5129 3810 5177 te

2111 5212 2176 5266 de
2206 5218 2351 5266 terra
2380 5214 2605 5280 Egypti
2636 5209 2838 5277 (Exod.
2871 5212 3071 5282 xxxu).

2184 5301 2343 5354 Vens.
2389 5304 2443 5353 7.
2484 5328 2552 5339 —
2586 5300 2822 5353 Patrem.
2882 5299 3185 5353 Doctorem
3235 5300 3379 5371 legis
3432 5305 3489 5355 et
3534 5302 3809 5372 praedica-

2109 5391 2287 5440 torem
2340 5386 2649 5457 Evangelii,
2705 5386 2870 5456 cujus
2896 5386 3159 5443 doctrina
3205 5394 3263 5442 et
3319 5390 3582 5461 exemplo
3602 5392 3815 5445 scilicet

2108 5475 2425 5529 instruaris.
