3976 6178
192 260 209 289 Α

188 260 283 313 489
1317 260 1571 316 GLOSSA
1613 260 2016 317 ORDINARIA.
2057 288 2129 301 —
2172 260 2297 315 LIB.
2344 260 2554 318 DEUT.

3590 268 3697 322 490

254 382 407 435 Vens.
466 384 517 437 8.
578 412 649 421 —
684 382 909 448 Quando
966 382 1268 449 dividebat,
1337 388 1441 438 etc.
1503 383 1695 449 Quasi,
1749 399 1878 437 cum
1918 385 1963 438 Α
2065 387 2134 439 Et
2178 390 2391 453 sugeret
2443 386 2657 453 (Gaec.,
2715 386 2853 438 hom.
2900 388 2967 439 26
3013 387 3069 439 in
3100 386 3337 456 Evang.)
3387 389 3454 443 Ut
3482 393 3695 456 sugeret

186 471 488 526 multitudo
539 471 840 526 hominum
880 472 1320 526 innumerabilis
1351 473 1440 541 sit,
1476 473 1623 527 ﬁlios
1656 478 1882 527 tantum

186 560 347 613 Israel
409 561 806 615 hereditatem
868 578 1028 614 suam
1096 562 1367 615 Dominus
1419 562 1611 632 elegit,
1672 562 1882 633 quibus

182 650 497 718 potentiam
547 666 705 703 suam
738 657 793 704 et
826 655 1040 704 secreta
1090 667 1192 704 sua
1222 667 1328 722 per
1358 652 1496 722 legis
1526 656 1584 705 et
1630 653 1881 723 prophe—

186 742 365 791 tarum
397 739 799 793 manifestabat
828 739 1061 793 indicia.

245 828 557 882 Constituit.
608 828 829 897 (Geram,
878 829 1017 882 hom.
1070 830 1103 883 4
1156 830 1215 882 in
1246 829 1480 899 Evang.)
1524 828 1649 882 Alia
1687 828 1876 893 editio,

180 921 301 982 etc.,
334 931 506 984 usque
535 916 610 970 ad
640 922 695 970 et
723 917 779 970 in
812 933 1009 970 eorum
1052 922 1260 971 sortem
1294 933 1399 987 per
1428 917 1880 972 conversationis

180 1005 613 1059 similitudinem
646 1007 978 1059 ascendunt.

243 1095 404 1148 Vens.
444 1096 495 1147 9.
530 1124 597 1133 —
644 1095 780 1148 Pars
830 1099 1007 1148 autem
1044 1096 1260 1148 Domini
1288 1094 1524 1166 populus
1565 1094 1702 1163 ejus.
1737 1094 1879 1148 Cum

181 1185 317 1239 Deus
400 1182 695 1237 universas
770 1189 968 1252 gentes
1054 1183 1286 1250 creavit,
1356 1184 1508 1237 solos
1594 1183 1879 1237 Israelitas

176 1273 362 1344 elegit,
416 1288 562 1343 quos
603 1287 703 1326 sua
758 1271 1083 1342 cognitione
1128 1271 1305 1342 signis
1336 1276 1393 1326 et
1420 1270 1711 1325 miraculis
1754 1272 1874 1343 glo-

180 1359 435 1415 riﬁcavit.
1152 1416 1159 1423 η

240 1450 397 1503 Vens.
441 1449 521 1502 10.
565 1477 629 1487 —
664 1449 901 1502 Invenit.
951 1447 1096 1512 Quia
1125 1447 1185 1501 in
1223 1447 1359 1503 Sina
1391 1452 1616 1519 pactum
1649 1464 1778 1502 cum
1809 1465 1875 1502 eo

178 1537 320 1605 iniit,
350 1554 564 1591 manna
595 1536 770 1601 dedit,
808 1543 865 1591 et
894 1553 1103 1608 aquam
1144 1537 1213 1592 de
1252 1542 1414 1608 petra
1460 1537 1748 1607 produxit,
1783 1554 1874 1591 co-

178 1628 421 1681 turnices
453 1625 840 1692 ministravit;
873 1630 929 1679 et
960 1626 1018 1679 in
1058 1641 1249 1679 eremo
1289 1625 1668 1696 quadraginta
1708 1625 1874 1679 annis
1914 1676 1952 1729 Β

176 1732 265 1769 eos
297 1714 783 1770 circumducendo
823 1719 1109 1785 prmcepta
1137 1731 1239 1768 sua
1267 1713 1478 1767 docuit.

240 1804 639 1861 Circumduarit.
691 1804 991 1857 Ecclesiam
1021 1819 1125 1874 per
1168 1803 1365 1857 orbem
1412 1808 1696 1856 terrarum
1729 1803 1871 1857 dila-

178 1894 367 1959 tando,
400 1894 460 1947 in
490 1893 639 1947 viam
673 1893 1072 1947 mandatorum
1105 1909 1342 1947 suorum
1372 1892 1688 1963 dirigeudo.

240 1982 566 2039 Custodivit.
619 1981 773 2035 Multi
832 1982 891 2033 in
959 1980 1183 2034 deserto
1234 1980 1507 2051 prostrati
1563 1984 1712 2047 sunt,
1772 1981 1868 2035 sed

175 2077 473 2142 postquam
504 2070 769 2124 mandata
803 2070 901 2123 Dei
929 2069 1267 2140 transgressi
1298 2074 1448 2123 sunt.

242 2161 409 2214 Vens.
449 2162 533 2212 11.
586 2158 825 2212 —Sicut
845 2159 1057 2227 aquila.
1107 2158 1336 2228 Aquila,
1384 2155 1700 2211 secundum
1720 2156 1871 2227 phy-

175 2250 331 2316 sicos,
367 2248 438 2302 ab
466 2246 731 2301 acumine
766 2247 1065 2300 oculorum
1099 2250 1318 2312 vocata,
1352 2250 1470 2299 tam
1502 2249 1663 2298 acute
1692 2244 1868 2312 videt,

173 2343 231 2391 ut
279 2353 413 2391 cum
468 2351 640 2405 super
692 2333 872 2387 maria
929 2333 1211 2388 immobili
1263 2349 1451 2403 penna
1508 2332 1712 2399 fertur,
1767 2348 1870 2386 nec

174 2424 435 2479 humanis
490 2423 705 2476 visibus
760 2424 937 2492 patet,
997 2420 1301 2490 pisciculos
1354 2420 1415 2474 in
1469 2420 1613 2473 mari
1668 2425 1868 2474 natare

174 2514 374 2575 videat,
409 2517 468 2566 et
493 2512 767 2565 tormenti
795 2509 975 2563 instar
1011 2508 1359 2563 descendens
1406 2512 1626 2579 raptam
1664 2509 1870 2579 pennis

172 2602 418 2673 praedam
472 2599 541 2654 ad
605 2599 761 2652 littus
828 2598 1142 2668 pertrahat.
1201 2598 1392 2651 Pullos
1457 2613 1686 2669 quoque
1744 2597 1869 2668 plu-

172 2692 481 2742 mescentes
531 2685 635 2740 alis
683 2686 945 2740 verberat
996 2689 1052 2738 et
1105 2684 1174 2738 ad
1227 2684 1538 2738 volandum
1585 2690 1869 2754 provocat.

173 2778 253 2831 Sic
315 2776 575 2831 Christus
627 2790 730 2829 nos
774 2774 935 2829 dictis
984 2778 1041 2827 et
1095 2773 1368 2844 exemplis
1417 2773 1745 2841 exhortans,
1800 2773 1871 2827 ad

176 2868 273 2920 alta
339 2863 627 2935 provehit,
690 2867 753 2918 ut
782 2879 1090 2933 sequamur
1120 2879 1233 2933 quo
1290 2862 1617 2932 praecessit;
1668 2862 1867 2916 unde:

177 2954 268 3006 Ubi
296 2955 477 3019 fuerit
502 2965 714 3020 corpus,
747 2951 826 3004 ibi
853 2949 1321 3019 congregabantur
1349 2954 1399 3003 et
1428 2949 1626 3017 aquilae
1655 2946 1867 3019 (Matth.

172 3044 336 3109 ΠΝ).
402 3041 588 3110 Super
635 3041 801 3093 ccelos
861 3054 1089 3109 quoque
1147 3038 1447 3101 exaltatus,
1498 3042 1552 3091 et
1608 3035 1877 3090 humanis

175 3130 493 3184 subtractus
535 3128 879 3199 aspectibus,
913 3128 972 3181 in
1002 3126 1147 3180 mari
1176 3126 1346 3197 hujus
1384 3126 1587 3181 mundi
1613 3130 1876 3180 natantes

171 3218 346 3271 oculis
409 3216 817 3271 misericordiae
870 3215 1041 3282 videt,
1102 3219 1159 3269 et
1212 3215 1416 3285 pennis
1476 3214 1685 3269 amoris
1743 3229 1873 3285 per~

170 3306 339 3360 trahit
395 3306 469 3360 ad
525 3305 682 3360 littus
721 3311 953 3360 aeterna:
1007 3303 1341 3359 securitatis.
1404 3302 1602 3358 Unde:
1656 3305 1770 3372 Ego
1827 3305 1877 3358 si

173 3397 444 3449 exaltatus
499 3397 656 3461 fuero
685 3410 721 3448 a
779 3398 946 3462 terra,
1002 3396 1184 3448 omnia
1238 3393 1455 3447 traham
1508 3392 1583 3447 ad
1611 3395 1876 3463 meipsum

173 3486 342 3548 (Joan.
378 3486 503 3549 xu).

240 3573 391 3628 Sicut
423 3572 635 3641 aquila,
667 3574 772 3625 etc.
795 3570 1019 3643 Aquila,
1054 3574 1117 3625 ut
1147 3569 1329 3637 aiunt,
1362 3586 1493 3624 cum
1522 3570 1875 3641 plumescere

172 3662 356 3731 pullos
386 3678 523 3715 suos
554 3660 723 3725 videt,
758 3660 825 3714 ad
856 3660 1035 3715 solem
1075 3659 1381 3730 convertit,
1412 3664 1466 3714 et
1498 3659 1663 3714 illum
1695 3660 1877 3713 nutrit

173 3751 265 3821 qui
294 3750 714 3805 irreverberata
759 3748 877 3803 acie
933 3749 1136 3820 aspicit
1190 3749 1378 3803 radios
1424 3748 1581 3817 solis,
1622 3753 1677 3802 et
1708 3749 1751 3801 si
1786 3750 1873 3801 lu-

174 3841 326 3895 mina
355 3838 629 3901 detlectit,
675 3837 838 3908 quasi
884 3838 1227 3909 degenerem
1266 3837 1542 3908 negligit;
1574 3838 1877 3908 pullosque

174 3929 239 3983 ad
294 3927 610 3983 volandum
659 3936 946 3998 provocat,
999 3931 1054 3980 et
1096 3927 1272 3979 lassos
1307 3926 1408 3979 alis
1465 3928 1769 3978 sustentat:
1799 3923 1878 3977 sic

177 4016 317 4069 Dens
373 4015 446 4070 ad
507 4031 708 4069 verum
765 4013 953 4069 Solem
1013 4029 1117 4067 nos
1156 4013 1379 4079 invitat,
1444 4010 1878 4065 infirmitatibus

174 4105 378 4159 nostris
410 4104 781 4175 compatitur,
814 4109 873 4158 et
901 4103 1004 4157 alis
1032 4100 1232 4174 gratias
1259 4105 1555 4156 sustentat.

240 4197 565 4249 Provocans.
617 4224 690 4233 -—
743 4193 828 4248 Ad
886 4197 1099 4247 terram
1157 4192 1427 4246 Chanaan
1476 4188 1878 4261 possidendam

1990 475 2093 527 mel
2116 474 2180 528 de
2208 479 2385 543 petra,
2418 480 2468 528 et
2493 477 2663 529 oleum
2693 474 2758 528 de
2785 478 2946 544 ﬁrma
2976 479 3152 545 petra.
3190 477 3301 529 Hoc
3324 476 3490 546 juxta
3520 477 3699 531 histo-

1991 561 2134 615 riam
2167 562 2374 616 factum
2429 580 2710 634 nusquam
2761 563 2991 633 legitur,
3036 569 3166 632 etc.,
3197 580 3365 633 usque
3395 565 3470 619 ad
3509 565 3697 620 dona-

1992 651 2072 703 tio
2104 650 2318 704 diaboli
2350 668 2452 720 per
2479 651 2813 706 unctionem
2846 652 3091 722 Spiritus
3125 653 3323 707 sancti.

2062 740 2163 793 Mel
2210 739 2466 810 quidem,
2518 740 2589 794 ad
2622 740 2892 807 litteram,
2938 740 3197 795 omnium
3239 757 3435 795 rerum
3473 741 3695 813 copiam

1990 826 2292 897 signiﬁcat.

2061 917 2226 971 Vens.
2281 917 2365 971 14.
2398 946 2470 957 -
2497 918 2779 971 Filiorum.
2834 918 3012 972 Basan
3046 917 3206 989 regio
3248 922 3332 973 est
3363 936 3493 991 qua;
3524 936 3696 991 peco-

1990 1003 2145 1057 ribus
2192 1005 2444 1059 abundat
2486 1008 2723 1076 propter
2770 1022 3015 1076 pascua:
3072 1008 3227 1063 unde
3280 1008 3580 1063 Rubeuitis
3639 1015 3695 1065 et

1988 1095 2200 1149 Gaditis
2227 1100 2282 1149 et
2333 1095 2587 1151 dimidia:
2625 1096 2801 1151 tribui
2847 1097 3097 1152 Manasse
3149 1098 3355 1154 tradita
3402 1105 3507 1167 est,
3542 1101 3693 1172 ,quia

1986 1200 2193 1255 pecora
2222 1185 2401 1238 multa
2432 1184 2740 1239 habebant.

2056 1276 2125 1328 Et
2183 1274 2379 1328 hircos.
2439 1273 2546 1336 Qui
2604 1273 2941 1344 pmnitentes
2990 1275 3332 1346 signiﬁcant,
3393 1276 3530 1349 quia
3585 1294 3690 1349 pro

1984 1365 2214 1430 peccato
2244 1361 2648 1416 offerebantur.
2670 1364 2793 1417 Non
2827 1364 2959 1418 satis
2991 1369 3075 1419 est
3104 1365 3365 1420 ﬁdelibus
3394 1366 3546 1420 dona
3574 1368 3691 1421 vir-

1987 1452 2173 1502 tutum
2222 1449 2538 1519 percipere,
2590 1449 2703 1503 nisi
2751 1450 3018 1505 studeant
3067 1468 3171 1522 pro
3220 1452 3537 1506 commissis
3568 1470 3690 1524 pm-

1984 1536 2185 1591 nitere.
2249 1537 2406 1592 Unde
2451 1539 2750 1607 :Amplius
2808 1539 2933 1593 lava
2989 1555 3070 1594 me
3128 1540 3195 1595 ab
3249 1543 3545 1610 iniquitate
3570 1559 3685 1597 mea

1986 1625 2153 1694 (Psal.
2186 1625 2259 1692 L).

2055 1709 2255 1764 Hircos
2315 1715 2477 1765 vocat
2524 1711 2623 1783 qui
2682 1713 2945 1783 exemplo
3016 1730 3117 1768 suo
3172 1714 3298 1768 aliis
3359 1715 3689 1772 ministrant

1980 1798 2333 1866 paenitentia;
2395 1815 2588 1869 opera,
2647 1800 2905 1870 quamvis
2967 1818 3082 1856 non
3132 1804 3524 1858 commiserint
3553 1822 3685 1876 gra-

1981 1887 2105 1941 via:
2167 1886 2381 1941 deﬂent
2444 1888 2598 1942 enim
2664 1890 3079 1961 cogitationum
3138 1897 3371 1962 peccata
3411 1896 3685 1965 tanquam

1978 1975 2146 2030 facta.

2052 2066 2185 2122 Cum
2236 2064 2473 2119 medulla
2512 2068 2704 2121 triciti.
2748 2067 3018 2138 Corporis
3065 2068 3308 2136 Christi;
3337 2069 3529 2125 unde:
3563 2072 3688 2126 Nisi

1978 2169 2212 2222 granum
2255 2156 2523 2220 frumenti
2582 2155 2777 2210 cadens
2824 2158 2882 2210 in
2917 2162 3137 2223 terram,
3189 2162 3295 2213 etc.
3332 2158 3519 2229 (Joan.
3550 2160 3675 2230 xu).

2048 2243 2213 2296 Vens.
2278 2244 2361 2295 15.
2415 2272 2488 2283 —
2538 2245 2876 2299 Incrassalus
2931 2252 3009 2300 est
3059 2246 3306 2313 dilectus,
3366 2251 3471 2301 etc.
3529 2248 3684 2303 Sicut

1976 2331 2158 2385 Judaei
2205 2330 2502 2385 incrassati
2552 2332 2862 2399 beneﬁciis,
2924 2334 3241 2388 idololatria
3301 2335 3434 2389 facti
3491 2341 3624 2391 sunt
3667 2354 3679 2391 :

1979 2420 2057 2474 sic
2083 2420 2319 2492 quidam
2369 2420 2675 2475 Christiani
2727 2426 3019 2492 acceptum
3052 2423 3389 2492 mysterium
3422 2425 3680 2495 corporis

1978 2514 2036 2564 et
2063 2507 2357 2580 sanguinis
2398 2509 2625 2563 Domini
2665 2509 2721 2563 in
2753 2509 3137 2581 perditionem
3170 2511 3276 2565 sibi
3305 2518 3671 2567 convertunt.

2050 2600 2208 2652 Vens.
2274 2600 2356 2652 16.
2418 2628 2490 2638 —
2524 2601 2970 2654 Provocaverunt.
3031 2601 3142 2654 Alii
3195 2600 3344 2655 ﬁunt
3400 2601 3678 2667 haeretici,

1979 2686 2076 2739 alii
2114 2686 2457 2753 idololatrae,
2491 2687 2590 2758 qui
2639 2688 2707 2743 de
2737 2689 2907 2743 corde
2937 2688 3089 2743 idola
3121 2691 3177 2743 et
3223 2688 3683 2744 abominationes

1979 2774 2089 2828 sibi
2118 2774 2367 2845 ﬁngunt.
2982 2822 2983 2825 η

2048 2864 2210 2917 Vens.
2262 2866 2343 2916 17.
2394 2892 2462 2901 —
2502 2864 2642 2920 Novi
2689 2868 3042 2933 recentesque.
3090 2865 3435 2921 Recedentes
3479 2883 3513 2920 a
3560 2868 3682 2921 cul-

1912 2960 1953 3016 α
1981 2955 2112 3005 tura
2144 2950 2267 3021 Dei,
2319 2950 2675 3007 invenerunt
2710 2951 2816 3006 sibi
2856 2952 2993 3006 deos
3044 2969 3189 3025 quos
3238 2959 3432 3023 patres
3480 2971 3679 3011 eorum

1983 3040 2315 3094 coluerunt.

2056 3129 2217 3182 Vens.
2266 3130 2354 3183 20.
2409 3158 2474 3168 --
2524 3130 2596 3184 Et
2640 3130 2761 3182 ait:
2808 3128 3175 3195 Abscondam,
3220 3134 3328 3185 etc.
3364 3130 3515 3185 Nihil
3548 3146 3683 3201 gra-

1983 3216 2109 3271 vius
2138 3221 2223 3271 est
2253 3232 2427 3287 quam
2454 3215 2672 3271 visione
2704 3216 2804 3270 Dei
2828 3217 3068 3288 privari;
3100 3218 3254 3273 unde
3279 3235 3292 3273 :
3322 3222 3394 3276 Ne
3422 3220 3685 3289 projicias

1982 3322 2065 3360 me
2107 3322 2141 3360 a
2188 3307 2333 3371 facie
2366 3310 2461 3359 tua
2514 3306 2693 3375 (Psal.
2743 3305 2820 3375 L).
2881 3306 3059 3360 Item:
3112 3308 3187 3363 Ne
3230 3314 3444 3364 avertas
3487 3310 3684 3375 faciem

1986 3398 2154 3461 tuam,
2185 3399 2290 3448 etc.
2322 3393 2487 3463 (Psal.
2523 3396 2798 3463 Lxxxvni.)

2054 3482 2170 3551 Iqsi
2194 3496 2275 3535 me
2320 3486 2768 3551 provocaverunt,
2826 3484 2931 3536 etc.
2966 3480 3175 3546 Quasi:
3227 3481 3372 3537 sicut
3425 3483 3682 3538 irritave-

1984 3576 2120 3624 runt
2152 3585 2243 3623 me
2294 3570 2723 3625 multitudinem
2754 3570 3030 3625 falsorum
3071 3571 3309 3626 deorum
3338 3572 3591 3638 colendo,
3627 3578 3685 3625 et

1983 3674 2075 3711 me
2133 3657 2516 3727 reprobando,
2579 3658 2659 3711 sic
2702 3657 2937 3713 irritaho
2996 3675 3090 3713 eos
3137 3659 3196 3713 in
3254 3660 3680 3715 multitudinem

1985 3746 2244 3817 gentium
2274 3746 2614 3800 assumendo
2640 3746 2767 3800 illos
2797 3750 2855 3801 et
2881 3748 3263 3818 reprobando.

2056 3838 2125 3889 Et
2154 3850 2247 3901 ego
2271 3834 2590 3903 provocabo,
2633 3839 2739 3889 etc.
2791 3835 3089 3889 Tradendo
3130 3852 3227 3889 eos
3254 3837 3544 3906 gentibus,
3579 3837 3681 3907 qui

1986 3922 2294 3994 aliquando
2338 3938 2453 3975 non
2510 3922 2777 3992 populus,
2832 3939 2985 3976 nunc
3034 3927 3223 3977 autem
3268 3924 3515 3994 populus
3560 3926 3682 3979 Dei.

1987 4011 2264 4067 Similiter
2319 4009 2645 4076 Christiani,
2698 4009 2799 4081 qui
2845 4011 3066 4065 deserta
3108 4011 3342 4066 veritate
3364 4012 3433 4066 ad
3463 4028 3685 4067 errores

1988 4099 2296 4167 declinant,
2351 4098 2619 4169 malignis
2662 4098 2957 4169 spiritibus
2998 4099 3322 4168 traduntur,
3357 4100 3457 4172 qui
3488 4102 3685 4172 digni-

1988 4190 2163 4241 tatem
2212 4187 2527 4258 angelicam
2562 4186 2957 4258 perdiderunt.
3009 4187 3117 4252 Qui
3146 4188 3290 4243 bene
3342 4204 3480 4259 gens
3512 4190 3690 4244 stulta

174 4282 454 4337 Dominus
500 4283 784 4353 populum
832 4297 1000 4337 suum
1046 4279 1394 4352 provocavit,
1446 4277 1682 4349 adjuvit,
1722 4283 1777 4330 et
1804 4278 1875 4330 ab
1916 4290 1958 4343 ι)
1986 4277 2271 4341 dicuntur,
2296 4274 2574 4346 justitiam
2597 4276 2873 4342 odientes,
2896 4276 3259 4347 iniquitatem
3282 4281 3556 4332 amantes.

171 4370 423 4425 inimicis
454 4372 721 4443 protexit.

244 4462 411 4515 Vens.
470 4462 555 4515 12.
589 4490 659 4501 -—
705 4462 979 4523 Dominus.
1027 4459 1194 4513 Pater
1225 4462 1283 4512 et
1330 4455 1503 4510 Filius
1535 4459 1590 4509 et
1635 4452 1881 4524 Spiritus

174 4555 403 4604 sanctus
434 4567 584 4603 unus
622 4554 706 4604 est
744 4552 913 4604 Deus.
948 4548 1071 4602 Non
1100 4546 1238 4601 dicit
1270 4546 1424 4599 solus
1465 4547 1648 4610 Pater,
1683 4560 1751 4596 ne
1783 4557 1877 4595 ex-

174 4639 369 4693 cludat
432 4639 641 4694 Filium
692 4639 779 4692 vel
833 4636 1110 4709 Spiritum
1150 4639 1430 4700 sanctum,
1475 4634 1571 4688 sed
1604 4631 1878 4686 Dominus

174 4728 351 4791 solus,
380 4728 435 4782 id
469 4732 553 4780 est
586 4728 753 4781 Deus.

244 4818 531 4872 Dominus.
597 4814 1005 4871 Haereticorum
1072 4817 1159 4868 tot
1231 4810 1455 4867 domini
1529 4815 1679 4876 sunt,
1741 4812 1883 4880 quot

176 4921 402 4959 errores
434 4905 651 4958 colunt.

245 4994 411 5047 Vens.
478 4995 561 5046 13.
614 5021 688 5032 —
740 4992 1043 5046 Excelsam.
1103 4988 1485 5055 Palaestinam,
1541 5002 1671 5059 quae
1718 5002 1879 5041 mon-

178 5085 343 5135 tuosa
372 5098 385 5147 ;
419 5082 695 5151 Egyptus
720 5080 893 5150 plana
922 5084 978 5133 et
1005 5078 1296 5149 depressa.

247 5168 583 5235 Ecclesiam,
612 5184 740 5238 qua:
771 5168 976 5221 virtute
1004 5171 1056 5222 et
1103 5165 1339 5221 scientia
1367 5165 1646 5219 sublimis.
1679 5165 1741 5217 In
1774 5178 1888 5233 qua

178 5258 506 5311 comeditur
533 5257 750 5310 fructus
780 5272 1071 5326 agrorum,
1102 5255 1236 5326 quia
1267 5253 1345 5307 ibi
1379 5252 1663 5323 germinat
1691 5266 1887 5304 semen

180 5344 419 5415 bonum,
464 5346 522 5401 id
575 5351 661 5399 est
692 5345 792 5399 Dei
838 5346 1099 5400 verbum.
1152 5342 1235 5397 lbi
1288 5344 1504 5397 fructus
1544 5340 1885 5407 tricesimus,

181 5436 572 5505 sexagesimus
625 5439 683 5486 et
727 5432 1091 5499 centesimus,
1148 5438 1210 5486 ut
1238 5430 1479 5502 quisque
1530 5444 1633 5499 pro
1665 5427 1888 5500 capaci-

176 5528 296 5578 tate
328 5539 433 5578 sua
460 5521 813 5576 sufﬁcienter
841 5521 1121 5576 comedat.

453 5596 729 5661 PATROL.
785 5594 1011 5667 CXIII.

2061 4366 2221 4419 Vens.
2268 4368 2357 4419 22.
2410 4393 2473 4405 --
2517 4366 2667 4432 Ignis
2713 4380 2994 4420 succensus
3035 4371 3132 4433 est,
3185 4372 3292 4421 etc.
3342 4367 3530 4434 (Gneo.
3570 4366 3677 4422 lib.

1987 4469 2119 4508 xvm
2146 4454 2363 4519 Moral.,
2405 4468 2528 4524 cap.
2566 4456 2669 4524 12.)
2700 4455 2778 4508 De
2822 4453 2911 4508 his
2960 4471 3103 4525 quos
3130 4456 3406 4510 damnant
3437 4455 3687 4527 flagella,

1987 4547 2186 4596 etnon
2238 4542 2499 4603 liberant,
2558 4542 2832 4612 scriptum
2890 4548 3012 4598 est:
3072 4546 3390 4599 Percussisti
3443 4559 3528 4599 eos
3592 4560 3689 4599 nec

1988 4630 2293 4697 doluerunt,
2356 4634 2461 4683 etc.
2519 4630 2611 4684 His
2658 4632 2886 4702 flagella
2914 4631 2975 4685 in
3005 4633 3109 4686 hac
3139 4632 3255 4687 vita
3307 4632 3603 4701 inchoant,
3635 4637 3691 4687 et

1987 4718 2049 4772 in
2080 4723 2358 4773 aeternum
2387 4719 2806 4789 permanebunt
2831 4739 2845 4785 ;
2878 4720 3031 4774 unde
3062 4720 3281 4791 Moyses
3312 4723 3499 4788 :Ignis
3532 4737 3689 4776 emar-

1988 4811 2061 4862 sit
2091 4808 2158 4861 ab
2190 4809 2280 4862 ira
2309 4822 2430 4873 sua,
2470 4811 2519 4861 et
2549 4807 2764 4862 ardebit
2794 4823 2959 4877 usque
2988 4808 3062 4861 ad
3100 4811 3304 4875 inferos
3334 4814 3384 4863 et
3417 4810 3685 4866 deorsum.

1991 4898 2068 4951 De
2100 4894 2371 4965 praesenti
2410 4894 2565 4949 enim
2612 4896 2974 4966 percussione
3022 4896 3230 4950 dicitur
3261 4914 3273 4951 :
3305 4900 3455 4966 Ignis
3485 4902 3693 4954 exarsit

1991 4984 2060 5038 ab
2090 4986 2177 5037 ira
2202 4999 2320 5037 mea
2367 4981 2494 5053 (Jer.
2525 4982 2653 5053 xv);
2687 4984 2756 5038 de
2800 4988 3014 5037 aeterna
3060 4985 3353 5055 sequitur:
3405 4989 3475 5041 Et
3523 4989 3691 5042 arde-

1995 5073 2077 5129 bit
2104 5087 2273 5141 usque
2310 5071 2384 5126 ad
2431 5073 2635 5137 inferos
2665 5076 2715 5126 et
2752 5071 2999 5126 deorsum
3046 5072 3210 5144 (Psal.
3243 5075 3523 5145 Lxxxvm).
3568 5077 3693 5130 Non

1994 5168 2185 5217 tamen
2208 5159 2428 5231 judicat
2475 5161 2622 5213 Deus
2652 5160 2739 5213 his
2771 5160 2831 5214 in
2877 5161 3162 5231 idipsum:
3196 5178 3378 5217 unum
3425 5168 3511 5217 est
3539 5163 3694 5216 enim

1998 5248 2289 5318 flagellum
2336 5246 2487 5316 quod
2532 5246 2925 5315 temporaliter
2980 5247 3200 5319 incipit,
3251 5254 3308 5304 et
3363 5249 3426 5303 in
3466 5249 3694 5303 aeternis

2000 5333 2298 5405 suppliciis
2328 5338 2785 5388 consummatur.

2071 5422 2461 5491 vaorabitque
2512 5427 2727 5479 terram.
2761 5423 2905 5480 Alii:
2952 5426 3223 5482 comedent
3272 5432 3472 5482 terram
3509 5432 3559 5481 et
3588 5443 3696 5481 na-

1996 5514 2200 5568 scentia
2245 5512 2381 5581 ejus,
2435 5511 2493 5567 id
2548 5517 2633 5567 est
2685 5531 2874 5581 carne,
2925 5521 3158 5588 propter
3202 5534 3376 5588 opera
3398 5516 3700 5651 gibidinis,

3356 5597 3383 5651 1

3356 5597 3383 5653 1
