4038 6180
312 315 410 369 491

974 310 1373 368 WALAFRIDI
1410 312 1653 368 STRABl
1689 312 1893 368 FULD.
1918 310 2086 369 MON.
2110 312 2261 369 OPP.
2298 312 2473 368 PARS
2506 312 2544 368 Ι.
2585 340 2654 350 —
2683 310 3147 368 THEOLOGICA.

3711 314 3817 367 492

314 441 475 491 terna
532 436 765 490 ﬂamma
835 433 1169 501 comburat;
1227 434 1516 489 nascentia
1578 434 1734 490 enim
1789 436 2077 503 carnis,A
2186 436 2349 491 Vens.
2406 438 2493 491 36.
2525 465 2596 474 —
2640 435 2938 491 Judicabit.
2999 436 3446 491 Discernendoa
3499 436 3693 503 malis,
3734 452 3820 490 se-

312 541 486 595 opera
536 523 1013 594 concupiscentia
1061 524 1324 591 carnalis,
1368 539 1497 596 qua
1524 528 1659 579 sunt
1686 523 2006 590 fornicatio,

311 606 679 665 immunditia
707 615 763 665 et
791 609 1141 679 hujusmodi.

382 701 541 754 Vens.
579 699 667 752 24.
700 729 767 738 -
813 700 954 753 Aves
982 710 1182 756 morsu.
1239 698 1377 764 Qua
1425 699 1591 770 juxta
1642 698 1793 754 viam
1850 716 2006 755 com-

312 789 540 843 medere
569 792 905 841 sementem.

383 881 570 932 Dentes
623 877 935 944 bestiarum,
977 881 1083 931 etc.
1132 876 1389 932 Trahunt
1430 875 1628 932 bestia
1674 881 1731 932 et
1773 893 2005 948 serpen-

311 971 396 1021 tes
425 966 691 1020 dentibus
719 965 947 1019 furiosis
977 965 1249 1036 reprobos
1279 982 1452 1036 super
1494 971 1726 1033 terram,
1775 967 2008 1038 quando

312 1055 465 1125 quod
515 1055 675 1126 prius
723 1054 1073 1108 blandiendo
1126 1054 1449 1108 carnalibus
1490 1059 1897 1124 persuaserunt
1946 1059 2009 1110 ut

312 1130 666 1212 sediicerent,
719 1142 929 1197 furiose
967 1160 1001 1197 a
1028 1142 1422 1214 peccatoribus
1470 1147 1741 1214 expetunt
1788 1148 2007 1198 uteru-

311 1233 479 1286 cient.

380 1320 542 1373 Vans.
582 1318 673 1373 25.
717 1347 787 1360 —
844 1318 1020 1374 Foris.
1071 1318 1290 1389 Corpus
1333 1317 1483 1390 ignis
1528 1319 1729 1373 aterni
1771 1324 2007 1389 torque-

309 1408 395 1462 bit
425 1407 662 1471 exustio,
693 1409 749 1460 et
776 1410 1030 1461 mentem
1074 1405 1356 1478 angustia
1403 1406 1775 1477 magnitudo;
1810 1408 1961 1461 unde
1990 1423 2002 1461 :

319 1498 525 1550 Vermis
581 1510 762 1548 eorum
803 1510 911 1549 non
954 1496 1232 1560 morietur,
1278 1498 1329 1549 et
1360 1496 1504 1564 ignis
1551 1510 1732 1550 eorum
1772 1510 1878 1549 non
1907 1511 2005 1548 ea;-

310 1586 617 1651 stinguetur
646 1581 775 1652 (lsa.
807 1584 940 1649 LVI).

381 1674 659 1725 Juvenem.
711 1670 859 1723 Nulli
889 1668 1101 1723 scilicet
1148 1669 1300 1724 atati
1329 1675 1613 1741 parcetur,
1647 1670 1782 1742 quia
1810 1685 2008 1725 omnes

311 1760 633 1815 idololatria
667 1757 989 1813 maculavit.

382 1850 546 1903 Vens.
608 1849 697 1901 26.
756 1877 824 1886 —
898 1847 1114 1902 Cessare
1187 1849 1395 1913 faciam
1450 1864 1519 1903 ea:
1587 1848 1910 1903 hominibus.
1967 1852 2014 1903 Α

312 1942 464 1990 terra
518 1951 623 1987 sua
660 1932 825 2004 ejecti
854 1943 903 1987 et
953 1949 1054 2002 per
1095 1937 1279 1988 totum
1331 1934 1526 1989 orbem
1576 1934 1818 2005 dispersi
1857 1941 2009 1990 sunt.

315 2023 664 2078 Generaliter
706 2038 836 2075 vero
884 2025 1206 2090 peccatores
1252 2020 1530 2076 tollentur
1581 2023 1650 2076 de
1688 2029 1840 2078 terra
1878 2039 2015 2076 san-

315 2117 555 2171 ctorum.
601 2115 658 2163 et
704 2108 981 2162 memoria
1029 2124 1270 2175 eorum;
1314 2109 1511 2163 unde:
1559 2111 1848 2180 Propterea
1877 2113 2014 2166 Deus

315 2203 438 2253 tuus
485 2197 723 2252 destruet
751 2202 803 2250 te
838 2200 893 2249 in
921 2198 1100 2265 ﬁnem,
1146 2198 1348 2263 evellet,
1398 2200 1448 2251 et
1486 2197 1671 2252 educet
1703 2204 1751 2253 te
1775 2198 1841 2253 de
1871 2203 2019 2253 terra

310 2289 624 2350 viventium,
660 2288 763 2339 etc.
798 2285 963 2357 (Psai.
998 2284 1094 2355 LI.)

386 2376 543 2428 Vsus.
602 2375 693 2427 ‘27.
753 2402 820 2413 —
890 2374 1105 2427 Distuli.
1166 2373 1248 2428 Ne
1294 2372 1761 2444 blasphemarent
1807 2390 2016 2430 nomen

314 2479 507 2517 meum
540 2477 643 2516 nec
672 2465 864 2515 tamen
890 2461 1099 2515 abstuli
1131 2461 1460 2516 vindictam.

384 2553 541 2606 Vens.
580 2552 666 2605 30.
703 2579 769 2591 —
824 2549 1114 2619 Quomodo.
1166 2550 1413 2603 Tantum
1463 2550 1712 2605 ostendit
1749 2550 2015 2606 timorem

312 2640 559 2696 Judaica
600 2638 806 2711 gentis,
859 2644 1163 2709 postquam
1216 2638 1454 2693 Domino
1506 2644 1902 2710 peccaverunt,
1955 2645 2019 2695 ut

315 2746 462 2784 unus
501 2728 756 2782 hostium
805 2727 961 2781 mille
1006 2726 1076 2780 de
1107 2726 1210 2788 eis,
1242 2732 1300 2781 et
1339 2727 1453 2781 duo
1505 2728 1769 2798 fugarant
1818 2729 2015 2783 decem

313 2819 511 2883 millia,
545 2817 654 2870 hoc
681 2820 765 2870 est
793 2815 960 2888 pauci
990 2816 1290 2886 plurimus.

387 2907 544 2959 Vens.
605 2906 692 2959 3t.
745 2934 813 2944 -—
855 2904 1093 2959 Iudices.
1154 2902 1615 2984 Approbalores;
1675 2905 1851 2959 etiam
1911 2904 2015 2976 qui

2115 524 2367 579 cundum
2412 525 2553 579 illud
2587 540 2602 579 :
2632 525 2830 580 Judica
2880 540 2979 591 me,
3017 528 3175 590 Deus,
3216 528 3267 579 et
3317 524 3561 580 discerne
3589 540 3819 581 causam

2115 628 2287 667 meam
2318 614 2487 678 (Psat.
2520 613 2682 683 XLII).

2194 701 2409 756 Videbit
2459 700 2611 769 quod
2659 703 2937 769 inﬁrmata
2985 702 3059 756 sit
3087 716 3276 756 manus
3326 701 3687 771 Quodcunque
3724 718 3824 772 po-

2117 790 2217 841 test
2245 801 2436 857 munus
2480 791 2594 854 tua,
2644 788 2912 841 instanter
2958 803 3199 856 operare,
3230 789 3361 857 quia
3400 802 3495 842 nec
3522 802 3678 858 opus,
3723 803 3817 843 nec

2114 876 2277 941 ratio,
2311 890 2403 929 nec
2432 876 2704 943 sapientia
2732 879 2810 928 est
2841 875 2993 944 apud
3019 876 3222 943 inferos
3255 876 3445 947 (Eccle.
3480 878 3577 947 ιχ).

2189 964 2347 1016 Vans.
2381 964 2468 1017 37.
2515 963 2616 1017 Ubi
2659 967 2786 1017 sunt
2812 963 2915 1017 dii.
2946 963 3136 1030 Quasi,
3183 963 3328 1018 nihil
3378 969 3617 1035 prosunt
3662 964 3815 1020 idola

2115 1051 2175 1106 in
2204 1052 2413 1124 quibus
2460 1051 2847 1121 confidebant,
2877 1054 2965 1106 vel
3007 1068 3145 1122 opes
3188 1053 3274 1107 vel
3316 1051 3561 1107 honores
3586 1053 3672 1106 vel
3701 1068 3809 1106 sa-

2117 1142 2231 1196 culi
2258 1143 2598 1213 voluptates,
2632 1141 2772 1196 nihil
2803 1140 2959 1196 enim
2988 1158 3183 1196 secum
3230 1142 3424 1197 ferunt
3452 1142 3523 1198 de
3549 1141 3808 1197 universo

2116 1229 2335 1287 labore.

2190 1321 2350 1375 Vens.
2386 1322 2474 1375 39.
2506 1349 2576 1361 —
2611 1319 2798 1376 Videte
2826 1318 2971 1389 quod
3007 1322 3245 1388 ego,sim
3288 1320 3455 1390 solus,
3490 1325 3597 1374 etc.
3631 1319 3811 1374 Gene-

2118 1408 2253 1462 ralis
2294 1407 2631 1473 admonitio,
2682 1407 2848 1478 quasi
2894 1407 3092 1462 relicta
3139 1408 3462 1463 idololatria
3490 1409 3574 1463 vel
3613 1408 3819 1463 haresi

2119 1502 2171 1551 et
2202 1498 2470 1552 omnibus
2500 1496 2704 1567 spretis
2726 1496 3129 1563 immunditiis,
3164 1497 3234 1551 ad
3268 1514 3462 1552 verum
3491 1499 3668 1552 Deum
3691 1513 3820 1551 con-

2120 1586 2432 1640 vertimini.

2189 1676 2302 1743 Ego
2357 1673 2598 1729 occidam
2654 1672 2868 1743 (Gaza,
2942 1674 3042 1729 lib.
3106 1691 3178 1728 vn
3237 1676 3456 1743 Moral.,
3510 1691 3636 1746 cap.
3705 1674 3822 1741 18)

2119 1762 2337 1819 Occidit
2368 1769 2432 1817 ut
2462 1762 2723 1827 viviﬁcet,
2775 1763 3025 1833 percutit
3063 1769 3125 1817 ut
3150 1767 3328 1831 sanet,
3358 1769 3488 1830 etc.,
3533 1779 3705 1833 usque
3748 1762 3824 1816 ad

2121 1856 2179 1904 et
2207 1849 2504 1904 sensibiles
2537 1865 2639 1920 per
2666 1850 2931 1903 ardorem
2962 1849 3253 1905 charilatis
3275 1850 3425 1904 facit.

2193 1941 2356 1994 Vens.
2389 1941 2478 1993 40.
2512 1969 2578 1978 -
2614 1938 2841 1993 Levabo.
2897 1939 3019 1992 Alia
3049 1939 3225 1993 editio
3254 1954 3269 1993 :
3315 1940 3517 1994 Tollam
3546 1941 3606 1992 in
3635 1939 3822 1993 calum

2120 2044 2341 2083 manum
2386 2043 2580 2097 meam,
2610 2032 2659 2081 et
2695 2027 2899 2093 jurabo
2937 2042 3037 2096 per
3082 2027 3361 2081 dexteram
3405 2043 3596 2091 meam,
3648 2032 3700 2081 et
3732 2027 3819 2080 di-

2122 2134 2289 2174 cam:
2345 2118 2475 2172 Vivo
2523 2131 2617 2182 ego
2661 2120 2719 2169 in
2773 2121 3051 2170 ater-num.
3101 2117 3166 2169 In
3210 2118 3415 2170 calum
3456 2132 3691 2170 manum
3721 2115 3824 2171 Dei

2123 2208 2329 2271 levare,
2379 2205 2466 2259 vel
2513 2205 2791 2271 attollere,
2832 2211 2919 2259 est
2967 2204 3280 2275 potentiam
3326 2205 3656 2259 aternitatis
3704 2220 3824 2259 sua

2124 2312 2298 2366 super
2328 2293 2524 2348 omnia
2559 2294 2925 2347 excellentem
2975 2293 3293 2347 ostendere.
3326 2294 3526 2347 Jurare
3558 2310 3663 2363 per
3685 2293 3823 2348 dex-

2122 2389 2324 2449 teram,
2358 2382 2416 2437 id
2441 2388 2524 2436 est
2551 2398 2655 2452 per
2685 2382 2910 2447 Filium,
2944 2383 3044 2452 qui
3088 2386 3174 2435 est
3200 2380 3431 2435 dextera
3479 2380 3681 2448 Patris,
3730 2385 3821 2435 est

2124 2472 2403 2545 promissa
2452 2470 2630 2541 ipsius
2670 2470 2732 2524 in
2781 2475 3084 2540 conspectu
3129 2470 3429 2524 hominum
3478 2470 3826 2524 conﬁrmare

2123 2565 2181 2616 et
2230 2560 2609 2615 aeternitatem
2657 2573 2819 2611 suam
2865 2558 3228 2612 credentibus
3276 2557 3384 2611 sibi
3434 2573 3537 2627 per
3567 2559 3827 2628 Evange-

2124 2651 2265 2706 lium
2321 2648 2591 2711 revelare,
2646 2646 2782 2717 quia
2835 2651 3072 2715 potestas
3128 2646 3266 2715 ejus,
3318 2650 3555 2715 potestas
3616 2652 3824 2700 aeterna

2125 2739 2295 2810 (Dan.
2325 2738 2439 2805 vu).

2196 2829 2355 2880 Vnus.
2406 2826 2494 2879 42.
2554 2851 2620 2865 ——
2659 2823 2924 2890 Sagittas.
2986 2822 3303 2887 Damones,
3356 2822 3425 2877 de
3485 2822 3695 2893 quibus
3743 2822 3829 2878 ait

2119 2916 2225 2972 Job
2258 2932 2271 2970 :
2305 2916 2533 2984 Sagitta
2566 2914 2775 2967 Domini
2802 2915 2860 2965 in
2890 2926 2971 2965 me
3008 2916 3133 2965 sunt
3164 2911 3302 2981 (Job.
3345 2910 3442 2981 v1),
3479 2912 3643 2982 quasi
3690 2917 3825 2965 tan-

311 2993 465 3048 idola
496 2993 713 3059 colunt,
748 3008 925 3045 unum
978 2993 1154 3045 Deum
1196 3007 1313 3045 esse
1357 2992 1706 3063 intelligunt,
1736 2994 1836 3064 qui
1880 2993 2017 3047 fecit
2044 3017 2085 3072 ρ
2123 3011 2240 3059 tam
2281 3002 2553 3057 exercebo
2604 3000 2933 3065 vindictam,
2984 3016 3113 3070 qua
3172 3000 3530 3054 damonibus
3586 3015 3826 3070 quoque

314 3083 521 3136 coelum
549 3086 606 3135 et
637 3086 867 3134 terram.

385 3171 548 3225 Vens.
596 3170 682 3223 3'2.
736 3198 804 3207 -—
854 3169 925 3221 De
972 3169 1152 3230 vinea,
1207 3171 1311 3222 etc.
1346 3168 1760 3223 Hareticorum
1806 3171 2015 3242 nequi-

317 3259 456 3312 tiam
504 3257 804 3327 signiticat,
846 3254 1008 3326 quia
1057 3255 1265 3309 sanctis
1319 3257 1652 3311 doctoribus
1699 3255 2015 3328 spiritalem

316 3347 633 3402 doctrinam
673 3360 877 3416 puram
922 3348 1283 3414 acceperunt,
1314 3344 1413 3399 sed
1444 3361 1477 3397 a
1508 3361 1724 3399 veneno
1755 3362 1857 3400 suo
1887 3362 2014 3399 cor—

318 3438 615 3506 ruperunt,
652 3440 709 3487 et
736 3432 794 3486 in
821 3431 967 3486 fellis
998 3437 1047 3485 el
1084 3431 1354 3485 absinthii
1396 3432 1841 3487 amaritudinem
1879 3450 2016 3504 per-

317 3528 630 3578 vertet-unt.
691 3522 854 3591 Sape
905 3519 1221 3574 Jerusalem
1274 3519 1537 3575 Sodoma
1580 3525 1638 3575 et
1684 3520 2015 3576 Gomorrha

316 3615 713 3683 comparatur;
756 3609 944 3664 unde:
977 3608 1182 3662 Audite
1221 3607 1441 3663 verbum
1472 3612 1703 3675 Domini,
1736 3613 2015 3682 principes

317 3702 667 3759 Sodomorum
702 3697 1008 3754 Gomorrha
1035 3697 1164 3765 (lsa.
1202 3699 1264 3766 ι).

386 3790 541 3845 Botri
589 3786 943 3842 amarissimi.
1001 3785 1238 3839 Fructus
1287 3784 1505 3839 scilicet
1550 3801 1723 3857 opera
1776 3786 2015 3841 amaris-

318 3878 464 3933 sima
510 3880 665 3942 sunt,
712 3875 907 3929 vinum
958 3871 1114 3927 enim
1160 3888 1292 3927 cum
1332 3871 1461 3927 felle
1509 3872 1745 3928 mistum
1792 3873 2013 3929 obtule-

317 3984 380 4021 ru
390 3972 471 4021 nt.

387 4057 553 4109 Vsus.
607 4055 691 4108 33.
744 4083 802 4091 —
855 4052 945 4106 Fel
999 4049 1312 4105 draconum.
1357 4049 1531 4116 Quasi
1581 4049 1733 4105 intra
1774 4066 1833 4105 se
1874 4049 2016 4105 reti-

317 4148 454 4197 nent
510 4156 792 4193 vouenum
849 4138 1103 4204 malitia,
1157 4155 1229 4193 ne
1285 4138 1484 4193 salutis
1536 4145 1594 4193 et
1648 4138 2017 4193 correctionis

318 4229 659 4286 medicinam
708 4227 1037 4297 suscipiant.
1072 4226 1330 4282 Haretici
1357 4227 1506 4283 sicut
1533 4232 1825 4300 serpentes
1857 4244 2015 4284 ama-

2124 3096 2319 3166 posset
2349 3091 2631 3146 sufﬁcere.

2193 3184 2264 3237 Et
2305 3180 2371 3235 de
2412 3180 2749 3249 captivitate.
2799 3176 3167 3248 Captivorum
3215 3175 3402 3248 capita
3447 3176 3826 3243 radebantur,

2124 3270 2227 3342 qui
2256 3268 2736 3334 distrahebantur,
2778 3271 2835 3320 et
2863 3268 2966 3320 sub
2996 3281 3208 3319 corona
3251 3264 3422 3319 vendi
3461 3265 3828 3321 dicebantur.

2125 3361 2197 3414 De
2243 3360 2583 3428 captivitate.
2635 3355 2817 3426 Caput
2859 3353 3221 3409 inimicorum
3269 3353 3535 3420 nudatur,
3592 3355 3832 3426 quando

2123 3446 2429 3502 consilium
2473 3445 2690 3516 iniqua
2736 3443 2944 3497 mentis
2993 3458 3203 3497 vanum
3233 3458 3355 3497 esse
3383 3444 3679 3513 probatur,
3706 3459 3830 3515 quo

2124 3553 2182 3591 se
2212 3536 2448 3606 impune
2480 3548 2714 3604 peccare
2768 3531 3165 3586 arbitrabatur.
3194 3531 3393 3603 Capita
3450 3547 3683 3603 quoque
3712 3530 3833 3585 ini-

2125 3625 2405 3680 micorum
2458 3626 2593 3677 sunt
2668 3620 2951 3691 magistri,
3006 3619 3067 3674 in
3118 3635 3262 3692 quos
3320 3619 3462 3674 ultio
3514 3620 3832 3675 novissima

2124 3710 2501 3776 redundabit;
2556 3711 2749 3765 unde:
2803 3710 2995 3764 Exivit
3021 3711 3248 3777 sanguis
3280 3708 3347 3763 de
3377 3710 3501 3764 lacu
3528 3723 3699 3778 usque
3755 3711 3836 3766 ad

2123 3805 2305 3871 frenos
2353 3814 2611 3871 equorum
2672 3798 2868 3870 (Apoc.
2924 3797 3057 3869 xiv),
3111 3797 3167 3852 id
3209 3802 3297 3852 est
3324 3797 3467 3853 ultio
3506 3802 3831 3853 tormento-

2125 3908 2255 3947 rum
2288 3905 2469 3961 usque
2496 3890 2564 3943 ad
2598 3891 2844 3958 rectores
2868 3888 3235 3959 populorum.

2195 3980 2355 4033 Vsus.
2388 3979 2478 4033 43.
2517 4006 2587 4018 —
2643 3976 2784 4043 Quia
2831 3979 3167 4044 sanguinem.
3203 3976 3269 4031 In
3310 3962 3528 4047 judicio
3573 3977 3831 4049 populus

2128 4067 2226 4122 Dei
2255 4066 2602 4133 laudabitur,
2650 4082 2782 4120 cum
2827 4065 3128 4137 apparebit
3177 4066 3481 4137 gloriosus,
3519 4071 3577 4121 et
3605 4066 3829 4121 inimici

2117 4156 2272 4228 justa
2302 4154 2680 4210 retributione
2714 4153 3053 4226 punientur.

2195 4246 2350 4300 Vens.
2403 4245 2493 4299 49.
2548 4273 2611 4283 -
2662 4242 2905 4299 Ascende
2940 4245 3002 4297 in
3057 4246 3307 4299 montem.
3356 4242 3588 4298 Abarim
3640 4253 3836 4308 mar

317 4318 626 4375 ritudinem
686 4322 744 4371 et
790 4332 1074 4371 venenum
1130 4316 1432 4386 occultant,
1485 4323 1548 4372 ut
1601 4319 1862 4375 incautos
1910 4319 2008 4374 la-
2036 4342 2081 4398 ι)
2121 4332 2532 4403 interpretatur
2583 4330 2889 4399 transitus;
2966 4329 3121 4383 Nebo
3177 4338 3295 4398 ω,
3354 4332 3413 4385 in
3467 4330 3829 4385 οοηειηείοῃε,

318 4412 477 4465 dant.

392 4493 553 4547 Vens.
611 4493 700 4547 35.
749 4522 817 4532 -
855 4493 977 4548 Mea
1020 4497 1098 4549 est
1144 4494 1300 4562 ultio,
1355 4499 1461 4551 etc.
1519 4496 1729 4553 Paulus
1777 4496 1848 4553 de
1904 4498 2016 4554 hoc

315 4579 439 4634 loco
471 4582 717 4651 sumpsit
748 4596 762 4634 :
793 4580 935 4635 Mihi
961 4580 1282 4648 vindictam,
1314 4587 1365 4637 et
1389 4599 1484 4651 ego
1513 4585 1812 4641 retribuam
1840 4584 2011 4658 (Rom.

314 4668 413 4739 κη)
441 4670 752 4724 secundum
789 4668 1008 4723 merita.

386 4761 449 4812 In
505 4764 753 4828 tempore.
812 4756 1005 4825 Quasi,
1063 4774 1183 4813 cum
1220 4775 1468 4830 accepero
1519 4765 1748 4832 tempus,
1793 4777 1886 4832 ego
1916 4763 2014 4832 ju-

313 4850 497 4902 stitias
549 4846 812 4916 judicabo
869 4846 1030 4915 (Psal.
1082 4846 1287 4919 Lxxtv).
1339 4848 1480 4904 Hinc
1529 4849 1704 4922 Moysi
1750 4866 1856 4922 pro
1910 4867 2012 4923 po-

314 4938 449 5006 pulo
477 4936 664 4989 oranti
712 4935 853 4990 dixit
885 4951 898 4988 :
924 4935 993 4990 In
1032 4935 1120 4989 die
1156 4937 1378 4992 ultionis
1410 4939 1643 4993 visitabo
1689 4944 1739 4994 et
1769 4940 1865 4995 hoc
1887 4956 2012 5011 pec—

314 5029 493 5078 catum
524 5040 707 5079 eorum
738 5023 932 5094 (Exod.
967 5024 1163 5093 xxxu).

384 5114 551 5166 Juxta
597 5117 675 5167 est
730 5111 844 5166 dies
890 5112 1238 5182 perditionis.
1309 5113 1646 5185 Unicuique.
1721 5114 2014 5187 Quidquid

315 5201 470 5256 enim
515 5201 733 5269 ﬁnitur,
776 5201 1175 5256 brevissimum
1207 5206 1313 5264 est,
1353 5202 1400 5256 si
1430 5202 1740 5257 aternitati
1781 5219 2012 5276 compa-

315 5294 492 5341 ratur.
541 5286 861 5341 Secundum
921 5286 1220 5342 historiam
1265 5287 1594 5345 Judaorum
1632 5288 1885 5345 vindicta
1928 5290 2012 5346 fe-

313 5375 507 5441 stinat,
549 5374 684 5445 quia
723 5374 913 5429 locum
952 5379 1009 5430 et
1038 5381 1271 5446 gentem
1301 5381 1355 5432 et
1390 5393 1621 5434 omnem
1661 5379 2010 5451 prosperita-

314 5469 429 5519 tem
460 5464 520 5518 in
557 5461 711 5518 brevi
754 5461 1145 5533 perdiderunt,
1188 5463 1325 5535 quia
1365 5466 1672 5538 prophetas
1717 5471 1773 5522 et
1818 5466 2010 5523 Salva-

314 5559 499 5608 torem
527 5550 872 5607 occiderunt.

2125 4418 2343 4475 Dicitur
2385 4417 2539 4472 Nebo
2570 4432 2734 4472 mons
2777 4432 2898 4471 esse
2928 4416 2987 4471 in
3037 4422 3192 4472 terra
3238 4416 3402 4473 Moab
3446 4422 3645 4472 contra
3680 4418 3838 4473 Jeri-

2121 4509 2251 4574 eho,
2298 4522 2474 4578 supra
2527 4506 2855 4571 Iordanem,
2905 4503 2969 4559 in
3026 4504 3333 4577 supercilio
3379 4506 3623 4576 Phasga,
3665 4506 3839 4577 juxta

2122 4601 2377 4652 montem
2408 4595 2654 4664 Phogor,
2684 4610 2717 4649 a
2748 4610 2863 4666 quo
2909 4594 3058 4649 circa
3091 4611 3224 4650 eum
3270 4595 3428 4666 regio
3460 4611 3641 4667 usque
3672 4612 3839 4652 nunc

2122 4685 2344 4755 Phasga
2402 4684 2741 4755 appellatur.
2823 4684 3004 4739 Moses
3075 4699 3212 4755 ergo
3264 4684 3327 4738 in
3373 4682 3609 4738 Abarim
3656 4691 3717 4739 et
3768 4685 3837 4739 in

2123 4778 2317 4827 monte
2363 4772 2517 4828 Nebo
2558 4776 2755 4827 contra
2800 4772 3026 4827 Iericho
3076 4774 3223 4827 ultra
3270 4773 3579 4829 Jordanem
3646 4774 3835 4829 mori-

2120 4867 2258 4916 tur:
2291 4860 2425 4932 quia
2456 4861 2545 4915 lex
2586 4865 2643 4914 et
2673 4859 3028 4916 circumcisio
3078 4878 3261 4933 usque
3312 4861 3386 4916 ad
3428 4861 3722 4918 Christum
3771 4870 3838 4920 et

2118 4948 2392 5021 baptismi
2463 4952 2881 5003 sacramentum
2951 4950 3244 5022 processit,
3303 4950 3502 5022 ibique
3557 4952 3839 5007 conclusa

2122 5044 2227 5105 est,
2282 5036 2418 5108 quia
2474 5036 2606 5091 ﬁnis
2648 5035 2791 5106 legis
2847 5036 3126 5092 Christus.
3186 5037 3340 5093 Vidit
3383 5038 3561 5092 Moses
3610 5042 3837 5094 terram

2121 5124 2535 5197 promissionis,
2566 5124 2666 5179 sed
2710 5140 2824 5179 non
2867 5124 3157 5198 ingressus
3202 5130 3306 5194 est,
3355 5126 3491 5198 quia
3527 5126 3589 5181 in
3618 5127 3837 5199 spiritu

2118 5212 2398 5285 pravidit,
2431 5216 2488 5267 et
2536 5211 2596 5267 in
2625 5213 2751 5284 lege
2780 5212 3049 5283 pradixit
3105 5213 3317 5270 Christi
3372 5215 3615 5287 gratiam
3671 5216 3836 5271 futu-

2117 5317 2262 5369 ram,
2294 5301 2391 5356 sed
2450 5307 2795 5372 prasentem
2856 5317 2975 5357 non
3032 5302 3172 5358 vidit
3209 5319 3363 5358 eum.
3423 5302 3581 5359 Unde
3611 5320 3626 5360 :
3661 5304 3840 5360 Multi

2099 5392 2254 5462 justi
2282 5394 2333 5445 et
2365 5389 2642 5461 propheta
2676 5392 2961 5447 voluerunt
3006 5391 3189 5448 videre
3234 5407 3355 5461 qua
3381 5407 3475 5449 vos
3520 5394 3740 5462 videtis,
3774 5398 3837 5450 et

2115 5495 2221 5535 non
2238 5478 2495 5535 viderunt
2524 5479 2739 5547 (Matth.
2786 5480 2928 5550 xm).
