4038 6180
222 286 323 338 493

827 426 1050 481 CAPUT
1090 427 1311 481 XXXIII.

292 582 449 635 Vsas.
490 585 535 635 l.
575 612 640 621 —
700 584 825 636 Hac
872 587 949 636 est
998 584 1308 638 benedictio.
1355 585 1502 638 Bene
1536 584 1595 639 in
1623 585 1735 639 ﬁne
1770 587 1923 640 Deu-

217 668 533 721 teronomii
588 668 1047 723 benedictionem
1088 671 1298 741 posuit,
1349 672 1483 741 quia
1515 673 1769 726 Christus
1800 679 1927 742 post

218 757 667 826 comple:ionem
699 759 987 828 Evangelii
1019 775 1359 813 ascensurus
1383 761 1439 813 in
1472 763 1700 827 calum,
1732 763 1925 816 eleva-

219 845 292 896 tis
368 846 636 899 manibus
689 846 996 917 discipulos
1044 864 1177 900 suos
1230 848 1537 903 benedixit.
1596 850 1920 903 Benedictio

220 949 340 1003 qua
370 932 502 987 ﬁliis
535 936 701 988 Israel
738 936 792 989 in
844 937 1291 990 Deuteronomio
1344 937 1518 1008 (quod
1564 943 1649 991 est
1680 940 1927 992 secunda

219 1021 336 1092 lex)
368 1021 678 1090 benedixit,
716 1025 784 1078 ad
817 1026 1060 1095 gratiam
1100 1026 1354 1095 pertinet
1385 1026 1523 1080 Novi
1553 1028 1926 1095 Testamenti,

220 1110 286 1164 in
341 1127 455 1181 quo
510 1111 708 1182 prisca
770 1113 915 1184 legis
980 1114 1248 1185 mysteria
1299 1121 1646 1183 reserantur,
1708 1121 1763 1170 et
1811 1117 1929 1171 veri

222 1199 501 1253 Israelita
550 1201 1033 1269 benedictionem,
1090 1220 1193 1273 per
1246 1205 1469 1275 Moysen
1504 1204 1797 1259 hominem
1832 1208 1931 1260 Dei

226 1288 587 1358 pradictam,
645 1308 749 1361 per
805 1290 1100 1345 hominem
1150 1291 1430 1346 Christum
1478 1300 1924 1365 consequuntur.

224 1380 380 1433 Bene
427 1386 619 1434 autem
651 1380 989 1435 imminente
1032 1388 1214 1436 morte
1255 1383 1427 1454 Moysi
1460 1384 1785 1439 benedictio
1827 1384 1928 1438 da-

226 1473 344 1533 tur,
399 1469 558 1540 quia,
602 1469 743 1539 legis
782 1469 984 1522 umbra
1035 1470 1335 1535 moriente,
1385 1473 1699 1527 caelestium
1747 1473 1929 1527 dono-

224 1573 356 1611 rum
388 1558 599 1611 veritas
630 1557 900 1628 aperitur.
951 1558 1275 1613 Pravidens
1314 1577 1450 1630 ergo
1488 1561 1702 1631 Moyses
1734 1561 1930 1615 Salva-

226 1646 365 1700 toris
413 1647 723 1700 adventum
780 1651 836 1700 et
880 1647 1127 1718 gratiam
1181 1648 1322 1701 Novi
1368 1649 1716 1703 Testamenti
1764 1650 1925 1720 quasi

225 1734 577 1805 praeteritam
632 1736 937 1806 explicans,
988 1752 1122 1790 voce
1163 1735 1472 1806 primitiva
1523 1737 1783 1792 Ecclesia
1825 1738 1924 1792 la-

225 1824 516 1878 tabundus
591 1825 851 1891 exsultat,
907 1825 1099 1878 dicens
1143 1841 1156 1879 :
1194 1828 1447 1881 Dominus
1499 1826 1563 1881 de
1637 1828 1769 1883 Sina
1836 1844 1923 1881 ve-

224 1917 323 1979 nit,
361 1917 471 1966 etc.

294 2001 477 2066 (Aea,
503 2004 690 2069 quasi.
725 2000 832 2068 36.)
866 1999 990 2054 Alia
1030 1999 1240 2065 littera,
1273 2004 1402 2067 etc,
1436 2016 1604 2071 usque
1628 2002 1702 2055 ad
1731 2003 1917 2057 unde:

225 2089 534 2152 Laetamini,
574 2094 774 2157 gentes,
817 2105 936 2142 cum
962 2088 1162 2157 popqu
1192 2089 1330 2157 ejus.
1390 2091 1532 2156 Quia
1559 2094 1771 2146 caecitas
1802 2108 1923 2146 con-

227 2178 349 2242 tigit
380 2191 449 2230 ea:
475 2182 636 2245 parte
658 2179 716 2231 in
744 2178 932 2243 Israel,
959 2177 1122 2231 donec
1143 2177 1447 2247 plenitudo,
1481 2186 1583 2233 etc.
1618 2182 1789 2249 (Rom.
1824 2182 1923 2251 x1.)

294 2267 505 2333 Moyses
565 2267 737 2320 homo.
798 2267 1010 2336 Moyses
1054 2266 1333 2338 signiﬁcat
1384 2269 1590 2339 legem,
1624 2286 1754 2341 qua
1792 2276 1924 2325 ante

230 2358 498 2423 mortem,
532 2354 587 2408 id
622 2360 723 2422 est,
759 2360 1070 2425 antequam
1103 2355 1163 2409 in
1187 2356 1310 2426 ipso
1343 2358 1628 2424 ﬁniretur,
1660 2359 1926 2428 pradixit

232 2442 533 2496 Ecclesiam
568 2443 625 2497 in
658 2444 879 2500 Christo
914 2444 1391 2501 benedicendum.

299 2532 461 2586 Vsus.
495 2535 546 2586 2.
591 2564 656 2572 —
696 2536 953 2588 Dominus
1010 2534 1076 2587 de
1131 2535 1291 2590 Sinai
1336 2538 1506 2590 venit.
1569 2536 1724 2590 Sinai
1763 2536 1923 2608 (uio)

230 2619 640 2690 interpretatur
692 2623 955 2692 amphora
1018 2638 1137 2677 mea
1198 2624 1285 2677 vel
1342 2640 1595 2678 mensura
1654 2641 1771 2680 mea
1836 2628 1923 2680 vel

230 2710 574 2763 malzdatum.
636 2710 758 2764 Seir
813 2710 1002 2781 (nigri?)
1055 2712 1263 2780 pilosus
1317 2713 1403 2766 vel
1453 2713 1719 2783 hispidus.
1776 2713 1923 2766 Pha-

232 2812 331 2851 ran
382 2796 578 2868 (ams)
624 2798 881 2863 ferocitas
932 2814 1112 2852 eorum
1167 2800 1251 2853 vel
1288 2802 1548 2866 frugifer.
1585 2799 1718 2853 Sina
1749 2798 1925 2870 igitur

234 2883 435 2954 ﬁgurat
468 2888 636 2941 Vetus
668 2888 1111 2952 Testamentum,
1165 2887 1301 2958 quia
1330 2892 1541 2941 certam
1593 2904 1923 2942 mensuram

234 2974 628 3028 mandatorum
676 2975 841 3046 juxta
894 2974 1151 3045 decalogi
1183 2976 1471 3029 decretum
1509 2981 1726 3042 tenens,
1783 2993 1922 3047 pro-

231 3061 424 3115 hibere
454 3063 631 3123 novit.
666 3079 783 3117 non
828 3064 1025 3134 juvare
1062 3080 1074 3116 :
1127 3080 1230 3116 nec
1274 3064 1480 3134 spiritu
1509 3064 1829 3118 dilectionis
1862 3065 1925 3117 li-

227 3150 406 3215 berat,
436 3151 535 3204 sed
566 3151 771 3205 timore
803 3168 983 3222 poena
1019 3152 1277 3205 subditos
1306 3153 1465 3222 ligat.
1512 3154 1669 3207 Unde
1705 3169 1717 3206 :
1750 3155 1922 3208 Unum

224 3239 443 3308 quidem
479 3242 536 3293 in
583 3245 761 3294 monte
806 3241 942 3294 Sina
1001 3243 1059 3295 in
1112 3243 1419 3295 servitutem
1475 3257 1757 3308 generous,
1810 3250 1916 3300 etc.

226 3328 365 3397 (Gal.
401 3331 503 3397 1v.)
535 3328 810 3383 Dominus
840 3346 975 3399 ergo
1019 3330 1173 3384 venit
1203 3330 1272 3385 de
1304 3330 1458 3396 Sina,
1488 3330 1544 3385 id
1591 3335 1673 3384 est
1700 3350 1765 3386 ex
1799 3334 1921 3403 lege

223 3421 275 3469 et
308 3418 607 3488 prophetis
638 3418 997 3472 credentibus
1045 3418 1314 3473 innotuit.
1376 3419 1508 3474 Inde
1558 3419 1712 3474 enim
1744 3422 1917 3488 venit,

224 3523 352 3560 eum
384 3506 466 3561 ibi
497 3507 710 3578 legenti
742 3512 797 3561 et
836 3506 1179 3577 intelligenti
1210 3508 1532 3565 innotescit.
1570 3509 1726 3563 Unde
1758 3526 1770 3562 :
1803 3512 1922 3579 Ipse

222 3596 487 3663 incipiens
520 3610 555 3648 a
598 3596 777 3662 Moyse
831 3598 879 3648 et
910 3596 1154 3649 omnibus
1199 3597 1480 3665 prophetis
1530 3596 1686 3667 (Luc.
1752 3600 1919 3667 xxiv),

225 3682 524 3754 discipulis
550 3683 890 3753 exponebat,
912 3685 981 3737 ad
1013 3700 1261 3754 quorum
1291 3685 1462 3739 corda
1508 3685 1703 3740 venire
1734 3689 1923 3758 cupie-

224 3770 341 3825 bat.
404 3773 483 3825 De
534 3771 656 3826 Seir
709 3776 870 3826 ortus
924 3774 1237 3827 secundum
1284 3790 1538 3841 carnem,
1588 3775 1803 3829 scilicet
1850 3776 1920 3830 de

218 3860 435 3915 Judais
469 3860 701 3914 malitia
732 3865 789 3915 et
834 3861 1092 3931 perﬁdia
1122 3862 1345 3933 spineto
1376 3862 1727 3933 asperrimis,
1760 3881 1920 3919 nova

220 3949 363 4003 lucis
395 3954 527 4003 ortu
563 3953 834 4020 tanquam
874 3966 1036 4003 verus
1071 3951 1152 4004 sol
1190 3950 1427 4021 justitia
1476 3951 1675 4006 ﬁdeles
1704 3953 1920 4008 illumi-

218 4038 397 4091 navit.
432 4037 594 4093 Unde
628 4054 639 4090 :
676 4038 838 4093 Nobis
881 4041 1085 4092 orietur
1112 4040 1191 4093 sol
1230 4039 1465 4109 justitize
1490 4040 1643 4111 (Mat.
1701 4041 1797 4112 ιν).
1857 4043 1923 4096 Et

218 4126 404 4181 alibi:
461 4127 680 4181 Orietur
725 4127 881 4180 stella
909 4142 976 4181 ea:
1020 4126 1207 4197 Iacob,
1262 4132 1313 4183 et
1337 4134 1625 4197 consurget
1673 4130 1826 4185 homo
1856 4131 1922 4184 de

214 4215 389 4269 Israel
420 4214 603 4285 (Num.
622 4216 823 4283 ‘xx1v).

290 4304 583 4368 Dominus,
631 4306 738 4357 etc.
787 4301 920 4357 Sina
962 4301 1372 4374 interpretatur
1430 4307 1670 4359 tentatio.
1736 4305 1992 4360 Domi-D

214 4407 333 4445 nus
373 4407 511 4461 ergo
564 4390 633 4445 de
685 4390 820 4445 Sina
870 4391 1043 4460 venit,
1096 4392 1232 4463 quia
1282 4408 1512 4447 carnem
1557 4398 1831 4464 nostram,
1864 4395 1924 4449 in

215 4496 337 4551 qua
373 4484 709 4545 tentaretur,
744 4480 977 4551 accepit.

290 4570 378 4623 Et
407 4569 474 4622 de
514 4570 656 4635 Seir,
696 4573 801 4622 etc.
854 4568 961 4632 Qui
1010 4574 1068 4624 et
1117 4570 1294 4624 Edom
1341 4571 1428 4624 vel
1480 4572 1643 4625 Esau.
1694 4571 1797 4625 Hic
1842 4575 1926 4625 est

212 4657 474 4728 pepulus
523 4658 878 4722 Judaorum,
930 4658 1029 4728 qui
1078 4659 1227 4728 gula
1276 4658 1556 4712 desiderio
1606 4658 1769 4729 quasi
1823 4674 1927 4728 pro

213 4747 396 4800 lentis
435 4745 629 4800 edulio
659 4746 941 4816 primatus
989 4747 1229 4816 gloriam
1278 4747 1549 4818 perdidit,
1585 4753 1642 4801 et
1693 4747 1926 4801 benedi-

213 4834 438 4889 ctionis
493 4834 743 4904 gratiam
802 4833 915 4888 ﬁde
971 4834 1217 4905 junioris
1266 4836 1464 4906 populi
1528 4836 1931 4906 supplantatus

212 4923 440 4978 amisit.

288 5014 385 5067 De
409 5014 539 5068 Seir
567 5015 716 5065 ortus
746 5016 824 5066 est
866 5011 1042 5079 nobis,
1095 5017 1199 5067 etc.
1252 5014 1410 5067 Hunc
1459 5016 1715 5067 montem
1757 5013 1930 5084 longo

214 5108 491 5172 tempore
523 5099 956 5169 circumierunt,
1006 5104 1063 5155 et
1108 5102 1165 5155 in
1198 5119 1265 5155 eo
1318 5103 1507 5174 aliqua
1534 5107 1819 5173 pracepta
1847 5118 1934 5157 ac-

216 5195 525 5262 ceperunt.
581 5189 725 5256 Seir,
780 5188 839 5242 id
865 5193 947 5242 est
977 5189 1226 5259 hispidus
1265 5191 1347 5244 vel
1372 5192 1603 5259 pilosus,
1638 5189 1932 5260 gentilita—

216 5284 343 5334 tem
386 5279 692 5349 signiﬁcat,
726 5294 855 5348 qua
886 5278 1132 5348 peccatis
1181 5284 1302 5333 erat
1340 5278 1657 5344 horrenda;
1721 5278 1789 5333 de
1819 5294 1935 5349 qua

219 5375 391 5422 ortus
439 5372 522 5421 est
557 5368 835 5420 Dominus
885 5368 984 5437 qui
1044 5367 1101 5420 in
1134 5368 1248 5422 ﬁne
1293 5367 1363 5422 de
1396 5367 1641 5422 Ecclesia
1671 5367 1933 5438 gentium

219 5457 443 5512 Iudaeis
473 5455 827 5527 praedicabit,
863 5456 999 5527 quia
1023 5456 1280 5528 reliquia
1311 5456 1478 5511 salva
1506 5457 1661 5510 ﬁent.

290 5547 594 5615 Apparuit
624 5543 690 5597 de
727 5550 901 5599 monte
928 5545 1166 5611 Pharan,
1197 5550 1302 5600 etc.
1346 5544 1452 5609 Qui
1476 5546 1720 5613 frugi/er
1750 5544 1929 5598 inter-

1367 288 1624 343 GI.OSSA
1652 288 2059 344 ORDINARIA.
2105 317 2168 325 -—
2213 286 2341 340 LIB.
2388 284 2589 339 DEUT.

1951 413 1996 465 Α
2035 413 2309 480 pretatur,
2356 408 2491 479 quia
2539 407 2607 461 de
2654 406 2897 461 Ecclesia
2948 408 3204 477 gentium
3254 410 3562 465 virtutibus
3606 411 3730 466 fru-

3626 291 3732 343 494-

2033 500 2215 570 gifera
2263 499 2402 553 ﬁdes
2459 497 2664 552 Christi
2723 497 3140 567 pradicabatur
3183 500 3414 554 Judais.
3477 502 3735 556 Christus

2033 604 2169 658 ergo
2223 587 2291 641 de
2350 587 2570 640 Pharan
2604 587 2904 656 apparuit;
2947 587 3085 657 quia
3129 594 3343 658 quanto
3376 594 3574 643 contra
3602 606 3735 643 eum

2034 675 2295 730 ferocitas
2348 674 2666 729 inﬁdelium
2721 676 2947 742 exarsit,
2992 681 3149 730 tanto
3201 678 3369 731 altius
3410 677 3729 732 divinitatis

2038 765 2162 836 ejus
2230 764 2433 818 notitia
2497 764 2690 818 crevit.
2746 764 2969 827 Quanto
3028 764 3182 819 enim
3242 767 3391 820 inter
3448 767 3730 837 passionis

2034 852 2409 907 contumelias
2440 852 2624 920 latuit,
2678 856 2836 906 tanto
2885 869 2986 923 per
3024 854 3293 909 virtutem
3352 856 3727 911 resurrectio-

2034 942 2120 996 nis
2152 941 2390 1007 eﬁ‘ulsit;
2423 946 2479 995 et
2509 942 2608 1012 qui
2638 941 2797 1011 prius
2827 942 3245 997 incredulitatis
3304 944 3573 999 ferociter
3606 961 3734 1015 per-

2034 1032 2213 1086 secuti
2261 1036 2411 1098 sunt,
2464 1031 2831 1101 postmodum
2883 1031 2934 1085 ei
2970 1032 3261 1086 charitatis
3306 1034 3505 1088 ardore
3535 1034 3730 1088 adha-

2041 1123 2267 1189 serunt;
2318 1118 2386 1173 de
2440 1116 2648 1189 quibus
2678 1116 2946 1171 auditur:
3007 1118 3087 1173 Et
3143 1136 3262 1174 cum
3316 1135 3375 1174 eo
3421 1125 3730 1176 sanctorum

2035 1210 2228 1264 millia.

2106 1299 2169 1351 In
2225 1296 2451 1350 dea-tera
2510 1296 2624 1365 ejus
2675 1296 2832 1362 ignea
2880 1295 3002 1350 lem.
3040 1295 3270 1351 Tabula
3349 1297 3582 1367 scilicet,
3671 1299 3731 1351 in

2038 1385 2245 1457 quibus
2296 1384 2402 1447 lex,
2462 1399 2589 1453 qua
2637 1386 2843 1453 purgat
2890 1388 2946 1436 et
3002 1384 3116 1437 urit
3184 1390 3431 1455 peccata.
3493 1387 3733 1440 Dextera

2039 1489 2266 1545 quoque
2306 1471 2486 1525 Patris
2518 1476 2602 1524 est
2632 1471 2828 1536 Filius,
2858 1471 2958 1542 qui
3010 1472 3196 1525 attulit
3226 1474 3409 1543 legem
3444 1473 3731 1527 charitatis

2041 1561 2233 1614 dicens
2265 1576 2278 1612 :
2313 1561 2493 1627 Ignem
2525 1560 2650 1612 veni
2671 1561 2885 1612 mittere
2923 1561 2982 1613 in
3016 1565 3237 1627 terram,
3273 1566 3377 1615 etc.
3413 1560 3563 1631 (Luc.
3609 1565 3727 1630 xu.)

2109 1651 2173 1703 In
2228 1648 2454 1702 dentem
2504 1648 2617 1717 ejus
2640 1648 2800 1713 ignea
2850 1648 2956 1701 lem.
3018 1649 3274 1714 Dextera,
3338 1651 3727 1721 Evangelium,

2035 1754 2141 1808 per
2168 1736 2322 1807 quod
2353 1734 2644 1790 beatitudo
2665 1739 2878 1789 aterna
2917 1737 3309 1806 promittitur;
3343 1754 3469 1808 qua
3490 1739 3730 1793 dextera

2036 1826 2264 1892 dicitur,
2316 1841 2430 1878 non
2462 1824 2817 1895 temporalis,
2852 1825 2998 1879 sicut
3050 1826 3110 1879 in
3163 1827 3307 1897 lege,
3363 1842 3491 1897 qua
3525 1826 3731 1880 dicitur

2036 1917 2195 1970 lava.
2232 1914 2388 1969 Unde
2423 1930 2435 1967 :
2487 1916 2726 1968 Dextera
2775 1915 2927 1969 illius
2965 1916 3369 1984 amplexabitur
3394 1931 3496 1969 me.
3528 1914 3593 1969 In
3624 1915 3730 1969 hac

2036 2005 2264 2060 dextera
2292 2003 2379 2058 lex
2411 2002 2599 2073 ignea,
2633 2002 2691 2056 id
2739 2007 2845 2069 est,
2881 2003 3123 2057 charitas
3173 2021 3204 2057 τι
3257 2003 3479 2074 Spiritu
3535 2008 3730 2057 sancto

2035 2094 2094 2148 in
2146 2094 2457 2147 electorum
2510 2092 2775 2145 cordibus
2801 2091 3177 2146 inﬂammata.
3213 2092 3369 2146 Unde
3399 2091 3537 2146 dicit
3569 2108 3581 2145 :
3613 2093 3726 2147 Ple-

2034 2182 2225 2237 nitudo
2255 2183 2385 2250 legis
2416 2181 2630 2235 dilectio
2664 2180 2845 2249 (Rom.
2878 2184 3023 2251 xm).
3077 2183 3139 2235 Et
3180 2181 3355 2235 alibi:
3409 2180 3728 2235 Mandatum

2033 2287 2229 2325 novum
2257 2271 2324 2325 do
2375 2271 2544 2334 vobis.
2574 2275 2635 2324 ut
2666 2271 2912 2336 diligatis
2943 2272 3168 2324 invicem
3201 2270 3390 2339 (Joan.
3425 2270 3563 2338 XIII).
3599 2269 3728 2322 Hac

2034 2359 2218 2430 igneis
2248 2360 2458 2431 linguis
2516 2359 2760 2430 Spiritus
2815 2359 2993 2413 sancti
3041 2356 3315 2427 apostolis
3361 2355 3566 2422 infusa,
3601 2370 3726 2409 om-

2036 2462 2168 2501 nem
2208 2447 2349 2517 legis
2390 2447 2807 2518 plenitudinem
2843 2453 3114 2517 tanquam
3159 2445 3339 2514 digito
3391 2443 3487 2498 Dei
3517 2443 3726 2497 descri-

2036 2534 2167 2603 psit,
2201 2540 2257 2587 et
2292 2532 2497 2602 spiritu
2526 2530 2809 2584 ferventes
2841 2535 2897 2584 et
2925 2532 3257 2603 operatione
3289 2532 3540 2585 lucentes
3569 2530 3723 2584 fecit.

2035 2622 2142 2676 Sed
2174 2621 2308 2692 quia
2339 2636 2455 2673 non
2487 2620 2588 2673 uni
2617 2620 2849 2689 populo,
2884 2624 2945 2672 ut
2973 2621 3062 2673 lex
3094 2620 3285 2691 Moysi,
3338 2620 3433 2674 sed
3462 2620 3728 2673 omnibus

2036 2710 2165 2764 data
2188 2715 2292 2773 est,
2333 2709 2596 2779 adjungit
2628 2724 2641 2762 :
2673 2709 2879 2762 Ditewit
2905 2707 3156 2776 populos.

2115 2800 2266 2852 Vens.
2314 2828 2383 2836 —
2413 2801 2463 2852 3.
2510 2828 2578 2836 —
2607 2799 2830 2852 Dilexit.
2867 2797 3068 2851 Unde:
3123 2799 3384 2866 Majorem
3440 2797 3541 2851 hac
3588 2795 3725 2850 dile-

2033 2892 2258 2943 ctionem
2304 2904 2453 2942 nemo
2509 2889 2685 2956 habet,
2740 2894 2800 2941 ut
2869 2889 3108 2941 animum
3153 2902 3307 2941 suam
3367 2891 3556 2957 ponat,
3618 2890 3724 2940 etc.

2036 2976 2217 3049 (Joan.
2254 2975 2364 3045 xv).

2104 3067 2312 3122 Omnes.
2367 3065 2498 3119 Sine
2546 3082 2809 3135 persona
2861 3064 3217 3134 acceptione;
3273 3063 3467 3117 unde:
3505 3063 3611 3129 Qui
3647 3064 3726 3116 ti-

2030 3159 2136 3209 met
2192 3156 2365 3209 Deum
2420 3159 2470 3209 et
2528 3159 2785 3225 operatur
2854 3154 3155 3223 justitiam,
3212 3156 3458 3220 acceptus
3511 3156 3589 3205 est
3640 3152 3729 3204 illi

2032 3243 2179 3312 (Act.
2216 3241 2292 3312 Χ).

2102 3331 2289 3387 Omnes
2328 3334 2523 3387 sancti.
2574 3330 2915 3387 Sanctiﬁcati
2945 3330 3159 3385 scilicet
3208 3329 3267 3382 in
3316 3328 3549 3383 nomine
3598 3328 3722 3399 ejus

2030 3419 2130 3490 qui
2187 3420 2539 3475 audierunt:
2589 3422 2779 3477 Sancti
2828 3424 3009 3480 estote,
3062 3420 3320 3487 quoniam
3368 3432 3461 3485 ego
3506 3422 3725 3472 sanctus

2028 3523 2166 3575 sum,
2208 3514 2315 3564 etc.
2354 3508 2498 3579 (Leo.
2530 3509 2664 3581 xix).

2099 3600 2163 3651 In
2189 3614 2373 3652 manu.
2418 3599 2479 3652 Id
2508 3605 2593 3653 est
2618 3597 2897 3669 potentia,
2931 3613 3045 3668 qua
3074 3600 3478 3666 proteguntur.
3516 3594 3673 3649 Unde
3705 3611 3718 3648 :

2029 3688 2147 3740 Non
2189 3689 2369 3756 rapiet
2410 3690 2700 3755 quisquam
2749 3687 2815 3741 de
2862 3701 3028 3739 manu
3078 3700 3209 3745 mea,
3256 3690 3361 3738 etc.
3411 3684 3599 3753 (Joan.
3639 3683 3720 3754 x).

2033 3775 2099 3829 lli
2154 3791 2257 3845 per
2282 3775 2620 3829 charitatem
2668 3780 2801 3828 sunt
2830 3790 3008 3828 unum
3039 3789 3283 3842 regnum
3314 3772 3375 3825 in
3408 3787 3584 3825 manu
3618 3772 3725 3825 Do-

2030 3864 2207 3931 mini;
2248 3864 2398 3917 unde
2455 3864 2669 3917 Isaias:
2702 3866 2772 3917 Et
2818 3866 2924 3916 eris
2977 3877 3174 3916 corona
3223 3862 3418 3931 gloriae
3448 3863 3508 3913 in
3556 3875 3724 3915 malm

2031 3954 2265 4015 Domini,
2295 3958 2345 4007 et
2392 3953 2645 4007 diadema
2689 3954 2846 4019 regni
2884 3953 2941 4003 in
2966 3965 3133 4003 manu
3164 3952 3257 4003 Dei
3288 3952 3371 4002 tui
3403 3948 3532 4017 (Isu.
3568 3950 3719 4019 Lxu).

2104 4043 2170 4094 Et
2225 4042 2322 4109 qui
2375 4042 2841 4109 appropinquant,
2893 4041 2999 4091 etc.
3040 4035 3257 4100 Quasi:
3322 4036 3448 4089 Non
3507 4036 3720 4090 contri-

2030 4132 2251 4184 stentur
2294 4128 2394 4200 qui
2444 4128 2730 4183 Christum
2762 4126 2822 4179 in
2852 4140 3021 4179 carne
3050 4125 3346 4179 docentem
3378 4140 3496 4177 non
3525 4124 3723 4178 audie-

2031 4223 2187 4285 runt,
2221 4217 2384 4288 quasi
2414 4218 2483 4272 ab
2511 4215 2842 4271 hominibus
2869 4214 3244 4285 decipiantur.
3262 4215 3368 4268 Per
3398 4230 3461 4267 os
3490 4219 3720 4267 sancto-

2032 4324 2157 4362 rum
2206 4307 2456 4378 loquitur
2519 4306 2795 4373 Christus,
2848 4320 2951 4375 per
2995 4303 3168 4375 pedes
3212 4302 3473 4357 doctrina
3517 4302 3723 4372 capitis

2034 4395 2291 4459 auditur;
2342 4394 2494 4447 unde
2528 4409 2541 4448 :
2575 4395 2684 4459 Qui
2730 4410 2822 4448 vos
2868 4394 3045 4461 audit,
3101 4408 3184 4447 me
3212 4391 3390 4457 audit,
3424 4395 3529 4445 etc.
3569 4390 3721 4461 (Luc.

2034 4482 2112 4553 x.)
2144 4485 2239 4536 Vel
2271 4483 2354 4537 illi
2377 4483 2850 4552 appropinquant
2877 4482 3116 4552 pedibus
3142 4482 3264 4551 ejus
3292 4480 3364 4534 ad
3394 4480 3726 4550 capiendam

2034 4572 2376 4635 doctrinam,
2419 4571 2518 4641 qui
2558 4570 2844 4641 spirituali
2875 4570 3151 4624 desiderio
3191 4569 3520 4638 ﬂagrantes,
3556 4584 3726 4621 evan-

2036 4661 2231 4732 gelieis
2281 4665 2339 4715 et
2368 4660 2696 4730 apostolicis
2736 4658 3041 4730 Scripturis
3088 4659 3179 4712 die
3212 4663 3491 4728 noctuque
3520 4657 3728 4727 invigi-

2038 4752 2173 4804 lant.
2210 4749 2317 4803 Sed
2366 4749 2501 4819 quia
2544 4749 2667 4803 hac
2715 4748 2783 4801 de
2820 4749 2973 4801 Novo
3004 4747 3365 4801 Testamento
3394 4746 3545 4800 dicta
3572 4750 3727 4812 sunt,

2039 4838 2296 4908 sequitur
2327 4853 2573 4907 quorum
2607 4853 2740 4890 voce
2768 4837 2981 4906 Moyses
3013 4835 3268 4905 loquitur
3301 4835 3368 4889 de
3399 4834 3578 4889 veteri
3607 4835 3729 4905 lege

2040 4927 2230 4982 dicens
2261 4942 2273 4980 :
2309 4927 2499 4993 Legem
2527 4927 2787 4994 pracepit
2808 4925 2982 4992 nobis,
3018 4928 3122 4976 etc.

2112 5015 2273 5068 Vens.
2333 5014 2385 5067 4.
2427 5044 2494 5052 —
2552 5012 2951 5067 Haereditatem.
3010 5011 3153 5076 Quia
3200 5010 3320 5065 hac
3375 5017 3461 5065 est
3514 5012 3733 5067 utilitas

2041 5103 2204 5173 legis,
2236 5100 2538 5155 hareditas
2592 5099 2834 5154 Abraha
2880 5099 3195 5168 promissa:
3244 5097 3307 5152 Si
3358 5100 3637 5155 volueritis
3685 5105 3735 5155 et

2042 5191 2347 5255 audieritis,
2380 5206 2459 5244 me
2483 5189 2617 5243 bona
2646 5193 2803 5243 terra
2824 5188 3122 5242 comedetis.

2112 5281 2231 5333 Erit
2264 5278 2414 5347 apud
2455 5279 2833 5341 rectissimum,
2885 5282 2990 5332 etc.
3035 5275 3222 5338 Jacob,
3272 5276 3343 5330 ab
3392 5278 3597 5347 angelo
3636 5278 3735 5333 be-

2045 5368 2326 5433 nedictus,
2369 5368 2539 5421 Israel
2574 5371 2800 5420 vocatus
2832 5369 2935 5432 est,
2968 5364 3025 5419 id
3056 5369 3139 5419 est
3162 5371 3339 5421 rectus
3367 5366 3505 5433 Dei;
3542 5370 3598 5419 et
3632 5369 3737 5420 .Iu-

2046 5458 2201 5511 daus
2230 5457 2298 5511 ad
2328 5456 2500 5510 ﬁdem
2555 5470 2861 5510 conversus
2907 5453 2978 5509 ab
3016 5470 3083 5509 eo
3112 5458 3237 5525 post
3261 5454 3737 5510 resurrectionem

2046 5543 2396 5609 benedictus,
2440 5543 2531 5598 cui
2578 5542 2639 5598 in
2685 5548 2946 5613 passione
2993 5542 3316 5615 pravaluit,
3370 5544 3443 5598 ob
3492 5542 3733 5613 justitia
