4038 6180
325 345 428 398 495

950 340 1348 395 WALAFRIDI
1387 338 1632 394 STRABI
1672 339 1868 396 FULD.
1912 337 2029 393 MOI

2191 335 2277 390 ?P.
2314 334 2490 390 PARS
2527 335 2569 389 Ι.
2599 362 2666 374 —
2705 333 3166 389 THEOLOGICA.

3720 333 3823 386 496

327 460 736 533 professionem
794 461 1143 515 rectissimus
1199 461 1518 531 appelatur.
1576 460 1779 514 Unde:
1843 456 2014 522 Audi,
2047 461 2093 512 A
2132 461 2186 511 ct
2217 457 2428 511 mundo
2476 456 2889 519 renuntiantes,
2943 457 3172 512 culmen
3217 455 3582 511 ecclesiaticaa
3613 456 3823 511 doctri-

327 551 512 616 Jacob,
571 565 720 603 serve
794 564 941 604 meus
1009 555 1058 604 et
1103 551 1415 615 rectissime,
1487 564 1642 617 quem
1702 548 1854 614 elegi,
1913 549 2019 599 etc.

332 638 460 704 (Isa.
505 640 677 707 xmv.)

402 727 563 780 Vens.
682 755 750 766 -
800 728 931 781 Rem.
981 724 1252 779 Christus.
1304 724 1420 794 Ego
1451 727 1642 777 autem
1681 722 2024 777 constitutus

331 832 456 869 sum
491 831 584 869 rex
638 815 708 867 ab
750 830 838 879 eo,
891 817 953 867 ut
979 813 1191 866 scilicet
1222 813 1392 866 faciat
1419 828 1661 882 regnum
1693 816 1750 865 et
1774 813 2023 882 potesta-

331 910 467 971 tem,
502 903 601 974 qui
632 908 715 957 est
744 919 839 955 rex
876 906 932 955 et
959 907 1210 971 potestas
1249 901 1454 971 prima.

405 993 541 1045 Cum
594 992 840 1045 tribubus
871 993 1055 1044 Israel.
1095 993 1168 1046 De
1207 990 1414 1061 quibus
1440 987 1732 1059 primitiva
1761 985 2021 1041 Ecclesia.

336 1083 482 1136 Bene
502 1080 661 1150 prius
691 1078 998 1150 principes,
1035 1079 1240 1132 deinde
1280 1077 1464 1131 tribus
1500 1076 1915 1147 congregandve
1947 1075 2030 1129 di-

333 1175 560 1232 cuntur,
611 1169 746 1239 quia
784 1168 954 1237 primi
985 1167 1245 1237 apostoli,
1279 1172 1337 1221 et
1378 1181 1481 1237 per
1523 1182 1620 1219 eos
1664 1164 2029 1218 crediderunt

335 1258 451 1311 alii.

407 1347 570 1400 Vens.
622 1348 672 1400 6.
724 1375 791 1386 —
828 1348 991 1402 Vivat
1039 1346 1240 1400 Ruben.
1289 1345 1560 1399 Prazdicta
1609 1344 1790 1397 salute
1819 1342 2028 1413 primi-

335 1437 464 1490 tivm
495 1436 775 1503 Ecclesiae,
833 1437 1069 1508 singulis
1110 1436 1373 1491 tribubus
1401 1435 1662 1508 proprias
1690 1435 2029 1489 benedictio-

336 1543 436 1580 nes
465 1525 693 1591 tribuit;
728 1541 890 1579 veros
918 1525 1201 1580 Israelitas
1249 1527 1318 1580 de
1353 1531 1597 1595 utroque
1632 1525 1852 1595 populo
1884 1541 2026 1595 prae-

337 1614 629 1680 nuntians,
665 1630 816 1667 nunc
867 1615 937 1667 de
983 1615 1226 1682 Christo,
1268 1630 1422 1668 nunc
1452 1615 1521 1668 de
1553 1613 1846 1683 apostolis,
1877 1630 2029 1667 nunc

336 1705 405 1756 de
435 1702 740 1772 primitiva,
777 1719 926 1756 nunc
957 1704 1025 1757 de
1057 1707 1172 1756 tota
1205 1702 1448 1757 Ecclesia
1467 1702 1826 1756 vaticinatur.

416 1792 578 1844 Vivat
608 1790 810 1845 Ruben.
874 1790 1089 1854 Quasi:
1147 1791 1294 1844 Licet
1344 1791 1546 1845 Ruben
1604 1791 1790 1844 cubile
1853 1789 2028 1861 patris

335 1879 648 1946 violaverit,
680 1884 736 1932 et
768 1879 1137 1949 primogeniti
1169 1879 1506 1950 dignitatem
1548 1879 1825 1945 amiserit,
1882 1879 2032 1933 vivat

336 1973 546 2027 tamen,
603 1972 660 2021 et
708 1983 881 2038 agens
928 1968 1321 2038 pmnitentiam
1382 1983 1498 2021 non
1554 1967 1848 2021 moriatur.
1907 1965 2031 2020 Filii

338 2057 561 2122 Ruben,
598 2057 654 2110 id
687 2061 790 2124 est,
830 2057 1011 2110 Judaei
1041 2073 1142 2126 per
1196 2057 1399 2111 Ruben
1453 2054 1777 2125 signiﬁcati,
1819 2054 2030 2108 lectum

338 2145 517 2198 Patris
551 2147 924 2212 violaverunt,
971 2145 1028 2198 id
1072 2149 1156 2199 est
1185 2145 1469 2199 Christum
1507 2144 1710 2197 Filium
1747 2143 1868 2211 ejus
1903 2157 2031 2212 spu-

338 2234 409 2285 tis
464 2234 779 2298 immundis
834 2236 1212 2304 polluerunt:
1270 2239 1459 2288 tamen
1511 2233 1580 2286 ad
1635 2231 2031 2302 poenitentiam

338 2327 720 2388 reservantur,
769 2323 868 2376 sed
927 2323 1093 2393 pauci
1125 2338 1368 2376 numero
1424 2321 1493 2375 ad
1543 2319 2029 2392 comparationem

341 2409 597 2464 Ecclesiae
631 2411 909 2479 gentium.

406 2499 625 2551 Ruben.
673 2498 908 2552 Visionis
963 2499 1115 2553 filius
1151 2498 1285 2568 quia
1314 2501 1497 2552 mater
1525 2496 1606 2551 ait
1633 2498 1780 2566 (Gen.
1811 2497 1979 2567 xxxx.)
2014 2515 2026 2551 :

340 2587 490 2641 Vidit
521 2588 666 2640 Deus
704 2588 1088 2642 humilitatem
1120 2603 1326 2640 meam.
1383 2586 1487 2640 Hic
1539 2591 1623 2639 est
1669 2586 2028 2657 primogeni-

335 2681 446 2740 tus,
479 2675 806 2745 signiﬁcans
836 2678 1046 2729 electos
1077 2691 1142 2728 ex
1188 2675 1420 2745 Judzeis,
1475 2676 1573 2746 qui
1607 2675 1892 2730 Christum
1925 2692 2028 2729 ne-

335 2765 522 2835 gando
557 2770 613 2817 et
659 2764 1043 2835 cruciﬁgendo
1094 2765 1324 2826 mortui,
1358 2764 1766 2836 praedicatione
1797 2769 2026 2835 aposto-

330 2857 514 2908 lorum
547 2853 821 2920 conversi,
854 2870 921 2906 ex
952 2853 1060 2907 ﬁde
1093 2853 1298 2907 Christi
1327 2859 1462 2908 sunt
1493 2853 1761 2908 viviﬁcati
1797 2870 1810 2908 :
1844 2853 1904 2906 lii
1952 2853 2031 2908 vi-

334 2942 509 2996 sionis
542 2941 664 3008 lilii,
698 2940 833 3011 quia
867 2947 1128 3011 respectu
1160 2941 1364 2996 divinae
1416 2941 1823 2996 misericordiae
1869 2941 2025 2994 salvi.

619 3035 648 3049 ρ

411 3033 574 3085 Vens.
619 3035 667 3083 7.
706 3061 773 3070 -
818 3032 938 3084 Haec
977 3037 1055 3084 est
1103 3031 1274 3085 Judz.
1325 3032 1519 3097 Judas,
1554 3031 1654 3102 qui
1685 3030 2030 3100 interpreta-
2065 3061 2105 3116 ρ

334 3123 429 3173 tur
486 3120 766 3184 confessio,
821 3117 1201 3171 universalem
1253 3117 1534 3188 signiﬁcat
1587 3118 1917 3185 Ecclesiam,
1966 3117 2028 3171 in

337 3224 451 3278 qua
480 3207 664 3260 laudis
695 3205 901 3259 divina:
943 3205 1215 3258 confessio
1250 3211 1307 3259 et
1356 3206 1669 3276 gratiarum
1714 3205 1888 3261 actio.
1951 3207 2028 3260 De

337 3311 452 3365 quo
485 3300 668 3347 mater
697 3294 811 3347 ait:
855 3293 1011 3346 Modo
1041 3293 1327 3358 conﬁtebor
1357 3297 1583 3349 Domino
1629 3294 1791 3363 (Gen.
1853 3293 2026 3364 XXIX).

341 3385 468 3437 Haec
493 3387 579 3436 est
608 3397 736 3434 vera
776 3397 984 3450 sponsa
1038 3381 1242 3435 Christi
1302 3397 1430 3452 quae
1480 3382 1752 3436 virtutum
1793 3381 2031 3435 monili-

337 3471 445 3525 bus
473 3471 767 3535 adornata,
801 3486 918 3523 non
949 3469 1226 3539 superbit,
1255 3471 1350 3524 sed
1383 3470 1594 3540 gratias
1623 3471 1759 3541 agit,
1790 3486 1896 3541 pro
1927 3470 2033 3524 hac

338 3565 464 3613 orat
493 3563 558 3612 ut
589 3557 871 3612 audiatur.
975 3599 984 3614 κ

403 3647 576 3715 Audi,
634 3647 882 3707 Domine.
936 3661 1111 3700 vocem
1167 3647 1338 3700 Judz.
1400 3647 1622 3716 Regum
1667 3647 1882 3703 scilicet
1931 3647 2033 3719 qui

341 3737 410 3791 de
443 3736 606 3801 Juda,
641 3735 740 3806 qui
771 3735 1056 3789 Christum
1083 3735 1506 3802 desiderabant;
1549 3741 1606 3790 et
1670 3737 1848 3807 ipsius
1879 3737 2034 3791 Chri-

336 3826 428 3893 sti,
461 3826 560 3896 qui
597 3824 677 3878 ait
708 3842 720 3878 :
785 3825 1090 3893 Conﬁtebor
1142 3825 1262 3890 tibi,
1320 3827 1497 3890 Pater,
1526 3824 1650 3880 ’γεω
1680 3827 1798 3881 caeli
1841 3831 1891 3881 et
1924 3831 2029 3880 ter-

337 3930 430 3980 rae,
466 3921 572 3968 etc.
609 3916 752 3983 (Luc.
783 3916 861 3979 Χ.)

409 4003 621 4056 Manus.
660 4001 852 4056 Oravit
907 4000 1212 4055 Dominum
1243 4017 1348 4072 pro
1381 4001 1546 4071 Juda,
1596 4002 1688 4055 cui
1735 4018 1888 4056 nunc
1919 4003 2030 4057 Do-

339 4089 480 4143 mini
513 4089 774 4159 promitit
822 4090 1048 4155 auxilia,
1109 4090 1270 4160 quasi
1315 4106 1429 4144 non
1460 4095 1772 4160 praesumat
1800 4091 1868 4146 de
1901 4089 2033 4144 viri-

339 4179 444 4231 bus
473 4178 588 4230 suis
617 4179 808 4242 Judas,
870 4179 964 4232 sed
1023 4179 1081 4232 in
1129 4179 1225 4232 illo
1267 4179 1516 4232 confidat
1561 4178 1661 4249 qui
1693 4179 1774 4234 ait
1805 4195 1817 4233 :
1853 4181 2033 4249 Conﬁ-

340 4267 471 4334 dite,
499 4281 592 4333 ego
642 4269 750 4318 vici
796 4267 1054 4320 mundum
1100 4267 1275 4336 (Joan.
1330 4270 1480 4334 xw);
1543 4268 1705 4338 cujus
1738 4284 1941 4322 manus
1969 4269 2030 4322 in

2133 563 2221 600 me
2255 545 2494 600 assecuti
2528 544 2679 610 sunt,
2711 549 2984 616 tanquam
3016 545 3136 598 veri
3169 545 3376 600 Levitae
3417 544 3475 598 in
3513 550 3667 598 terra
3696 562 3827 616 par-

2131 640 2250 690 tem
2282 652 2396 688 non
2428 635 2720 702 habentes,
2775 635 2872 689 sed
2923 650 3051 688 cum
3086 636 3367 704 Propheta
3403 635 3687 688 dicentes:
3729 637 3826 688 Do-

2130 727 2309 779 minus
2337 740 2468 794 pars
2524 723 2858 778 hereditatis
2906 739 3052 789 mea,
3103 728 3188 776 etc
3239 725 3416 793 (Psal.
3453 735 3577 792 xv);
3629 739 3826 777 secun-

2132 814 2268 868 dum
2330 813 2471 867 illud
2533 829 2544 866 :
2599 812 2662 868 Si
2713 815 2836 880 quis
2865 814 2985 866 vult
3052 815 3234 867 venire
3278 816 3405 881 post
3469 827 3552 865 me
3605 813 3826 878 abneget

2133 918 2204 971 se,
2240 906 2343 957 etc.
2407 903 2552 972 (Luc.
2614 904 2715 969 1x.)
2747 904 2854 972 ()ui
2886 902 3194 970 perdiderit
3241 903 3483 955 animam
3513 916 3668 955 suam
3695 917 3826 970 pro-

2132 997 2254 1060 pter
2290 1006 2390 1057 me,
2446 995 2550 1045 etc.
2587 992 2797 1058 (Matth.
2844 990 2922 1062 x.)
2967 990 3222 1046 Christus
3254 995 3443 1044 autem
3476 1006 3642 1043 verus
3675 989 3820 1057 Levi,

2136 1080 2234 1151 qui
2265 1079 2384 1133 haec
2411 1079 2605 1133 omnia
2635 1078 2766 1132 fecit
2799 1084 2856 1132 et
2884 1079 3095 1133 docuit.
3138 1078 3254 1149 Ipsi
3299 1079 3506 1133 Levita:
3536 1078 3824 1132 adhmrent

2136 1168 2425 1222 imitantes
2474 1168 2637 1222 illum
2670 1183 2850 1238 usque
2880 1167 2948 1221 ad
2981 1168 3340 1238 sanguinem,
3382 1167 3452 1221 de
3508 1167 3671 1237 cujus
3695 1183 3816 1237 pas-

2136 1259 2293 1312 sione
2326 1257 2587 1311 subditur
2619 1273 2631 1309 :
2665 1257 2828 1322 Quem
2843 1256 3093 1326 probasti
3120 1258 3179 1309 in
3211 1259 3522 1322 tentatione,
3556 1261 3656 1310 etc.

2205 1347 2299 1401 Ad
2330 1360 2522 1415 aquas.
2583 1346 2762 1400 Locus
2794 1350 2878 1398 est
2927 1344 3028 1398 ubi
3081 1345 3255 1416 Moysi
3301 1350 3357 1398 et
3385 1348 3577 1399 Aaron
3607 1345 3816 1416 ingres-

2137 1451 2262 1488 sum
2286 1441 2453 1488 terra:
2484 1433 2884 1506 promissionis
2915 1433 3276 1488 contradixit.

2207 1524 2300 1579 Ad
2344 1539 2518 1594 aquas
2578 1525 2786 1594 Legem
2839 1522 3144 1594 signiﬁcat,
3177 1539 3301 1594 qua:
3333 1523 3480 1577 male
3509 1520 3824 1576 viventibus

2137 1613 2438 1667 introitum
2486 1612 2646 1682 regni
2678 1612 2918 1666 caalestis
2949 1613 3314 1667 contradixit.
3373 1615 3573 1682 Aquae,
3604 1609 3823 1682 populi,

2139 1703 2239 1773 qui
2314 1702 2768 1756 contradicentes
2822 1701 3214 1755 clamaverunt
3271 1719 3284 1755 :
3372 1703 3635 1769 Cruciﬁge
3687 1715 3822 1753 eum.

2141 1792 2376 1858 Sanguis
2432 1793 2550 1860 ejus
2575 1806 2738 1860 super
2766 1805 2882 1856 nos,
2917 1795 2967 1844 et
2996 1805 3159 1860 super
3186 1791 3323 1860 ﬁlios
3354 1797 3563 1844 nostros
3596 1789 3823 1857 (Matth.

2138 1880 2325 1950 xxvii).
2356 1880 2438 1933 Ad
2479 1881 2774 1933 cumulum
2816 1879 3180 1949 perfectionis
3221 1880 3346 1934 Levi
3379 1879 3642 1949 adjungit
3673 1894 3687 1931 :

2213 1970 2373 2022 Vens.
2407 1973 2464 2024 9.
2499 1998 2572 2010 —
2617 1969 2727 2033 Qui
2752 1968 2904 2022 dixit
2954 1972 3108 2038 patri
3137 1984 3254 2023 suo.
3303 1967 3542 2032 Quando
3575 1968 3831 2020 fecerunt

2139 2058 2380 2112 vitulum
2434 2073 2696 2125 aureum,
2751 2057 2983 2127 jubentc
3043 2058 3246 2127 Moyse,
3300 2055 3525 2119 Levitaa,
3595 2053 3829 2109 accincti

2141 2145 2363 2216 gladiis,
2399 2162 2430 2199 a
2466 2150 2631 2216 porta
2664 2161 2844 2216 usque
2874 2145 2946 2198 ad
2979 2150 3200 2214 portam
3235 2144 3560 2198 idololatras
3589 2143 3829 2196 interfe-

2140 2239 2359 2289 cerunt.
2393 2235 2457 2288 In
2489 2234 2708 2288 ultione
2744 2232 3081 2286 idololatriae
3110 2232 3273 2304 quasi
3312 2248 3441 2286 suos
3471 2247 3586 2284 non
3618 2246 3830 2300 cogno-

2141 2321 2390 2387 scebant,
2416 2321 2552 2391 quia
2581 2319 2704 2373 sine
2735 2319 3056 2373 differentia
3083 2318 3434 2373 occidebant.
3469 2318 3628 2372 Unde
3663 2334 3675 2370 :
3710 2319 3834 2374 Nisi

2140 2413 2263 2480 quis
2291 2411 2571 2479 reliquerit
2603 2415 2818 2479 patrem
2870 2412 2918 2462 et
2948 2413 3174 2462 matrem
3217 2411 3266 2461 et
3309 2422 3530 2461 uxorem
3585 2411 3636 2459 et
3691 2407 3831 2474 ﬁlios

2138 2503 2360 2568 propter
2381 2514 2483 2567 me,
2512 2514 2618 2552 non
2647 2502 2724 2552 est
2778 2512 2924 2552 meus
2964 2497 3265 2566 discipulus
3297 2497 3446 2566 (Luc.
3481 2494 3651 2562 xvm).

2211 2588 2314 2652 Qui
2339 2587 2484 2641 dimit
2508 2589 2665 2656 patri
2710 2601 2805 2640 suo
2833 2590 2883 2639 et
2910 2587 3099 2651 matri,
3133 2589 3240 2639 etc.
3283 2584 3564 2637 Debemus
3595 2586 3651 2636 et
3693 2587 3834 2635 tem-

2139 2675 2415 2745 poraliter
2442 2675 2532 2729 his
2558 2691 2688 2729 cum
2720 2674 2926 2745 quibus
2955 2673 3196 2727 vicinius
3227 2671 3652 2742 conjungimur,
3701 2671 3832 2739 plus

2138 2765 2434 2835 prodesse.
2503 2764 2783 2818 Debemus
2840 2764 3104 2833 copulam
3161 2767 3404 2816 terrenae
3469 2759 3835 2830 cognationis

2139 2869 2476 2924 agnoscere;
2525 2854 2623 2907 sed
2671 2852 2717 2906 si
2773 2868 3004 2906 cursum
3058 2851 3264 2905 mentis
3314 2849 3612 2921 praepedit,
3661 2849 3833 2918 igno-

2139 2958 2286 3008 rare,
2335 2946 2400 2995 ut
2446 2941 2680 2996 affectus
2720 2941 2927 2994 mentis
2965 2941 3178 2993 viscera
3208 2941 3445 3009 repleat,
3482 2938 3577 2991 sed
3606 2953 3640 2990 a
3666 2937 3834 3007 spiri-

2143 3029 2244 3084 tali
2274 3029 2568 3101 proposito
2610 3045 2726 3082 non
2757 3034 2990 3083 avertat.
3028 3029 3155 3082 Hinc
3185 3026 3330 3083 bene
3351 3043 3530 3080 vaccae
3563 3026 3834 3091 innuunt,

2144 3133 2272 3188 quae
2295 3117 2398 3171 sub
2430 3133 2558 3170 arca
2590 3117 2816 3170 Domini
2844 3116 2912 3169 ad
2947 3121 3222 3170 montana
3267 3115 3587 3180 tendentes,
3630 3112 3837 3167 affectu

2139 3210 2196 3259 et
2246 3205 2429 3275 rigido
2475 3221 2640 3258 sensu
2697 3205 3078 3275 gradiuntur:
3134 3220 3240 3274 pro
3295 3203 3487 3257 vitulis
3532 3206 3837 3273 pergentes

2137 3295 2472 3364 mugiebant
2520 3293 2617 3348 sed
2660 3298 2910 3364 accepto,
2956 3293 3161 3347 itinere
3222 3306 3448 3362 gressus
3493 3307 3609 3344 non
3660 3290 3836 3345 deﬂe-

2139 3383 2366 3438 ctebant
2378 3425 2390 3436 .

2211 3473 2370 3527 Vens.
2409 3474 2491 3526 l0.
2534 3502 2601 3512 -—-
2631 3473 2832 3527 Ponent
2876 3471 3193 3540 thymiama.
3247 3470 3404 3526 Sicut
3441 3472 3634 3525 Aaron
3682 3473 3838 3523 stans

2139 3562 2291 3616 inter
2318 3564 2575 3615 mortuos
2604 3564 2661 3614 et
2684 3560 2937 3614 viventes
2984 3576 3086 3632 pro
3115 3560 3326 3630 populo
3365 3559 3700 3630 deprecatus
3731 3562 3834 3612 est.

2139 3651 2340 3704 Ponent
2404 3649 2723 3717 thymiama.
2783 3649 3118 3703 Sanctorum
3179 3648 3362 3702 oratio
3434 3647 3832 3701 suavissimum

2139 3737 2438 3792 incensum
2477 3743 2563 3792 est
2611 3737 2853 3791 Domino
2886 3754 2899 3792 :
2931 3753 3046 3808 quo
3089 3737 3377 3808 (peccante
3425 3735 3662 3807 populo)
3720 3737 3834 3790 Do-

2142 3828 2286 3882 mini
2333 3828 2496 3882 furor
2544 3828 2859 3899 mitigatur,
2905 3828 3038 3897 quia
3084 3828 3152 3882 ab
3202 3827 3360 3882 omni
3393 3831 3621 3881 terrena
3667 3827 3832 3881 sorde

2141 3918 2432 3982 defzecata,
2464 3917 2677 3970 caelesti
2727 3916 3010 3970 desiderio
3062 3916 3262 3987 ignita,
3319 3915 3484 3986 quasi
3523 3914 3839 3985 thymiama

2141 4007 2201 4061 in
2247 4009 2551 4076 conspectu
2601 4003 2703 4058 Dei
2748 4005 2972 4074 flagrat,
3021 4009 3077 4058 et
3123 4005 3284 4074 quasi
3330 4003 3727 4058 holocaustum
3763 4003 3836 4056 ab

2141 4112 2240 4150 ara
2267 4095 2348 4166 pii
2379 4094 2560 4148 cordis
2589 4094 2823 4147 ﬂamma
2852 4094 3175 4148 devotionis
3205 4094 3263 4147 in
3309 4093 3516 4148 caelum
3557 4093 3834 4147 subvolat.

2143 4186 2259 4239 Hoc
2286 4183 2571 4254 praecipue
2625 4182 2896 4252 apostolis
2926 4185 2983 4235 et
3025 4181 3370 4252 martyribus
3428 4181 3716 4252 congruit,
3769 4180 3838 4235 de

2142 4273 2350 4344 quibus
2385 4271 2591 4326 dicitur
2621 4288 2634 4325 :
2674 4273 2954 4340 Tanquam
2997 4287 3193 4324 aurum
3230 4273 3290 4324 in
3335 4272 3556 4336 fornace
3583 4270 3840 4339 probavit

339 4371 504 4409 cruce
561 4359 758 4408 contra
814 4355 1096 4425 spiritales
1151 4356 1434 4426 nequitias
1490 4361 1910 4427 pugnaverunt,
1965 4362 2030 4411 ut
2059 4375 2103 4430 ι)
2141 4363 2284 4426 illos,
2313 4366 2364 4415 et
2393 4362 2552 4429 quasi
2574 4361 2870 4414 holocausti
2887 4362 3118 4414 hostiam
3156 4362 3358 4430 accepit
3389 4360 3542 4430 (Sap.
3578 4360 3676 4428 ιιι).

340 4459 446 4513 per
487 4448 732 4497 mortem
764 4443 1081 4497 destrueret
1127 4459 1260 4498 eum
1290 4445 1389 4514 qui
1419 4445 1667 4498 habebat
1694 4445 1894 4500 mortis
1922 4444 2031 4500 im-

340 4533 584 4602 perium.

409 4622 668 4690 Adjutor.
730 4622 799 4675 Ut
852 4620 1042 4676 vincat
1091 4626 1147 4676 ct
1185 4621 1379 4676 dicat:
1440 4623 1617 4691 Super
1664 4623 1871 4678 carcelsa
1914 4637 2033 4677 mea

339 4709 569 4764 deducet
589 4726 670 4764 me
698 4713 871 4764 victor
897 4711 1124 4779 (Habac.
1155 4709 1271 4782 in):
1306 4710 1427 4781 ipse
1458 4711 1613 4765 enim
1643 4712 1706 4765 in
1723 4712 1884 4766 nobis
1913 4711 2034 4765 vin-

339 4801 436 4866 cit,
464 4805 518 4853 et
547 4815 652 4870 pro
683 4797 914 4852 victoria
965 4815 1064 4854 sua
1119 4805 1355 4854 coronat
1400 4815 1504 4854 nos
1550 4800 1611 4854 in
1639 4800 2034 4856 misericordia

339 4891 396 4941 et
425 4887 908 4941 miserationibus.

411 4978 572 5030 Vens.
609 4979 660 5030 8.
713 5007 778 5016 —-
813 4977 1094 5042 Perfectio.
1143 4975 1315 5041 Quasi
1369 4993 1543 5048 quam
1603 4977 1678 5031 sis
1722 4978 2030 5049 perfectus,

339 5067 395 5116 et
424 5079 595 5133 quam
629 5069 822 5119 sancta
874 5065 1129 5120 doctrina
1171 5071 1270 5121 tua
1299 5083 1404 5138 per
1439 5067 1666 5139 Moysen
1712 5068 2029 5123 declarasti.

339 5153 499 5206 Vela
534 5159 724 5207 sancto
761 5154 884 5209 viro
925 5159 1046 5222 tuo,
1097 5155 1153 5210 id
1206 5163 1292 5210 est
1343 5156 1566 5226 Levitis,
1627 5160 1712 5210 est
1760 5157 2032 5228 perfectio

337 5245 438 5294 tua
467 5244 522 5295 et
569 5241 827 5296 doctrina
871 5247 988 5298 tua.
1051 5244 1139 5298 Illi
1196 5245 1351 5299 enim
1385 5247 1596 5301 debent
1625 5245 1813 5316 legem
1843 5251 2032 5301 custo-

337 5329 479 5396 dire,
513 5329 696 5384 facere
724 5335 779 5384 et
805 5331 1058 5387 docerer.

410 5421 670 5486 Perfectio
721 5424 835 5474 tua.
898 5421 1078 5476 Choro
1134 5422 1471 5494 angelorum
1523 5427 1579 5478 et
1633 5427 1949 5495 martyrum
1981 5427 2038 5479 et

337 5506 599 5562 omnium
643 5508 1024 5578 perfectorum
1097 5509 1204 5565 ista
1252 5511 1544 5579 dicuntur,
1605 5512 1706 5584 qui
1749 5513 2036 5585 perfectio-
2081 5551 2084 5554 .

336 5612 471 5652 nem
499 5596 788 5653 charitatis
828 5599 1125 5654 moriendo
1165 5616 1268 5669 pro
1319 5602 1564 5655 Domino
1617 5603 2031 5672 impleverunt;

2213 4451 2376 4503 Vens.
2430 4453 2514 4503 11.
2563 4478 2630 4488 -
2674 4449 2915 4517 Suscipe.
2947 4448 3118 4513 Quasi
3151 4453 3332 4519 grata,
3387 4451 3452 4501 ut
3482 4463 3838 4502 remuneres.

2143 4539 2362 4592 Dantur
2387 4553 2539 4591 nunc
2569 4537 2811 4607 singulis
2841 4537 2986 4590 alba:
3034 4537 3216 4603 stolae,
3274 4535 3488 4590 scilicet
3513 4537 3841 4590 animarum

2142 4626 2338 4682 laetitia
2368 4642 2381 4692 ;
2430 4630 2486 4679 et
2517 4625 2574 4678 in
2611 4625 2826 4695 judicio
2856 4626 3169 4680 secundum
3201 4641 3428 4696 corpus,
3465 4631 3694 4697 recepta
3731 4626 3842 4679 im-

2141 4715 2512 4781 mortalitate,
2565 4714 2850 4780 fulgebunt
2881 4717 3019 4769 sicut
3060 4716 3139 4770 sol
3187 4719 3238 4770 et
3295 4721 3558 4786 tanquam
3591 4715 3846 4769 scintilla

2140 4807 2200 4860 in
2245 4803 2568 4858 arundineto
2610 4803 2934 4871 discurrent,
2981 4804 3272 4859 exurendo
3309 4805 3526 4859 scilicet
3551 4820 3760 4858 vacuos
3790 4808 3848 4857 et

2142 4893 2522 4948 infructuosos
2582 4893 2933 4948 adversarios
2979 4909 2993 4960 ;
3053 4893 3122 4949 de
3179 4909 3429 4965 quorum
3488 4908 3660 4964 pcena
3704 4892 3841 4947 sub-

2143 4984 2300 5039 ditur
2323 4999 2336 5037 :

2215 5074 2435 5127 Percute
2497 5071 2679 5126 dorsa.
2747 5069 2919 5135 Quasi
2971 5086 2984 5125 :
3049 5070 3389 5126 videbantur
3439 5067 3549 5124 sibi
3604 5068 3846 5138 impune

2144 5164 2460 5231 martyrum
2536 5159 2878 5230 sanguinem
2929 5158 3191 5225 fundere,
3225 5158 3321 5213 sed
3354 5157 3520 5229 quasi
3547 5161 3680 5228 post
3711 5156 3844 5211 dor-

2145 5265 2272 5304 sum
2326 5266 2498 5317 poena
2552 5248 2867 5320 improvisa
2947 5249 3279 5319 parabatur,
3361 5247 3416 5302 id
3487 5252 3572 5300 est
3634 5249 3850 5299 aeterna

2141 5338 2454 5403 damnatio,
2509 5338 2569 5392 in
2625 5354 2796 5410 quam
2827 5343 3061 5392 ruentes
3101 5352 3331 5408 surgere
3381 5351 3496 5390 non
3536 5334 3829 5389 valebunt.

2147 5425 2305 5481 Unde
2336 5443 2348 5479 :
2389 5427 2560 5493 Virga
2587 5427 2646 5479 in
2676 5425 2839 5480 dorso
2869 5425 3299 5494 imprudentium
3330 5423 3510 5493 (Prov.
3540 5423 3718 5491 xxvi).

2214 5515 2378 5568 Vens.
2438 5515 2524 5569 l2.
2581 5545 2649 5554 —-
2700 5517 2769 5569 Et
2799 5513 3104 5583 Beniamin.
3157 5513 3395 5567 Videtur
3438 5510 3695 5566 historiae
3769 5507 3848 5564 al-

2144 5601 2361 5668 ludere,
2417 5602 2553 5674 quia
2600 5603 2895 5673 Benjamin
2948 5601 3270 5674 patriarcha
3307 5605 3365 5656 et
3409 5599 3693 5672 propheta
3743 5599 3845 5652 Ja-
