3976 6178
195 236 283 290 497
1285 232 1544 290 GLOSSA
1588 212 1993 289 ORDINARlA.
2050 263 2117 273 —
2165 233 2292 289 ue.
2341 235 2542 291 verr.

3568 241 3672 295 498

192 355 278 409 cob
307 355 503 426 spiritu
559 354 765 425 plenus
814 353 977 409 unice
1036 355 1283 420 amabat,
1340 360 1397 410 et
1451 355 1873 427 dispensatione
1904 357 1945 411 A
1980 359 2077 426 qui
2125 357 2402 413 benedixit
2439 373 2534 412 nos
2573 361 2720 413 omni
2777 358 3137 413 benedictione
3182 361 3429 428 spiritali
3478 363 3535 415 in
3567 378 3672 416 οω-

191 444 295 507 Dei,
326 444 478 497 locus
513 443 702 497 divino
760 443 939 497 cultui
967 444 1346 513 mancipatus,
1373 445 1495 514 ejus
1540 444 1714 498 tribui
1763 460 1859 497 cu-

190 533 495 587 stodiendus
524 532 877 596 decernitur;
915 532 1064 585 unde
1104 532 1259 586 addit
1291 549 1304 587 :
1332 533 1504 599 Quasi
1524 535 1581 586 in
1624 534 1860 587 thalamo

190 628 282 676 tota
310 622 418 689 die,
452 626 553 675 etc.

243 730 675 783 Amantissimus.
721 726 976 781 Christus
1015 732 1098 781 est
1143 729 1567 782 amantissimus
1615 728 1712 781 Dei
1751 729 1852 782 Pa-

186 818 285 881 tris,
327 816 424 887 qui
482 816 551 870 de
582 816 766 886 seipso
816 816 938 870 ait:
976 818 1074 870 Hic
1127 821 1203 871 est
1232 819 1402 871 Filius
1444 832 1588 871 meus
1636 818 1862 871 dilectus

187 907 383 975 (Matth.
416 906 567 973 xvu).
602 905 700 959 Hic
721 905 938 959 habitat
968 905 1027 959 in
1055 905 1287 960 dextera
1330 907 1513 960 Patris
1564 906 1862 960 confiden-

188 1000 276 1059 ter,
298 994 387 1047 cui
417 993 627 1048 dicitur
661 1010 675 1048 :
706 994 893 1049 Sedca
922 994 1130 1048 dextris
1156 997 1285 1048 meis
1319 994 1487 1063 (Psat.
1517 998 1646 1065 cxx).

243 1082 451 1151 Aliter:
498 1082 814 1152 Benjamin,
871 1083 941 1136 de
1017 1082 1136 1136 ﬁlio
1184 1083 1396 1136 doloris
1445 1083 1593 1153 ﬁlius
1657 1084 1863 1137 dextrae

185 1172 365 1237 dictus,
400 1171 669 1242 exprimit
718 1173 956 1225 Paulum
1010 1172 1078 1225 de
1130 1177 1488 1240 persecutore
1542 1172 1861 1241 apostolum

183 1267 228 1315 et
255 1276 343 1313 vas
368 1260 663 1314 electionis
694 1260 903 1314 factum
943 1277 954 1313 :
991 1260 1108 1331 ipse
1135 1259 1289 1315 enim
1324 1261 1391 1315 de
1416 1261 1522 1315 hac
1546 1261 1701 1315 tribu
1722 1261 1859 1326 fuit;

184 1351 402 1420 dignum
434 1354 627 1403 autem
656 1354 779 1403 erat
807 1356 871 1403 ut
912 1348 1057 1403 sicut
1091 1349 1320 1403 Domini
1356 1366 1672 1419 praecursor
1722 1366 1859 1419 pro-

183 1438 371 1509 phetali
420 1438 653 1491 oraculo
702 1436 1008 1507 praedictus
1039 1442 1142 1502 est,
1196 1437 1273 1491 ita
1305 1437 1574 1507 magister
1604 1437 1860 1507 gentium

183 1527 421 1581 universo
466 1526 686 1581 mundo
740 1525 1097 1597 profuturus,
1148 1525 1299 1580 inter
1344 1541 1554 1598 magna
1604 1526 1860 1580 Ecclesia:

182 1616 425 1687 mysteria
453 1615 883 1687 praedicaretur.
917 1616 983 1669 In
1015 1617 1177 1686 cujus
1212 1620 1404 1671 mente
1437 1616 1690 1671 Christus
1712 1616 1859 1669 fidu-
1896 1645 1935 1699 Β

182 1706 371 1759 cialiter
421 1704 719 1771 habitavit,
760 1720 890 1758 cum
930 1704 1082 1759 inter
1109 1704 1413 1759 innumera
1464 1704 1720 1775 pericula
1767 1720 1862 1758 co-

183 1810 283 1849 ram
313 1794 577 1864 gentibus
607 1798 662 1847 et
713 1793 942 1864 regibus
972 1810 1104 1848 eum
1153 1794 1859 1864 constanter'przedicavit.

184 1884 247 1937 De
272 1884 425 1951 cujus
446 1882 644 1936 anima
665 1881 871 1936 dicitur
904 1900 916 1936 :

242 1991 395 2056 Quasi
479 1988 720 2043 thalamo
791 1992 904 2042 tota
984 1988 1069 2042 die
1142 1988 1463 2042 morabitur.
1541 1990 1639 2043 Vel
1737 1986 1861 2044 ma-

186 2078 313 2131 ritali
388 2076 682 2131 connubio
747 2076 891 2130 mira
956 2076 1334 2131 oblectatione
1406 2078 1728 2147 perfruens,
1808 2083 1864 2133 et

184 2166 429 2220 virtutum
485 2165 651 2236 prole
684 2165 1012 2241 fecundans,
1044 2165 1375 2237 nulliusque
1406 2166 1528 2220 vitii
1575 2166 1863 2238 inquietu-

186 2254 292 2307 dine
337 2258 619 2309 secretum
669 2253 1041 2324 placidissimi
1116 2254 1361 2324 pectoris
1421 2256 1857 2327 derelinquens;

185 2343 252 2395 vel
275 2342 329 2396 in
369 2359 435 2395 ea
466 2342 634 2413 quasi
674 2343 734 2396 in
764 2344 1016 2396 thalamo
1048 2344 1317 2409 residens,
1372 2348 1647 2414 tauquam
1692 2362 1859 2415 spon.

184 2448 258 2484 sus
284 2432 592 2501 speciosus,
624 2431 909 2502 virgineas
938 2432 1295 2486 credentium
1328 2438 1546 2487 mentes
1578 2450 1681 2504 per
1727 2452 1861 2505 prae-

184 2520 497 2575 dicationem
529 2522 650 2591 ejus
684 2521 800 2574 suis
827 2521 1022 2592 jungit
1067 2522 1438 2593 amplexibus.
1492 2523 1651 2577 Unde
1694 2540 1705 2576 :
1740 2524 1857 2576 Ad-

183 2609 412 2664 ducentur
477 2613 600 2679 regi
657 2612 898 2677 virgines
956 2616 1077 2679 post
1115 2626 1236 2665 eam
1267 2609 1432 2678 (Psat.
1504 2610 1674 2679 XLIII).
1736 2611 1858 2680 Ipse

183 2714 381 2768 quoque
413 2700 529 2753 ait:-
551 2699 826 2768 Despondi
854 2701 1000 2753 enim
1027 2714 1119 2753 vos
1150 2700 1247 2751 uni
1291 2700 1406 2752 viro
1452 2700 1717 2765 virginem
1766 2714 1856 2751 ca-

183 2791 304 2841 stam
324 2788 579 2841 exhibere
610 2790 824 2843 Christo
865 2789 931 2857 (ll
958 2788 1075 2844 Cor.
1109 2786 1209 2855 xi).

237 2884 549 2938 Divinitatis
605 2899 838 2955 quoque
901 2883 962 2937 in
993 2882 1352 2938 humanitate
1380 2882 1586 2937 Christi
1638 2883 1857 2937 habitat

181 2972 523 3026 conﬁdenter.
584 2974 648 3026 In
692 2973 929 3026 thalamo
981 2972 1302 3037 morabitur,
1364 2970 1647 3039 significat
1701 2970 1853 3041 quod
1885 2958 1925 3012 Ο

181 3060 227 3113 in
252 3067 403 3115 utero
450 3061 699 3131 Virginis
738 3061 949 3115 caelesti
984 3076 1191 3130 sponso
1216 3060 1416 3130 juncta
1449 3064 1535 3113 est
1587 3059 1850 3127 Ecclesia,

181 3165 287 3220 qua:
313 3151 369 3205 in
398 3150 743 3206 fortitudine
782 3149 1050 3221 potentia:
1080 3149 1369 3211 Christiet
1392 3149 1453 3202 in
1481 3148 1749 3218 operibus
1778 3148 1849 3202 ﬁ-

179 3239 446 3294 ducialiter
475 3238 805 3310 requiescit.

235 3337 307 3392 Et
356 3340 501 3392 inter
560 3340 806 3391 humeros
858 3337 1007 3391 illius
1035 3336 1346 3404 requiescet.
1385 3332 1646 3388 Humeris
1677 3349 1853 3386 onera

178 3431 471 3494 portantur,
504 3426 637 3481 ideo
686 3427 748 3480 in
776 3426 856 3480 eis
905 3424 1139 3479 robusta
1183 3423 1458 3495 patientia
1499 3422 1849 3492 designatur,

177 3510 327 3566 Tanto
382 3519 577 3568 autem
642 3514 912 3569 libentius
965 3513 1217 3569 Christus
1273 3513 1334 3565 in
1390 3510 1488 3565 illo
1551 3511 1850 3582 requievit,

177 3606 361 3667 quanto
405 3618 515 3672 pro
557 3602 684 3671 ipso
714 3601 1047 3656 durissimos
1082 3602 1304 3656 labores
1335 3600 1598 3654 toleravit
1632 3617 1644 3653 ;
1694 3605 1852 3653 tanto

178 3690 354 3742 arctius
391 3693 691 3761 amplexus
720 3695 824 3757 est,
857 3696 1072 3762 quanto
1106 3691 1175 3744 ab
1208 3690 1359 3744 illius
1395 3690 1663 3760 amplexu
1694 3689 1852 3744 nullo

174 3781 361 3833 terrore
413 3780 649 3833 avulsus
703 3785 805 3834 est.
840 3780 996 3834 Unde
1027 3779 1152 3834 ait:
1190 3778 1324 3845 Quis
1370 3794 1466 3835 nos
1509 3779 1791 3848 separabit
1819 3795 1854 3833 α

174 3866 412 3922 charitate
433 3869 687 3925 Christi?
718 3869 894 3937 (Rom.
929 3867 1072 3937 VIII.)

232 3964 381 4020 Vens.
420 3969 504 4021 t3.
536 3996 607 4006 —
634 3966 844 4035 Joseph
878 3981 1087 4034 quoque
1144 3966 1247 4019 ait.
1277 3964 1487 4036 Joseph
1533 3970 1722 4019 auctus
1761 3965 1851 4018 in-

176 4055 513 4121 terpretatur.
586 4054 685 4108 Hic
733 4059 819 4109 est
858 4054 1131 4120 Christus,
1178 4054 1277 4125 qui
1324 4071 1357 4107 a
1402 4054 1612 4108 Iudaeis
1664 4054 1848 4108 fratri-

172 4138 260 4194 bus
305 4142 419 4197 suis
461 4143 740 4213 abjectus,
771 4142 831 4196 in
872 4144 1113 4214 Egypto
1154 4142 1325 4207 huius
1364 4142 1558 4196 seaculi
1587 4142 1851 4212 princeps

175 4227 330 4282 factus
360 4234 461 4296 est,
511 4234 569 4283 et
597 4246 780 4301 genus
813 4229 1131 4283 humanum
1157 4246 1190 4282 a
1241 4228 1408 4281 famis
1450 4228 1649 4299 inopia
1688 4244 1852 4282 evan-

173 4316 317 4384 gelici
344 4318 622 4372 frumenti
664 4317 1085 4388 dispensatione
1124 4316 1429 4371 liberavit:
1462 4316 1561 4387 qui
1600 4322 1685 4371 est
1720 4334 1850 4372 vere

174 4404 405 4460 Salvator
432 4405 661 4461 mundi.

234 4502 307 4555 De
353 4504 725 4557 benedictione
766 4505 983 4557 Domini
1044 4508 1191 4557 terra
1231 4504 1368 4572 ejus.
1432 4502 1519 4557 Ad
1576 4502 1847 4568 litteram,

173 4587 501 4645 fertilitatem
552 4591 853 4663 signiﬁcat,
901 4608 1073 4662 quam
1128 4592 1258 4646 dum
1300 4592 1482 4646 tribus
1527 4607 1593 4645 ex
1617 4592 1847 4661 Ioseph,

172 4672 219 4727 id
265 4682 342 4731 est
392 4679 662 4749 Ephraim
698 4682 753 4732 et
789 4680 1087 4745 Manasses,
1132 4679 1459 4733 habuerunt
1487 4678 1546 4733 in
1596 4678 1851 4733 ubertate

170 4763 391 4834 frugum,
479 4783 788 4837 pomorum
852 4773 910 4822 et
973 4772 1136 4839 pastu
1200 4784 1492 4839 pecorum.
1568 4769 1695 4822 Haac
1769 4774 1853 4822 est

172 4851 344 4921 Basen,
405 4856 761 4910 fertilissima
803 4856 982 4927 regio,
1035 4858 1184 4911 unde
1243 4856 1519 4927 pinguedo
1572 4855 1851 4927 interpre-

173 4945 319 4998 tatur.

229 5036 521 5109 Temperie
546 5039 694 5107 coeli,
735 5044 793 5095 et
824 5056 954 5095 rore
1001 5041 1235 5107 fructus,
1272 5045 1327 5096 et
1355 5041 1602 5096 fontium
1652 5045 1710 5095 et
1740 5042 1851 5095 flu-

176 5124 369 5180 minum
423 5128 801 5196 abundantia,
862 5129 1099 5185 homine
1151 5130 1527 5199 delectantur,
1597 5146 1728 5200 quas
1788 5130 1850 5184 in

174 5210 347 5283 abysso
379 5216 801 5287 signiﬁcantur.

232 5310 578 5379 Benedimisti,
616 5313 864 5381 Domine,
896 5318 1098 5367 terram
1129 5319 1298 5381 tuam,
1343 5314 1646 5369 Ecclesiam
1693 5314 1850 5368 scili—

178 5401 264 5461 cet,
311 5415 439 5470 quae
485 5417 599 5455 non
631 5402 865 5471 propria
910 5401 1141 5470 virtute,
1173 5404 1269 5457 sed
1301 5403 1579 5456 virtutum
1612 5403 1847 5456 benedi-

179 5484 337 5541 ctione
399 5489 678 5544 divinitus
741 5490 1031 5560 impletur.
1088 5492 1280 5546 Unde:
1333 5492 1645 5546 Benedictus
1709 5494 1848 5546 Deus

1969 446 2187 499 testibus
2218 447 2438 499 Christo
2469 446 2698 516 (Ephes.
2736 447 2796 517 ι).

2042 535 2189 590 Cazli.
2238 534 2454 589 Caelum
2495 535 2764 588 dicuntur
2817 538 3052 605 propter
3109 536 3388 590 unitatem
3442 537 3573 591 fidei
3617 542 3671 590 et

1971 623 2242 677 doctrinas
2271 624 2517 691 apostoli
2548 625 3000 693 etevangelistm,
3039 624 3107 678 de
3139 625 3347 694 quibus
3379 626 3514 679 alibi
3543 627 3671 694 plu-

1972 712 2164 765 raliter
2211 711 2457 766 dicitur:
2495 714 2620 768 ϐωιί
2670 717 2930 766 enarrant
2983 714 3234 780 gloriam,
3317 717 3421 768 etc.
3493 714 3663 782 (Psat.

1970 802 2141 867 xvm.)
2178 802 2242 854 lu
2286 801 2423 871 ipsis
2468 801 2621 854 enim
2652 802 2766 855 vita
2821 806 2876 855 et
2931 802 3411 871 contemplatione
3457 804 3672 873 fulgen-

1971 891 2125 944 tibus
2163 895 2436 960 tanquam
2480 891 2540 943 in
2572 892 2714 945 coelo
2774 890 2992 944 habitat
3045 892 3208 954 Deus,
3252 891 3518 944 intonans
3554 897 3667 945 ter-

1972 996 2183 1046 rorem,
2234 980 2437 1050 pluens
2489 980 2958 1046 consolationem,
3029 984 3085 1034 et
3140 996 3441 1033 coruscans
3503 981 3669 1033 mira-

1972 1070 2135 1124 culis.

2044 1160 2207 1213 Rore.
2242 1158 2465 1213 Caelesti
2492 1157 2919 1227 praedicatione,
2961 1174 3091 1228 quae
3135 1157 3295 1211 mirae
3337 1156 3668 1211 subtilitatis

1973 1253 2029 1301 et
2073 1248 2291 1318 gratiae,
2346 1264 2461 1317 qua
2508 1251 2703 1300 contra
2749 1252 2952 1300 aestum
3002 1246 3333 1300 tentationis
3383 1247 3551 1301 corda
3599 1246 3671 1299 ri-

1973 1343 2203 1406 gantur,
2244 1342 2300 1390 et
2341 1341 2407 1390 ut
2437 1352 2661 1406 semper
2708 1335 2926 1389 vireant
2956 1335 3280 1401 virtutibus;
3342 1336 3494 1389 unde
3529 1352 3541 1389 :
3576 1338 3671 1390 Det

1972 1427 2073 1480 iibi
2100 1428 2239 1480 Deus
2271 1426 2335 1479 de
2363 1441 2482 1479 rore
2512 1427 2651 1491 casti,
2683 1429 2789 1478 etc.
2820 1424 2972 1491 (Gen.
3008 1432 3201 1491 xxvu.)

2044 1516 2277 1586 Abysso,
2328 1514 2629 1568 utscilicet
2665 1513 2933 1583 pinguior
2985 1514 3104 1577 fiat,
3142 1512 3210 1566 de
3266 1512 3422 1566 fonte
3476 1528 3669 1566 ascen-

1974 1604 2141 1659 dente
2197 1603 2439 1656 irrorata
2477 1602 2639 1672 quasi
2680 1601 2975 1672 paradisus
3004 1600 3140 1656 Dei:
3203 1602 3360 1655 Unde
3408 1604 3543 1656 Fons
3582 1616 3669 1656 as-

1976 1691 2233 1747 cendebat
2262 1691 2329 1745 de
2351 1695 2496 1744 terra
2526 1692 2766 1756 irrigans
2797 1692 3131 1758 superﬁciem
3177 1694 3333 1744 terrae
3382 1690 3532 1759 (Gen.
3586 1690 3664 1757 ιι).

1974 1784 2020 1835 Α
2051 1779 2195 1834 mari
2226 1778 2535 1833 abundavit
2585 1794 2781 1831 sensus
2813 1779 2955 1847 ejus,
3017 1783 3073 1831 et
3111 1778 3389 1848 cogitatus
3418 1778 3573 1832 illius
3602 1778 3672 1831 de

1976 1869 2179 1938 abysso
2212 1882 2439 1936 magna.
2495 1866 2693 1920 Fustra
2745 1865 2901 1919 enim
2960 1865 3205 1919 exterius
3253 1866 3454 1935 irrigat
3483 1882 3670 1919 sermo

1975 1956 2243 2020 doctoris,
2281 1954 2389 2009 nisi
2422 1954 2570 2023 riget
2614 1954 2854 2007 interius
2910 1952 3093 2024 gratia
3122 1953 3452 2008 conditoris.
3515 1953 3672 2008 Unde

1973 2044 2168 2098 subdit
2200 2060 2212 2096 ι
2240 2046 2311 2097 De
2334 2046 2509 2112 pomis
2539 2044 2775 2109 collium,
2809 2048 2913 2095 etc.

2045 2135 2207 2188 Vens.
2267 2134 2348 2187 14.
2408 2161 2476 2171 -
2532 2133 2691 2187 Solis.
2750 2130 2977 2197 Christi,
3013 2131 3109 2200 qui
3162 2134 3245 2184 est
3284 2130 3368 2183 sol
3412 2130 3670 2200 justitiaa,

1974 2222 2074 2293 qui
2102 2221 2220 2275 ait:
2252 2222 2557 2288 Futgebunt
2598 2222 2741 2289 justi
2786 2224 2925 2275 sicut
2955 2223 3033 2275 sol
3074 2225 3129 2274 in
3177 2237 3341 2291 regno
3376 2224 3559 2276 Patris
3590 2237 3673 2275 eo-

1973 2325 2095 2365 rum
2127 2309 2341 2378 (Matth.
2374 2308 2514 2377 xm),
2557 2308 2690 2378 quia
2718 2307 2933 2361 similes
2974 2308 3028 2361 ei
3060 2308 3291 2361 erimus.

2042 2401 2128 2453 Ac
2155 2399 2312 2453 luna.
2348 2397 2627 2464 Ecclesiae,
2670 2413 2799 2467 qum
2838 2396 3044 2466 accipit
3088 2397 3188 2450 hos
3221 2397 3435 2450 fructus
3464 2414 3497 2450 ει
3536 2397 3669 2463 sole,

1972 2487 2029 2540 id
2087 2492 2175 2541 est
2226 2486 2492 2540 Christo:
2546 2498 2771 2554 semper
2826 2484 3003 2555 igitur
3051 2486 3227 2538 solem
3281 2486 3451 2554 plena
3501 2485 3672 2538 devo-

1970 2575 2125 2628 tione
2178 2575 2461 2643 respiciat,
2503 2591 2575 2627 ne
2624 2574 2929 2645 aliquando
2961 2590 3155 2627 aversa
3203 2574 3398 2626 lumen
3447 2573 3669 2643 perdat.

2043 2663 2199 2716 Vens.
2250 2666 2329 2716 lii.
2381 2692 2445 2701 —
2498 2664 2576 2716 De
2628 2665 2799 2731 pomis
2841 2664 3055 2716 collium
3105 2667 3441 2715 aeternorum.
3495 2662 3673 2716 Colles

1968 2751 2167 2805 aaterni
2213 2752 2409 2806 fideles
2456 2750 2665 2803 Veteris
2717 2750 3059 2804 Testamenti
3112 2751 3212 2819 qui
3262 2750 3507 2803 humiles
3568 2751 3671 2805 filii

1968 2839 2249 2894 immobili
2310 2838 2579 2893 firmitate
2626 2837 2684 2891 in
2724 2836 2835 2891 fide
2890 2838 3303 2907 prophetarum
3352 2843 3409 2890 et
3438 2837 3674 2906 patriar-

1965 2928 2201 2981 charum
2234 2926 2455 2981 fundati
2507 2925 2732 2995 (unde:
2790 2928 2942 2979 Mons
2982 2926 3170 2978 domus
3216 2927 3434 2980 Domini
3492 2926 3671 2979 eleva-

1964 3018 2111 3071 bitur
2139 3032 2301 3085 super
2329 3017 2483 3069 colles
2515 3015 2645 3085 [Ιειι.
2672 3013 2755 3085 ιι])
2789 3030 3031 3084 quorum
3066 3012 3253 3082 pomis
3285 3017 3435 3066 terra
3462 3014 3669 3083 Josepb

1963 3105 2336 3171 benedicitur,
2393 3120 2524 3158 cum
2578 3103 2822 3158 Ecclesia
2853 3102 3060 3157 Christi
3101 3101 3359 3155 doctrina
3414 3103 3670 3172 prophe-

1959 3192 2075 3259 tiae,
2128 3194 2392 3263 exemplo
2431 3192 2677 3259 virtutis,
2714 3193 2773 3245 in
2806 3191 2919 3245 ﬁde
2963 3190 3281 3245 fructiﬁcat.
3337 3192 3409 3246 Et
3465 3195 3665 3243 notan-

1961 3284 2121 3353 dum,
2184 3283 2320 3354 quia
2368 3299 2541 3352 supra
2586 3283 2648 3336 in
2706 3281 2889 3351 pomis
2943 3285 2997 3334 et
3050 3296 3176 3333 rore
3224 3280 3352 3333 coeli
3415 3279 3669 3334 doctrina

1962 3373 2306 3443 evangelica,
2350 3372 2442 3426 hic
2471 3372 2531 3425 in
2578 3370 2787 3425 vertice
2839 3369 3210 3439 antiquorum
3270 3368 3555 3422 montium
3614 3374 3671 3422 et

1961 3462 2150 3530 pomis
2181 3460 2413 3514 collium
2447 3463 2818 3521 mteruorum,
2851 3456 3049 3527 legalis
3104 3460 3160 3508 et
3211 3455 3546 3526 prophetica
3586 3461 3669 3507 sf-

1961 3555 2191 3620 gnatur,
2226 3554 2283 3603 et
2340 3548 2593 3619 utrisque
2634 3554 2785 3601 terra
2829 3546 3040 3615 Joseph
3070 3545 3481 3613 locupletatur;
3534 3545 3670 3614 quia

1962 3643 2154 3691 sancta
2201 3637 2447 3691 Ecclesia
2508 3637 2811 3705 utriusque
2883 3633 3228 3687 Tcstamenti
3295 3631 3541 3702 paginis,
3610 3636 3670 3683 et

1970 3742 2250 3780 novorum
2282 3731 2339 3779 et
2385 3730 2643 3778 veterum
2708 3726 2941 3777 Patrum
2984 3721 3258 3791 exemplis
3286 3721 3663 3786 informatur;

1958 3815 2109 3869 unde
2144 3830 2156 3868 :
2199 3815 2394 3869 Omnia
2434 3829 2617 3881 poma,
2669 3812 2857 3865 dilecte
2902 3812 2997 3874 mi,
3046 3810 3101 3862 id
3150 3804 3253 3873 est,
3302 3824 3443 3862 nova
3485 3812 3534 3862 et
3572 3825 3667 3862 oe-

1961 3908 2076 3957 tera
2116 3904 2327 3956 servari
2376 3902 2479 3955 tibi
2524 3903 2702 3967 (Cant.
2740 3899 2831 3965 vn)
2865 3904 2920 3951 et
2970 3897 3198 3951 :Omnis
3245 3890 3427 3951 scriba
3480 3896 3664 3949 doctus

1954 3994 2169 4061 profert
2210 3990 2275 4044 de
2319 3992 2569 4045 thesauro
2615 4002 2710 4042 suo
2762 4001 2901 4038 nova
2943 3992 2989 4038 et
3028 3988 3208 4038 vetera
3253 3983 3471 4052 (Matth.
3523 3984 3661 4050 xm).

1960 4078 2255 4136 Manichasi
2284 4093 2419 4147 ergo
2450 4082 2506 4130 et
2550 4074 2733 4130 Judaei
2763 4074 2919 4144 (quia
2950 4073 3031 4127 illi
3078 4074 3270 4138 Vetus,
3314 4071 3408 4125 isti
3441 4072 3664 4125 Novum

1959 4170 2389 4223 Testamentum
2416 4180 2534 4217 non
2592 4162 2898 4232 recipiunt)
2930 4160 2989 4214 in
3038 4160 3143 4214 hac
3191 4165 3343 4213 terra
3391 4159 3665 4229 opulenta

1882 4272 1925 4325 ι)
1965 4255 2306 4311 haereditare
2351 4258 2662 4324 nequeunt.

2033 4347 2192 4399 Vens.
2230 4348 2314 4398 16.
2352 4374 2408 4382 -—
2450 4345 2521 4397 Et
2563 4342 2629 4395 de
2657 4340 2931 4406 frugibus.
2966 4338 3213 4392 Ecclesia
3262 4337 3321 4389 in
3371 4340 3493 4389 toto
3527 4334 3662 4389 orbe

1959 4432 2199 4502 justitiee
2240 4431 2403 4500 fruge
2442 4428 2686 4483 fecunda
2716 4434 2772 4481 et
2815 4426 3225 4481 charismatum
3276 4424 3557 4493 largitate,
3594 4423 3661 4476 de

1963 4518 2315 4590 plenitudine
2346 4516 2433 4570 sui
2454 4515 2665 4585 Joseph
2695 4514 2936 4580 accepit;
2965 4512 3117 4567 unde
3146 4513 3403 4582 sequitur
3433 4528 3445 4564 :

2032 4608 2332 4662 Benedictio
2404 4607 2533 4660 illus
2582 4608 2679 4673 qui
2736 4606 3018 4673 apparuit.
3071 4603 3241 4656 Totus
3314 4600 3541 4669 Joseph,
3603 4598 3661 4651 id

1963 4702 2068 4763 est,
2121 4701 2293 4765 caput
2349 4698 2405 4749 et
2433 4710 2637 4765 corpus
2676 4690 3073 4746 benedictione
3103 4691 3327 4759 plenus,
3360 4688 3457 4741 sed
3488 4689 3660 4751 bene-

1961 4784 2223 4837 dictionis
2271 4783 2568 4854 plenitudo
2612 4781 2897 4852 praecipue
2928 4780 2987 4832 in
3017 4778 3230 4847 capite;
3277 4776 3430 4830 unde
3462 4793 3473 4830 :
3510 4776 3662 4830 Sicut

1962 4878 2289 4941 unguentum
2330 4875 2389 4925 in
2443 4875 2619 4941 capite
2665 4870 2806 4939 quod
2829 4867 3100 4923 descendit
3151 4868 3211 4918 in
3258 4865 3489 4920 barbam
3544 4867 3659 4919 Aa-

1962 4977 2081 5025 ron,
2146 4966 2251 5013 etc.
2313 4962 2480 5029 (Psat.
2540 4958 2740 5027 xxxu.)
2785 4958 2881 5012 Hic
2926 4954 3225 5026 privilegio
3286 4952 3503 5022 gratias,
3556 4954 3662 5006 fra-

1962 5050 2166 5114 tribus,
2250 5048 2308 5101 id
2368 5052 2470 5113 est,
2550 5046 2815 5100 fidelibus
2883 5044 3287 5113 praeminens,
3342 5041 3660 5111 septiformi

1963 5136 2169 5207 spiritu
2197 5142 2469 5207 tanquam
2501 5150 2672 5189 verus
2714 5134 2950 5186 Samson
2980 5136 3238 5185 extutero
3266 5130 3506 5198 virginis
3558 5130 3659 5182 Na-

1964 5241 2199 5290 zaraaus,
2233 5224 2290 5278 id
2331 5228 2415 5277 est
2445 5224 2556 5276 Deo
2606 5224 2984 5285 consecratus,
3027 5219 3188 5288 quasi
3226 5222 3441 5289 septem
3487 5217 3657 5271 crini-

1960 5315 2072 5369 bus
2104 5312 2332 5366 intactis
2359 5309 2587 5364 effulsit.

2033 5404 2212 5471 Super
2240 5404 2401 5468 caput
2428 5399 2657 5466 Joseph,
2692 5396 2921 5462 Christi,
2971 5396 3071 5466 qui
3121 5399 3205 5449 est
3252 5400 3424 5466 caput
3472 5395 3657 5448 Eccle-

1960 5492 2079 5556 sim,
2113 5489 2173 5542 in
2212 5504 2325 5558 quo
2376 5485 2796 5541 benedicuntur
2854 5502 3053 5540 omnes
3103 5490 3321 5555 gentes,
3369 5484 3438 5538 de
3499 5483 3659 5552 cujus
