3976 6178
269 281 374 335 499

888 275 1287 332 WALAFRIDI
1329 275 1576 331 STRABI
1617 273 1820 330 FULD.
1863 275 1948 330 ΜΟ

2150 276 2236 331 )Ρ.
2287 275 2461 330 l’AltS
2500 274 2541 326 Ι.
2583 302 2651 314 --
2691 272 3149 329 TllEOLOGlCA.

3658 278 3751 327 500

255 402 522 473 passione
559 405 618 456 et
659 399 1075 456 resurrectione
1115 398 1379 453 subditur
1413 414 1426 452 :
1468 398 1636 464 Quasi
1681 399 1959 468 primoge-
1991 399 2035 452 A
2068 402 2196 452 tura
2228 415 2241 452 :
2284 397 2419 470 quia
2451 398 2510 451 in
2540 395 2810 468 prmsenti
2854 397 2923 451 de
2954 397 3322 451 conversione
3351 414 3542 452 eorum
3587 402 3749 470 gavisi

247 493 354 545 niti
383 492 552 559 tauri,
582 493 688 545 etc.

320 578 510 645 Quasi.
555 579 742 648 (Aca.,
773 580 961 647 quaest.
996 575 1110 644 56.)
1144 573 1565 644 Primogenitus
1621 571 1771 626 tauri
1821 571 1950 643 pul-

249 665 507 720 chritudo
539 665 679 734 ejus.
714 665 836 717 Non
867 661 1044 716 estita
1064 660 1370 730 legendum
1401 665 1460 713 ut
1488 659 1710 714 dicatur
1727 659 1952 730 primo-

250 754 476 824 genitus
505 751 654 805 tauri
689 767 702 805 :
727 750 822 804 sed
853 765 983 803 cum
1013 748 1087 801 sit
1115 747 1552 818 primogenitus,
1586 745 1952 817 pulchritudo

250 843 371 912 ejus
401 839 764 911 pulchritudo
799 837 945 892 tauri
976 841 1079 898 est,
1103 841 1338 908 propter
1362 853 1576 891 cornua
1604 836 1805 891 crucis.

318 930 570 984 Christus
619 927 831 981 vitulus
871 925 1186 997 saginatus,
1223 941 1394 996 quem
1448 925 1516 979 de
1546 928 1806 978 armento
1850 941 1950 995 pa-

248 1024 402 1074 trum
439 1016 890 1087 primogenitum
928 1030 1185 1086 regresso
1224 1013 1362 1068 Filio
1408 1016 1573 1068 Pater
1609 1012 1948 1082 immolavit,

249 1106 348 1178 qui
374 1105 463 1160 die
495 1105 661 1158 tertia
705 1104 1004 1158 suscitatus
1050 1103 1335 1173 gloriosus
1377 1103 1661 1174 apparuit,
1717 1101 1816 1174 qui
1870 1105 1953 1156 est

248 1193 666 1266 primogenitus
727 1197 1086 1246 mortuorum
1162 1191 1428 1261 princeps
1486 1207 1690 1262 regum
1765 1199 1948 1256 terrae,

247 1289 376 1356 post
403 1281 832 1336 resurrectionis
862 1280 1108 1352 gloriam
1158 1280 1227 1334 de
1279 1280 1483 1334 virtute
1529 1279 1809 1350 passionis
1842 1281 1945 1333 ad-

245 1371 440 1444 jungit
468 1387 702 1425 cornua.

321 1461 481 1514 Vens.
539 1463 618 1514 t7.
673 1490 740 1499 -—
789 1460 1019 1516 Cornua.
1089 1459 1293 1528 Joseph
1345 1462 1637 1529 comparat
1687 1457 1952 1511 cornibus

252 1548 648 1615 rhinocerotis,
702 1547 1027 1620 signiﬁcans
1070 1547 1338 1618 Ephraim
1385 1546 1686 1602 habituum
1746 1544 1945 1617 princi-

253 1643 449 1709 patum
479 1637 630 1691 inter
668 1637 864 1690 decem
896 1635 1098 1702 tribus,
1137 1635 1196 1689 in
1225 1635 1433 1706 quibus
1487 1633 1744 1704 regnavit
1794 1634 1954 1688 Jero-

253 1727 422 1780 boam
453 1725 520 1779 de
550 1724 697 1778 tribu
731 1723 1005 1795 Ephraim
1037 1723 1095 1777 in
1131 1727 1391 1794 tempore
1430 1722 1687 1778 Rohoam
1728 1720 1832 1775 ﬁlii
1858 1721 1957 1776 Sa-

255 1812 521 1867 lomonis.

325 1903 539 1960 Cornua
590 1901 964 1956 rihnocerotis.
1023 1899 1249 1954 Cornua
1296 1898 1478 1953 crucis
1530 1897 1834 1970 signiﬁcat,
1892 1899 1961 1953 de

258 1991 469 2062 quibus
536 1990 615 2044 ait
679 1989 975 2054 Habacuc;
1044 1989 1126 2044 Ibi
1171 1987 1488 2042 abscondita
1555 1992 1634 2042 est
1691 1987 1961 2054 fortitudo

257 2080 373 2149 ejus
409 2078 790 2150 (Habacnu).
847 2080 955 2132 Per
1011 2076 1409 2131 inﬁrmitatem
1467 2092 1716 2147 namque
1776 2075 1964 2130 carnis

258 2167 422 2238 quasi
456 2167 600 2220 aries
641 2165 940 2220 illusorum
992 2165 1171 2236 spinis
1219 2168 1542 2229 coronatur,
1574 2164 1662 2216 his
1700 2163 1965 2218 cornibus

259 2254 444 2323 haesit,
497 2255 590 2309 scd
637 2253 920 2324 passionis
975 2251 1416 2324 incomparabili
1445 2251 1780 2305 fortitudine
1836 2251 1964 2306 uni-

260 2342 446 2398 cornis
517 2341 728 2396 exstitit
776 2341 973 2395 mortis
1030 2340 1225 2404 victor,
1287 2344 1344 2393 et
1388 2339 1511 2409 ejus
1563 2339 1663 2410 qui
1723 2339 1968 2394 habebat

263 2431 465 2487 mortis
537 2431 867 2502 imperium,
924 2430 1110 2484 unde:
1171 2428 1324 2499 Quod
1378 2431 1661 2498 infirmum
1717 2432 1795 2482 est
1853 2430 1965 2483 Dei.

263 2522 465 2586 fortius
485 2524 562 2573 est
592 2519 898 2574 hominibus
922 2517 977 2587 (Ι
999 2518 1117 2574 Cor.
1147 2514 1190 2583 ι’)

340 2608 660 2663 Ventilabit.
725 2605 1135 2660 Prtedicatione
1186 2604 1370 2658 crucis
1422 2603 1749 2658 discernens
1778 2604 1971 2675 paleas

195 2697 198 2702 ’
267 2713 297 2748 a
327 2695 614 2750 frumento
649 2711 663 2750 :
717 2695 955 2749 verbum
987 2693 1142 2747 enim
1174 2692 1356 2746 crucis
1411 2693 1782 2764 pereuntibus
1827 2694 1968 2747 stul-

265 2783 390 2837 titia
401 2827 412 2839 .

339 2872 555 2926 Gentes.
633 2871 853 2926 Postula
903 2886 937 2923 a
991 2885 1092 2934 me,
1149 2873 1200 2922 et
1255 2867 1394 2922 dabo
1449 2868 1549 2921 tibi
1593 2873 1797 2935 gentes,
1860 2873 1967 2923 etc.

268 2960 464 3048 (Psat.
485 2957 567 3028 ιι.)
611 2959 687 3012 De
718 2957 1067 3048 haereditate
1099 2956 1254 3048 enim
1286 2955 1422 3048 veri
1441 2957 1658 3048 _.loseph
1691 2955 1839 3048 (quae
1889 2962 1974 3048 est
2001 2993 2041 3048 Ο

249 3043 422 3100 ‘terra
452 3046 682 3118 inclyta)
717 3046 838 3100 haec
867 3045 1061 3099 omnia
1103 3044 1390 3110 dicuntur,
1425 3043 1495 3097 de
1524 3044 1686 3115 cujus
1740 3045 1971 3099 cultori-

269 3133 376 3188 bus
399 3151 464 3188 ex
493 3140 738 3205 utroque
767 3134 1144 3204 congregatis,
1171 3133 1432 3204 sequitur
1462 3150 1475 3188 :

345 3225 438 3278 Hae
485 3228 612 3277 sunt
657 3223 1033 3277 multitudines
1065 3223 1346 3290 Ephraim.
1400 3224 1495 3275 Hae
1525 3221 1652 3276 dum
1680 3221 1862 3275 tribus
1908 3239 1972 3276 ex

268 3312 496 3381 Joseph,
528 3327 644 3364 non
692 3311 752 3364 in
790 3327 870 3376 se,
895 3311 988 3363 sed
1020 3311 1081 3364 in
1112 3314 1350 3378 parente
1379 3309 1829 3364 benedicuntur.
1883 3309 1974 3363 Fi-

275 3399 381 3453 lios
406 3397 731 3468 signiﬁcant
769 3398 1067 3468 utriusque
1117 3396 1340 3466 populi,
1364 3396 1463 3467 qui
1511 3395 1568 3449 in
1601 3397 1824 3452 Christo
1870 3397 1974 3451 be-

273 3487 616 3543 nedicuntur
687 3486 998 3541 secundum
1046 3485 1235 3540 illud:
1290 3486 1351 3538 In
1422 3487 1622 3539 semine
1679 3489 1768 3540 tuo
1819 3486 1978 3540 bene-

275 3577 523 3631 dicentur
551 3591 727 3630 omnes
749 3579 927 3643 gentes
957 3576 1108 3644 (Gen.
1134 3572 1288 3642 xxu).
1323 3574 1437 3628 Hoc
1461 3573 1783 3644 patriarcha
1808 3575 1978 3630 Jacob

280 3665 548 3735 Ephraim
578 3671 635 3718 et
673 3665 966 3718 Manassen
995 3661 1318 3717 cancellatis
1343 3662 1609 3716 manibus
1656 3662 1717 3717 in
1742 3663 1978 3718 modum

277 3753 460 3808 crucis
503 3753 864 3819 benedicens,
925 3758 982 3805 et
1009 3751 1398 3822 primogenito
1432 3749 1715 3804 minorem
1772 3751 1979 3820 praefe-

277 3860 430 3912 rens,
461 3842 522 3900 in
557 3843 668 3898 ﬁde
722 3843 903 3898 crucis
932 3841 1136 3897 Christi
1167 3841 1584 3896 benedicendos
1628 3857 1750 3896 esse
1796 3842 1983 3912 signa-

277 3931 381 4000 vit,
438 3931 496 3984 in
544 3931 768 3985 minore
825 3947 894 3984 ex
941 3929 1210 4000 gentibus
1265 3929 1492 3982 ﬁdelem
1545 3929 1823 3998 populum
1886 3929 1981 3982 in-

281 4019 486 4074 Christi
517 4019 699 4090 gratia
727 4023 982 4090 tempore
1006 4017 1308 4081 minorem,
1343 4017 1439 4071 sed
1465 4016 1633 4070 ﬁdem
1665 4019 1937 4084 majorem
1964 4032 1976 4070 :

282 4108 354 4162 ad
382 4124 552 4179 quem
585 4107 879 4162 lsraelitici
927 4106 1128 4176 populi
1159 4105 1342 4174 gratia
1383 4105 1666 4170 transivit,
1722 4105 1790 4158 de
1821 4106 1980 4174 cujus

282 4196 672 4251 inaestimabili
712 4195 1078 4249 multitudine
1128 4194 1370 4248 dicitur:
1410 4197 1501 4248 Hae
1555 4199 1680 4247 sunt
1733 4194 1980 4248 multitu-

279 4285 454 4352 dines,
507 4287 635 4347 etc.,
689 4283 884 4336 unde:
946 4283 1114 4336 Multi
1163 4281 1273 4352 ﬁlii
1325 4282 1546 4336 desertae
1591 4283 1766 4350 magis
1812 4298 1977 4351 quam

282 4373 400 4442 ejus
421 4388 539 4441 quae
568 4371 724 4426 habet
753 4374 932 4425 virum
963 4372 1102 4439 (Isa.
1139 4370 1267 4440 LIV).

358 4461 637 4514 Manasses
683 4457 1056 4530 primogeniti
1105 4459 1323 4512 honore
1354 4457 1628 4528 pri-vatus,
1679 4462 1736 4512 et
1784 4462 1976 4512 tamen

288 4547 647 4615 benedictus,
690 4552 775 4600 est
829 4545 1096 4601 Iudaicus
1152 4545 1416 4616 populus,
1485 4545 1584 4616 qui
1636 4561 1702 4599 ex
1759 4546 1976 4617 majore

287 4635 373 4690 sui
407 4640 566 4707 parte
592 4652 694 4707 pro
723 4633 1054 4688 inﬁdelitate
1090 4633 1444 4703 reprobatus,
1507 4632 1567 4686 in
1597 4633 1832 4704 reliquis
1889 4639 1974 4687 ta-

286 4740 420 4779 men
452 4723 908 4778 benedictionem
955 4725 1308 4787 consecutus,
1345 4720 1497 4774 unde
1531 4737 1544 4774 :
1576 4723 1799 4778 Cecitas
1854 4736 1977 4775 con-

285 4815 452 4880 tingit
478 4829 546 4867 ea:
571 4818 728 4882 parte
757 4813 816 4865 in
842 4810 1031 4878 Israel,
1064 4807 1177 4866 etc.
1217 4808 1386 4879 (Rom.
1424 4808 1512 4878 ιι.)

358 4903 520 4956 Vens.
585 4903 666 4956 t8.
727 4929 795 4938 η-
824 4902 894 4954 Et
942 4898 1196 4952 Zabulon.
1230 4897 1480 4951 Zabulon
1537 4900 1592 4950 et
1620 4897 1875 4951 Issachar
1922 4898 1980 4952 in

287 4989 512 5045 Galileea
538 4988 864 5060 passionem
897 4989 1254 5057 acceperunt,
1289 4985 1386 5040 ubi
1438 4985 1690 5042 Christus
1733 4987 1982 5041 maxime

289 5077 502 5144 docuit,
538 5077 688 5130 unde
725 5077 1010 5146 apostolos
1057 5075 1248 5146 elegit.
1286 5076 1395 5129 Per
1421 5091 1517 5129 eos
1547 5091 1682 5145 ergo
1737 5075 1983 5144 apostoli

289 5156 679 5234 designantur,
713 5167 768 5217 et
797 5163 875 5216 eis
906 5164 964 5216 in
995 5162 1154 5217 exitu
1191 5161 1384 5216 laetitia
1434 5161 1806 5232 promittitur,
1848 5163 1983 5232 quia

287 5255 556 5308 exeuntes
584 5251 654 5305 de
684 5251 895 5305 ﬁnibus
948 5252 1064 5306 suis
1113 5252 1393 5322 populum
1445 5251 1702 5321 gentium
1762 5249 1982 5304 Christo

288 5340 756 5411 subjugaverunt,
803 5345 858 5394 et
909 5340 971 5393 in
1029 5340 1408 5395 tabernaculis
1455 5355 1557 5410 pro
1616 5338 1983 5392 conversione

287 5429 641 5495 Judaaorum,
665 5428 734 5482 de
767 5429 975 5500 quibus
1004 5433 1060 5483 et
1085 5428 1198 5500 ipsi
1218 5428 1383 5483 electi
1412 5431 1564 5483 sunt.
1602 5429 1708 5483 Pro
1740 5431 1983 5498 utroque

291 5533 432 5588 ergo
459 5517 693 5589 populo,
723 5532 974 5587 praesens
1003 5517 1084 5571 eis
1139 5516 1338 5572 laetitia
1393 5516 1770 5588 promittitur,
1815 5520 1871 5572 et
1897 5515 1983 5571 fu-

2058 491 2214 553 sunt,
2262 491 2319 541 et
2374 486 2432 540 in
2490 485 2816 540 ccelestibus
2874 489 3092 539 aeterna
3146 484 3349 539 laetitia
3400 489 3747 544 remunerati.

2137 586 2198 639 1n
2256 584 2648 650 tabernaculis,
2722 583 3075 649 Judaaorum,
3108 583 3298 637 unde:
3352 584 3559 638 Ditatet
3626 588 3751 641 Deus

2057 674 2254 741 Japhet
2283 678 2332 727 et
2359 673 2563 727 habitet
2586 675 2645 726 in
2693 674 3057 727 tabernaculis
3094 673 3208 728 Scm
3260 672 3409 742 (Gen.
3466 673 3581 742 1x):
3627 675 3751 744 quia

2058 758 2120 812 in
2151 759 2397 812 ecclesiis
2442 759 2510 812 de
2546 762 2611 813 .lu
2644 761 2758 812 imis
2813 759 3038 814 habitat
3084 759 3329 813 latitudo
3382 759 3612 814 minoris
3652 778 3749 831 po-

2058 847 2180 918 puli
2218 863 2320 917 per
2350 847 2631 900 unitatem
2660 849 2812 901 iidri.

2129 945 2284 998 Vens.
2349 948 2434 999 19.
2499 976 2564 984 -
2625 945 2718 999 Ad
2773 949 3024 1000 montem.
3085 944 3217 1000 Sion
3269 945 3482 1000 scilicet
3529 947 3608 1000 vel
3656 949 3741 1002 Je-

2057 1033 2330 1099 rusalem,
2363 1033 2447 1087 vel
2477 1033 3026 1105 contemplationem
3067 1039 3122 1088 et
3171 1034 3450 1089 virtutum
3507 1035 3744 1090 altitudi-

2061 1138 2215 1176 nem.
2298 1132 2302 1136 ’

2141 1222 2430 1276 Vocabunt.
2485 1220 2770 1276 Jsutitiam
2827 1225 3050 1275 tantum
3122 1220 3182 1274 in
3235 1221 3348 1275 tide
3389 1221 3587 1276 Christi
3634 1240 3737 1276 esse

2061 1311 2346 1366 docentes.
2381 1313 2531 1365 Finis
2559 1313 2703 1366 enim
2745 1312 2876 1379 tegis
2917 1310 3163 1367 Christus
3195 1311 3269 1364 ad
3305 1312 3580 1379 justitiam
3617 1315 3739 1367 omni

2060 1400 2302 1454 credenti
2334 1400 2519 1469 (Rom.
2577 1397 2653 1470 x).
2701 1400 2766 1453 In
2820 1407 3012 1453 mente
3051 1399 3355 1453 immolant
3390 1400 3631 1454 victimas
3667 1401 3746 1470 ju-

2062 1489 2253 1556 stitiaa,
2288 1488 2425 1542 dum
2460 1504 2660 1542 omnes
2693 1487 2794 1558 qui
2823 1487 2895 1541 ad
2939 1487 3225 1541 Christum
3257 1487 3498 1542 veniunt
3527 1488 3605 1557 (in
3650 1505 3751 1558 quo

2062 1576 2419 1631 construitur
2471 1576 2760 1646 Eccclesia)
2809 1593 2927 1630 non
2957 1593 3024 1629 ex
3073 1577 3344 1646 operibus
3375 1577 3520 1647 legis
3566 1578 3656 1631 sed
3696 1594 3755 1630 ex

1990 1687 2029 1740 Β
2071 1665 2181 1720 ﬁde
2251 1664 2460 1719 Christi
2501 1664 2804 1735 justiticari
2853 1663 3077 1731 docent,
3121 1666 3442 1720 secundum
3483 1665 3619 1720 illud
3659 1666 3757 1719 Ju-

2067 1759 2182 1810 stus
2220 1759 2399 1808 autem
2429 1769 2495 1808 ea:
2534 1752 2645 1824 ﬁde
2693 1755 2832 1808 vivit
2880 1753 3108 1820 (Habac.
3167 1755 3224 1819 1).
3280 1754 3431 1809 Sunt
3476 1771 3610 1825 ergo
3653 1755 3759 1808 veri

2071 1839 2373 1894 Christiani
2403 1839 2925 1910 victimaejustitiaa,
2962 1857 3091 1912 quae
3135 1842 3204 1895 ab
3242 1842 3524 1911 apostolis
3568 1842 3754 1896 immo-

2069 1929 2280 1996 lantur,
2315 1929 2452 1983 dum
2486 1933 2712 1983 terrena
2760 1928 3041 1983 desideria
3081 1930 3429 1985 mortiﬁcare
3473 1931 3756 1996 docentur,

2070 2023 2136 2072 ut
2189 2018 2475 2088 spiritulia
2542 2017 2938 2083 viviﬁcantur;
3003 2019 3154 2072 unde
3189 2020 3288 2076 :Si
3359 2021 3572 2089 spiritu
3623 2023 3763 2085 facta

2071 2109 2254 2161 carnis
2285 2106 2762 2175 mortiﬁcaveritis,
2792 2109 2985 2160 vinetis
3014 2110 3184 2173 (Rom.
3221 2109 3357 2176 νιιι).

2145 2205 2230 2258 Ibi
2259 2204 2633 2257 immolabant.
2670 2203 2797 2257 Non
2826 2208 2911 2256 est
2949 2203 3106 2257 locus
3132 2203 3251 2256 veri
3305 2205 3570 2258 sacriﬁcii
3623 2211 3767 2257 extra

2073 2292 2408 2348 catholicam
2448 2291 2770 2356 Ecclesium,
2808 2306 2938 2362 quas
2994 2307 3166 2362 supra
3196 2292 3348 2346 hunc
3379 2299 3630 2346 montem
3675 2310 3767 2364 po-

2075 2381 2184 2435 sita
2213 2386 2316 2435 est.

2147 2477 2254 2544 Qui
2298 2477 2728 2532 inundationem.
2772 2476 2872 2530 Ha:
2917 2475 3101 2528 tribus
3156 2475 3640 2546 negotiationibus
3690 2492 3770 2528 va-

2076 2571 2369 2631 caverunt,
2425 2566 2494 2620 de
2551 2563 2955 2619 transmarinis
3027 2563 3361 2634 regionibus
3413 2563 3773 2618 mercimonia

2079 2658 2453 2724 reportantes,
2511 2659 2568 2708 et
2629 2654 2927 2707 thesauros
3000 2653 3380 2715 absconditos,
3459 2659 3770 2724 argentum,

2079 2743 2291 2796 scilicet
2322 2758 2524 2796 aurum
2555 2742 2641 2796 vel
2686 2756 2942 2811 gemmas
2991 2743 3153 2809 quasi
3203 2742 3284 2795 lac
3313 2748 3532 2810 sugent,
3583 2743 3640 2796 id
3667 2747 3766 2806 est,

2079 2831 2242 2885 facile
2276 2830 2578 2899 accipient.

2155 2927 2263 2992 Qui
2290 2927 2697 2982 inundationem
2729 2929 2913 2981 maris.
2975 2928 3241 2982 Gentium
3295 2928 3649 2983 vocationem
3707 2929 3774 2981 si-

2081 3017 2336 3088 gniﬁcat.
2399 3017 2545 3070 Mare
2601 3016 2756 3070 enim
2788 3016 3115 3070 universum
3163 3033 3344 3088 genus
3373 3017 3675 3072 hominum
3707 3017 3776 3071 si-

2081 3105 2346 3175 gniﬁcat;
2426 3103 2625 3158 unde:
2709 3105 2896 3159 Simile
2970 3119 3196 3170 regnum
3267 3106 3521 3160 castorum
3578 3122 3780 3173 sagenae

2081 3196 2257 3248 missa
2295 3195 2354 3246 in
2410 3194 2573 3254 mari.
2621 3197 2671 3246 et
2727 3209 2794 3246 ea;
2841 3195 2988 3246 omni
3043 3209 3233 3260 genere
3273 3197 3515 3264 piscium
3571 3211 3778 3262 congre-

2082 3284 2238 3349 ganti
2276 3281 2494 3350 (Matth.
2531 3280 2673 3348 xm).
2720 3282 2888 3342 Mare,
2936 3281 3204 3345 mundus,
3241 3298 3478 3352 sagena,
3509 3283 3778 3349 doctrina,

2084 3385 2252 3424 omne
2293 3385 2473 3439 genus
2518 3368 2780 3438 piscium,
2817 3368 3006 3422 omnis
3039 3385 3217 3432 sexus,
3271 3375 3406 3424 mtas
3460 3375 3517 3425 et
3545 3371 3783 3426 conditio

2084 3457 2442 3526 intelligitur.
2481 3457 2645 3512 Maris
2675 3473 2812 3528 ergo
2843 3457 3279 3512 inundationem
3334 3461 3583 3530 apostoli
3630 3461 3784 3532 quasi

2085 3547 2172 3600 lac
2224 3551 2516 3611 suxerunt,
2551 3544 2687 3616 quia
2728 3545 3082 3600 conﬂuentes
3115 3547 3184 3600 ad
3225 3545 3551 3602 doctrinam
3611 3549 3784 3602 Evan-

2087 3635 2223 3706 gelii
2251 3635 2445 3688 turbas
2465 3635 2811 3704 populorum
2842 3634 2901 3689 in
2932 3640 3313 3706 augmentum
3345 3638 3610 3708 corporis
3634 3637 3784 3692 Chri-

2088 3724 2160 3778 sti
2191 3728 2506 3778 traxerunt.

2159 3818 2532 3874 Absconditos.
2569 3819 2727 3873 Novit
2771 3819 3028 3872 Dominus
3059 3803 3155 3887 qui
3197 3824 3325 3873 sunt
3371 3821 3492 3889 ejus
3549 3823 3592 3890 (1
3654 3821 3780 3874 Tim.

2091 3911 2174 3975 ιι).
2223 3909 2379 3962 Multi
2427 3908 2567 3960 enim
2618 3911 2743 3960 sunt
2797 3910 2998 3974 vocati,
3051 3909 3235 3976 pauci.
3288 3913 3394 3963 etc.
3438 3909 3653 3980 (Matth.
3699 3906 3784 3976 xx)

2161 4001 2385 4061 Arenaa,
2429 3994 2750 4049 inﬁdelium
2792 3996 3135 4063 multitudo;
3193 3997 3470 4059 thesauri,
3530 3997 3784 4068 pretiosas

2091 4086 2394 4140 electorem
2428 4084 2658 4138 animos.
2690 4083 2780 4138 Sic
2825 4099 2961 4154 ergo
2995 4090 3290 4150 suxerunt,
3351 4092 3414 4139 ut
3446 4102 3511 4140 ex
3571 4085 3785 4138 audito-

2089 4173 2249 4226 ribus
2279 4171 2571 4241 Evangelii
2602 4170 2699 4224 alii
2731 4173 2894 4242 quasi
2933 4188 3064 4226 vasa
3106 4173 3165 4226 in
3196 4173 3482 4228 honorem
3513 4173 3787 4228 thesauris

2089 4260 2242 4332 regis
2289 4261 2755 4329 transferrentur,
2807 4260 2905 4313 alii
2956 4261 3118 4331 quasi
3177 4277 3368 4316 arenae
3431 4264 3656 4317 steriles
3737 4265 3788 4314 et

2091 4349 2322 4403 inutiles
2349 4350 2508 4402 vacui
2538 4354 2927 4402 remanerent.

2159 4447 2317 4500 Vens.
2377 4447 2467 4500 20.
2523 4473 2596 4485 —
2651 4447 2718 4498 Et
2767 4444 2892 4497 (ἶαά
2937 4447 3035 4498 ait.
3103 4446 3162 4498 ln
3221 4445 3626 4522 benedictione
3679 4446 3786 4503 Gad

2085 4534 2311 4588 videtur
2339 4533 2648 4604 praedicere
2679 4533 2992 4604 potentiam
3025 4534 3276 4588 virorum
3309 4535 3548 4590 fortium
3592 4537 3677 4591 vel
3708 4537 3785 4607 ju-

2087 4623 2320 4686 dicium,
2355 4621 2454 4694 qui
2483 4623 2552 4676 de
2581 4623 2678 4676 illa
2704 4621 2857 4675 tribu
2879 4622 3132 4687 fuerunt,
3163 4623 3308 4678 sicut
3357 4626 3584 4696 Jephte,
3618 4631 3672 4679 et
3701 4623 3790 4678 alii

2093 4711 2279 4766 multi.

2158 4802 2222 4855 In
2276 4799 2587 4854 latitudine.
2648 4799 2792 4865 Quia
2862 4800 3050 4855 omnis
3097 4801 3397 4871 plenitudo
3441 4801 3783 4856 benedictio-

2089 4887 2178 4942 nis
2217 4903 2391 4956 supra
2443 4887 2724 4941 Christum
2764 4887 3066 4958 requievit,
3120 4889 3270 4942 unde
3318 4904 3450 4943 suos
3477 4889 3785 4943 benedixit.

2160 4985 2299 5042 Gad.
2358 4986 2419 5040 ld
2477 4990 2579 5051 est,
2639 4985 2941 5053 accinctus,
2997 4985 3288 5040 Christum
3336 4986 3640 5058 signiﬁcat,
3696 4985 3789 5056 qui

2089 5079 2286 5128 contra
2350 5073 2674 5144 spirituales
2735 5073 3019 5146 nequitias
3091 5080 3473 5145 pugnaturus,
3551 5074 3787 5129 inﬁrmi-

2089 5168 2206 5218 tate
2256 5163 2441 5217 carnis
2489 5162 2696 5216 virtute
2747 5162 3058 5217 divinitatis
3099 5163 3442 5232 praecinctus
3500 5163 3784 5234 apparuit,

2091 5253 2404 5306 secundum
2454 5251 2642 5306 illud:
2695 5252 2922 5306 Indutus
2987 5257 3065 5306 est
3106 5255 3362 5307 Dominus
3410 5252 3787 5319 fortitudinem

2090 5346 2140 5395 et
2165 5343 2458 5411 prasina-it
2495 5355 2549 5394 se
2596 5340 2763 5410 (Psat.
2809 5342 2955 5406 ειη).
2996 5342 3058 5396 Et
3089 5341 3267 5394 alibi:
3327 5343 3581 5396 Dominus
3629 5341 3786 5407 fortis

2091 5436 2147 5486 et
2199 5435 2385 5499 potens
2431 5431 2491 5483 in
2545 5430 2755 5499 pretio,
2802 5434 2908 5484 etc.
2946 5429 3044 5485 Hic
3085 5430 3140 5484 in
3199 5429 3499 5484 latitudine
3555 5428 3783 5484 benedi-

2093 5521 2218 5572 ctus
2247 5520 2350 5582 est,
2379 5515 2514 5587 quia
2543 5531 2661 5571 non
2695 5515 2755 5571 in
2794 5516 2930 5572 solis
2967 5517 3202 5583 ludatis,
3261 5517 3360 5572 sed
3413 5517 3471 5572 in
3523 5515 3784 5572 omnibus
