3976 6178
213 256 305 309 501

1343 256 1599 312 GLOSSA
1637 258 2043 315 ORDINARIA.
2088 286 2150 299 —-
2194 261 2326 316 LIB.
2373 262 2574 318 DEUT.

3612 271 3715 325 502

205 377 472 447 gentibus
500 378 925 449 amplissimum
955 395 1196 450 regnum
1228 379 1459 451 accepit.
1484 381 1622 435 Inde
1658 383 1908 453 Prophe-
1934 384 1981 436 A
2020 387 2146 451 tate,
2169 386 2310 439 vivit
2340 388 2516 439 tamen
2555 401 2623 440 ea:
2666 388 2866 440 virtute
2914 387 3015 440 Dei
3063 387 3142 455 (II
3187 388 3317 442 Cor.
3373 391 3511 461 xui).
3545 392 3717 456 Quasi

209 466 288 519 tia
323 466 437 520 ait:

275 558 320 610 A
380 557 511 610 solis
570 562 693 610 ortu
761 572 931 627 usque
977 556 1051 610 ad
1096 573 1343 611 occasum
1396 558 1668 613 laudabile
1720 575 1907 613 nomen

208 646 439 700 Domini.
480 644 587 699 Sed
612 645 748 716 quia
774 661 879 716 per
908 646 1293 701 humilitatem
1327 646 1609 717 passionis
1640 650 1708 702 ad
1759 648 1907 702 hanc

204 732 447 804 gloriam
480 734 760 803 pervenit,
795 735 863 787 de
910 740 1089 788 morte
1120 735 1244 805 ejus
1273 736 1567 806 subjungit
1604 753 1617 790 ε

274 822 447 887 Quasi
494 824 571 875 leo
618 825 902 891 requievit.
951 825 1273 878 Polestatem
1326 826 1490 878 habeo
1516 825 1754 893 ponendi
1780 828 1906 879 ani-

203 926 347 964 mam
398 927 572 965 meam
624 913 801 979 (Joan.
856 911 933 982 Χ).
994 913 1246 966 Potestas
1288 915 1511 978 mortis,
1560 930 1675 966 non
1708 931 1905 967 neces-

203 999 339 1052 sitas
370 999 745 1069 exprimitur;
793 1002 990 1055 unde:
1042 1003 1205 1057 Nemo
1251 1004 1390 1056 tollit
1431 1018 1547 1055 eam
1590 1019 1624 1055 a
1664 1019 1764 1068 me,
1813 1002 1908 1056 sed

203 1102 295 1156 ego
326 1105 469 1157 pono
496 1104 633 1142 eam.
669 1089 854 1157 (Ibid)

274 1180 454 1241 Quasi
503 1177 580 1231 leo
622 1180 867 1243 fremuit.
919 1177 1206 1249 Quidquid
1251 1180 1405 1235 enim
1440 1181 1601 1247 dixit,
1644 1184 1906 1251 potenter

201 1265 483 1335 implevit.

270 1354 532 1422 Cepitque
574 1354 858 1409 brachium
907 1360 956 1408 et
1010 1359 1279 1410 verticem.
1334 1357 1473 1412 Cum
1520 1373 1825 1427 resurgens
1867 1374 1900 1411 a

202 1441 445 1495 mortuis
466 1442 862 1496 fortitudinem
885 1442 1253 1499 inimicorum
1286 1446 1392 1499 sibi
1425 1446 1770 1516 subjugavit.
1807 1448 1905 1502 Ce-

198 1533 280 1602 pit
321 1547 559 1601 quoque
590 1531 884 1599 verticem,
918 1532 977 1586 id
1010 1538 1111 1595 est,
1150 1534 1425 1588 mundani
1468 1534 1693 1604 imperii
1728 1535 1899 1589 subli-

198 1620 464 1674 mitatem
495 1621 567 1675 ad
616 1621 1034 1692 suscipiendam
1084 1623 1260 1678 ﬁdem
1310 1623 1642 1689 inclinavit;
1701 1624 1896 1678 unde:

197 1710 264 1764 Et
318 1708 633 1764 adorabunt
679 1726 799 1764 eum
850 1727 1026 1765 omnes
1055 1727 1204 1779 reges
1243 1728 1257 1777 ;
1314 1726 1493 1766 omnes
1540 1718 1719 1779 gentes
1784 1728 1898 1767 ser-

199 1800 348 1850 vient
377 1800 429 1852 ei
460 1797 628 1867 (Psal.
686 1804 858 1867 Lm).
909 1800 1181 1870 Sequitur
1227 1800 1295 1854 de
1346 1816 1491 1854 novo
1526 1805 1673 1854 statu
1736 1801 1899 1871 regni

200 1901 347 1955 ejus.
1192 1904 1201 1913 ·

271 1973 434 2025 Vens.
484 1973 573 2026 2t.
636 2002 704 2012 —
763 1974 831 2028 Et
874 1973 1017 2028 vidit
1061 1976 1435 2043 principatum
1458 1990 1635 2041 suum,
1669 1977 1813 2045 quod
1844 1980 1900 2032 in

94 2084 99 2089 '
196 2076 358 2140 parte
385 2084 505 2124 sua.
556 2070 836 2140 Subjectis
884 2070 992 2125 sibi
1045 2072 1238 2141 regnis
1267 2077 1323 2126 et
1353 2072 1642 2142 gentibus,
1694 2078 1897 2143 poten-

200 2162 275 2214 tia
313 2158 442 2227 ejus
488 2159 777 2229 apparuit,
811 2176 927 2215 non
958 2176 1255 2216 armorum
1290 2167 1530 2227 terrore,
1562 2162 1660 2215 sed
1694 2161 1898 2216 virtute

201 2247 497 2304 doctrinae.
710 2308 715 2312 ,

267 2337 572 2405 Repositus.
609 2335 893 2402 Occultos,
927 2337 1066 2391 dum
1096 2337 1290 2391 scribit
1336 2339 1488 2407 leges
1518 2354 1645 2391 suas
1676 2337 1736 2391 in
1774 2354 1898 2391 cor-

200 2427 365 2480 dibus
404 2423 694 2489 ﬁdelium;
738 2427 890 2480 unde
941 2426 1063 2480 ait:
1125 2428 1224 2481 Vos
1275 2428 1581 2479 unctionem
1626 2426 1833 2479 habetis
1866 2442 1900 2479 a

198 2521 400 2585 sancto,
437 2519 487 2567 et
538 2527 646 2566 non
674 2529 878 2568 necesse
926 2514 1137 2569 habetis
1189 2518 1250 2567 ut
1294 2514 1498 2580 aliquis
1547 2511 1731 2566 doceat
1767 2527 1897 2573 vos;

200 2607 377 2658 unctio
404 2606 523 2673 ejus
576 2603 727 2657 docet
754 2615 844 2654 vos
877 2601 942 2654 de
971 2600 1217 2654 omnibus
1266 2599 1443 2669 (Joan.
1498 2599 1579 2669 ιι).
1636 2599 1750 2663 Vel,
1783 2599 1899 2651 Re-

196 2696 427 2761 pOsitus,
459 2694 598 2764 quia
646 2691 707 2744 in
739 2690 865 2759 lege
913 2692 971 2742 et
999 2688 1297 2757 prophetis
1328 2686 1389 2740 in
1433 2686 1635 2757 ﬁguris
1665 2685 1895 2748 latebat,

203 2786 253 2833 et
300 2782 548 2836 docebat
594 2777 980 2842 absconditus,
1039 2793 1169 2847 quae
1200 2774 1497 2829 manifeste
1538 2775 1596 2828 in
1648 2776 1897 2844 Evange-

206 2866 275 2919 lio
306 2868 652 2933 declaravit;
707 2865 899 2918 unde:
934 2865 1200 2932 Incipiens
1256 2879 1289 2915 a
1339 2864 1520 2930 Moyse
1548 2868 1598 2917 et
1653 2864 1897 2918 omnibus

202 2958 488 3026 prophetis
512 2954 974 3026 interpretabatur
1003 2954 1114 3007 illis
1144 2954 1301 3023 (Luc.
1337 2953 1507 3022 xm).

271 3045 378 3110 Qui
426 3048 541 3111 fuit
594 3060 713 3098 cum
753 3040 1099 3112 principibus
1137 3042 1346 3110 populi.
1401 3041 1661 3109 Adjutor,
1693 3039 1891 3094 unde:

206 3136 434 3188 Domino
487 3136 801 3201 cooperante
845 3137 895 3184 et
947 3145 1237 3184 sermonem
1284 3130 1631 3196 conﬁrmante
1666 3136 1893 3196 sequen:

204 3224 342 3277 tibus
376 3224 555 3289 signis
582 3222 775 3288 (Marc.
800 3221 936 3289 xvx),
970 3218 1104 3289 quia
1133 3217 1213 3271 ait
1244 3234 1256 3271 :
1291 3218 1417 3273 Sine
1454 3233 1535 3271 me
1562 3218 1703 3271 nihil
1724 3222 1897 3287 potes-

201 3318 267 3369 tis
287 3318 474 3380 facere
503 3313 691 3383 (Joan.
728 3312 845 3379 xv).

267 3406 414 3459 Fecit
456 3403 731 3473 justitias.
771 3399 834 3454 Id
883 3404 968 3452 est
1014 3397 1337 3467 justiticans
1370 3398 1430 3449 in
1481 3413 1539 3449 se
1587 3396 1897 3459 credentes,

207 3499 260 3548 et
289 3494 529 3547 tandem
569 3490 883 3546 secundum
917 3487 1122 3542 merita
1150 3486 1429 3558 judicabit
1456 3502 1586 3540 cum
1620 3487 1811 3553 Israel,
1844 3485 1902 3540 id

201 3587 281 3635 est
311 3596 445 3635 cum
480 3579 696 3650 populo
728 3594 829 3631 suo
861 3577 929 3630 ad
956 3574 1226 3629 visionem
1262 3575 1361 3629 Dei
1392 3575 1592 3629 electo.

264 3671 559 3723 Justitias.
610 3666 1047 3721 Justiﬁcationes
1103 3664 1478 3719 credentium.
1557 3666 1686 3734 Ipse
1743 3662 1897 3717 enim

197 3757 477 3826 justiﬁcat
506 3756 750 3826 impium
792 3773 861 3809 ex
910 3755 1040 3809 ﬁde.
1098 3754 1293 3825 Neque
1324 3754 1475 3808 enim
1530 3769 1595 3807 ex
1630 3752 1903 3823 operibus

202 3846 345 3917 legis
361 3844 773 3916 justiﬁcabitur
804 3842 991 3897 omnis
1022 3857 1150 3895 caro
1162 3884 1175 3897 .

274 3936 438 3989 Vens.
472 3937 562 3987 22.
613 3961 682 3971 —
716 3933 842 3985 Dan
890 3944 1117 3999 quoque.
1170 3929 1284 3984 Alii
1334 3944 1434 3999 per
1469 3929 1588 3983 Dan
1618 3928 1901 3983 Antichri-

207 4029 355 4078 stum
404 4020 623 4092 signari
654 4024 879 4091 putant,
913 4034 1084 4089 quem
1116 4016 1184 4071 de
1217 4018 1322 4070 hac
1370 4017 1519 4071 tribu
1550 4017 1904 4071 nasciturum

206 4113 532 4167 aestimant:
568 4109 687 4180 ipse
753 4112 836 4162 est
890 4107 1111 4161 catulus
1170 4106 1368 4171 leonis,
1428 4106 1487 4159 id
1530 4111 1615 4160 est
1643 4104 1854 4160 diaboli
1889 4144 1902 4168 ,

205 4201 305 4271 qui
336 4199 579 4269 largiter
607 4198 747 4252 ﬂuet
777 4197 845 4251 de
874 4197 1073 4260 Basan,
1115 4194 1251 4265 quia
1291 4196 1492 4266 plenus
1522 4193 1855 4247 confusione
1888 4209 1901 4258 ;

209 4291 390 4344 Basan
440 4287 657 4358 quippe
706 4285 983 4349 confusio,
1036 4285 1123 4337 vel
1170 4283 1475 4354 pinguedo,
1528 4282 1611 4336 vel
1657 4281 1905 4336 bruchus
1938 4301 1978 4353 υ

204 4379 646 4448 interpretatur.

272 4469 401 4522 Dan
442 4480 676 4537 quoque
730 4462 1033 4533 judicium,
1098 4464 1275 4517 Basan
1333 4460 1732 4532 ignominiam.
1787 4461 1906 4514 Dan

204 4573 336 4611 vero
372 4555 662 4610 Christum
696 4552 999 4621 signiﬁcat,
1058 4550 1157 4620 qui
1212 4549 1335 4604 ait:
1393 4552 1458 4604 In
1488 4549 1764 4617 judicium
1814 4562 1907 4615 ego

204 4649 260 4698 in
317 4647 466 4698 hunc
523 4641 787 4696 mundum
839 4640 964 4693 veni
1020 4641 1191 4708 (Joan.
1266 4639 1359 4704 ix).
1418 4636 1655 4692 Catulus
1726 4635 1909 4691 leonis

204 4737 443 4804 propter
492 4728 907 4796 fortitudinem,
971 4732 1027 4781 et
1072 4726 1207 4798 quia
1255 4726 1524 4798 parvulus
1555 4725 1679 4779 ﬁeri
1711 4725 1907 4797 digna-

205 4829 295 4875 tus
326 4825 414 4875 est
449 4840 465 4888 ;
496 4820 589 4874 sed
641 4818 963 4890 suscipiens
1016 4816 1409 4871 inﬁrmitatem
1457 4820 1712 4870 nostram
1748 4857 1762 4883 ,
1794 4832 1907 4870 non

205 4911 401 4964 amisit
430 4909 704 4963 virtutem
733 4923 919 4973 suam,
954 4906 1098 4975 quod
1143 4912 1283 4961 enim
1328 4907 1604 4974 inﬁrmum
1662 4909 1741 4959 est
1790 4907 1907 4971 Dei,

204 5002 411 5066 fortius
462 5004 540 5053 est
597 4998 904 5052 hominibus
962 4996 1013 5067 (Ι
1065 4997 1192 5052 Cor.
1260 4995 1321 5063 ι).
1380 4995 1458 5048 De
1501 4993 1623 5063 ipso
1654 4992 1906 5047 dicitur:

212 5089 359 5143 Vicit
388 5088 471 5143 leo
500 5086 565 5140 de
609 5087 754 5141 tribu
783 5085 965 5150 Juda,
1022 5089 1126 5138 etc.
1164 5084 1352 5155 (Apoc.
1405 5082 1478 5153 γ).
1527 5081 1910 5153 Ignominiam

206 5176 448 5248 quidem
508 5177 745 5230 crucisa
798 5173 1011 5231 Iudaeis
1068 5172 1355 5238 sustinuit,
1414 5171 1751 5241 potantibus
1805 5188 1909 5226 no-

208 5281 340 5320 men
397 5266 524 5336 ejus
555 5280 656 5335 per
696 5270 940 5319 mortem
980 5261 1203 5317 deleri:
1237 5261 1334 5316 sed
1365 5260 1913 5332 qui.perinﬁrmita-

211 5358 325 5409 tem
358 5355 487 5425 ejus
514 5353 723 5421 carnis,
755 5353 814 5407 in
847 5351 1114 5424 passione
1163 5350 1385 5404 catulus
1434 5350 1561 5414 fuit,
1612 5365 1716 5419 per
1763 5348 1910 5402 divi-

212 5443 409 5497 nitatis
441 5442 757 5513 potentiam
786 5443 874 5496 leo
905 5441 1153 5495 invictus
1190 5438 1251 5493 in
1288 5438 1704 5493 resurrectione
1737 5454 1911 5507 appa-

223 5533 336 5586 ruit
365 5550 379 5597 ;
410 5531 569 5586 unde
600 5531 905 5600 Apostolus
934 5548 947 5584 :
980 5532 1051 5585 Et
1070 5532 1121 5583 si
1152 5531 1443 5597 cruci/imus
1474 5534 1548 5582 est
1578 5545 1643 5582 ex
1676 5528 1909 5596 inﬁrmi-

2019 488 2154 541 ergo
2196 489 2262 526 ex
2320 474 2498 527 Basan
2532 474 2763 540 largiter
2803 474 2984 541 ﬂuxit,
3018 490 3145 528 cum
3189 491 3291 546 per
3338 475 3713 547 ignominiam

2020 560 2219 616 mortis
2267 562 2604 633 perveniens
2635 564 2704 615 ad
2757 563 3000 633 gloriam
3034 564 3499 632 immortalitatis,
3538 566 3715 620 fluen-

2018 649 2087 702 tis
2140 652 2427 722 Evangelii
2482 657 2666 706 totum
2707 653 2902 706 orbem
2938 654 3195 723 irrigavit
3228 671 3240 719 ;
3274 654 3429 709 unde
3488 657 3664 709 Isaias
3697 675 3709 710 :

2017 732 2237 809 Repleta
2285 745 2362 794 est
2393 747 2538 795 terra
2589 743 2815 796 scientia
2867 743 3108 806 Domini,
3160 746 3299 798 sicut
3343 760 3498 814 aqua;
3544 749 3714 800 maris

2017 831 2306 896 operienlis
2348 829 2475 898 (Isa.
2521 830 2600 895 ιι).

2092 917 2217 969 Dan
2248 919 2456 971 catulus
2504 919 2688 972 leonis.
2742 919 2852 971 Hoc
2901 923 3136 989 propter
3187 920 3520 973 Samsonem
3554 921 3708 987 dicit,

2016 1004 2115 1075 qui
2143 1005 2210 1059 de
2244 1005 2392 1059 tribu
2428 1007 2545 1059 Dan
2580 1007 2704 1069 fuit,
2739 1012 2794 1060 et
2842 1007 3000 1077 quasi
3057 1009 3143 1060 leo
3177 1008 3357 1076 furtis,
3396 1010 3555 1079 cujus
3582 1027 3711 1079 pos-

2015 1093 2188 1146 sessio
2225 1110 2401 1164 usque
2455 1095 2653 1149 Busan.
2689 1096 3067 1150 Antichristus
3116 1113 3246 1150 vere
3297 1099 3437 1151 lluet
3478 1098 3713 1169 largiter

2016 1188 2085 1242 de
2142 1190 2339 1250 Basan,
2400 1187 2535 1257 quia
2583 1188 2882 1242 satiabitur
2946 1189 3298 1261 pinguedine
3350 1192 3589 1245 luxuriae
3652 1199 3711 1245 et

2016 1277 2275 1331 omnium
2308 1276 2598 1330 vitiorum.

2086 1369 2235 1421 Mare
2301 1371 2352 1419 et
2398 1365 2680 1420 meridiem
2719 1366 3041 1434 possidebit.
3083 1368 3225 1432 Quia
3273 1368 3557 1439 possessio
3588 1371 3708 1438 eius

2012 1456 2082 1507 ab
2115 1454 2349 1509 australi
2382 1459 2538 1525 parte
2571 1454 2628 1507 in
2674 1454 3024 1510 occidentem
3070 1474 3247 1528 usque
3278 1458 3349 1512 ad
3381 1474 3537 1512 mare
3563 1459 3708 1528 Tyr—

2013 1544 2255 1597 rhenum
2276 1543 2567 1613 pertingit.

2083 1635 2231 1688 Mare
2283 1638 2333 1687 et
2378 1633 2656 1687 meridiem
2708 1632 3024 1702 possidebit.
3090 1635 3196 1687 Per
3225 1635 3507 1704 apostolos
3550 1635 3704 1689 enim

2011 1737 2079 1775 ex
2128 1722 2338 1777 Judaeis
2392 1726 2447 1775 et
2494 1721 2759 1791 gentibus
2813 1721 3054 1775 Ecclesia
3093 1723 3408 1792 acquiritur
3459 1724 3700 1777 Christo.

2012 1815 2121 1867 Per
2154 1828 2310 1865 mare
2364 1810 2518 1863 enim
2579 1809 2926 1864 occidentale
2969 1811 3145 1880 (quod
3202 1811 3293 1864 hic
3343 1812 3703 1884 intelligitur)

2010 1900 2195 1957 Judaei
2246 1900 2587 1967 ﬁgurantur,
2624 1898 2721 1970 qui
2776 1899 2996 1952 umbrae
3047 1904 3103 1952 et
3148 1901 3456 1969 exemplari
3514 1901 3701 1955 deser-

2010 1990 2192 2054 viunt,
2227 2004 2329 2042 nec
2359 1988 2573 2042 habent
2598 1989 2781 2041 lucem
2820 1988 3069 2041 scientia:
3095 1995 3151 2041 et
3180 1989 3451 2054 veritatis,
3485 1993 3538 2043 et
3568 1990 3703 2061 quia

2010 2079 2092 2133 eis
2118 2078 2204 2131 sol
2251 2076 2492 2147 justitiae
2538 2076 2821 2143 occubuit,
2880 2077 3174 2147 perpetuis
3220 2082 3618 2132 remanserunt
3642 2078 3702 2131 in

2013 2165 2283 2222 tenebris.
2361 2165 2524 2218 Hunc
2604 2163 2957 2217 occidentem
3002 2165 3247 2235 apostoli
3289 2167 3700 2235 possederunt,

2009 2273 2138 2311 cum
2169 2271 2235 2308 ex
2262 2253 2343 2307 eis
2374 2252 2653 2322 plurimos
2682 2252 2867 2320 gratia
2900 2253 3032 2306 fidei
3083 2253 3433 2307 illuminatos
3483 2254 3703 2307 Christo

2010 2343 2393 2412 subjecerunt,
2429 2344 2489 2392 ut
2536 2339 2633 2410 qui
2679 2340 2909 2392 fuerunt
2938 2340 3246 2409 aliquando
3288 2342 3558 2409 tenebraz,
3606 2342 3703 2394 lux

2010 2434 2199 2485 essent
2223 2430 2281 2482 in
2334 2427 2590 2481 Domino.
2626 2429 2689 2481 In
2715 2426 2952 2480 meridie
2984 2427 3323 2497 intelligitur
3356 2430 3600 2483 Ecclesia
3632 2430 3701 2482 de

2011 2516 2273 2588 gentibus
2308 2515 2561 2579 collecta,
2604 2530 2753 2583 quae,
2787 2513 2975 2567 ablato
3008 2514 3145 2584 legis
3182 2514 3487 2581 velamine,
3521 2517 3702 2568 Evan-

2008 2606 2142 2677 gelii
2172 2606 2296 2658 luce
2328 2602 2659 2673 perfruitur,
2693 2608 2749 2655 et
2778 2603 2991 2656 cubans
3035 2620 3164 2656 cum
3217 2620 3421 2673 sponso
3458 2604 3516 2657 in
3576 2620 3700 2657 me—

2012 2694 2175 2760 ridie,
2215 2694 2457 2746 revelata
2502 2690 2643 2744 facie
2682 2691 2925 2762 gloriam
2984 2692 3210 2745 Domini
3261 2693 3698 2761 contemplatur.

2082 2785 2238 2835 Vens.
2294 2782 2381 2834 24.
2431 2810 2502 2820 -
2537 2783 2677 2834 Aser
2708 2797 2917 2850 quoque
2946 2783 3025 2833 ait
3057 2799 3073 2833 :
3116 2781 3431 2835 Benedictus
3484 2785 3539 2834 in
3570 2779 3703 2851 ﬁliis

2011 2876 2149 2929 Αειν
2177 2874 2226 2925 si
2273 2869 2493 2939 placens
2523 2869 2795 2933 fratribus
2851 2871 2982 2923 suis.
3031 2872 3167 2922 Aser
3199 2870 3415 2934 beatus,
3448 2869 3703 2924 Christus

1931 2982 1971 3035 ρ
2010 2961 2223 3015 scilicet
2254 2963 2457 3011 nostra:
2499 2957 2865 3011 beatitudinis
2906 2974 3052 3027 spes,
3087 2959 3249 3027 cujus
3280 2957 3560 3027 primitias
3602 2974 3702 3010 no-

2005 3050 2094 3104 bis
2124 3047 2372 3100 ostendit
2402 3062 2703 3116 resurgens
2743 3063 2775 3099 a
2810 3046 3070 3099 mortuis.
3122 3046 3227 3099 Hic
3257 3050 3341 3099 est
3378 3045 3705 3099 benedictus

2008 3140 2065 3192 iu
2097 3136 2251 3200 ﬁliis,
2288 3135 2423 3204 quia
2456 3135 2769 3201 credentes,
2812 3151 2915 3205 per
2953 3135 3074 3204 ejus
3126 3134 3369 3205 gratiam
3404 3150 3703 3187 renascen-

2008 3234 2108 3291 tes,
2143 3230 2328 3279 totum
2359 3224 2556 3277 orbem
2597 3223 2718 3293 ejus
2749 3222 3124 3277 similitudine
3166 3224 3550 3291 repleverunt,
3584 3222 3704 3292 qui-

2008 3315 2113 3369 bus
2143 3313 2351 3367 dicitur
2381 3329 2393 3366 :
2430 3312 2638 3368 Credite
2667 3314 2725 3365 in
2747 3313 2934 3374 lucem,
2964 3313 3070 3379 ﬁlii
3104 3315 3162 3365 ut
3194 3312 3327 3381 lucis
3360 3313 3479 3365 sitis
3509 3310 3703 3382 (Joan.

2009 3404 2124 3474 xu).
2163 3402 2273 3474 Ipsi
2306 3402 2549 3456 afferunt
2586 3400 2835 3455 fructum
2862 3401 3005 3455 lucis
3030 3401 3089 3453 in
3143 3399 3303 3453 omni
3342 3401 3593 3455 bonitate
3652 3408 3709 3455 et

2003 3492 2228 3563 justitia
2272 3498 2328 3545 et
2360 3489 2613 3545 veritate.
2664 3488 2784 3543 Hoc
2815 3495 3005 3544 autem
3051 3490 3261 3543 factum
3292 3494 3394 3554 est,
3429 3489 3564 3560 quia
3594 3489 3706 3542 fra-

2010 3582 2198 3635 tribus
2229 3581 2367 3643 suis,
2422 3580 2479 3635 id
2525 3584 2610 3632 est
2658 3579 2945 3649 apostolis,
2985 3596 3127 3650 quos
3157 3579 3224 3633 dc
3276 3579 3471 3633 Iudaea
3518 3579 3705 3647 elegit,

2012 3688 2142 3725 vera
2172 3670 2445 3724 charitate
2492 3668 2858 3738 complacuit,
2920 3674 2981 3721 ut
3023 3668 3227 3738 spretis
3260 3667 3457 3738 figuris
3489 3668 3707 3737 gaude-

2012 3765 2137 3815 rent
2167 3759 2235 3812 de
2291 3757 2521 3812 veritate
2571 3756 2862 3827 Evangelii
2893 3797 2908 3822 ,
2955 3761 3011 3810 et
3059 3756 3194 3826 quia
3226 3757 3383 3824 digni
3411 3761 3582 3810 essent
3608 3772 3708 3824 pro

2010 3850 2221 3902 nomine
2264 3847 2401 3899 Jesu
2448 3845 2821 3899 contumeliam
2882 3846 3023 3913 pati.
3086 3846 3153 3898 Et
3205 3844 3358 3897 unde
3414 3844 3492 3897 eis
3551 3847 3711 3897 tanta

2013 3934 2300 3991 charitatis
2354 3933 2719 3997 abundantia,
2777 3932 3068 4003 supponit,
3124 3935 3301 4000 tingat
3355 3934 3415 3986 in
3453 3933 3563 3986 oleo
3612 3948 3704 4001 pe-

2015 4026 2153 4089 dem,
2198 4028 2301 4078 etc.

2087 4112 2165 4164 Et
2204 4112 2381 4176 tingat
2426 4110 2483 4159 in
2520 4108 2628 4161 oleo
2674 4106 2865 4176 pedem
2908 4122 3087 4160 suum.
3131 4104 3383 4159 Christus
3413 4111 3583 4176 caput
3612 4122 3709 4159 no-

2016 4204 2195 4254 strum
2226 4199 2536 4253 ascendens
2575 4195 2634 4251 in
2684 4197 2905 4257 coelum,
2938 4196 3245 4266 apostolos,
3295 4195 3510 4249 scilicet
3535 4195 3710 4266 pedes

2018 4305 2150 4341 suos
2206 4288 2484 4341 mundum
2558 4285 2924 4356 praedicando
2995 4284 3391 4338 circumiturus
3442 4283 3501 4337 in
3558 4288 3710 4337 terra

2017 4377 2200 4432 adhuc
2232 4376 2619 4441 consistentes,
2661 4376 2784 4428 oleo
2815 4374 3060 4442 Spiritus
3104 4373 3281 4426 sancti
3314 4370 3708 4442 copiosissime

2015 4465 2203 4531 unxit,
2236 4470 2299 4518 ut
2327 4464 2486 4517 nullo
2517 4464 2710 4516 labore
2755 4462 3084 4528 deﬁcerent,
3142 4461 3239 4514 sed
3281 4459 3712 4513 immarcessibi-

2016 4554 2087 4608 lis
2118 4548 2313 4624 gaudii
2341 4553 2595 4606 claritate
2642 4551 2946 4623 pollerent.
3008 4549 3442 4620 Iucorruptibile
3484 4564 3711 4619 quoque

2016 4643 2266 4716 prmbuit
2298 4641 2664 4696 calceamenti
2693 4640 3121 4695 munimentum
3157 4639 3223 4691 de
3255 4655 3369 4708 quo
3401 4637 3662 4690 subditur
3694 4654 3706 4690 :

2088 4737 2309 4789 Ferrum
2345 4736 2393 4785 et
2446 4746 2517 4785 aes
2560 4732 2662 4785 cal.
2717 4730 2934 4799 (GM-20.,
2976 4729 3072 4782 lib.
3110 4744 3283 4781 xxxrv
3332 4728 3542 4791 Moral,
3587 4743 3711 4796 cap.

2022 4823 2093 4891 5.)
2160 4823 2271 4875 Hoc
2319 4819 2389 4874 de
2422 4818 2679 4885 Ecclesia,
2714 4824 2846 4884 etc.,
2887 4833 3055 4887 usque
3084 4817 3157 4870 ad
3202 4816 3290 4870 his
3317 4815 3713 4869 calceamentis

2022 4925 2218 4963 verum
2249 4908 2456 4980 pascha
2487 4907 2911 4962 celebrandum.

2090 4998 2247 5052 Vens.
2289 5001 2377 5051 25.
2413 5029 2479 5036 —
2511 4999 2660 5052 Sicut
2691 4996 2803 5049 dies
2849 4996 3177 5063 juventutis.
3229 4990 3519 5061 Signiﬁcat
3568 4990 3717 5044 hanc

2018 5087 2235 5143 tribum
2266 5086 2641 5158 prosperitate
2674 5089 2731 5138 et
2778 5082 2996 5139 deliciis
3035 5081 3353 5135 abundasse.
3407 5097 3589 5152 usque
3642 5079 3711 5132 ad

2020 5179 2367 5231 senectutem
2400 5173 2758 5243 captivitatis.

2092 5264 2259 5318 Sicut.
2312 5260 2671 5317 Promittitur
2746 5259 3005 5314 Ecclesia:
3058 5258 3229 5313 cruda
3273 5255 3585 5326 viridisque
3638 5270 3719 5307 se-

2024 5356 2221 5405 nectus
2249 5369 2266 5405 :
2300 5356 2363 5405 ut
2392 5351 2535 5404 sicut
2563 5349 2788 5404 fortiter
2842 5348 2900 5402 in
2939 5347 3219 5418 principio
3248 5362 3446 5399 omnes
3472 5345 3720 5415 impetus

2024 5440 2211 5506 evicit,
2262 5439 2340 5492 ita
2370 5439 2665 5493 eminente
2726 5438 2843 5492 ﬁne
2898 5434 3229 5491 Antichristi
3278 5434 3532 5488 furorem
3564 5431 3719 5485 evin-

2026 5533 2134 5592 cat,
2170 5526 2365 5580 unde:
2428 5527 2570 5581 Ecce
2625 5542 2718 5594 ego
2764 5527 3037 5582 vobiscum
3088 5540 3203 5580 sum
3262 5523 3506 5578 omnibus
3534 5521 3720 5575 diebus
