4038 6180
291 282 398 336 503

926 279 1328 334 WALAFRIDI
1365 278 1614 335 STRABI
1653 277 1852 332 FULD.
1895 274 2056 331 MON.
2097 274 2250 332 OPP.
2293 273 2489 330 PARS.
2529 273 2572 328 Ι.
2615 303 2684 314 -
2721 271 3186 330 THEOLOGICA.

3700 273 3796 326 504

291 417 464 473 usque
527 403 603 457 ad
657 404 1168 459 consummationem
1237 403 1421 458 saeculi
1490 402 1704 469 (Matth.
1786 401 1994 470 xxvm).
2025 400 2076 457 Α
2184 401 2346 456 Vens.
2380 403 2467 456 29.
2501 429 2570 442 —
2611 402 2741 468 Quis
2788 401 2986 455 similis
3013 401 3111 466 tui,
3140 399 3375 470 popula?
3429 398 3624 465 Quasi,
3677 398 3797 454 ideo

300 493 363 546 Et
393 491 530 546 alibi
570 507 583 546 :
621 493 872 549 Senectus
927 507 1046 547 mea
1093 493 1153 546 in
1207 490 1586 546 misericordia
1633 480 1788 546 uberi
1835 491 2001 561 (Psal-

299 595 418 636 mus
443 581 578 650 xei).

375 670 535 723 Vens.
587 671 676 723 26.
726 699 796 710 —-
827 668 947 725 Non
994 673 1072 724 est
1114 671 1273 725 Deus.
1323 667 1660 740 Supradicta
1708 665 1998 722 admirans

300 755 358 810 in
390 757 560 811 laude
594 756 826 824 Christi,
885 756 985 828 qui
1037 757 1160 812 haec
1207 757 1401 811 omnia
1452 757 1585 811 fecit
1638 755 1998 811 laetabundus

299 849 574 916 erumpit.

365 938 636 988 Ascensor
677 934 812 988 creti.
859 932 1099 1004 Propria
1147 931 1356 988 virtute
1389 932 1664 1000 ascendit,
1706 935 1764 986 et
1807 928 1997 1001 quoti-

297 1021 391 1077 die
425 1021 731 1076 Ecclesiam
759 1022 828 1076 ad
863 1038 922 1076 se
957 1021 1151 1076 trahit.
1190 1023 1364 1076 Trahe
1383 1037 1465 1076 me
1492 1027 1613 1092 post
1653 1025 1721 1087 te,
1751 1035 1906 1075 curre
1942 1020 2000 1072 in

297 1111 511 1165 odorem
540 1114 937 1177 unguentorum
969 1113 1182 1163 tuorum
1225 1108 1404 1180 (Cant.
1441 1108 1501 1180 ι).

369 1198 568 1255 Nubes.
623 1197 910 1268 Apostoli,
955 1197 1054 1269 qui
1083 1198 1294 1268 pluunt
1323 1197 1529 1264 verbis,
1561 1200 1862 1251 coruscant
1892 1194 1998 1249 mi-

300 1288 512 1344 raculis
547 1304 560 1342 :
595 1303 741 1359 quos
798 1287 1111 1342 ascendens
1149 1287 1208 1341 in
1246 1287 1453 1341 ccelum
1508 1286 1664 1340 misit
1696 1285 1765 1340 ad
1797 1285 2000 1355 praedi-

299 1376 545 1430 candum
580 1392 594 1442 ;
627 1376 780 1429 unde
817 1392 830 1429 :
888 1377 1079 1432 Vocem
1112 1374 1376 1429 dederunt
1403 1375 1568 1429 nubes
1601 1375 1763 1444 (Psal.
1797 1371 1996 1441 Lxxw),

301 1481 430 1537 quin
450 1465 660 1518 scilicet
682 1465 840 1518 nullo
877 1469 1202 1519 remorante
1237 1464 1585 1533 discurrunt,
1607 1479 1722 1519 non
1745 1479 1865 1530 sua,
1903 1462 2000 1517 sed

301 1553 507 1609 Christi
546 1553 753 1608 virtute
808 1553 972 1624 signa
1022 1557 1077 1607 et
1114 1553 1376 1624 prodigia
1405 1552 1694 1616 facientes,
1731 1557 1787 1607 et
1834 1550 1998 1623 quasi

301 1641 793 1696 coruscationibus
849 1642 1020 1697 corda
1075 1642 1406 1696 mortalium
1449 1646 1747 1707 terrentes,
1795 1641 1994 1695 unde:

299 1733 506 1787 Bonum
561 1735 837 1786 certamen
911 1733 1135 1799 certavi,
1211 1746 1427 1786 cursum
1483 1733 1849 1786 consummavi
1923 1729 2003 1801 (II

306 1820 447 1874 Tim.
481 1819 579 1890 ιν).

371 1909 534 1963 Vens.
569 1912 666 1966 27.
725 1939 794 1950 —-
840 1908 1224 1964 Habitaculum
1276 1907 1392 1978 ejus
1443 1919 1678 1971 sursum,
1712 1911 1819 1963 etc.
1861 1907 1997 1963 Cor-

303 2013 412 2068 pus
445 2013 480 2051 a
522 1997 763 2051 mortuis
811 1997 1142 2052 suscitatum
1171 1998 1233 2052 in
1275 1997 1457 2053 Patris
1499 1997 1732 2052 dextera
1760 1997 2000 2052 colloca-

303 2090 451 2152 tum,
487 2085 557 2140 de
589 2102 702 2157 quo
733 2085 942 2141 dicitur
973 2104 986 2142 :
1020 2087 1228 2141 Solvite
1250 2086 1534 2157 templum
1565 2086 1670 2140 hoc
1691 2085 1879 2157 (Joan.
1914 2087 1994 2155 ιι).

373 2177 632 2230 Brachia.
686 2175 876 2229 Virtus
903 2175 1116 2231 scilicet
1150 2175 1452 2246 passionis,
1484 2191 1614 2246 quae
1665 2191 1864 2230 omnes
1898 2176 1996 2232 de-

302 2263 502 2328 fendit,
537 2279 711 2335 quam
741 2264 801 2318 in
827 2279 993 2318 cruce
1036 2264 1279 2318 extensis
1307 2263 1553 2318 brachiis
1583 2264 1816 2335 accepit.

387 2353 584 2409 Subter
629 2353 872 2408 brachia.
905 2353 1126 2408 Scilicet
1165 2354 1287 2408 haec
1316 2352 1552 2408 brachia
1578 2358 1774 2408 contra
1798 2369 1998 2409 verum

311 2440 540 2494 Amalec
567 2439 900 2495 dimicantes
953 2441 1304 2514 defendunt:
1344 2457 1449 2495 nec
1486 2441 1631 2496 sicut
1673 2442 1848 2513 Moysi
1894 2444 2001 2498 las-

309 2527 556 2583 situdine
586 2534 912 2600 gravantur,
959 2529 1056 2584 sed
1103 2529 1385 2584 indefessa
1435 2529 1646 2585 virtute
1676 2531 1995 2600 sublevant,

310 2617 494 2670 donec
548 2633 740 2672 veram
788 2623 1214 2689 consequantur
1265 2618 1588 2674 victoriam.
1647 2620 2000 2676 Veneremur

313 2720 451 2775 ergo
481 2705 542 2760 in
594 2707 857 2778 supernis
894 2707 1176 2778 primitias
1215 2712 1424 2762 nostra:
1456 2709 1904 2776 resurrectionis,
1939 2711 1999 2764 in

299 2793 524 2870 inﬁmis
554 2801 973 2877 sacramentum
1005 2801 1216 2850 nostra:
1241 2796 1670 2866 redemptionis,
1703 2801 1842 2852 utet
1867 2797 1996 2868 ipsi,

309 2882 594 2939 debellato
625 2885 972 2954 adversario,
1025 2884 1474 2940 immortalitatis
1520 2885 1762 2957 gloriam
1799 2902 1998 2942 conse-

2105 489 2324 558 beatus,
2356 490 2488 544 ideo
2519 489 2623 544 tibi
2661 488 2861 543 similis
2901 489 3111 554 nullus,
3148 488 3284 560 quia
3311 504 3429 543 non
3458 489 3528 542 de
3569 493 3668 542 tua
3698 489 3799 543 vir-

2105 580 2250 647 tute,
2283 577 2382 631 sed
2411 577 2479 632 de
2509 576 2719 632 Christi
2757 576 2941 648 gratia
2992 577 3232 632 salutem
3282 593 3495 648 speras,
3544 577 3646 648 qui
3697 579 3796 633 sal-

2107 681 2242 720 vum
2273 666 2404 720 facit
2433 667 2712 737 populum
2741 682 2909 720 suum
2937 682 2970 719 a
3000 665 3244 736 peccatis
3273 682 3505 744 eorum.

2177 757 2247 810 Et
2299 756 2518 823 gladius
2573 757 2776 822 gloriae.
2823 756 2885 809 In
2937 755 3130 810 futuro
3188 755 3538 810 adversarios
3584 754 3794 809 irrevo-

2108 843 2278 898 cabili
2308 843 2604 898 severitate
2635 843 2979 915 percutiens,
3021 845 3250 915 quando
3297 845 3640 914 sanguinem
3677 861 3783 898 ser-

2108 947 2311 986 vorum
2358 932 2680 988 ulciscetur.
2742 933 2973 987 Gladius
3018 933 3184 986 modo
3233 933 3325 987 hic
3379 932 3439 986 in
3470 932 3792 988 humilitate

2107 1020 2447 1090 patientium
2496 1021 2827 1086 occultatur,
2874 1020 2935 1075 in
2965 1021 3144 1091 gloria
3187 1021 3612 1091 resurgentium
3651 1038 3793 1078 reve-

2108 1109 2338 1177 labitur,
2389 1109 2513 1164 ideo
2568 1109 2787 1178 gladius
2838 1110 3025 1176 gloriae
3068 1111 3238 1164 Israel
3273 1110 3496 1164 dicitur.
3547 1111 3788 1164 Christus

2109 1213 2245 1268 ergo
2293 1198 2457 1269 quasi
2519 1202 2741 1253 scutum
2798 1198 3046 1269 protegit
3097 1198 3478 1268 praeliantem,
3529 1204 3584 1252 et
3631 1200 3779 1270 quasi

2108 1287 2331 1356 gladius
2379 1287 2579 1358 glorise
2645 1287 2948 1341 ulciscetur
2995 1287 3469 1358 triumphantem.
3527 1288 3608 1341 Ad
3663 1303 3782 1342 eum

2109 1375 2272 1445 quasi
2313 1376 2381 1430 ad
2420 1380 2591 1446 caput
2627 1417 2640 1440 ,
2686 1375 2747 1430 in
2779 1376 2891 1430 ﬁne
2916 1375 3168 1431 vaticinii
3196 1376 3441 1431 refertur
3470 1376 3649 1448 gloria
3679 1393 3788 1430 cor-

2107 1465 2290 1535 poris,
2320 1480 2451 1518 cum
2482 1464 2690 1519 dicitur
2725 1482 2737 1519 :

2176 1553 2479 1620 Negabunt.
2530 1553 3036 1607 Abominabuntur
3083 1557 3139 1607 et
3168 1553 3381 1616 odient,
3430 1552 3577 1607 sicut
3618 1555 3790 1622 Balac,

2111 1641 2211 1713 qui
2239 1640 2457 1711 rogavit
2487 1641 2734 1707 Balaam,
2766 1644 2829 1695 ut
2875 1640 3157 1695 Israelitas
3183 1641 3575 1696 maledicendo
3606 1643 3791 1714 repel-

2108 1731 2270 1786 leret.

2177 1819 2442 1876 Calcabis.
2475 1817 2840 1890 Subjiciendo
2890 1833 2984 1872 eos
3034 1817 3310 1884 Ecclesiae,
3367 1833 3541 1888 quam
3581 1817 3794 1872 abomi-

2107 1913 2319 1963 nantur
2347 1912 2402 1962 et
2431 1911 2875 1979 persequuntur.
3228 1920 3237 1927 ‘

2178 1997 2498 2052 Notandum
2531 1995 2797 2051 undecim
2830 1999 3054 2050 tantum
3077 2011 3196 2049 esse
3227 1994 3670 2050 benedictiones.
3710 1996 3798 2050 Si-

2107 2102 2274 2140 meon
2305 2102 2554 2156 namque
2583 2085 2644 2138 in
2673 2084 2762 2139 his
2789 2083 3286 2139 benedictionibus
3331 2101 3447 2138 non
3495 2085 3796 2155 reperitur,

2105 2174 2167 2230 in
2206 2191 2319 2246 quo
2345 2177 2374 2230 ,ἶ
2381 2175 2518 2228 udas
2546 2175 2615 2230 ab
2638 2174 2908 2244 apostolis
2929 2173 3270 2241 excluditur,
3288 2172 3554 2228 undecim
3579 2179 3798 2241 tantum

2107 2263 2556 2318 remanentibus.
2612 2263 2750 2317 Inde
2812 2279 3043 2334 quoque
3092 2263 3359 2317 undecim
3411 2262 3801 2317 mansionibus

2106 2352 2211 2408 filii
2242 2353 2415 2407 Israel
2468 2353 2537 2407 de
2585 2352 2771 2406 Horeb
2818 2357 3205 2423 pervenerunt
3253 2351 3322 2406 ad
3361 2351 3552 2406 locum
3599 2351 3661 2406 in
3691 2368 3801 2424 quo

2109 2441 2619 2496 Deuteronomium
2665 2445 3023 2511 acceperunt.

2711 2530 2936 2585 CAPUT
2977 2530 3195 2584 XXXIV.

2181 2620 2354 2673 Vens.
2387 2623 2434 2673 1.
2469 2647 2538 2658 —
2567 2619 2835 2674 Ascendit
2853 2635 2996 2686 ergo.
3023 2620 3161 2672 Tam
3186 2619 3402 2689 Moyses
3423 2634 3595 2690 quam
3614 2618 3806 2674 centeri

2107 2711 2297 2778 patres
2353 2705 2568 2760 Veteris
2596 2706 2941 2761 Testamenti
2984 2722 3088 2776 per
3133 2706 3400 2777 spiritum
3446 2707 3507 2760 in
3557 2706 3807 2761 altitudi-

2111 2812 2245 2850 nem
2302 2795 2802 2864 contemplationis
2867 2795 3057 2862 levati,
3117 2794 3435 2866 praevidere
3494 2800 3809 2866 potuerunt

2112 2885 2358 2957 gratiam
2393 2884 2530 2939 Novi
2553 2884 2922 2951 Testamenti,
2957 2900 3086 2954 quae
3137 2884 3196 2937 in
3239 2883 3461 2938 Christo
3510 2885 3642 2938 data
3702 2888 3804 2951 est,

307 2987 578 3043 quamur,
628 2975 698 3029 de
729 2991 844 3045 quo
895 2991 1029 3030 vero
1082 2974 1276 3029 Israeli
1305 2974 1660 3045 promittitur
1693 2992 1705 3030 :
1738 2976 1938 3046 Ejiciet
1967 2993 2001 3030 a
2030 2984 2071 3040 ρ
2109 2980 2165 3026 et
2191 2973 2469 3027 virtutum
2501 2973 2802 3026 collatione
2834 2977 2890 3026 et
2929 2972 3171 3026 cmlestis
3210 2972 3372 3042 regni
3401 2973 3805 3044 perceptione:

307 3060 452 3125 facie
478 3064 572 3114 tua
599 3063 897 3116 inimicum.

385 3155 457 3207 Et
489 3152 650 3206 solus.
683 3150 797 3205 Suo
830 3149 1042 3204 scilicet
1079 3165 1241 3204 more
1285 3154 1340 3204 et
1368 3149 1486 3204 suis
1531 3149 1755 3222 legibus
1783 3152 1998 3219 vivens,

307 3242 462 3298 unde
514 3239 740 3294 Balaam
783 3255 797 3293 :
829 3240 1066 3307 Populus
1099 3240 1242 3292 solus
1270 3238 1544 3293 habitabit
1571 3244 1623 3293 et
1651 3241 1794 3293 inter
1821 3245 2001 3309 gentes

309 3347 416 3386 non
444 3327 788 3398 reputabitur
813 3327 992 3395 (Num.
1024 3326 1199 3394 XXIII).

381 3419 545 3472 Vens.
577 3418 666 3469 28.
699 3444 768 3452 —
815 3414 1010 3469 Oculus
1052 3413 1246 3467 Jacob.
1299 3412 1406 3477 Qui
1436 3413 1529 3467 hic
1555 3412 1706 3467 vitiis
1737 3414 2005 3484 supplan-

310 3505 502 3562 tandis
546 3501 877 3567 desudabat,
936 3501 1016 3555 ibi
1080 3517 1138 3554 se
1186 3500 1472 3555 levissimo
1523 3501 1734 3555 mentis
1789 3501 2006 3558 intuitu

311 3593 554 3666 gloriam
598 3588 824 3657 Christi,
859 3589 958 3659 qui
997 3594 1230 3659 propter
1259 3605 1364 3642 nos
1399 3595 1612 3644 terram
1639 3606 1789 3644 verae
1821 3592 2007 3646 carnis

311 3681 552 3753 accepit,
603 3677 993 3732 indesinenter
1024 3677 1507 3747 contemplabitur
1541 3695 1554 3732 :
1613 3683 1680 3733 ut
1725 3681 1886 3751 cujus
1915 3681 2007 3735 hic

313 3772 553 3839 carpore
608 3770 666 3821 et
691 3765 971 3837 sanguine
1020 3781 1122 3836 per
1169 3769 1587 3820 sacramentum
1622 3766 1899 3822 frumenti
1949 3772 2008 3822 et

312 3858 430 3912 vini
453 3855 813 3928 pascebatur,
846 3854 927 3908 ibi
969 3853 1276 3909 divinitatis
1333 3855 1455 3924 ejus
1484 3859 1764 3926 perpetua
1789 3856 2008 3912 visione

315 3946 628 4018 saginetur,
681 3944 876 3998 unde:
932 3944 1187 3999 Satiabor
1254 3959 1374 3999 cum
1446 3949 1767 4014 apparuerit
1832 3948 2010 4013 gloria

317 4042 412 4091 tua
468 4035 635 4106 (Psal.
686 4033 830 4103 xvr).
898 4033 962 4087 Et
1012 4032 1188 4087 alibi:
1248 4034 1612 4100 Manifestabo
1649 4037 1700 4088 ei
1749 4037 2010 4106 meipsum

315 4127 500 4196 (Joan.
553 4121 682 4192 xiv).
744 4123 901 4176 Tunc
952 4121 1123 4176 Jacob
1173 4121 1231 4175 in
1279 4122 1595 4192 perfectum
1647 4123 1818 4178 Israel
1868 4140 2011 4178 con-

316 4228 532 4280 versus,
589 4209 733 4264 facie
781 4210 851 4264 ad
903 4208 1108 4264 faciem
1165 4210 1346 4264 Deum
1377 4209 1608 4279 videbit,
1659 4215 1778 4264 tam
1827 4212 2007 4283 larga,

2109 3061 2206 3116 sed
2235 3077 2357 3114 eam
2392 3060 2448 3114 iu
2483 3076 2650 3114 carne
2684 3065 3006 3131 exspectare
3041 3077 3159 3114 non
3203 3066 3535 3131 potuerunt,
3586 3061 3645 3114 in
3697 3061 3809 3116 ﬁde

2109 3155 2302 3204 autem
2334 3154 2388 3203 et
2413 3166 2510 3219 spe
2539 3149 2750 3203 mortui
2781 3154 2933 3222 sunt,
2971 3149 3037 3203 ad
3069 3149 3281 3203 inferos
3302 3149 3548 3217 deducti,
3593 3149 3691 3204 ubi
3723 3166 3814 3204 ex-

2111 3237 2444 3308 spectabant
2477 3238 2872 3309 Redemptoris
2907 3239 3234 3302 adventum,
3298 3238 3398 3308 qui
3437 3253 3543 3309 per
3573 3236 3810 3309 sangui-

2111 3342 2247 3380 nem
2280 3342 2397 3380 sua:
2428 3326 2841 3396 redemptionis
2871 3326 3002 3380 inde
3034 3344 3132 3380 eos
3161 3327 3448 3381 liberaret.

2182 3414 2534 3484 Ostenditque
2569 3418 2636 3469 ei.
2668 3416 2899 3470 Terram
2931 3415 3325 3486 promissionis
3375 3415 3515 3470 vidit
3571 3415 3812 3486 Moyses,

2113 3519 2218 3558 nec
2246 3503 2501 3572 intravit,
2533 3503 2669 3574 quia
2699 3505 2786 3558 lex
2816 3505 3125 3560 adventum
3156 3504 3365 3560 Christi
3403 3510 3461 3559 et
3492 3503 3813 3559 doctrinam

2115 3591 2403 3663 Evangelii
2432 3591 2620 3646 verbis
2649 3598 2707 3646 et
2735 3593 2937 3664 ﬁguris
2967 3593 3352 3665 praesignavit,
3389 3593 3486 3648 sed
3515 3592 3812 3647 neminem

2113 3681 2186 3735 ad
2216 3680 2535 3750 perfectum
2565 3680 2747 3735 duxit.

2183 3770 2343 3824 Vens.
2375 3772 2435 3824 2.
2475 3800 2543 3809 —
2597 3770 2813 3826 Omnem
2867 3774 3086 3825 terram.
3139 3773 3364 3824 Partem
3407 3769 3594 3824 omnis
3623 3774 3816 3836 terrae,

2115 3873 2289 3928 quam
2317 3873 2382 3912 ex
2415 3856 2692 3912 altissimo
2721 3861 2917 3912 monte
2946 3859 3134 3929 potuit
3158 3858 3372 3914 videre.
3434 3859 3532 3914 Vel
3582 3873 3815 3913 omnem

2115 3950 2330 4001 terram
2371 3945 2622 4001 ostendit
2653 3946 2705 4000 ei
2731 3946 2789 4000 in
2819 3947 3042 4018 spiritu.

2190 4036 2348 4090 Vens.
2398 4039 2448 4090 5.
2500 4065 2569 4075 —
2625 4036 2986 4106 Mortuusque
3035 4042 3112 4092 est
3153 4038 3250 4105 ibi,
3283 4041 3387 4092 etc.
3425 4036 3575 4092 Nulli
3607 4037 3818 4091 electo—

2117 4139 2246 4178 rum
2296 4122 2498 4193 parcit,
2554 4127 2612 4177 et
2671 4123 3185 4198 minima'quoque
3238 4129 3468 4197 peccata
3525 4125 3824 4180 ulciscitur

2119 4213 2266 4266 Deus
2296 4211 2467 4266 etiam
2498 4210 2558 4266 in
2591 4211 2788 4266 amicis
2823 4232 2837 4279 ;
2887 4213 3037 4268 unde
3080 4231 3093 4268 :
3157 4217 3360 4287 Moyses
3388 4219 3438 4269 et
3486 4214 3680 4269 Aaron
3729 4228 3821 4268 sa-

315 4304 435 4353 tam
487 4296 700 4364 subtili,
755 4301 876 4351 tam
913 4296 1227 4351 delectabili
1288 4298 1389 4352 Dei
1434 4297 1779 4369 cognitione,
1839 4300 2003 4371 quasi
2033 4302 2078 4356 D
2117 4300 2418 4355 cerdotibus
2447 4301 2626 4382 ‘ejus,
2683 4305 2739 4354 et
2771 4301 2991 4356 addidit
3025 4318 3038 4357 :
3097 4305 3375 4373 Propitius
3435 4304 3600 4370 fuisti
3635 4306 3736 4368 eis,
3774 4308 3823 4356 et

315 4385 600 4444 levissimo
654 4401 784 4440 rore
831 4385 1103 4457 repletus,
1161 4390 1222 4440 ut
1275 4386 1708 4456 praedicatorem
1775 4388 2012 4444 scientia

319 4491 433 4546 qua
461 4475 519 4530 in
541 4473 812 4546 praesenti
839 4473 1180 4529 instruimur
1208 4473 1455 4544 caligare
1479 4474 1739 4530 videatur
1768 4493 1782 4542 ;
1812 4476 1966 4530 unde
1993 4494 2006 4532 :

318 4565 442 4620 Sive
493 4566 719 4618 scientia
765 4563 1070 4618 destruetur
1125 4563 1176 4632 (Ι
1220 4563 1340 4619 Cor.
1399 4563 1541 4635 xm).
1597 4565 1663 4618 Et
1700 4564 1881 4620 alibi:
1917 4568 2009 4620 Te-

318 4653 547 4708 nebrosa
601 4668 748 4720 aqua
775 4655 834 4706 in
862 4653 1094 4707 nubibus
1125 4654 1290 4720 aeris,
1343 4668 1458 4722 pra
1483 4653 1757 4720 fulgorem
1807 4656 1865 4708 in
1895 4669 2011 4708 con-

319 4747 503 4811 specta
539 4742 656 4810 ejus
713 4740 877 4812 (Psal.
927 4742 1080 4811 xvn),
1143 4740 1215 4795 ad
1261 4757 1434 4812 quam
1495 4757 1625 4795 cum
1669 4747 2012 4813 perventum

319 4830 512 4897 fuerit,
565 4829 752 4884 omnis
801 4829 923 4883 haec
954 4829 1215 4883 doctrina
1248 4827 1512 4890 cessabit,
1541 4834 1593 4884 et
1622 4834 1779 4884 erunt
1833 4845 2011 4884 omnes

322 4915 574 4971 docibiles
603 4920 700 4972 Dei
735 4917 923 4988 (Joan.
959 4919 1069 4986 vr);
1103 4917 1257 4972 unde
1296 4917 1502 4972 merito
1534 4917 1834 4990 adjungit:
1877 4920 2012 4974 Bea-

323 5009 409 5060 tus
432 5019 506 5069 es,
536 5006 735 5072 Israel,
760 5011 866 5059 etc.

393 5093 623 5161 (Italique
680 5094 1021 5162 caligabunt,
1075 5092 1240 5165 quasi
1269 5097 1386 5148 tam
1436 5093 1794 5152 abundanter
1847 5099 2014 5150 terra

327 5179 708 5235 fecundandas
732 5197 826 5235 ros
857 5180 1210 5251 infundatur,
1243 5185 1308 5235 ut
1333 5181 1631 5236 hominum
1657 5183 2014 5238 tenebrescat

321 5267 592 5324 obtuitus.
649 5271 712 5323 In
753 5285 866 5340 quo
900 5269 1271 5341 signiﬁcatur,
1303 5270 1438 5342 quia
1466 5269 1645 5325 Judaei
1687 5286 1816 5324 cum
1845 5274 2016 5324 terre-

322 5371 455 5411 nam
487 5356 842 5428 opulentiam
887 5358 1037 5411 ultra
1067 5358 1302 5413 modum
1351 5357 1676 5429 diligerent,
1734 5357 2012 5428 caligave-

320 5449 476 5511 runt,
523 5450 580 5500 et
611 5445 901 5501 Christum
923 5462 1266 5517 cognoscere
1287 5463 1405 5502 non
1434 5450 1747 5518 potuerunt
1779 5467 1795 5516 ;
1823 5447 1974 5503 unde
1998 5465 2011 5504 :

345 5536 411 5590 Si
427 5534 756 5591 dimittimus
784 5550 905 5590 eum
931 5536 1214 5604 sic,omnes
1241 5535 1456 5591 credent
1479 5537 1538 5590 in
1565 5551 1704 5604 eum,
1738 5540 1842 5592 etc.

2116 4389 2374 4444 ulciscens
2427 4391 2487 4442 in
2533 4403 2710 4443 omnes
2766 4389 3170 4446 adinventiones
3209 4406 3409 4445 eorum.
3471 4391 3618 4460 Lege
3670 4389 3824 4444 scili-

2118 4481 2205 4531 cet
2256 4477 2436 4544 ﬁnita,
2492 4493 2622 4548 qua:
2675 4477 2905 4532 servivit
2962 4479 3205 4533 Domino
3261 4479 3322 4533 in
3373 4483 3631 4549 tempore
3694 4495 3820 4543 suo,

2117 4565 2256 4620 urbs
2295 4566 2585 4620 destructa
2631 4572 2687 4620 et
2741 4567 2939 4633 altare,
2998 4583 3283 4638 nusquam
3335 4567 3631 4633 sacriﬁcia,
3684 4582 3822 4622 nus-

2120 4669 2292 4725 quam
2321 4653 2616 4720 libamina,
2642 4671 2937 4726 nusquam
2979 4654 3241 4710 sacerdos
3280 4657 3366 4710 vel
3390 4655 3671 4726 pontifex.

2189 4742 2348 4796 Vens.
2381 4745 2432 4796 6.
2465 4745 2616 4798 —In
2635 4745 2793 4798 valle.
2829 4745 2892 4798 In
2924 4751 3118 4799 monte
3154 4750 3412 4799 mortuus
3442 4750 3546 4807 est,
3576 4743 3638 4798 in
3673 4744 3824 4798 valle

2119 4831 2374 4899 sepultus
2405 4836 2510 4900 est,
2541 4831 2677 4902 quia
2709 4833 2792 4887 lex
2825 4838 3085 4904 tempore
3117 4850 3220 4888 suo
3251 4834 3502 4905 gloriosa
3527 4833 3636 4887 fuit
3674 4850 3687 4887 ε
3726 4832 3825 4887 sed

2119 4923 2443 4990 comparata
2472 4919 2776 4989 Evangelio
2807 4919 3136 4975 abscondita
3163 4921 3389 4976 videtur
3447 4927 3503 4976 et
3531 4920 3776 4975 humilis
3809 4936 3823 4985 ;

2119 5007 2272 5062 unde
2299 5023 2312 5062 :
2349 5007 2492 5062 Dedi
2521 5010 2598 5063 eis
2623 5013 2894 5078 pracepta
2922 5025 3029 5064 non
3060 5011 3218 5065 bona.

2190 5097 2260 5151 Et
2286 5110 2394 5150 non
2447 5099 2691 5164 cognovit
2747 5097 2918 5152 homo.
2971 5098 3156 5153 Judaei
3211 5103 3513 5152 autumant
3570 5098 3683 5152 hoc
3742 5097 3824 5151 fa-

2117 5187 2291 5246 ctum,
2326 5197 2398 5236 ne
2443 5182 2625 5237 Judaei
2655 5199 2882 5254 semper
2926 5183 3000 5238 ad
3032 5183 3414 5239 idololatriam
3444 5183 3614 5255 proni
3644 5198 3811 5237 mor-

2121 5275 2287 5325 tuum
2315 5271 2566 5325 colerent
2603 5276 2877 5342 tanquam
2908 5273 3118 5338 Deum;
3171 5273 3266 5327 sed
3309 5271 3623 5327 secundum
3683 5271 3826 5326 alle-

2121 5359 2342 5431 goriam
2371 5363 2596 5430 tempus
2647 5365 2704 5416 et
2733 5361 2967 5416 modum
3001 5361 3242 5416 finiendi
3291 5361 3431 5433 legis
3479 5361 3541 5414 in
3567 5361 3692 5414 sola
3727 5358 3826 5414 Dei

2123 5447 2482 5520 praescientia
2522 5448 2804 5520 signiﬁcat
2850 5465 2972 5505 esse
3028 5451 3375 5518 abscondita,
3422 5465 3527 5504 nec
3578 5449 3827 5519 profun-

2125 5536 2363 5592 ditatem
2392 5535 2690 5608 sapientia
2737 5537 2858 5607 Dei,
2907 5539 2995 5594 vel
3043 5545 3324 5595 secretum
3376 5538 3599 5594 consilii
3645 5535 3827 5592 alicui
