4038 6180
190 261 291 312 505

1290 257 1545 314 GLOSSA
1581 257 1988 314 ORDINABIA.
2030 285 2101 297 —-
2140 257 2266 311 LIB.
2306 254 2538 311 JOSUE.

3593 257 3699 319 506,

187 380 404 446 patere,
446 375 582 447 quia
628 373 1232 445 incomprehensibilia
1273 374 1493 446 judicia
1535 375 1678 446 ejus,
1710 375 1959 431 etin-A
2070 377 2234 431 Vens.
2293 378 2345 430 8.
2406 405 2476 418 —
2537 377 2942 445 Fteueruntque.
3015 377 3157 441 Quia
3230 376 3490 447 regnavit
3544 363 3696 432 mors

186 466 329 519 vesti
336 465 552 534 gabiles
584 464 687 518 viae
716 464 858 533 ejus.

262 556 424 609 Vens.
459 559 511 608 7.
563 584 629 593 —
679 555 885 619 Moyses
931 556 1141 606 centum
1188 555 1237 605 et
1275 554 1478 619 viginti
1523 567 1807 607 annorum.
1835 550 1890 608 Si

184 644 259 697 ab
290 660 407 697 uno
450 659 554 714 per
584 641 903 695 naturalem
947 641 1206 695 ordinem
1237 657 1419 712 usque
1461 641 1527 695 ad
1561 640 1889 712 quindecim

184 733 547 802 singulorum
596 746 968 784 numerorum
1019 746 1270 784 summas
1298 731 1677 801 conjunxeris,
1712 747 1894 786 unum

186 821 405 876 scilicet
459 826 516 875 et
571 821 683 875 duo
733 826 790 874 et
829 819 959 884 tria,
1020 824 1077 873 et
1116 819 1403 890 deinceps,
1458 824 1689 874 centum
1716 824 1773 874 et
1800 819 1895 873 vi-

185 911 339 980 ginti
395 910 559 964 ﬁunt.
618 908 1037 974 Quindcnarius
1088 924 1219 963 vero
1275 925 1344 962 ex
1400 913 1619 980 septem
1667 914 1724 963 et
1767 914 1893 963 octo

186 998 509 1065 conﬁcitur,
571 1002 792 1067 septem
840 997 910 1051 ad
964 997 1265 1051 sabbatum
1324 998 1588 1065 refertur,
1641 1002 1768 1052 octo
1820 998 1892 1051 ad

184 1087 725 1152 circumcisionem,
784 1086 920 1155 quia
978 1090 1173 1140 octava
1231 1086 1322 1141 die
1381 1086 1894 1141 circumcidebatur

188 1193 358 1247 puer.
418 1176 475 1231 Si
524 1191 657 1229 vero
717 1175 785 1229 ad
837 1175 1054 1228 Novum
1120 1175 1548 1229 Testamentum
1604 1174 1888 1245 respicias,

185 1265 372 1319 habes
402 1268 615 1335 septem
665 1264 817 1318 dona
854 1262 1098 1333 Spiritus
1150 1263 1349 1332 sancti,
1381 1267 1437 1317 et
1465 1263 1522 1317 in
1571 1268 1765 1317 octavo
1796 1280 1894 1317 re-

185 1353 607 1407 surrectionem
655 1351 882 1415 Christi,
934 1356 1161 1405 centum
1191 1358 1247 1405 et
1278 1352 1478 1423 viginti
1517 1368 1655 1423 ergo
1686 1368 1783 1406 eos
1812 1352 1894 1405 si-

186 1441 469 1511 gniﬁcant
487 1439 588 1511 qui
616 1438 700 1492 vel
731 1438 791 1492 in
824 1439 1019 1492 Vetere
1050 1440 1409 1493 Testamento
1442 1439 1607 1510 Legis
1636 1444 1691 1493 et
1722 1440 1895 1493 Evan-

185 1530 326 1600 gelii
358 1533 645 1599 praecepta
672 1528 911 1598 implere
944 1527 1191 1581 student.

262 1621 470 1689 Moyses
512 1622 723 1672 centum
773 1622 824 1672 et
866 1619 1068 1685 viginti
1116 1632 1400 1671 annorum.
1454 1618 1569 1671 Hoc
1608 1616 1895 1687 signiﬁcat

186 1713 310 1762 tam
356 1723 489 1761 eum
535 1722 709 1776 quam
757 1710 993 1759 cmteros
1046 1710 1237 1776 patres
1286 1704 1499 1760 Veteris
1547 1703 1894 1760 Testamenti

188 1803 323 1868 post
345 1796 754 1867 perfectionem
795 1794 1196 1849 mandatorum
1228 1794 1349 1858 Dei,
1392 1810 1521 1864 quae
1553 1799 1641 1848 est
1665 1794 1725 1847 in
1754 1794 1893 1847 duo-

2000 465 2175 519 etiam
2206 464 2267 520 in
2298 482 2396 519 eos
2425 464 2524 536 qui
2555 480 2670 519 non
2700 470 3077 535 peccaverunt
3105 465 3171 519 ab
3202 466 3382 519 Adam
3413 481 3595 537 usque
3629 467 3699 521 ad

2003 554 2227 624 Moysen
2258 572 2274 607 :
2308 554 2436 608 ideo
2485 554 2749 624 lacrymaa
2790 560 3225 624 prosequuntur
3256 553 3323 607 ad
3355 553 3565 608 inferos
3601 554 3700 608 de-

2005 644 2388 697 scandentem.

2072 732 2355 803 (Hmaom,
2403 734 2559 801 epist.
2610 732 2684 785 ad
2726 730 2994 801 Paulam.)
3045 732 3171 785 Non
3211 730 3421 785 mirum
3453 729 3501 784 si
3531 730 3705 801 Moysi

2002 825 2059 875 et
2086 825 2294 888 Aaron,
2328 826 2455 889 etc.,
2503 836 2673 889 usque
2714 821 2789 874 ad
2827 820 2926 875 sed
2974 820 3318 875 intrinsecus
3352 836 3495 889 esse,
3529 820 3584 875 id
3618 825 3705 874 est

2000 910 2277 965 voluntati
2311 909 2536 964 Domini
2574 909 2916 963 ministrare.

2071 1003 2142 1055 Et
2198 999 2462 1067 completi.
2546 997 2685 1052 Hinc
2739 997 2963 1052 videtur
3044 1004 3168 1052 orta
3218 989 3587 1060 consuetudo,
3638 1002 3701 1052 ut

2002 1088 2266 1144 ﬁdelibus
2298 1086 2541 1142 mortuis
2572 1086 2807 1157 triginta
2831 1086 3031 1141 diebus
3084 1087 3311 1157 pietatis
3356 1086 3540 1141 ofﬁcia
3571 1103 3699 1157 per-

2004 1180 2317 1233 solvantur.

2072 1268 2235 1320 Vens.
2287 1269 2339 1321 9.
2393 1296 2459 1306 —-
2488 1266 2675 1319 Posuit
2716 1280 2878 1333 super
2922 1281 3059 1319 eum.
3114 1266 3177 1319 In
3231 1264 3537 1334 Scripturis
3587 1264 3705 1318 suis

2004 1356 2391 1411 testimonium
2446 1354 2500 1409 ei
2555 1353 2852 1423 perhibuit
2899 1354 3137 1407 dicens:
3195 1356 3518 1422 Prophetam
3564 1357 3703 1408 Deus

2000 1446 2306 1513 suscitabit,
2380 1448 2484 1498 etc.
2541 1444 2717 1512 (Deut.
2780 1444 2952 1512 xvm),
3017 1443 3216 1496 unde:
3281 1444 3342 1498 Si
3419 1443 3705 1497 crederetis

2001 1537 2194 1603 Moysi,
2224 1533 2507 1589 crederetis
2539 1535 2775 1599 forsitan
2805 1537 2854 1586 et
2884 1534 3022 1586 mihi
3051 1534 3246 1597 (Joan.
3280 1532 3353 1595 v).

2078 1626 2237 1678 Vens.
2292 1624 2374 1677 lO.
2429 1653 2494 1662 ——
2544 1624 2614 1676 Et
2659 1636 2765 1675 non
2812 1624 3084 1681 surrexit,
3132 1625 3238 1674 etc.
3284 1623 3399 1675 Hoc
3446 1620 3535 1689 (ut
3592 1620 3702 1675 fer-

2002 1712 2117 1784 tur)
2152 1713 2352 1767 Esdras
2378 1711 2447 1766 de
2494 1726 2596 1764 suo
2646 1710 2873 1779 adjecit,
2905 1709 3005 1780 qui
3048 1709 3447 1763 bibliothecam
3480 1726 3509 1763 a
3540 1710 3704 1765 Chal-

2002 1803 2137 1856 daeis
2168 1805 2425 1855 exustam
2474 1799 2663 1855 divino
2706 1815 2873 1852 sensu
2910 1798 3215 1868 reparavit,
3249 1803 3304 1853 et
3332 1798 3547 1852 litteras
3577 1790 3707 1869 qui-

186 1889 300 1943 bus
330 1884 627 1957 praeceptis
659 1884 973 1947 charitatis,
1004 1900 1108 1954 per
1138 1884 1383 1955 gratiam
1415 1883 1623 1940 Christi
1678 1888 1735 1937 et
1764 1899 1892 1937 san-

2084 1908 2108 1943 s
2136 1889 2319 1945 Judaei
2352 1905 2505 1943 nunc
2531 1893 2773 1943 utuntur
2810 1887 3050 1953 invenit,
3084 1887 3235 1941 unde
3266 1891 3320 1941 et
3346 1888 3504 1942 veto.»
3529 1887 3709 1942 scriba

190 1976 387 2047 guinis
429 1974 905 2045 redemptionem,
957 1979 1187 2027 aeternas
1236 1973 1417 2044 quieti
1444 1978 1499 2027 et
1522 1973 1732 2027 futuras
1760 1972 1892 2027 vitae

189 2072 359 2136 aptos
405 2079 565 2130 esse;
604 2079 851 2133 quorum
900 2063 1076 2117 oculos
1122 2078 1230 2117 non
1277 2063 1558 2130 catigavit,
1598 2061 1711 2132 piae
1744 2062 1892 2116 scili-

192 2160 286 2208 cet
320 2152 660 2207 intentionis
694 2151 938 2206 intuitus
986 2151 1184 2205 nubilo
1232 2167 1347 2205 non
1387 2150 1494 2204 fuit
1541 2151 1891 2212 obscuratus,

190 2258 298 2297 nec
340 2242 521 2297 dentes
565 2240 800 2295 malitiae
846 2242 998 2307 moti,
1047 2240 1185 2312 quia
1234 2256 1351 2294 non
1391 2245 1479 2294 est
1526 2239 1895 2310 perturbatus

192 2335 533 2403 tempestate
583 2330 872 2396 vitiorum,
928 2330 1067 2383 ordo
1119 2329 1477 2383 discretionis
1519 2344 1720 2383 eorum
1763 2343 1894 2381 cen-

197 2427 323 2475 tum
371 2424 427 2473 et
471 2418 675 2490 uiginti
722 2424 853 2472 sunt
906 2417 1044 2472 anni
1086 2417 1427 2488 legislatoris
1484 2434 1597 2488 quo
1655 2432 1895 2471 numero

194 2509 534 2565 conﬁrmata
562 2512 647 2562 est
675 2507 914 2562 altitudo
956 2505 1302 2562 Salomonici
1347 2506 1563 2577 templi.
1606 2504 1898 2559 Primitive

201 2614 430 2669 quoque
478 2595 725 2650 Ecclesia
772 2600 903 2665 post
950 2593 1274 2665 passionem
1304 2598 1362 2647 et
1402 2592 1898 2658 resurrectionem,

203 2685 547 2756 Dcminique
595 2682 988 2737 ascensionem
1036 2682 1145 2737 hoc
1192 2697 1435 2736 numero
1482 2680 1736 2734 virorum
1771 2695 1901 2750 gra-

2002 1981 2323 2051 appellatus
2354 1981 2454 2031 est.

2075 2072 2143 2123 Et
2193 2083 2299 2122 non
2350 2068 2593 2121 surrexit
2646 2067 2929 2135 propheta.
2982 2064 3127 2130 Quia
3174 2066 3391 2134 Moyses
3439 2063 3707 2118 omnibus

2004 2155 2300 2229 prophetis
2368 2155 2584 2209 Veteris
2660 2153 3007 2207 Testamenti
3076 2152 3485 2219 praestantior:
3555 2152 3708 2206 unde

2002 2245 2184 2301 Judaei
2213 2249 2547 2315 arroganter
2582 2243 2778 2297 dicunt
2810 2259 2822 2295 :
2858 2245 2964 2297 Nos
3000 2244 3175 2309 Moysi
3228 2240 3488 2310 discipuli
3524 2253 3710 2294 sumus

2006 2336 2194 2407 (Joan.
2257 2337 2355 2404 1x).
2410 2333 2521 2388 Sed
2568 2336 2869 2403 postquam
2946 2331 3223 2385 Dominus
3294 2330 3708 2400 prophetarum

2006 2425 2333 2479 incarnatus
2364 2424 2522 2477 venit
2550 2422 2610 2476 in
2639 2422 2940 2487 mundum,
2977 2420 3164 2475 omnis
3193 2418 3292 2474 illa
3323 2418 3483 2488 prior
3513 2416 3709 2487 digni-

2007 2519 2092 2568 tas
2123 2518 2176 2568 et
2208 2512 2411 2567 umbra
2454 2513 2776 2567 futurorum
2826 2510 3059 2564 cessavit
3092 2526 3104 2563 :
3135 2508 3272 2580 quia
3314 2509 3400 2563 lea:
3429 2514 3479 2560 et
3526 2506 3713 2577 ﬁgura

2002 2618 2105 2673 per
2135 2604 2313 2657 Mosen
2347 2602 2480 2655 data
2521 2605 2637 2655 est:
2679 2602 2863 2668 gratia
2893 2604 2943 2654 et
2970 2601 3169 2653 veritas
3205 2613 3305 2667 per
3332 2597 3525 2651 Jesum
3555 2596 3712 2651 Chri-

2009 2696 2171 2753 stum,
2231 2693 2328 2760 qui
2377 2695 2456 2745 est
2500 2693 2623 2760 ﬁnis
2657 2691 2788 2757 legis
2835 2689 2910 2742 ad
2941 2689 3221 2757 justitiam
3267 2687 3413 2741 omni
3476 2684 3715 2739 credenti

200 2775 333 2829 tiam
365 2773 612 2844 Spiritus
639 2771 818 2826 sancti
866 2771 1099 2842 accepit.
1132 2770 1471 2835 Quindecim
1515 2784 1763 2840 namque
1803 2766 1903 2839 qui
2010 2780 2195 2848 (Hebr,
2230 2795 2266 2832 χ
2297 2795 2311 2845 ς
2342 2779 2509 2832 αοαη,
2544 2795 2562 2832 ι
2588 2797 2603 2845 ;
2633 2780 2783 2834 Rom,
2824 2776 2899 2847 χ),

204 2878 265 2915 ex
311 2866 532 2931 septem
582 2864 638 2913 et
679 2864 801 2913 octo
845 2863 1125 2926 constant,
1160 2859 1413 2912 futuram
1458 2856 1630 2910 vitam
1684 2855 1901 2925 signiﬁ-

205 2954 325 3002 cant
351 2964 483 3019 qua:
517 2962 668 3001 nunc
697 2946 919 3017 geritur
946 2946 1008 3000 in
1040 2946 1273 3001 sabbato
1314 2945 1641 2999 animarum
1688 2948 1744 2997 et
1770 2960 1901 3014 per-

2082 2872 2152 2923 Et
2196 2869 2441 2936 sepelivit
2470 2882 2589 2920 eum
2641 2868 2698 2919 in
2728 2866 2885 2919 vatte.
2917 2862 3141 2918 Scilicet
3188 2861 3479 2917 Dominus.
3513 2861 3580 2914 Et
3608 2876 3711 2930 per

2012 2958 2117 3012 hoc
2165 2955 2519 3027 signiﬁcatur
2568 2955 2723 3026 quod
2783 2958 2971 3007 amoto
3027 2951 3437 3022 impedimento
3494 2954 3715 3004 naturae

206 3036 424 3091 ﬁcietur
476 3035 538 3090 in
610 3035 1026 3090 resurrectione
1102 3050 1428 3106 corporum.
1490 3034 1552 3087 In
1609 3032 1892 3102 trigonum

2079 3063 2116 3100 ιι·
2172 3046 2461 3102 Christum
2510 3044 2705 3099 anima
2754 3042 2969 3097 munda
3019 3046 3281 3111 separata
3335 3038 3592 3093 ascendit
3643 3039 3714 3092 ad

205 3138 433 3195 quoque
492 3123 906 3195 quindenarius
958 3123 1183 3189 ductus,
1231 3122 1291 3177 id
1334 3127 1418 3176 est
1474 3136 1605 3176 cum
1651 3120 1892 3192 partibus

2079 3151 2198 3190 sum
2233 3151 2247 3189 :
2279 3139 2335 3188 et
2364 3149 2569 3203 corpus
2624 3131 2776 3203 quod
2825 3129 3100 3201 sepelitur
3151 3128 3212 3181 in
3258 3133 3413 3182 terra
3458 3129 3718 3180 remanet

206 3212 323 3266 suis
348 3213 781 3280 adnumeratus,
807 3212 983 3267 efﬁcit
1010 3218 1241 3267 centum
1268 3216 1323 3265 et
1340 3211 1564 3281 viginti.
1598 3214 1743 3280 Apte
1772 3226 1892 3280 ergc

2079 3240 2199 3297 sque
2255 3224 2325 3277 ad
2379 3222 2685 3293 judicium.
2746 3219 3109 3275 Ecclesiastes
3165 3233 3290 3271 xu:
3339 3217 3527 3269 Donec
3588 3215 3715 3286 pul-

205 3302 535 3356 centenario
582 3308 639 3357 et
684 3301 971 3356 vicenario
1029 3302 1341 3356 electorum
1391 3299 1684 3355 beatitudo
1713 3299 1774 3353 in
1821 3298 1911 3353 fu-
2019 3314 2101 3368 vis
2158 3316 2474 3367 revertatur
2528 3310 2590 3365 in
2644 3309 2937 3379 pulverem
2994 3306 3146 3360 unde
3194 3310 3337 3371 erat,
3379 3308 3436 3357 et
3485 3301 3720 3372 spiritus

206 3397 337 3446 tura
367 3392 480 3445 vita
510 3392 792 3461 signatur,
829 3395 886 3444 et
917 3390 1152 3445 tertium
1183 3389 1388 3444 domus
1419 3388 1520 3443 Dei
1552 3388 1910 3443 ccenaculum
2019 3403 2213 3458 redeat
2243 3400 2315 3457 ad
2348 3402 2529 3455 Deum
2560 3399 2660 3470 qui
2692 3396 2850 3452 dedit
2879 3396 3064 3451 illum,
3098 3394 3278 3458 Quem
3304 3392 3553 3446 reditum
3586 3406 3717 3461 pro-

204 3484 654 3543 consummaturi
710 3479 845 3551 (ἰυίᾶ
894 3484 1024 3550 Ροδι
1067 3478 1324 3533 ﬁdelium
1372 3478 1613 3544 labores,
1658 3483 1792 3548 Post
1816 3491 1908 3531 Γθ·
2018 3508 2252 3563 sperum
2281 3490 2446 3544 nobis
2476 3487 2767 3550 concedat,
2799 3484 2899 3558 qui
2940 3484 3077 3538 vivit
3104 3488 3162 3538 et
3189 3486 3394 3554 regnat
3425 3480 3487 3535 in
3516 3481 3721 3535 saecula

206 3571 400 3641 quiem
447 3570 773 3624 animarum
815 3570 987 3638 plena
1029 3566 1291 3622 Ecclesiae
1338 3567 1579 3622 felicitas
1627 3566 1688 3621 in
1717 3582 1909 3621 resur-
2019 3581 2380 3636 saeculorum,
2422 3581 2619 3633 Αηιθη,

204 3658 473 3713 rectionis
505 3657 693 3729 gloria
723 3656 1123 3729 complebitur.

1261 3949 1610 4036 LIBER
1691 3943 2037 4033 JOSUE
2120 3941 2347 4029 BEN
2437 3938 2687 4026 NUN

1561 4104 1818 4159 Hebraice
1852 4102 2095 4156 Jaeosua
2131 4099 2373 4170 (viz-iw).

1758 4232 2182 4245 ———

1391 4307 1861 4364 PROTHEMATA
1900 4305 1972 4361 IN
2022 4304 2286 4361 LIBRUM
2323 4302 2553 4359 JOSUE.

1954 4559 1996 4613 D
2035 4560 2098 4614 In
2129 4558 2318 4613 Exodo
2344 4557 2452 4611 hoc
2492 4556 2743 4628 primum
2785 4555 3014 4610 invenio
3046 4556 3240 4624 (Exod.
3278 4554 3430 4621 xvu),
3465 4558 3596 4617 etc.,
3630 4568 3728 4608 us-

874 4618 1265 4673 PR‘EFATIO'
2030 4664 2132 4718 que
2186 4647 2261 4702 ad
2318 4647 2453 4701 dum
2492 4618 2823 4717 peccamus,
2874 4650 2929 4699 et
2982 4618 3224 4715 regnant
3278 4644 3336 4698 in
3384 4618 3546 4698 nobis
3593 4642 3730 4696 vitia

286 4738 574 4807 (Hmaom,
606 4740 728 4792 Div.
764 4739 1048 4801 Bibiioth.,
1090 4743 1228 4793 tom.
1270 4738 1409 4799 Vill,
1451 4738 1557 4790 col.
1595 4737 1742 4807 461.)
1773 4738 1919 4791 Tan-
2030 4737 2382 4807 passionum,
2429 4734 2690 4807 quamvis
2739 4734 2954 4789 relictis
2985 4734 3150 4789 idolis
3180 4733 3251 4788 ab
3281 4735 3519 4803 Egypto
3548 4732 3732 4785 exisse

209 4828 351 4883 dem
386 4827 547 4881 ﬁnito
592 4828 979 4882 Pentateucho
1027 4826 1216 4897 Moysi,
1267 4827 1424 4879 velut
1472 4825 1672 4895 grandi
1703 4825 1922 4880 fmnore
2030 4826 2347 4891 videamur,
2391 4823 2764 4895 opprobrium
2806 4829 2997 4878 tamen
3037 4822 3265 4893 Egypti
3308 4837 3421 4875 non
3453 4825 3536 4874 est
3574 4820 3731 4874 abla-

210 4915 468 4973 liberati.
502 4916 571 4969 ad
596 4916 792 4970 Jesum
823 4916 1008 4969 ﬁlium
1038 4916 1188 4969 Nave
1216 4930 1452 4969 manum
1481 4913 1779 4983 mittimus,
1814 4918 1919 4969 etc.
2030 4920 2154 4970 tum
2202 4931 2234 4969 a
2280 4914 2462 4969 nobis.
2519 4914 2577 4969 Si
2624 4929 2759 4968 vero
2806 4912 3057 4966 secundo
3114 4910 3289 4965 fueris
3345 4907 3732 4974 circumcisus,

286 5006 688 5075 (ADAMANTIUS,
739 5005 880 5059 hom.
938 5007 957 5057 1
999 5007 1058 5058 in
1104 5003 1304 5075 Josue.)
1355 5002 1591 5057 Donavit
1637 5004 1784 5057 Deus
1822 5020 1923 5058 no-
2033 5003 2335 5059 abscideris
2362 5007 2479 5057 ate
2513 5016 2683 5056 omne
2714 5001 2933 5067 vitium,
2978 5000 3102 5065 irae,
3133 4997 3438 5069 superbiae,
3478 4996 3729 5063 invidiae,

214 5111 356 5149 men
391 5093 535 5163 quod
564 5098 643 5148 est
682 5108 846 5161 super
877 5107 1031 5147 omne
1079 5108 1267 5147 nomen
1315 5093 1450 5147 Jesu
1506 5090 1729 5146 Christo
1760 5107 1773 5145 :
1816 5092 1926 5146 hoc
2034 5091 2289 5147 libidinis
2319 5096 2374 5146 et
2401 5090 2752 5160 hujusmodi,
2787 5089 3186 5159 abstergentur
3230 5086 3539 5158 opprobria
3563 5088 3732 5158 Egy-

214 5187 415 5237 autem
448 5186 533 5235 est
558 5183 745 5235 Jesus.
798 5180 929 5236 Ideo
959 5184 1015 5235 in
1058 5183 1276 5236 nomine
1318 5182 1457 5235 Jesu
1487 5195 1638 5235 omne
1666 5195 1805 5247 genu
1833 5182 1925 5248 ﬂe-
2033 5182 2139 5253 pti,
2170 5185 2227 5234 et
2275 5180 2580 5234 translatus
2610 5179 2669 5233 in
2715 5182 2923 5232 terram
2974 5175 3393 5247 promissionis,
3447 5177 3733 5229 ccelestem

216 5275 408 5338 ctitur,
460 5271 774 5338 antestium,
819 5273 1151 5326 terrestrium
1183 5274 1233 5324 et
1274 5272 1633 5337 infernarum.
1688 5269 1752 5322 Et
1794 5268 1930 5339 quia
2037 5268 2433 5324 haereditatem
2464 5267 2703 5339 accipies
2745 5282 2849 5337 per
2878 5267 3071 5321 Jesum
3103 5264 3388 5320 Christum
3422 5264 3731 5319 Dominum

217 5360 329 5415 hoc
360 5364 443 5413 cst
467 5375 684 5414 nomen
715 5376 888 5430 super
916 5375 1084 5414 omne
1116 5375 1344 5427 nomen,
1376 5358 1587 5413 idcirco
1628 5356 1802 5412 nullis
1834 5372 1929 5411 re-
2037 5361 2313 5413 nostrum.

218 5454 309 5502 tro
353 5448 823 5517 generationibus
872 5448 1237 5503 nominatum
1267 5452 1371 5502 est.
1424 5448 1487 5501 In
1518 5446 1719 5503 Genesi
1743 5446 1927 5516 justos

223 5539 439 5593 multos
457 5536 727 5609 legimus,
751 5541 806 5593 et
826 5536 1017 5592 nullus
1046 5552 1245 5592 eorum
1272 5535 1602 5592 nominatus
1630 5541 1716 5590 est
1742 5536 1923 5591 Jesus.

2602 5426 2827 5481 CAPUT
2876 5424 3167 5480 PRIMUM.

2108 5535 2269 5588 Vaas.
2311 5536 2365 5587 ‘2.
2418 5562 2481 5573 -
2537 5534 2707 5613 Moses
2762 5545 2947 5586 servus
3004 5532 3335 5598 (Apamam,
3395 5529 3535 5584 hom.
3595 5532 3629 5581 2
3676 5530 3736 5582 in
