4062 6180
371 208 474 263 507

986 219 1379 277 WALAFRIDI
1417 226 1664 282 STRABI
1704 231 1902 285 FULD.
1943 235 2114 290 MON.
2163 237 2316 292 OPP.
2363 239 2536 294 PARS
2575 240 2618 294 Ι.
2659 270 2728 279 -
2767 241 3222 300 THEOLOGICA.

3771 254 3868 307 508

365 331 560 401 Iosue.)
598 335 785 442 jMoses
839 337 1082 442 famulus
1151 357 1297 398 meus
1345 352 1587 402 mortuus
1659 358 1756 406 est.
1830 355 2072 411 Adverte
2099 355 2149 412 Α
2185 357 2339 413 enim
2371 365 2504 415 sunt
2534 361 2634 433 qui
2664 362 2902 418 edocent
2927 365 3204 436 populum
3237 367 3391 423 exire
3417 369 3485 423 de
3513 372 3772 442 Egypto,
3805 374 3869 428 de

2549 422 2571 433 -
2928 422 2946 436 ι
3004 422 3022 436 ι
3375 422 3382 423 κ
3515 422 3772 442 "—odr")
3809 422 3867 428 --

370 422 662 491 quomodo
719 431 920 496 regnat
969 428 1149 497 Jesus,
1208 437 1338 500 etc.,
1387 451 1555 506 usque
1609 440 1684 494 ad
1754 443 2068 514 spiritualis
2177 449 2469 503 erroribus
2516 451 2728 506 scilicet
2777 455 3004 520 mundi,
3067 459 3123 509 et
3167 456 3409 512 transire
3460 475 3564 529 per
3619 477 3867 517 eremum

370 509 549 564 Moses
580 517 666 568 est
694 514 795 584 qui
827 515 963 570 vivit
990 517 1047 572 in
1071 520 1292 589 spiritu.

441 601 612 668 Surge
656 606 708 656 et
748 607 944 674 transi,
987 612 1090 662 etc.
1143 611 1302 666 Nunc
1347 629 1482 686 ergo
1523 633 1858 693 exsurgens,
1885 626 2064 681 transi

364 690 671 746 Iordanem
701 692 896 756 istum,
930 700 1035 751 etc.
1071 698 1208 753 Vide
1257 705 1544 772 quomodo
1592 690 1852 766 minister
1890 714 2065 771 fuerit

366 775 504 829 Mosi
533 776 692 830 Jesus
727 777 898 832 Filius
943 780 1060 834 Dei.
1107 784 1238 840 Cum
1265 791 1410 842 venit
1455 791 1735 859 plenitudo
1787 800 2059 868 temporis.

363 865 514 916 misit
575 865 718 918 Deus
774 868 971 922 Filium
1017 885 1174 926 suum
1213 876 1423 940 factum
1469 894 1537 932 ea:
1566 883 1808 952 muliere,
1854 865 2062 952 factum

360 951 460 1004 sub
485 952 775 1044 lege_(Gal.
825 956 920 1026 ιν),
967 960 1104 1028 quia
1150 961 1332 1018 factus
1379 967 1483 1021 sub
1532 969 1654 1039 lege
1686 951 2062 1044 Mosi,factus

363 1043 446 1093 est
489 1039 749 1095 minister
781 1045 934 1100 Mosi.
977 1048 1044 1102 Et
1074 1047 1254 1105 factus
1293 1058 1376 1108 est
1406 1055 1612 1112 Christi
1655 1039 1915 1118 minister
1951 1065 2059 1119 cir-

362 1129 724 1184 cumcisionis
769 1133 837 1187 ad
877 1135 1296 1195 confirmandae
1337 1145 1746 1212 promissiones
1791 1152 2052 1212 Patrum.

436 1218 594 1308 Vens.
650 1221 701 1274 3.
755 1252 824 1261 —
865 1224 1080 1281 Omnem
1129 1229 1318 1300 locum,
1368 1238 1472 1288 etc.
1523 1236 1721 1308 (Orig,
1771 1241 1972 1297 hom.2
2004 1247 2060 1298 in

358 1307 498 1376 Jos.)
533 1307 740 1363 Littera
771 1310 913 1381 legis
957 1314 1118 1370 humi
1150 1318 1332 1387 posita
1373 1327 1479 1388 est,
1512 1329 1569 1378 et
1596 1307 1860 1384 deorsum
1885 1330 2056 1400 jacet,

359 1399 490 1462 etc.,
547 1412 714 1468 usque
765 1401 839 1454 ad
880 1407 1094 1458 utnon
1145 1408 1328 1463 solum
1387 1411 1652 1469 efﬁciaris
1713 1399 1899 1472 haeres
1939 1422 2055 1489 Dei,

359 1484 453 1538 sed
487 1486 735 1542 cohaeres
775 1491 1002 1548 Christi.
1343 1563 1350 1566 ,

431 1575 590 1630 Vens.
625 1577 678 1632 4.
712 1609 777 1619 -
807 1581 856 1635 Λ
903 1582 1108 1640 deserto
1137 1589 1187 1640 et
1215 1588 1441 1656 Libano,
1493 1597 1599 1648 etc.
1636 1595 1838 1665 (Ome,
1889 1601 2025 1656 ibid.

358 1664 627 1718 Eremum
674 1670 729 1720 et
781 1669 1196 1730 Antilibanum.
1259 1678 1382 1732 Non
1435 1680 1578 1736 dixit
1624 1664 1911 1753 Libanum,
1962 1664 2058 1745 sed

355 1753 764 1821 Antilibanum,
827 1763 956 1826 etc.,
1020 1778 1190 1831 usque
1233 1766 1308 1820 ad
1366 1769 1610 1826 Ecclesia
1671 1790 1740 1828 ex
1791 1778 2062 1846 gentibus

357 1847 702 1914 congregata
733 1861 834 1916 per
859 1848 1051 1902 Jesum
1083 1851 1390 1910 Christum.

427 1929 623 2019 (Aoo.,
675 1939 863 2000 quaest.
902 1939 920 1990 l
955 1939 1014 1991 in
1040 1941 1214 2004 Josue,
1267 1946 1414 2001 tom.
1472 1948 1596 2019 IIl.)
1645 1951 1716 2005 Ex
1760 1951 1868 2007 hoc
1896 1955 2058 2011 testi-

354 2018 554 2073 monio
586 2025 642 2074 et
669 2021 797 2076 aliis
844 2027 1122 2094 probatur
1173 2031 1350 2086 Moses
1398 2018 1717 2104 defunctus,
1755 2046 1816 2094 ut
1841 2042 1942 2096 Dei
1969 2043 2052 2096 fa-

357 2107 550 2161 mulus
604 2113 660 2164 et
716 2111 829 2167 Deo
886 2115 1134 2184 placens,
1194 2122 1454 2189 quamvis
1499 2124 1557 2179 in
1589 2142 1656 2179 eo
1688 2127 1785 2182 illa
1814 2129 2057 2185 vindicta

352 2197 638 2267 completa
691 2199 784 2266 sit,
839 2218 912 2256 ne
970 2208 1181 2260 terram
1234 2211 1628 2286 promissionis
1681 2214 1940 2273 intraret.
1984 2222 2056 2275 Ex

357 2300 474 2355 quo
503 2285 670 2342 datur
715 2287 961 2363 intelligi
1005 2294 1187 2350 Deum
1233 2298 1404 2354 etiam
1438 2300 1498 2354 in
1540 2302 1708 2357 bonis
1738 2307 1908 2361 servis
1940 2308 2057 2364 suis

352 2372 549 2446 aliqua
578 2379 952 2446 corporaliter
979 2383 1066 2436 vel
1106 2388 1502 2456 temporaliter
1549 2390 1855 2464 vindicare,
1891 2401 1947 2451 et
1971 2402 2052 2452 ta-

355 2478 490 2516 men
519 2480 613 2518 eos
643 2464 794 2520 inter
823 2484 953 2522 vasa
987 2470 1228 2527 honesta
1258 2480 1315 2528 et
1349 2477 1510 2532 utilia
1539 2479 1768 2536 habere.

427 2553 787 2623 Przcepitque
839 2558 1026 2612 Josue.
1106 2565 1288 2629 (Ana,
1366 2573 1553 2634 quaest.
1624 2571 1700 2637 2.)
1770 2571 2056 2636 Quaaritur

354 2642 644 2712 quomodo
690 2643 797 2699 hoc
843 2648 1138 2719 praecepit,
1167 2657 1474 2724 postquam
1517 2657 1792 2712 Dominus
1845 2661 2054 2714 exhor-

351 2733 502 2784 tatus
534 2734 619 2785 est
665 2748 818 2799 eum,
867 2739 996 2803 etc.,
1043 2753 1211 2807 usque
1253 2741 1328 2795 ad
1383 2742 1680 2814 dispositio
1711 2748 1834 2818 ejus
1861 2748 2053 2804 Jetbro

353 2824 696 2889 suggerente
727 2821 998 2878 divinitus
1050 2832 1322 2883 mutatur.

2035 1602 2138 1696 la

2174 542 2412 605 vastam,
2444 538 2503 593 id
2528 545 2630 607 est,
2664 543 3048 597 tentationum
3085 560 3300 615 genera
3338 547 3558 603 diversa
3587 552 3867 606 transcur-

2173 640 2298 680 rere
2307 665 2322 680 .

2248 715 2404 770 Vens.
2439 722 2489 772 7.
2521 746 2592 758 —
2643 719 2814 774 Hodie
2868 723 3132 792 incipiam
3180 725 3426 779 exaltare
3483 731 3551 793 te,
3585 732 3691 782 etc.
3746 730 3864 799 (In,

2172 804 2268 858 ubi
2310 806 2525 876 supra.)
2580 809 2754 862 Multa
2792 811 3054 881 prodigia
3098 811 3160 866 in
3203 828 3399 868 eremo
3437 819 3594 884 gesta
3637 823 3788 885 sunt,
3817 826 3868 873 et

2171 909 2458 964 nusquam
2507 895 2714 950 dicitur
2763 899 3045 954 exaltatus
3073 901 3250 955 Jesus.
3290 902 3392 956 Ubi
3433 920 3566 958 vero
3600 906 3866 961 transitur

2168 982 2464 1049 Iordanes,
2512 984 2719 1039 dicitur
2749 986 2816 1040 ad
2869 1003 3000 1041 eum
3034 1005 3046 1042 :
3092 989 3266 1043 Hodie
3321 993 3580 1061 incipiam
3627 995 3864 1050 exaltare

2170 1075 2240 1137 te,
2292 1075 2398 1126 etc.
2443 1073 2716 1128 Exaltatio
2754 1075 2907 1129 enim
2954 1078 3084 1131 Jesu
3135 1079 3194 1132 in
3242 1086 3547 1150 conspectu
3591 1084 3787 1153 populi
3828 1103 3857 1138 a

2169 1159 2454 1231 baptismo
2486 1163 2662 1217 sumit
2691 1164 3007 1220 exordium.
3059 1168 3165 1230 Qui
3197 1168 3350 1222 enim
3397 1171 3769 1241 baptizantur,
3800 1174 3851 1226 in

2170 1253 2352 1303 morte
2395 1249 2576 1320 ipsius
2615 1251 2998 1322 baptizantur,
3047 1257 3211 1326 cujus
3260 1273 3412 1311 mors
3460 1257 3520 1312 in
3563 1261 3734 1313 crucis
3763 1277 3852 1314 ex-

2169 1338 2444 1393 altatione
2500 1341 2835 1411 completur.
2887 1343 3086 1397 Merito
3146 1360 3284 1415 ergo
3340 1346 3547 1417 cuique
3609 1347 3856 1403 ﬁdelium

2169 1433 2306 1482 tunc
2363 1428 2615 1498 primum
2670 1429 2832 1484 Jesus
2870 1432 3170 1497 exaltatur,
3227 1450 3358 1488 cum
3408 1435 3479 1488 ad
3532 1437 3856 1505 mysterium

2170 1515 2437 1586 baptismi
2480 1517 2760 1585 pervenit.
2814 1519 3017 1574 Unde:
3077 1523 3362 1576 Emaltavit
3419 1523 3576 1577 illum
3615 1527 3773 1593 Deus,
3817 1530 3863 1579 et

2168 1604 2392 1659 donavit
2437 1607 2523 1660 illi
2566 1622 2756 1661 nomen
2803 1609 2950 1676 quod
2984 1615 3062 1664 est
3101 1624 3266 1678 super
3319 1625 3470 1665 omne
3508 1627 3720 1678 nomen,
3761 1617 3858 1667 etc.

2245 1695 2406 1748 Vens.
2447 1698 2498 1749 9.
2535 1726 2603 1734 —
2658 1697 2879 1750 Domini
2929 1700 3028 1752 Dei
3075 1700 3265 1764 vestri,
3315 1705 3420 1752 etc.
3472 1700 3692 1766 (Anan,
3728 1702 3859 1756 hom.

2166 1784 2200 1836 4
2230 1784 2288 1837 in
2315 1783 2453 1852 Jos.)
2507 1785 2790 1839 Peccatori
2839 1787 3026 1840 omnis
3075 1792 3333 1842 creatura
3379 1788 3556 1842 hostis
3599 1795 3704 1856 est,
3737 1796 3860 1855 etc.,

2165 1887 2335 1942 usque
2366 1873 2477 1926 ad:
2509 1877 2606 1941 qui
2635 1877 2896 1929 convertit
2933 1881 3150 1945 petram
3179 1879 3234 1931 in
3269 1882 3466 1944 stagna
3501 1893 3788 1947 aquarum,
3817 1884 3865 1932 et

2164 1976 2354 2030 rupem
2381 1965 2438 2016 in
2461 1965 2656 2030 fontes,
2691 1969 2798 2017 etc.

2237 2050 2398 2103 Vens.
2438 2053 2520 2104 l0.
2553 2081 2622 2091 --
2655 2052 3010 2119 Chananeus,
3062 2053 3379 2126 possidens,
3435 2055 3520 2108 vel
3563 2055 3861 2124 possessio,

2165 2138 2250 2191 vel
2285 2138 2688 2208 negotiatores,
2747 2141 2832 2194 vel
2880 2142 3187 2195 motabilis.
3233 2144 3502 2208 Hetha’us,
3551 2143 3864 2198 formidans

2163 2226 2278 2281 sive
2326 2235 2578 2299 stupens.
2629 2231 2869 2296 Hevzus,
2925 2231 3142 2302 lapides
3187 2231 3481 2302 colligens.
3531 2234 3862 2298 Pherezzus,

2165 2332 2453 2386 separaris,
2488 2317 2604 2371 sive
2637 2318 3038 2373 disseminaus.
3095 2320 3419 2388 Gergeszus,
3471 2321 3737 2374 colonum
3765 2336 3862 2389 ap-

2164 2403 2332 2474 plica,
2375 2406 2461 2459 vel
2507 2407 2775 2460 colonum
2823 2408 3074 2477 ejiciens,
3121 2409 3236 2463 sive
3283 2410 3503 2463 advena
3553 2408 3868 2480 appropin-

2164 2508 2367 2562 quans.
2414 2495 2790 2560 Amorrhaeus,
2842 2512 3071 2550 amarus
3115 2497 3203 2551 vel
3253 2498 3512 2568 loquens.
3560 2498 3863 2562 Jebusa’us,

2162 2582 2462 2647 calcantes,
2495 2584 2582 2637 vel
2614 2600 2871 2654 prmeepe
2900 2602 3118 2640 eorum.

2238 2671 2400 2727 Vens.
2438 2675 2521 2726 lii.
2554 2703 2622 2712 --
2653 2676 2842 2728 Messis
2889 2676 3224 2744 impleverat.
3273 2675 3398 2729 LXX
3428 2691 3442 2729 :
3475 2676 3627 2731 Sicut
3657 2677 3716 2729 in
3749 2675 3862 2729 die-

2163 2759 2259 2813 bus
2297 2764 2484 2816 messis
2533 2764 2720 2819 tritici.
2767 2762 2887 2816 Hoc
2916 2763 3252 2817 incredibile
3282 2764 3508 2818 videtur
3532 2763 3867 2834 regionibus

2161 2849 2392 2914 nostris,
2425 2849 2506 2902 ibi
2538 2856 2728 2904 autem
2762 2851 2932 2916 (sicut
2979 2851 3282 2920 perhibent
3309 2852 3408 2922 qui
3446 2855 3753 2920 noverunt.)
3809 2852 3867 2905 in

428 2909 703 2964 Rubenitis
733 2927 965 2983 quoque.
998 2915 1306 2985 (ADAMAN.,
1341 2921 1483 2976 hom.
1516 2925 1547 2976 3
1572 2924 1630 2977 in
1653 2925 1872 2993 Josue.)
1905 2927 2053 2980 Con-
2089 2951 2128 3006 ο
2162 2934 2326 2989 initio
2357 2909 2503 2988 veris
2532 2942 2618 2990 est
2646 2909 2846 2990 messis
2884 2909 3057 3001 tritici
3085 2954 3098 2991 :
3134 2943 3273 2992 tunc
3301 2909 3493 2993 autem
3525 2939 3620 2992 ille
3650 2909 3868 2993 ﬂuvius

354 2997 673 3052 sideremus
703 3015 877 3070 quam
923 3002 1173 3060 formam
1221 3011 1454 3063 teneant
1483 3011 1613 3065 duae
1662 3018 1717 3066 et
1743 3014 1915 3068 semis
1945 3014 2052 3068 tri-

352 3086 480 3154 bus,
530 3093 662 3154 etc.,
705 3105 876 3159 usque
904 3093 980 3146 ad
1025 3095 1125 3165 qui
1156 3101 1365 3152 terram
1412 3099 1687 3156 ﬂuentem
1722 3103 1808 3156 lac
1853 3109 1909 3157 et
1941 3105 2050 3158 mel

351 3174 413 3228 in
443 3177 826 3232 amaritudine
858 3181 1094 3237 malitiae
1131 3184 1408 3240 detinent.

1033 3307 1258 3363 CAPUT
1297 3311 1365 3365 II.

427 3404 586 3459 Vens.
633 3409 682 3459 1.
717 3437 785 3447 -
813 3409 964 3464 Misit
994 3427 1141 3480 ergo,
1174 3417 1277 3467 etc.
1309 3413 1480 3483 (Bene
1510 3419 1569 3472 in
1595 3419 1808 3489 Josue.)
1828 3421 2050 3478 Jericho

349 3492 545 3547 civitas
596 3496 845 3551 mundus
890 3503 996 3568 est,
1035 3500 1105 3554 ad
1148 3517 1318 3571 quem
1370 3504 1641 3560 Dominus
1693 3507 1948 3563 Christus
1979 3513 2047 3566 ad

348 3584 790 3651 perscrutandos
821 3602 1007 3641 mores
1052 3589 1357 3647 hominum
1401 3593 1516 3648 duo
1563 3597 1924 3654 Testamenta
1959 3601 2046 3654 di-

347 3669 512 3725 rexit.
557 3673 697 3726 Nam
728 3672 788 3727 in
820 3691 887 3729 eo
923 3682 983 3729 ut
1011 3679 1364 3735 credentium
1414 3681 1587 3738 ﬁdem
1615 3690 1713 3739 aut
1743 3688 2046 3745 rebellium

335 3757 726 3827 'pervicaciam
787 3763 1013 3833 plenius
1085 3769 1501 3839 comprobaret,
1557 3779 1689 3827 ante
1740 3775 2047 3834 adventum

339 3846 540 3918 judicii
569 3849 675 3917 sui,
711 3853 874 3922 quasi
904 3855 1296 3925 exploratores
1338 3859 1500 3927 duos,
1539 3847 1742 3932 Legem
1775 3869 1830 3918 et
1866 3866 2045 3920 Evan-

347 3937 563 4008 gelium
595 3939 914 3996 destinavit.

420 4028 647 4096 (Anam,
703 4030 840 4085 hom.
894 4032 981 4094 3.)
1035 4032 1333 4090 Mittuntur
1379 4054 1413 4091 a
1469 4040 1602 4093 Jesu
1659 4044 2045 4113 exploratores

343 4114 406 4169 in
434 4116 676 4184 Jericho,
727 4125 858 4188 etc.,
907 4136 1077 4190 usque
1105 4125 1180 4177 ad
1207 4125 1254 4178 si
1297 4125 1356 4179 in
1390 4127 1783 4184 misericordia
1817 4132 2042 4187 Domini

343 4204 434 4257 sui
458 4204 800 4261 intellexerit
831 4207 1163 4266 bonitatem.

417 4293 578 4348 Vens.
614 4298 696 4349 16.
730 4325 800 4337 -
843 4298 937 4352 Ad
963 4305 1220 4355 montana
1266 4305 1615 4371 conscendite,
1669 4313 1773 4362 etc.
1807 4310 2042 4379 (Anam,

346 4381 486 4435 hom.
535 4384 614 4451 3.)
655 4385 760 4438 Dat
801 4387 1027 4457 sapiens
1076 4391 1345 4445 meretrix
1389 4394 1690 4448 consilium
1744 4397 2044 4467 mysticum

344 4475 404 4524 et
445 4471 688 4537 cmieste,
741 4480 871 4540 etc.,
923 4492 1091 4548 usque
1118 4480 1192 4533 ad
1233 4497 1362 4552 qua:
1416 4483 1724 4554 aliquando
1771 4489 2045 4542 meretrix

343 4565 487 4626 erat,
545 4563 818 4616 mundata
878 4571 961 4619 est
1006 4566 1067 4620 in
1105 4583 1256 4638 aqua
1297 4574 1354 4624 et
1399 4571 1617 4640 Spiritu
1665 4580 1858 4629 sancto
1899 4581 1957 4631 et
1984 4576 2043 4631 in

343 4649 622 4719 sanguine
655 4651 882 4706 Christi.

1011 4761 1236 4817 CAPUT
1277 4765 1375 4818 ΙΙΙ.

418 4862 574 4917 Vens.
635 4867 690 4920 3.
749 4895 809 4906 -
878 4867 1009 4924 Cum
1063 4869 1315 4925 videritis
1371 4887 1556 4926 arcam
1604 4873 1901 4930 testimonii
1950 4877 2048 4929 Dei

342 4955 536 5018 nostri,
576 4958 628 5007 et
687 4955 1010 5026 sacerdotes,
1062 4962 1112 5010 et
1159 4959 1376 5014 Levitas
1425 4965 1703 5029 portantes
1753 4978 1890 5029 eam,
1933 4967 2040 5017 etc.

343 5040 530 5111 (Auc.,
563 5048 753 5112 quaest.
789 5047 818 5099 3
850 5047 909 5098 in
952 5045 1166 5118 Josue.)
1210 5047 1402 5118 Longe
1446 5048 1666 5119 jussum
1721 5055 1806 5103 est
1854 5067 2040 5106 arcam

341 5131 690 5199 praecedere,
737 5137 866 5200 etc.,
917 5149 1087 5204 usque
1115 5135 1190 5189 ad
1219 5136 1371 5190 nube
1413 5138 1716 5206 subtracta,
1768 5144 2040 5211 tanquam

341 5216 623 5272 velamine
652 5219 858 5274 ablato.

411 5308 700 5361 Praecedite
752 5311 1029 5378 populum.
1084 5311 1288 5382 (Ome,
1341 5315 1479 5369 hom.
1541 5317 1633 5383 ιν.)
1691 5317 1800 5371 Per
1855 5332 2038 5372 sacer-

340 5394 501 5449 dotes
531 5395 832 5450 deducitur
861 5400 1126 5469 populus,
1149 5408 1206 5455 et
1235 5402 1344 5456 iter
1368 5404 1488 5473 agit
1516 5403 1585 5458 ad
1609 5410 1816 5460 terram
1845 5421 2038 5476 repro-

341 5484 629 5540 missionis
690 5486 1016 5558 magisterio
1083 5492 1462 5548 sacerdotum.
1530 5497 1600 5550 Et
1653 5497 1862 5562 infra:
1925 5495 2041 5567 Ipsi

2160 3022 2443 3078 redundat
2480 3029 2537 3077 et
2563 3023 2837 3094 impletur
2864 3024 3112 3094 amplius
3136 3041 3310 3095 quam
3352 3041 3453 3096 per
3479 3025 3754 3080 hiemem.

2236 3113 2395 3166 Vens.
2469 3116 2550 3166 16.
2612 3143 2680 3152 -—
2742 3114 3014 3168 Steterunt
3076 3129 3232 3182 aquae
3298 3114 3688 3177 descendentes,
3758 3120 3865 3168 etc.

2163 3200 2381 3265 (Amm,
2424 3201 2564 3254 hom.
2613 3201 2689 3271 4.)
2742 3203 2867 3256 Non
2896 3201 3110 3272 absque
3142 3203 3397 3272 mysterii
3444 3203 3666 3256 ratione
3714 3203 3868 3257 arbi-

2162 3292 2281 3340 tror
2322 3287 2620 3358 scriptum,
2664 3294 2792 3355 etc.,
2839 3306 3008 3359 usque
3053 3290 3129 3344 ad
3175 3295 3233 3344 et
3279 3307 3430 3344 unus
3467 3290 3718 3361 Spiritus
3754 3307 3869 3363 quo

2161 3391 2362 3429 omnes
2407 3377 2780 3446 purificantur
2810 3379 2870 3432 in
2917 3379 3222 3450 baptismo,
3253 3385 3310 3433 et
3340 3396 3486 3434 unus
3516 3381 3666 3435 Deus
3699 3383 3870 3435 Pater

2159 3479 2443 3519 omnium.

2827 3608 3052 3664 CAPUT
3091 3609 3176 3663 IV.

2227 3729 2386 3783 Vens.
2420 3732 2473 3783 7.
2503 3760 2571 3768 -
2619 3731 2679 3784 ιη
2707 3735 2982 3784 eternium.
3036 3732 3218 3798 (Αυῡ.)
3271 3731 3567 3795 Quomodo
3597 3731 3658 3784 in
3691 3739 3867 3786 aster-

2158 3833 2321 3886 num,
2380 3833 2509 3872 cum
2559 3820 2764 3873 cmlum
2795 3824 2849 3872 et
2879 3825 3027 3873 terra
3076 3821 3406 3874 transeant?
3447 3822 3535 3874 An
3581 3821 3864 3891 quoniam

2155 3910 2433 3960 aeternum
2488 3906 2707 3977 aliquid
2763 3906 3066 3977 signiﬁcat,
3124 3924 3254 3961 cum
3312 3907 3422 3978 ipsi
3473 3909 3676 3962 aeterni
3736 3926 3862 3964 esse

2157 4011 2269 4049 non
2331 3995 2594 4065 possint?
2647 3995 2914 4060 Quamvis
2972 3996 3151 4067 possit
3197 3997 3351 4068 quod
3406 3996 3468 4050 in
3522 3997 3722 4052 Grch
3778 4003 3865 4052 est

2155 4083 2351 4138 Latine
2382 4083 2492 4136 dici
2524 4099 2702 4153 usque
2733 4084 2793 4137 in
2825 4086 3115 4140 saeculum.

2226 4173 2382 4226 Vens.
2445 4174 2526 4226 10.
2576 4174 2978 4243 Festinavitque
3039 4175 3272 4243 populus
3325 4179 3375 4228 et
3435 4177 3684 4242 transiit,
3751 4180 3861 4230 etc.

2072 4256 2116 4310 D
2155 4259 2375 4332 (Anan,
2436 4261 2578 4315 hom.
2633 4263 2714 4329 2.)
2772 4261 2880 4326 Qui
2939 4277 3095 4316 mare
3159 4261 3414 4317 Rubrum
3479 4262 3867 4332 transierunt,

2151 4349 2424 4419 baptizati
2477 4353 2610 4403 sunt
2660 4349 2720 4403 in
2772 4350 2980 4421 Moyse,
3031 4355 3165 4419 etc.,
3224 4366 3389 4420 usque
3436 4351 3510 4404 ad
3555 4367 3689 4405 cum
3742 4353 3868 4423 jam

2154 4453 2269 4491 non
2302 4438 2372 4491 sit
2405 4438 2506 4508 qui
2536 4443 2816 4492 exterreat
2844 4439 2994 4493 filios
3028 4440 3216 4494 Israel.

2223 4526 2384 4580 Vens.
2417 4526 2502 4580 14.
2535 4557 2602 4566 -
2653 4529 2716 4581 In
2755 4527 2844 4581 die
2872 4528 2983 4594 illo,
3036 4533 3142 4581 etc.
3193 4528 3429 4598 Semper
3468 4529 3756 4582 exaltatus
3785 4534 3872 4584 est

2150 4615 2311 4669 Jesus
2365 4615 2514 4685 apud
2563 4616 2830 4675 Patrem;
2886 4616 2982 4670 sed
3017 4632 3160 4687 opus
3211 4622 3296 4670 est
3327 4621 3389 4670 ut
3429 4617 3484 4670 in
3542 4623 3870 4688 conspectu

2152 4707 2345 4756 nostro
2405 4703 2616 4757 exaltet
2671 4703 2833 4757 illum
2885 4706 3054 4773 Deus,
3109 4705 3163 4759 id
3221 4709 3326 4765 est,
3382 4708 3446 4758 ut
3490 4704 3872 4760 altitudinem

2151 4790 2464 4845 divinitatis
2495 4791 2618 4862 ejus
2665 4808 3093 4863 cognoscamus.
3147 4793 3268 4847 Hoc
3297 4798 3487 4846 autem
3517 4793 3600 4861 fit,
3661 4794 3715 4847 si
3745 4795 3873 4848 Jor-

2150 4879 2356 4934 danem
2396 4880 2813 4948 transierimus,
2847 4887 2904 4936 et
2934 4882 3100 4936 variis
3138 4887 3626 4936 sacramentorum
3661 4883 3870 4938 muni-

2151 4968 2362 5022 mentis
2387 4968 2459 5022 ad
2487 4969 2676 5023 futura
2705 4969 2851 5024 bella
2877 4985 3187 5024 armemur.

2223 5057 2382 5112 Vens.
2424 5060 2506 5111 16.
2535 5089 2603 5096 —
2629 5059 2872 5127 Praecipe
2907 5059 3293 5114 sacerdotibus.
3331 5057 3498 5128 (Aac.
3536 5061 3597 5112 in
3623 5060 3872 5129 Josue.)

2151 5145 2355 5200 Manda
2406 5146 2791 5200 sacerdotibus
2850 5147 3214 5217 portantibus
3267 5163 3456 5202 arcam
3504 5148 3870 5212 testamenti,

2151 5237 2283 5298 etc.,
2315 5247 2484 5301 usque
2525 5233 2600 5287 ad
2638 5233 2736 5304 qui
2785 5233 2844 5287 in
2883 5234 2966 5288 rei
3019 5238 3273 5288 ventura:
3321 5234 3726 5290 testimonium
3766 5238 3871 5290 da-

2151 5325 2277 5375 tum
2305 5320 2414 5375 fuit
2444 5322 2609 5376 Vetus
2634 5323 3081 5377 Testamentum.

2220 5412 2458 5480 Populus
2531 5416 2732 5466 autem.
2819 5413 3143 5482 (ΛῡΑιΑΝτ.,
3207 5413 3346 5466 hom.
3422 5413 3497 5478 2.)
3557 5411 3680 5466 Non
3741 5411 3876 5467 sine

2153 5513 2325 5553 causa
2376 5498 2635 5570 signatur
2683 5500 2910 5572 quando
2957 5500 3194 5556 veniunt
3237 5500 3309 5555 ad
3349 5500 3679 5567 Jordanem,
3729 5505 3874 5568 etc.,
