3976 6178
140 279 227 330 509
1262 276 1514 333 GLOSSA
1553 277 1953 334 ORDINARIA.
1995 308 2064 316 —
2107 279 2231 333 LIB.
2274 275 2505 333 JOSUE.

3536 284 3640 335 510

142 412 288 464 usque
316 395 391 449 ad
415 398 475 449 ut
509 395 720 449 multas
759 395 1231 466 perfectionesad
1274 413 1454 453 unum
1502 398 1652 453 diem
1686 415 1826 471 pen-
1866 402 1913 454 A
2011 401 2091 454 Et
2118 402 2391 467 fecerunt.
2432 399 2584 470 (Isrn.
2617 402 2676 454 in
2719 400 2859 471 Jos.)
2898 402 3030 456 Post
3074 402 3362 472 Evangelii
3392 402 3640 456 circum-

140 487 253 539 dere
287 484 635 555 signiﬁcent.

197 572 475 627 Duodecim
544 589 770 643 quoque,
851 573 1060 628 scilicet
1136 574 1469 645 mysterium
1547 574 1680 646 agni
1762 576 1819 630 in

139 664 360 731 Σεῖρῐο
410 668 763 732 praeceptum
814 667 918 727 est,
960 664 1095 734 quia
1122 664 1323 718 eodem
1360 663 1451 717 die
1485 680 1598 735 quo
1658 680 1821 718 erro-

140 767 211 803 res
239 750 439 803 mundi
469 749 741 820 fugimus,
787 756 997 805 terram
1025 752 1420 823 promissionis
1442 752 1820 823 ingredimur,

138 841 254 893 Tota
307 838 463 891 enim
520 838 632 892 vita
682 855 931 909 praesens
991 856 1101 893 una
1142 840 1261 894 dies
1288 845 1371 894 est
1402 841 1605 896 :hodie
1663 859 1822 913 ergo,

139 927 184 981 id
234 931 333 993 est,
373 927 509 980 dum
570 927 831 994 vivimus,
881 928 951 982 ad
1009 928 1415 999 perfectionem
1466 930 1818 996 festinemus,

141 1033 223 1069 nec
255 1016 310 1068 in
338 1015 651 1069 crastinum
685 1017 1033 1072 differamus.

196 1104 479 1158 Duodecim
518 1121 746 1174 quoque.
801 1106 980 1175 (Is:n.)
1046 1107 1425 1161 Transeuntes
1492 1106 1598 1165 filii
1654 1108 1824 1161 Israel

136 1193 427 1246 Iordanem
471 1194 824 1247 sustulerunt
865 1194 934 1248 de
993 1195 1180 1249 medio
1213 1196 1465 1250 fluminis
1525 1198 1824 1251 duodecim

140 1282 334 1350 lapides
356 1298 505 1352 quos
540 1299 640 1352 pro
664 1283 991 1336 testimonio
1020 1291 1335 1354 posuerunt
1379 1286 1437 1339 in
1468 1286 1589 1339 loco
1621 1301 1839 1359 secung

139 1371 211 1422 dae
239 1370 713 1437 circumcisionis,
746 1372 812 1425 ad
846 1372 1192 1442 signandum
1226 1373 1415 1439 nobis,
1474 1379 1533 1428 ut
1562 1375 1697 1430 dum
1755 1377 1824 1430 de

138 1462 336 1512 lavacro
395 1462 814 1531 consurgimus,
868 1442 1188 1532 apostoTicae
1234 1463 1363 1517 vita:
1416 1466 1675 1535 exempla
1722 1466 1824 1519 ﬁr-

139 1548 374 1603 missima
408 1550 704 1604 nobiscum
737 1556 967 1621 portare
1017 1551 1349 1618 debeamus,
1384 1569 1630 1623 quorum
1676 1570 1824 1607 sem-

139 1655 226 1708 per
252 1638 649 1694 testimonium
681 1641 751 1694 ad
781 1641 1139 1695 imitamenta
1170 1641 1443 1695 virtutum
1474 1642 1820 1697 intueamur.

809 1729 1033 1784 CAPUT
1074 1731 1138 1783 V.

202 1815 354 1868 Vens.
413 1818 465 1869 2.
554 1845 622 1857 -
682 1817 1014 1872 Circumcide
1073 1818 1302 1872 secundo
1366 1818 1536 1872 Israel
1630 1817 1828 1885 (Ano.,

145 1909 319 1970 quiest.
361 1906 418 1957 6.
462 1906 518 1957 in
543 1904 706 1974 Job.)
736 1905 1022 1970 Qumritur
1053 1922 1155 1960 cur
1191 1906 1413 1970 dixerit,
1446 1908 1663 1975 Iterum,
1698 1911 1826 1973 etc.,

140 2007 288 2061 usque
342 1992 423 2045 ad
472 1998 572 2046 aut
611 1994 682 2048 ab
741 1994 1026 2066 aliquibus
1070 1994 1355 2050 haereticis
1428 1995 1496 2049 ab
1550 1996 1829 2051 Israelita-

141 2096 250 2133 rum
280 2081 552 2135 societate
584 2082 932 2153 segegratis?

201 2172 296 2224 Fac
354 2170 464 2226 tibi
519 2172 717 2225 cultros
763 2172 1022 2241 lapideos,
1070 2177 1175 2226 etc.
1232 2172 1384 2240 (Isin.
1442 2175 1498 2226 in
1556 2173 1696 2243 Job.)
1739 2174 1831 2227 Di-

142 2262 252 2311 cant
278 2258 497 2312 Iudaeis
532 2260 822 2331 quomodo
855 2265 1041 2331 potest
1072 2260 1199 2331 quis
1225 2261 1473 2315 secundo
1504 2261 1835 2315 circumcidi

143 2346 556 2401 circumcisione
608 2348 869 2402 carnali?
925 2353 1053 2415 etc.,
1126 2365 1294 2420 usque
1350 2351 1425 2403 ad
1490 2367 1591 2421 per
1652 2366 1835 2404 unum

146 2434 451 2489 membrum
484 2437 709 2491 macula
738 2438 795 2490 in
825 2453 993 2491 omne
1024 2454 1228 2508 corpus
1251 2438 1608 2494 diffunditur.

203 2524 427 2577 γωδ.
463 2556 529 2563 -
561 2527 795 2594 Populus
824 2531 1017 2580 autem.
1048 2528 1267 2596 (Anam,
1291 2529 1430 2582 hom.
1467 2528 1547 2598 6.)
1577 2527 1686 2592 Qui
1716 2544 1835 2582 non

146 2610 460 2665 obedientes
508 2611 733 2667 fuerant
792 2614 1071 2668 mandatis
1130 2615 1384 2683 Domini,
1452 2615 1835 2669 incircumcisi

148 2698 421 2753 dicuntur.
477 2701 554 2755 Ex
605 2717 719 2771 quo
752 2701 1094 2773 intelligitur
1153 2703 1285 2756 illos
1333 2704 1607 2774 appellari
1664 2704 1834 2757 incir-

153 2790 410 2842 cumcisos
473 2789 576 2860 qui
630 2805 747 2842 non
804 2790 1079 2845 obediunt
1141 2791 1424 2845 mandatis
1499 2791 1629 2859 Dei;
1701 2792 1837 2863 quia

154 2892 262 2929 vero
297 2893 533 2931 omnem
572 2877 826 2931 animam
861 2878 1049 2948 diligit
1092 2880 1257 2942 Deus,
1295 2878 1450 2933 misit
1497 2880 1689 2933 Iesum
1749 2880 1837 2934 Fi-

1933 488 2226 554 cisiouem,
2257 488 2446 543 statim
2483 490 2539 543 in
2570 489 2695 543 loco
2727 490 3089 545 revelationis
3128 491 3337 560 pascha
3390 491 3639 545 celebra~

1932 581 2044 643 tur,
2086 583 2143 631 et
2171 581 2366 649 Agnus
2411 578 2770 648 immolatur,
2801 579 2900 649 qui
2935 580 3082 633 tollit
3123 585 3348 650 peccata
3405 579 3643 645 mundi;

1934 670 1990 718 et
2033 665 2333 720 deﬁciente
2386 681 2598 719 manna
2640 666 2845 737 typice:
2874 668 3035 737 legis,
3084 667 3338 738 primum
3395 667 3645 722 comedit

1933 755 2180 824 populus
2236 771 2443 824 panem
2505 756 2759 826 corporis
2809 756 3033 822 Christi,
3088 773 3260 828 quem
3312 756 3644 828 incorrupta

1934 843 2395 912 repromissionis
2452 849 2623 910 terra,
2669 843 2725 898 id
2777 849 2861 898 est
2917 845 3078 915 virgo
3132 844 3324 914 Maria,
3375 845 3639 916 protulit,

1934 932 2094 999 cujus
2124 948 2368 1000 granum
2402 932 2461 986 in
2493 938 2640 985 terra
2672 933 2881 987 cadens
2907 933 3156 988 fructum
3206 934 3520 1003 plurimum
3551 938 3639 988 at-

1934 1020 2081 1073 tulit.
2132 1021 2271 1074 Nota
2324 1020 2625 1075 ordinem:
2678 1026 2982 1092 postquam
3038 1023 3167 1076 Iesu
3224 1022 3443 1077 Christo
3474 1023 3639 1077 duce:

1936 1123 2038 1176 per
2072 1108 2277 1161 lavacri
2309 1108 2523 1162 fluenta
2557 1108 2885 1175 transimus,
2923 1114 2980 1162 et
3010 1126 3111 1179 per
3152 1108 3322 1162 ﬁdem
3353 1108 3639 1179 spirituali

1935 1196 2366 1251 circumcisione
2414 1197 2726 1265 signamur,
2777 1202 2911 1251 tunc
2958 1198 3190 1251 demum
3234 1198 3442 1267 pascha
3492 1198 3640 1250 cele-

1936 1286 2192 1351 bramus,
2225 1285 2278 1338 id
2341 1291 2425 1339 est
2479 1286 2835 1339 immolatum
2870 1286 3156 1341 Christum
3212 1286 3497 1339 credimus
3534 1301 3640 1355 pro

1937 1376 2117 1429 salute
2168 1374 2388 1440 mundi,
2441 1380 2498 1428 et
2555 1375 2847 1428 credentes
2903 1376 3092 1429 statim
3154 1391 3302 1446 pane
3360 1373 3640 1429 Dominici

1936 1462 2191 1532 corporis
2224 1462 2529 1532 pascimur.
3005 1505 3011 1511 .

2013 1554 2169 1605 VERS.
2221 1556 2299 1606 ll.
2331 1582 2397 1590 —-
2428 1581 2496 1592 —
2539 1554 2606 1606 Et
2644 1553 3001 1617 eameam-unt,
3059 1556 3164 1607 etc.
3222 1554 3438 1621 (Anus,
3481 1552 3627 1608 hom.

1943 1641 2025 1710 6.)
2051 1640 2291 1705 Quando
2322 1656 2455 1694 vero
2477 1640 2614 1694 exiit
2638 1642 2885 1712 pepulus
2916 1641 2984 1695 de
3016 1646 3167 1695 terra
3206 1641 3452 1712 Egypti,
3491 1646 3631 1705 etc.,

1942 1745 2108 1798 usque
2136 1730 2211 1783 ad
2252 1729 2551 1794 Quomodo
2583 1731 2736 1785 enim
2787 1736 3021 1801 putatur
3070 1730 3304 1785 meliore
3336 1730 3462 1784 cibo
3516 1744 3636 1783 ces-

1938 1823 2097 1871 sante
2127 1817 2465 1872 deteriorem
2488 1818 2839 1873 successisse.

2012 1908 2256 1975 (lusum,
2320 1906 2553 1978 Dialog.)
2608 1908 2755 1961 Deus
2808 1908 2863 1960 in
2905 1906 3217 1977 principio,
3274 1911 3403 1961 ante
3443 1920 3642 1960 omnes

1939 2000 2247 2061 creaturas,
2311 2011 2374 2049 ex
2429 1995 2616 2066 seipso
2666 1996 2864 2066 genuit
2936 1995 3253 2066 potentiam
3334 1994 3643 2066 quamdam

1939 2084 2301 2149 rationalem,
2336 2100 2463 2154 qua:
2498 2090 2553 2136 et
2582 2084 2772 2139 Gloria
2804 2084 3029 2137 Domini
3064 2090 3311 2150 vocatur,
3352 2083 3640 2138 interdum

1939 2174 2113 2227 etiam
2180 2172 2359 2226 Filius
2430 2172 2741 2243 Sapientia,
2817 2173 3089 2242 Angelus,
3172 2172 3390 2239 Sermo,
3470 2173 3637 2236 Deus,

1946 2262 2236 2317 Dominus.
2307 2260 2625 2332 Aliquando
2689 2260 2858 2315 etiam
2922 2261 3252 2328 Magistrum
3305 2260 3527 2316 militia:
3584 2276 3643 2314 se

1944 2351 2098 2417 dicit,
2149 2350 2379 2421 quando
2426 2349 2680 2403 humana
2746 2349 2931 2419 specie
2990 2350 3254 2421 apparuit
3305 2351 3438 2404 Jesu
3494 2351 3644 2403 Nave

1942 2440 2083 2494 ﬁlio.

2016 2532 2081 2587 Et
2109 2528 2252 2582 vidit
2284 2529 2481 2582 virum.
2539 2525 2761 2597 (Anam,
2795 2528 2915 2581 hom
2969 2530 3000 2577 6
3052 2529 3111 2580 in
3155 2527 3352 2593 Iosue.)
3414 2527 3643 2579 Factum

1943 2626 2027 2675 est
2054 2636 2186 2674 cum
2218 2624 2368 2673 esset
2420 2620 2580 2673 Iesus
2632 2617 2693 2671 in
2738 2618 2987 2683 Iericho,
3038 2624 3169 2683 etc.,
3221 2632 3386 2687 usque
3427 2616 3502 2670 ad
3544 2616 3644 2687 qui

1945 2714 2180 2779 accepto
2214 2724 2390 2777 regno
2429 2723 2720 2777 regressus
2742 2711 2845 2759 est.

2016 2800 2177 2851 Vens.
2233 2800 2316 2851 15.
2351 2826 2417 2834 -
2466 2796 2668 2852 Cecidit
2706 2796 2862 2849 Josue
2886 2810 3114 2864 pronus,
3157 2798 3259 2848 etc.
3293 2793 3482 2858 Quaeri
3540 2810 3640 2863 po-

1944 2891 2056 2941 test
2090 2891 2282 2939 utrum
2315 2884 2518 2953 angelo
2548 2900 2605 2936 se
2639 2883 3028 2953 prostraverit,
3061 2898 3307 2952 cumque
3335 2882 3646 2937 Dominum

151 2962 270 3016 lium
312 2964 429 3031 Dei,
487 2965 587 3034 qui
635 2971 691 3019 et
738 2965 942 3037 dignos
975 2970 1030 3020 et
1060 2966 1326 3037 indignos
1378 2967 1833 3031 circumcideret,
1868 2971 1908 3027 C
1950 2975 2178 3036 dixerit,
2216 2990 2287 3025 an
2320 2971 2509 3042 potius
2540 2971 2677 3042 quia
2733 2970 3015 3024 intellexit
3049 2972 3228 3024 Deum
3256 2986 3399 3037 esse,
3430 2970 3644 3025 intelli-

151 3066 245 3104 non
272 3051 454 3107 ﬁlium
491 3054 660 3115 Nave.
697 3055 796 3125 qui
843 3070 958 3108 non
990 3071 1117 3109 vere
1148 3060 1204 3109 et
1235 3055 1482 3126 perfecte
1539 3056 1836 3110 circumci-

148 3138 218 3192 dit
243 3143 542 3211 p0pulum,
574 3143 672 3197 sed
710 3145 900 3199 Iesum
933 3144 1134 3198 Filium
1168 3144 1287 3209 Dei,
1316 3144 1415 3215 qui
1449 3161 1575 3199 vere
1630 3161 1835 3216 corpus

147 3232 194 3281 et
220 3229 465 3285 animam
512 3231 779 3303 purgavit
808 3232 877 3286 ab
910 3232 1069 3286 omni
1120 3232 1554 3302 inquinamento
1595 3233 1831 3304 peccati.

205 3318 358 3373 Vens.
392 3321 448 3373 8.
505 3351 569 3359 -—
626 3322 916 3389 Postquam
962 3326 1160 3374 autem.
1196 3321 1525 3397 Circu‘mcisi
1576 3338 1709 3376 vero
1761 3324 1833 3377 ﬁ-

153 3404 201 3458 lii
245 3407 410 3460 Israel
434 3408 847 3479 requieverunt
886 3408 1088 3463 eodem
1124 3410 1270 3472 loco,
1314 3410 1579 3463 sedentes
1628 3410 1685 3465 in
1734 3428 1832 3465 ca-

156 3495 286 3560 stris,
320 3512 508 3567 usque
537 3497 675 3550 dum
699 3502 1054 3551 sanarentur.
1087 3498 1206 3552 Non
1238 3497 1447 3551 sufﬁcit
1472 3498 1830 3566 circumcidi;

158 3598 365 3638 necesse
406 3590 498 3637 est
532 3590 658 3655 post
703 3585 1196 3640 circumcisionem
1236 3587 1448 3652 sanari,
1507 3591 1565 3641 et
1619 3588 1835 3642 cicatri-

149 3686 254 3724 cem
309 3672 367 3726 in
429 3674 668 3727 vulnere
725 3673 947 3729 obduci.
1008 3674 1346 3729 Circumcidi
1404 3689 1543 3745 ergo
1596 3691 1698 3746 per
1743 3677 1834 3731 Je-

150 3772 258 3811 sum
289 3766 380 3813 eat
411 3760 556 3813 vitia
604 3766 661 3815 et
701 3762 1142 3816 consuetudines
1198 3779 1422 3832 pravas,
1473 3767 1529 3817 et
1588 3764 1837 3832 pessima

148 3844 391 3902 instituta
425 3848 739 3919 deponere,
773 3856 829 3903 et
886 3850 1165 3921 quidquid
1188 3852 1257 3905 ab
1292 3851 1607 3905 honestatis
1641 3855 1839 3923 regula

148 3934 414 3991 discordat
444 3937 801 3992 abscindere.
846 3938 954 3993 Sed
984 3939 1091 3992 hoc
1127 3939 1415 4004 facientes,
1451 3940 1697 4010 quadam
1723 3941 1833 3994 dif-

149 4022 377 4079 ﬁcultate
440 4025 911 4096 constringimur,
970 4043 1100 4081 cum
1128 4029 1377 4099 quodam
1430 4028 1627 4083 dolore
1660 4030 1838 4084 animi

149 4114 565 4168 consuetudinis
612 4116 839 4185 culpam
869 4116 1096 4169 novella
1143 4116 1496 4171 institutione
1554 4118 1833 4173 vitamus:

150 4198 240 4253 hoc
292 4217 434 4272 ergo
496 4207 753 4273 tempore
810 4204 964 4259 velut
1030 4203 1086 4257 in
1138 4204 1333 4259 dolore
1387 4206 1836 4260 circumcisionis

147 4294 338 4344 nostra:
389 4291 637 4344 dicimur
680 4292 956 4359 residere,
1010 4308 1307 4363 usquequo
1345 4294 1603 4348 cicatrice
1650 4295 1830 4348 obdu-
1867 4308 1907 4362 ι)

145 4381 223 4430 cta
253 4396 547 4447 sanemur,
581 4379 638 4434 id
685 4388 769 4437 est
812 4396 917 4435 ova
948 4380 1212 4435 instituta
1241 4381 1455 4452 absque
1490 4382 1836 4437 difﬁcultate

145 4465 502 4535 impleamus,
534 4468 671 4522 etin
703 4485 866 4522 usum
896 4473 1149 4523 vertatur
1173 4468 1321 4539 quod
1354 4470 1511 4538 prius
1541 4469 1837 4525 insolitum

144 4560 193 4607 et
221 4554 453 4610 difﬁcile
496 4556 826 4621 videbatur;
876 4561 931 4609 et
962 4562 1098 4610 tunc
1156 4557 1361 4611 merito
1390 4558 1597 4612 dicitur
1626 4558 1788 4613 nobis
1820 4575 1833 4613 :

144 4644 299 4699 Hodie
326 4646 536 4699 abstuli
560 4645 907 4713 opprobrium
932 4647 1156 4715 Egypti
1184 4662 1218 4698 a
1246 4646 1416 4700 vobis.

205 4736 271 4788 Et
321 4736 587 4799 fecerunt.
656 4735 963 4803 Postquam
1014 4734 1267 4787 ablatum
1317 4740 1402 4788 est
1461 4734 1836 4805 opprobrium

146 4822 375 4892 igypti,
440 4824 695 4875 fecerunt
733 4821 835 4874 ﬁlii
890 4823 1058 4875 Israel
1107 4823 1317 4891 pascha
1366 4829 1570 4893 quarto
1620 4823 1841 4877 decima

148 4909 225 4963 die
254 4910 495 4965 mensis.
539 4910 650 4963 Nec
679 4909 835 4963 enim
866 4914 995 4963 ante
1035 4910 1659 4973 circumcisionem,nec
1689 4917 1837 4982 post,

148 5004 441 5068 antequam
475 5002 833 5061 sanarentur,
900 5002 1161 5069 poterant
1214 5014 1413 5051 carnes
1465 4999 1598 5069 agni
1654 5016 1842 5053 come-

152 5088 264 5140 dere
296 5088 495 5141 :vides
524 5102 661 5157 ergo
693 5087 829 5157 quia
858 5103 1026 5141 nemo
1070 5086 1404 5141 immundus
1434 5089 1567 5142 facit
1606 5090 1835 5159 pascha,

153 5191 300 5229 nemo
349 5175 805 5229 incircumcisus.
841 5175 996 5229 Unde
1031 5192 1043 5229 :
1090 5176 1298 5229 Pascha
1326 5181 1569 5230 nostrum
1591 5177 1838 5231 immola-

157 5266 223 5317 tus
258 5270 334 5319 est
374 5266 649 5321 Christus.
682 5266 876 5335 Itaque
904 5266 1106 5329 festum
1162 5264 1477 5318 celebremus
1536 5265 1697 5331 diem,
1736 5281 1843 5319 non

156 5351 201 5403 in
264 5354 529 5416 fermento
600 5354 786 5420 veteri,
853 5368 1023 5421 neque
1092 5354 1151 5405 in
1204 5354 1463 5417 fermento
1506 5354 1731 5429 malitia:
1795 5357 1845 5406 et

158 5444 406 5508 nequitiac,
479 5442 575 5496 sed
625 5444 684 5495 in
738 5444 946 5511 azymis
1009 5442 1341 5497 sinceritatis
1379 5444 1429 5495 et
1482 5443 1731 5497 veritatis
1796 5440 1847 5507 (ι

164 5527 259 5582 Cor.
286 5532 425 5595 xvr).

1944 3074 2084 3129 gens
2124 3077 2153 3112 a
2185 3075 2299 3130 quo
2341 3058 2542 3112 missos
2592 3058 2781 3125 fuerit,
2825 3059 3013 3130 ipsum
3066 3058 3371 3113 Dominum
3420 3058 3645 3126 dixerit,

1945 3148 2111 3219 eique
2137 3164 2196 3202 se
2229 3147 2615 3218 prostraverit.

2016 3237 2227 3306 (0mm,
2261 3239 2399 3291 hom.
2435 3239 2465 3290 6
2506 3239 2560 3291 in
2587 3238 2797 3304 Josue.)
2833 3237 2895 3290 In
2924 3236 3150 3291 Iericho
3180 3241 3265 3291 est
3288 3238 3470 3303 Iesus,
3514 3242 3646 3305 etc.,

1942 3341 2111 3395 usque
2157 3326 2231 3380 ad
2282 3326 2558 3380 continuo
2606 3326 2849 3380 libenter
2896 3325 3151 3379 adhaeret
3185 3324 3351 3378 nobis
3406 3329 3464 3380 et
3516 3324 3649 3379 assi-

1943 3416 2037 3470 stit
2089 3416 2253 3470 Deus.

2616 3545 2841 3601 CAPUT
2881 3546 2969 3599 VI.

2014 3675 2181 3728 Vens.
2252 3675 2299 3726 t.
2368 3702 2431 3710 —
2485 3672 2696 3725 Iericho
2758 3676 2959 3736 autem,
3008 3675 3113 3725 etc.
3178 3671 3347 3740 (Isrn.,
3400 3672 3458 3724 in
3509 3672 3645 3735 λοι,

1944 3778 2067 3833 cap.
2120 3766 2193 3829 7.)
2242 3758 2466 3814 Iericho
2513 3759 2643 3812 luna
2702 3759 3131 3828 interpretatur,
3182 3764 3315 3826 etc.,
3366 3773 3534 3828 usque
3574 3758 3649 3812 ad

1944 3854 2001 3907 id
2033 3856 2136 3916 est,
2168 3857 2324 3903 extra
2343 3847 2648 3901 Ecclesiam
2683 3864 2849 3901 nemo
2880 3849 3146 3901 salvatur.

2019 3940 2178 3993 Vens.
2232 3940 2282 3990 8.
2330 3966 2397 3975 —
2436 3937 2669 4004 Cumque
2708 3936 2899 3989 Josue.
2953 3936 3253 4007 (Annum,
3306 3936 3445 3990 hom.
3506 3939 3537 3990 5
3587 3938 3646 3990 in

1944 4027 2085 4099 Job.)
2143 4026 2365 4081 Iericho
2412 4024 2565 4078 tubis
2600 4023 2959 4077 sacerdotum
2998 4022 3315 4090 subruitur,
3370 4027 3501 4092 etc.,
3553 4039 3643 4079 us-

1948 4130 2050 4185 que
2071 4114 2145 4167 ad
2171 4119 2227 4167 et
2257 4112 2731 4184 philosophorum
2761 4111 3047 4181 dogmata.

2019 4205 2185 4256 Vens.
2240 4206 2323 4256 17.
2369 4232 2437 4241 -
2480 4203 2666 4269 Sitque
2720 4202 2912 4254 civitas
2941 4199 3167 4271 (Anam,
3218 4199 3354 4253 hom.
3398 4198 3473 4270 7.)
3506 4200 3645 4254 Cus-

1951 4290 2131 4345 todite
2162 4305 2258 4341 vos
2290 4288 2358 4341 ab
2388 4287 2771 4355 anathemate,
2814 4292 2944 4353 etc.,
2974 4304 3143 4357 usque
3166 4288 3241 4341 ad
3272 4292 3327 4343 et
3365 4288 3644 4359 populum

1949 4379 2050 4433 Dei
2083 4377 2231 4431 vinci
2259 4376 2494 4430 faciunt.

2017 4469 2178 4522 Vens.
2219 4469 2307 4522 20.
2362 4497 2427 4506 —
2483 4468 2680 4535 Igitur.
2732 4467 2852 4536 (In.)
2902 4467 3101 4521 Omnis
3148 4467 3394 4538 populus
3441 4465 3648 4521 dicitur

1947 4557 2194 4611 ululasse
2235 4556 2460 4609 ululatu
2502 4571 2734 4625 magno,
2767 4559 2895 4619 etc.,
2931 4570 3098 4623 usque
3129 4556 3204 4608 ad
3234 4555 3497 4609 homines
3543 4570 3645 4609 sae-

1948 4645 2059 4699 culi
2084 4645 2428 4699 nitebantur.

2018 4737 2087 4788 Et
2130 4733 2523 4802 clangentibus.
2557 4731 2957 4803 Unusquisque
3012 4736 3271 4786 nostrum
3318 4732 3487 4786 debet
3528 4731 3649 4785 huic

1948 4823 2009 4876 in
2054 4822 2362 4891 semetipso
2407 4822 2718 4891 complere.
2766 4820 2947 4873 Habes
2981 4820 3039 4873 in
3096 4825 3151 4874 te
3199 4822 3391 4875 Iesum
3445 4821 3647 4874 duceni

1948 4925 2052 4980 per
2090 4909 2285 4962 ﬁnem.
2346 4910 2452 4963 Fac
2509 4908 2612 4962 tibi
2670 4908 2833 4961 tubas
2883 4908 3121 4960 ductiles
3202 4924 3270 4961 ex
3341 4907 3648 4978 Scripturis

1950 4999 2177 5065 sanctis,
2206 4998 2337 5052 inde
2367 4999 2476 5051 duc
2514 5012 2732 5062 sensus,
2774 4996 2905 5048 inde
2948 5010 3273 5055 sermones;
3306 4995 3434 5049 ideo
3493 4996 3647 5049 enim

1951 5087 2103 5141 tubae
2136 5086 2375 5140 ductiles
2413 5085 2701 5140 dicuntur.
2752 5084 2812 5136 In
2846 5083 2985 5151 ipsis
3012 5099 3170 5146 cane,
3203 5082 3258 5135 id
3290 5084 3459 5137 estin
3506 5086 3650 5155 psal-

1952 5178 2082 5242 mis,
2114 5175 2175 5229 in
2206 5175 2453 5245 hymnis,
2488 5174 2547 5226 in
2585 5171 2817 5226 canticis
2861 5171 3255 5241 spiritualibus
3309 5172 3368 5227 Si
3409 5172 3469 5226 in
3516 5173 3649 5227 tali—

1952 5267 2058 5321 bus
2088 5262 2361 5318 cecineris
2391 5261 2564 5325 tubis,
2624 5265 2681 5313 et
2710 5258 2918 5329 septies
2951 5275 3141 5312 arcam
3183 5260 3510 5315 testamenti
3539 5262 3647 5316 cir-

1954 5352 2310 5416 cumtuleris,
2390 5350 2446 5405 id
2501 5353 2585 5403 est
2642 5347 2690 5402 si
2748 5348 2888 5417 legis
2946 5349 3183 5418 mystica
3232 5355 3515 5419 praecepta
3580 5350 3650 5404 ab

1954 5439 2301 5512 Evangelicis
2334 5454 2449 5493 non
2494 5452 2720 5508 separes
2747 5437 2917 5504 tubis,
2952 5436 3032 5490 sic
3086 5436 3257 5491 etiam
3290 5438 3650 5510 jubilationis

1954 5542 2293 5583 consensum
2354 5526 2423 5580 de
2464 5524 2768 5596 temetipso
2815 5524 3030 5596 exigas,
3082 5524 3137 5578 id
3171 5529 3258 5579 est
3284 5526 3332 5579 si
3349 5525 3645 5597 cogitatio-
