3976 6178
355 268 452 321 511

356 483 413 533 et
443 493 754 532 consonam
795 477 1052 548 proferat
1101 493 1333 546 vocem;
1387 482 1444 532 et
1486 478 1533 532 si
1579 495 1690 534 non
1749 479 2056 550 aliquando

357 581 560 620 verum
617 565 789 631 dicas,
838 565 1148 637 aliquando
1196 566 1484 621 adulando.
1514 567 1828 633 mentiaris,
1862 567 1910 622 si
1938 583 2056 622 non

355 655 527 710 modo
582 655 823 710 blandus
855 656 1277 723 remissionem,
1341 658 1512 711 modo
1548 657 1906 712 truculentus
1935 657 2054 712 ira—

355 743 561 799 cundia
590 749 647 798 et
676 743 721 798 si
765 760 882 799 non
918 744 1071 799 intra
1128 749 1182 799 te
1214 761 1345 799 caro
1395 745 1758 817 concupiscat
1786 747 2055 801 adversus

356 832 622 904 spiritum
679 837 736 886 et
780 833 1013 904 spiritus
1061 833 1330 889 adversus
1380 851 1631 902 carnem,
1681 851 1877 890 vocem
1901 835 2056 906 jubi-

355 922 583 976 lationis
612 922 830 989 emitte,
886 923 1022 994 quia
1079 923 1183 977 tibi
1237 923 1420 978 victus
1451 928 1534 978 est
1585 923 1858 978 mundus.
1912 926 2053 980 Hinc

355 1011 564 1064 Paulus
608 1010 833 1064 dicebat
863 1027 875 1065 :
911 1013 1048 1065 Mihi
1093 1017 1273 1066 autem
1329 1013 1474 1066 absit
1526 1013 1778 1081 gloriari,
1837 1016 1955 1068 nisi
1999 1015 2056 1068 in

355 1113 508 1154 cruce
563 1101 782 1153 Domini
829 1101 1004 1153 nostri
1052 1101 1190 1154 Jesu
1250 1101 1475 1170 Christi,
1538 1117 1636 1170 per
1683 1117 1839 1170 quem
1913 1103 2053 1158 mihi

357 1187 590 1242 mundus
612 1190 905 1256 cruciﬁxus
926 1193 1023 1253 est,
1044 1193 1094 1242 et
1118 1203 1212 1257 ego
1239 1189 1440 1243 mundo
1471 1190 1604 1257 (Gal.
1634 1190 1712 1260 v).

428 1277 577 1331 Muri
614 1277 777 1330 illico.
817 1277 878 1329 [n
906 1276 1148 1330 adventu
1182 1277 1316 1331 Jesu
1349 1277 1500 1330 muri
1524 1277 1747 1332 Iericho
1797 1277 2054 1332 subversi

359 1368 510 1431 sunt,
583 1363 644 1417 in
701 1365 945 1418 adventu
997 1365 1206 1420 Christi
1251 1365 1498 1419 vincitur
1559 1368 1828 1422 mundus.
1893 1367 2052 1422 Unde

358 1453 568 1507 Paulus
611 1469 623 1506 :
657 1453 813 1518 Quod
857 1458 976 1508 erat
1002 1457 1334 1509 contrarium
1361 1455 1515 1509 nobis
1556 1457 1680 1510 tulit
1736 1456 1801 1510 de
1856 1457 2048 1524 medio,

359 1543 590 1610 affigens
637 1542 779 1596 illud
801 1545 967 1609 cruci,
1001 1547 1050 1597 et
1079 1559 1277 1598 exuens
1305 1545 1648 1613 principatus
1681 1549 1730 1599 et
1760 1551 2051 1614 potestates

360 1628 614 1704 traduxit
642 1628 806 1683 libere
827 1630 1170 1699 triumphans
1200 1645 1286 1686 eos
1306 1633 1366 1686 in
1397 1632 1544 1700 ligno
1570 1634 1744 1686 crucis
1785 1633 1933 1701 (Col.
1971 1634 2047 1703 2).

360 1717 437 1770 Ex
460 1716 550 1770 his
577 1717 762 1771 verbis
799 1717 1061 1789 intelligo
1091 1718 1250 1790 quod
1303 1719 1561 1774 videntes
1609 1735 1864 1790 pugnam
1896 1721 2048 1787 Jesu,

357 1807 611 1861 caelestes
658 1807 915 1875 virtutes,
967 1807 1320 1878 principatus
1360 1813 1416 1862 et
1456 1812 1784 1879 potestates,
1845 1810 2052 1881 alliga-

355 1900 481 1950 tum
515 1895 743 1961 fortem,
779 1901 836 1950 et
891 1913 1024 1950 vasa
1068 1899 1189 1968 ejus
1218 1897 1410 1968 diripi,
1467 1898 1878 1969 increpuerunt
1935 1914 2052 1952 cce-

356 1983 596 2038 lestibus
622 1984 796 2052 tubis,
826 1984 981 2056 quia,
1024 1985 1258 2056 alligato
1318 1985 1577 2057 principe
1616 1986 1839 2052 mundi,
1871 1985 2054 2040 victus

359 2077 448 2126 est
514 2074 785 2139 mundus,
836 2079 893 2129 et
953 2090 1147 2129 vocem
1197 2075 1580 2144 jubilationis,
1643 2075 1704 2129 in
1756 2075 2052 2145 triumpho

359 2161 590 2228 Christi,
648 2163 892 2217 caelestis
938 2165 1220 2218 exercitus
1267 2164 1426 2218 dedit
1479 2165 1698 2235 (Matth.
1733 2169 1854 2233 x11).
1915 2167 2054 2219 Vere

357 2266 494 2321 ergo
550 2251 822 2306 liberatus
869 2257 925 2306 et
964 2253 1212 2324 populus
1240 2253 1504 2324 gentium
1534 2253 1633 2324 qui
1663 2254 1812 2308 hanc
1838 2253 2052 2324 jubila-

357 2338 575 2394 tionem
606 2340 784 2407 novit,
812 2346 871 2396 et
899 2342 1170 2414 mysteria
1201 2342 1460 2412 agnoscit
1489 2347 1546 2397 et
1573 2343 1767 2397 credit.

430 2428 591 2482 Vens.
624 2431 712 2483 23.
751 2460 814 2469 ----
852 2432 1195 2499 Ingressique
1219 2432 1443 2500 juvenes
1473 2432 1779 2486 edumerunt
1837 2431 2054 2500 (AnAn)

357 2514 549 2570 Rahab
575 2519 923 2585 meretricem,
955 2521 1005 2572 et
1031 2533 1236 2572 omnem
1262 2517 1478 2573 domum
1505 2520 1686 2587 patris
1715 2517 1832 2588 ejus
1881 2520 2057 2587 viviﬁ-

360 2607 507 2659 cavit
557 2607 733 2674 Iesus,
787 2609 920 2668 etc.,
979 2621 1147 2676 usque
1192 2605 1266 2660 ad
1295 2611 1352 2661 et
1392 2606 1494 2679 qui
1519 2612 1682 2661 erant
1713 2606 1887 2678 primi
1916 2607 2051 2661 facti

363 2697 496 2748 sunt
524 2694 843 2750 novissimi.

1061 2766 1284 2822 CAPUT
1321 2765 1434 2820 vn.
1517 2838 1528 2844 λ

433 2873 594 2928 Vens.
656 2876 705 2928 1.
762 2903 828 2914 -
868 2872 1166 2944 [ratusque
1217 2879 1296 2928 est
1329 2875 1605 2942 Dominus,
1657 2878 1763 2928 etc.
1827 2875 2052 2943 (Amne,

365 2961 506 3016 hom.
539 2961 614 3031 7.)
645 2961 769 3016 Non
818 2961 996 3017 otiose
1040 2963 1549 3018 transcurrendum
1597 2968 1701 3032 est,
1733 2969 1859 3030 etc.,
1891 2979 2060 3033 usque
2091 2966 2130 3022 C

361 3049 442 3106 ad
470 3065 643 3121 quam
673 3067 901 3106 mecum
932 3051 1017 3106 ire
1047 3050 1106 3105 in
1133 3052 1477 3122 gehennam.

432 3138 633 3206 (Auo.,
679 3145 867 3208 quast.
927 3143 959 3195 8
1006 3143 1064 3194 in
1113 3138 1313 3211 Josue.)
1353 3140 1545 3205 Quaeri
1589 3141 1731 3194 solet
1770 3140 2057 3212 quomodo

356 3226 509 3296 juste
544 3242 649 3297 pro
679 3228 924 3297 peccatis
965 3227 1200 3282 alterius
1242 3228 1304 3282 in
1333 3228 1475 3282 alios
1532 3228 1868 3296 vindicetur,
1925 3234 2056 3296 etc.,

360 3329 530 3383 usque
558 3315 632 3368 ad
661 3316 818 3386 quod
863 3315 926 3370 in
973 3332 1076 3370 suo
1111 3316 1328 3387 judicio
1373 3315 1507 3370 facit
1542 3315 1686 3386 ipse,
1739 3332 1852 3386 quo
1902 3320 2058 3386 pote-

361 3406 475 3456 stas
499 3403 754 3457 humaua
781 3420 901 3458 non
926 3403 1160 3474 aspirat.

431 3491 595 3546 Vens.
626 3495 716 3547 2t.
751 3523 819 3532 —-
875 3494 1259 3561 Regulamque.
1299 3493 1528 3562 (Anam.
1563 3493 1703 3547 hom.
1763 3492 1836 3562 7.)
1884 3493 2056 3547 Fura-

360 3586 454 3637 tus
508 3587 593 3637 est
627 3587 815 3637 autem
846 3583 1105 3654 linguam
1136 3599 1392 3650 auream,
1425 3588 1555 3652 etc.,
1595 3597 1764 3652 usque
1803 3583 1877 3638 ad
1907 3584 2060 3656 quod

369 3670 584 3726 furenti
612 3671 822 3727 exstitit
838 3687 1005 3726 causa
1034 3671 1269 3743 peccati.
1807 3741 1812 3746 .

444 3759 827 3830 Regulamque.
880 3761 1050 3816 LXX:
1108 3759 1396 3829 Linguam,
1448 3761 1858 3816 haereiceorum
1915 3761 2060 3815 scili-

366 3853 455 3904 cet
485 3849 776 3920 dogmata,
806 3851 894 3904 vel
925 3850 1317 3922 superstitiosa
1346 3850 1710 3905 saecularium
1739 3850 2057 3905 litterarum

368 3937 574 3993 studia.
597 3939 724 3992 Haec
751 3939 906 3993 enim
936 3943 1022 3994 est
1042 3939 1238 4011 lingua
1258 3955 1451 4005 aurea,
1475 3939 1767 3994 luculento
1796 3955 2059 3994 sermone

368 4031 580 4096 aptata.
614 4028 770 4083 Hanc
829 4028 1004 4083 furati
1044 4033 1178 4082 sunt
1205 4027 1458 4082 haaretici
1492 4029 1562 4083 de
1603 4028 1845 4095 Iericho,
1896 4028 2058 4100 quasi

368 4131 602 4170 auream
645 4117 926 4187 regulam,
985 4117 1085 4188 qui
1116 4116 1588 4188 philosophorum
1631 4121 1840 4172 sectam
1871 4117 2055 4171 conati

370 4208 503 4257 sunt
557 4203 826 4261 inducere
873 4206 934 4261 in
978 4207 1330 4262 Ecclesiam:
1386 4222 1634 4278 quorum
1695 4206 2056 4260 anathemate

371 4291 539 4346 multi
576 4294 918 4364 perduntur,
975 4300 1032 4348 et
1060 4295 1222 4367 quasi
1258 4310 1458 4349 acervo
1513 4295 1769 4366 lapidum
1801 4295 2058 4348 multitu-
2086 4287 2127 4342 Ι)

369 4380 504 4437 dine
575 4388 942 4453 peccatorum
986 4384 1464 4455 exstinguuntur:
1525 4399 1774 4455 quorum
1857 4383 2061 4438 ductor

368 4469 652 4538 diabolus,
684 4472 784 4542 qui
811 4487 914 4543 per
942 4473 1173 4527 illorum
1205 4472 1560 4542 impietatem
1592 4472 1850 4528 ﬁdelium
1881 4488 2060 4544 quos—

371 4558 505 4613 dam
529 4559 755 4628 vicerat,
787 4577 983 4615 rursus
1033 4566 1333 4632 superatus
1378 4560 1647 4628 vincitur,
1682 4565 1739 4614 et
1768 4578 1800 4614 a
1841 4559 2058 4632 populo

371 4646 471 4701 Dei
488 4662 814 4719 suspensus,
843 4649 1025 4704 crucis
1043 4649 1252 4704 virtute
1274 4653 1526 4704 necatur.

442 4735 612 4805 (1810.,
671 4738 731 4790 in
780 4736 919 4804 Jos.)
978 4737 1199 4792 Jericho
1274 4737 1554 4792 mundum
1611 4736 1940 4808 significat:
1992 4736 2062 4791 de

369 4825 732 4879 anathemate
780 4826 904 4897 ejus
937 4825 997 4880 in
1045 4826 1416 4880 tabernaculo
1447 4841 1550 4880 suo
1610 4825 1924 4894 abscondit,
1963 4825 2063 4897 qui

369 4914 668 4968 saeculares
706 4929 892 4968 mores
945 4914 1204 4969 Ecclesia:
1249 4913 1480 4969 secretis
1531 4914 1762 4985 inserit;
1811 4914 1911 4986 qui
1958 4913 2061 4968 sub

369 5001 526 5056 cultu
577 5001 678 5056 Dei
733 5018 994 5072 manens,
1024 5002 1408 5057 solemnitates
1462 5002 1654 5057 saeculi
1699 5005 1788 5058 vel
1842 5007 2062 5074 specta-

369 5089 498 5142 cula
533 5089 724 5161 diligi;
773 5091 1215 5163 quisortilegos
1249 5090 1536 5161 aruspices
1582 5097 1639 5146 et
1680 5107 1926 5163 augures
1969 5090 2062 5144 in-

371 5176 601 5248 quierit,
633 5179 717 5231 vel
743 5183 946 5234 caetera
974 5179 1110 5234 facit
1137 5195 1269 5251 quae
1297 5179 1358 5233 in
1387 5179 1634 5248 Iericho,
1665 5179 1721 5234 id
1747 5184 1832 5234 est
1859 5179 1920 5233 in
1958 5195 2063 5234 sea-

372 5265 500 5319 culo
524 5264 902 5321 habebantur.

446 5353 850 5423 Lapidavitque
896 5370 1033 5410 eum.
1079 5356 1258 5424 (Auc.,
1293 5362 1480 5427 quaest.
1518 5360 1579 5412 in
1605 5356 1740 5427 Jos.)
1780 5355 2066 5420 Queritur

374 5457 505 5496 cum
543 5442 822 5496 Dominus
845 5458 977 5497 eum
1007 5443 1107 5514 qui
1153 5444 1372 5498 furtum
1421 5445 1649 5508 fecerat,
1708 5448 1838 5511 etc.,
1898 5459 2066 5514 usque

375 5530 451 5585 ad
474 5536 712 5602 peccato
730 5546 832 5586 suo
854 5546 1049 5586 secum
1067 5532 1419 5604 consumptis
1435 5532 1600 5587 mori.

973 266 1367 324 WALAFRIDI
1407 267 1652 322 STRABI
1693 267 1888 322 FULD.
1932 265 2102 322 MON.
2141 268 2292 326 OPP.
2335 266 2510 322 PARS
2547 267 2588 323 ι.
2631 295 2700 304 -
2738 263 3190 320 THEOLOGICA.

359 405 500 443 num
532 393 589 443 et
609 403 884 444 sensuum
911 392 1141 444 tuorum
1179 390 1430 460 populus
1456 389 1803 444 concordem
1830 405 2058 461 semper
2081 394 2130 448 Α

3749 269 3848 320 512

2821 425 3052 481 CAPUT
3092 426 3234 480 VIII.

2235 534 2395 589 Vens.
2454 536 2502 588 1.
2554 562 2623 573 ——
2673 533 2827 588 Diait
2882 519 3060 586 autem
3131 534 3404 601 Dominus,
3463 538 3566 586 etc.
3635 530 3842 602 (Anam,

2163 623 2308 678 hom.
2352 620 2427 692 8.)
2476 620 2667 676 Primo
2715 624 2952 692 propter
3003 624 3236 690 peccata
3285 619 3417 674 victi
3467 637 3680 687 sumus,
3738 626 3837 675 etc.
3879 647 3896 666 κ

2161 726 2331 781 usque
2359 711 2433 765 ad
2459 711 2559 782 qui
2589 715 2906 782 sequuntur
2933 710 3149 775 Jesum,
3183 710 3253 763 ab
3285 725 3457 763 onere
3483 708 3644 779 legis.

2234 800 2420 869 (AUG.,
2464 803 2652 868 quaest.
2692 801 2756 853 10
2804 801 2864 853 in
2903 797 3052 869 Jos.)
3087 799 3228 854 Cum
3289 797 3416 869 quis
3463 799 3679 868 justum
3724 796 3840 852 bel-

2160 889 2282 943 lum
2311 887 2643 958 susceperit,
2681 891 2808 952 etc.,
2845 903 3010 957 usque
3052 887 3126 941 ad
3172 903 3288 942 non
3337 891 3454 941 tam
3485 891 3679 941 auctor
3712 885 3838 942 belli

2162 993 2337 1049 quam
2362 976 2984 1047 ministerjudicandus
3011 980 3112 1029 est.

2233 1067 2355 1136 (In.,
2409 1070 2616 1135 quaest.
2677 1065 2780 1134 11.)
2836 1064 3222 1129 Quaerendum
3277 1069 3364 1119 est
3421 1067 3616 1119 utrum
3668 1066 3864 1120 omnis

2161 1153 2395 1209 fallendi
2428 1153 2692 1208 voluntas
2725 1168 2828 1222 pro
2858 1151 3156 1206 mendacio
3185 1153 3439 1222 putanda
3471 1152 3564 1218 sit,
3597 1157 3650 1207 et
3673 1154 3714 1207 si
3758 1155 3828 1208 ita

2161 1247 2264 1310 est,
2293 1247 2488 1298 utrum
2519 1242 2698 1314 possit
2726 1257 2846 1294 esse
2892 1241 3113 1311 justum
3174 1241 3556 1302 mendacium,
3595 1259 3698 1311 quo
3743 1242 3827 1298 ille

2162 1331 2376 1385 fallitur
2405 1330 2504 1402 qui
2533 1330 2739 1401 dignus
2772 1334 2854 1384 est
2879 1328 3016 1384 falli.
3063 1330 3128 1383 Et
3158 1330 3204 1383 si
3236 1346 3349 1384 non
3377 1329 3489 1383 hoc
3509 1329 3723 1401 quidem
3747 1332 3829 1401 ju-

2161 1423 2313 1472 stum
2341 1415 2647 1489 reperitur,
2682 1421 2855 1470 restat
2901 1420 2964 1470 ut
2993 1417 3310 1470 secundum
3361 1417 3614 1488 aliquam
3643 1417 3834 1488 signiﬁ-

2161 1506 2449 1561 cationem
2480 1506 2585 1560 hoc
2615 1522 2729 1576 quo
2769 1505 2838 1559 de
2866 1503 3089 1558 insidiis
3122 1505 3332 1559 factum
3383 1510 3488 1571 est,
3524 1504 3591 1558 ad
3645 1504 3834 1558 verita-

2161 1602 2278 1652 tem
2301 1595 2604 1650 referatur.

2085 1683 2127 1740 B
2237 1685 2397 1738 Vens.
2462 1687 2541 1739 15.
2609 1713 2679 1722 —-
2737 1685 2808 1736 Et
2852 1683 3144 1749 fugientes.
3200 1681 3424 1752 (Anam,
3476 1681 3638 1751 ibid).
3695 1680 3840 1746 Quid,

2158 1777 2346 1843 putas,
2394 1775 2526 1828 Jesu
2578 1771 2802 1843 fugiens
2860 1771 3181 1842 signiﬁcet?
3239 1777 3372 1840 etc.,
3426 1787 3596 1840 usque
3639 1770 3709 1823 ad
3752 1771 3840 1840 qui

2159 1858 2391 1931 fugiunt
2417 1858 2875 1926 fornicationem,
2910 1859 3126 1928 dolum,
3156 1859 3524 1914 mendacium
3575 1861 3630 1912 et
3658 1857 3846 1929 hujus-

2162 1947 2336 2002 modi.

2235 2038 2397 2090 Vens.
2465 2037 2552 2090 24.
2604 2065 2669 2074 -
2722 2035 2911 2104 Igitur
2958 2035 3204 2090 omnibus
3251 2037 3576 2101 interfectis.
3639 2033 3841 2104 (Anam,

2162 2125 2349 2195 ibid.).
2385 2127 2794 2178 Percusserunt
2823 2140 2919 2176 eos
2952 2123 3011 2176 in
3040 2139 3137 2177 ore
3173 2123 3371 2194 gladii,
3409 2127 3544 2191 etc.,
3575 2138 3738 2190 usque
3781 2121 3846 2176 ad

2161 2231 2268 2286 pro
2302 2214 2492 2284 palma
2523 2212 2767 2266 victoriae
2799 2217 2854 2266 et
2873 2211 3095 2266 virtutis
3127 2211 3330 2265 merito
3380 2211 3686 2264 coronari?

2234 2305 2394 2357 Vens.
2445 2304 2532 2356 ‘29.
2579 2332 2649 2341 —
2689 2302 2910 2369 Regem.
2945 2301 3070 2368 (In.,
3127 2301 3307 2355 homil.
3345 2299 3420 2370 8.)
3477 2302 3596 2354 Rex
3642 2299 3736 2352 Hai
3787 2299 3840 2352 in

2163 2391 2320 2462 ligno
2352 2390 2581 2461 gemino
2621 2390 3005 2459 suspenditur,
3042 2394 3172 2451 etc.,
3204 2405 3374 2457 usque
3417 2389 3494 2442 ad
3526 2389 3594 2444 de
3638 2389 3844 2443 diabolo

2165 2487 2357 2536 autem
2391 2480 2507 2534 ait:
2544 2481 2885 2536 Nouissimas
2916 2481 3166 2534 inimicus
3198 2479 3508 2533 destruetur
3555 2494 3715 2544 mors,
3746 2482 3842 2530 etc.

2167 2571 2212 2643 (Ι
2242 2572 2360 2628 Cor.
2398 2568 2510 2638 xv.)

2240 2660 2371 2730 (In.)
2401 2658 2524 2712 LXX
2559 2673 2571 2711 :
2604 2658 2667 2712 In
2693 2657 2903 2726 gemino
2934 2657 3099 2738 ligno,
3150 2655 3257 2709 hoc
3286 2660 3372 2710 est
3407 2655 3634 2726 lignum
3687 2654 3846 2708 scien-

2165 2749 2262 2803 tia:
2290 2747 2428 2802 boni
2460 2751 2516 2801 et
2566 2746 2720 2812 mali,
2753 2751 2882 2810 etc.,
2922 2760 3091 2813 usque
3144 2745 3217 2798 ad
3248 2747 3374 2815 Ipse
3423 2749 3482 2799 et.
3520 2743 3848 2798 novissimus

2165 2837 2348 2892 Adam
2377 2835 2439 2890 in
2478 2835 2684 2906 spiritu
2714 2834 3052 2888 viviﬁcante.

2243 2927 2398 2979 Vens.
2451 2926 2537 2979 30.
2594 2953 2665 2964 —
2731 2925 2874 2977 Tunc
2925 2923 3236 2986 aediﬁcavit,
3286 2926 3391 2982 etc.
3449 2924 3674 2991 (Anam,
3719 2920 3846 2973 hom.

2168 3017 2219 3068 6.
2256 3013 2275 3082 )
2305 3012 2618 3069 A'Jditicavit
2646 3013 2806 3067 Jesus
2845 3012 3018 3065 altare
3045 3011 3288 3066 Domino
3324 3011 3436 3064 Deo
3496 3009 3687 3075 Israel,
3728 3013 3847 3071 etc.,

2165 3118 2335 3173 usque
2365 3103 2438 3156 ad
2464 3102 2563 3173 qui
2592 3101 2662 3156 ad
2681 3100 2875 3154 altaris
2907 3099 3392 3154 constructionem
3422 3099 3584 3169 digni
3605 3103 3749 3152 sunt.

2238 3193 2399 3246 Vens.
2446 3194 2533 3246 33.
2585 3219 2657 3230 —
2710 3189 2895 3244 Omnis
2941 3194 3139 3243 autem.
3191 3188 3394 3258 (Ome,
3454 3189 3594 3241 hom.
3653 3183 3724 3254 9.)
3789 3185 3849 3238 Et

2167 3280 2356 3336 omnis
2390 3279 2564 3334 Israel
2610 3282 2664 3332 et
2703 3277 3041 3348 presbyteri,
3070 3282 3197 3344 etc.,
3231 3292 3400 3345 usque
3447 3276 3523 3329 ad
3568 3275 3845 3346 implendo

2167 3369 2380 3424 scilicet
2405 3383 2576 3438 opere
2607 3382 2736 3437 quas
2767 3365 2976 3435 scripta
3005 3370 3138 3420 sunt
3166 3365 3224 3419 in
3254 3365 3395 3435 lege.

2240 3461 2305 3514 Ut
2335 3458 2570 3512 advena.
2621 3456 2745 3526 (In.,
2788 3454 2949 3524 ibid.)
3003 3455 3113 3509 Sed
3144 3460 3202 3509 et
3233 3455 3576 3526 .proselytus
3633 3460 3688 3507 et
3713 3451 3845 3506 indi-

2166 3563 2314 3617 gena
2359 3545 2550 3611 simul,
2602 3549 2944 3611 etc.,usque
2980 3543 3053 3596 ad
3114 3548 3169 3596 et
3222 3559 3417 3614 poenas
3469 3541 3848 3614 peccatoribus

2165 3635 2518 3700 constitutas,
2549 3634 2783 3686 caveant
2806 3630 3097 3685 incurrere
3126 3648 3239 3685 eas.

2235 3728 2360 3780 Post
2415 3725 2522 3777 haec
2579 3721 2724 3786 legit.
2760 3719 2980 3787 (Anan,
3008 3720 3171 3788 ibid.)
3210 3720 3494 3787 Refertur,
3526 3724 3656 3786 etc.,
3699 3733 3851 3788 usque

2166 3813 2286 3868 ad:
2322 3814 2646 3870 ut.sciamus
2697 3821 2814 3875 quae
2871 3825 2904 3862 a
2956 3811 3058 3862 Deo
3108 3809 3312 3864 donata
3376 3812 3504 3863 sunt
3551 3809 3702 3864 nobis
3768 3805 3853 3876 (II

2167 3901 2288 3957 Cor.
2318 3901 2396 3969 ιι).
3751 3963 3767 3977 .

2237 3989 2396 4043 Vrsas.
2431 3991 2518 4044 35.
2550 4019 2618 4028 ——
2647 3989 2798 4045 Nihil
2819 4003 2886 4042 ea:
2917 3989 3020 4042 his.
3054 3986 3170 4055 (In)
3214 3984 3337 4038 Non
3393 3988 3518 4039 erat
3556 3998 3738 4038 seruio
3791 3997 3851 4035 ex

2165 4077 2255 4132 his
2277 4094 2405 4149 quae
2435 4077 2721 4131 mandavit
2774 4077 2971 4144 Moses,
3006 4079 3134 4141 etc.,
3183 4089 3352 4143 usque
3391 4073 3467 4128 ad
3496 4073 3586 4128 vel
3618 4071 3715 4144 qui
3743 4072 3850 4142 jam

2167 4167 2374 4222 sociari
2411 4166 2678 4222 fidelibus
2707 4165 2959 4220 student.

2840 4270 3063 4326 CAPUT
3106 4269 3189 4324 IX.

2238 4380 2578 4447 Congregati,
2637 4382 2744 4432 etc.
2793 4375 3015 4448 (Anam,
3072 4375 3212 4430 hom.
3272 4376 3304 4429 9
3341 4375 3400 4427 in
3436 4373 3587 4443 Jos.)
3646 4373 3722 4427 Ex
3767 4371 3850 4426 his

2166 4483 2295 4539 quae
2327 4472 2486 4538 gesta
2517 4471 2669 4534 sunt,
2691 4471 2821 4530 etc.,
2852 4479 3022 4534 usque
3038 4463 3113 4518 ad
3139 4466 3468 4517 conteretur
3492 4461 3726 4517 Satanas
3753 4458 3847 4514 sub

2166 4555 2410 4628 pedibus
2429 4570 2720 4609 servorum
2753 4554 2876 4625 eius
2905 4552 3084 4618 (Rom.
3117 4551 3243 4620 xw).

2238 4647 2403 4700 Vens.
2437 4646 2488 4698 3.
2520 4673 2590 4684 -ο
2614 4645 2691 4698 At
2719 4643 2778 4696 hi
2801 4643 2916 4712 qui,
2949 4646 3051 4695 etc.
3088 4641 3212 4711 (In.,
3245 4640 3384 4693 hom.
3443 4639 3552 4709 10.)
3593 4638 3656 4692 In
3688 4636 3848 4691 domo

2169 4732 2351 4788 Patris
2397 4731 2511 4786 mei
2549 4732 2873 4786 mansiones
2919 4730 3119 4785 multa;
3150 4733 3285 4782 sunt
3323 4728 3496 4798 (Joan.
3562 4727 3698 4794 xxv),
3753 4729 3850 4778 etc.

2167 4837 2337 4892 usque
2365 4821 2440 4875 ad
2485 4820 2810 4874 libertatem
2843 4818 3144 4891 pristinam
3182 4815 3496 4872 revocantis
3541 4815 3710 4869 verba
3745 4828 3852 4867 non

2168 4910 2386 4978 audias,
2423 4909 2526 4964 ﬁas
2552 4909 2772 4980 peccati
2801 4923 2995 4962 servus
3022 4905 3082 4960 in
3103 4911 3405 4960 aeternum.

2241 4999 2407 5057 Vens.
2455 5000 2538 5054 19.
2581 5028 2649 5038 -
2677 4999 3008 5053 Juravimus.
3058 4995 3247 5062 (Aura,
3278 4997 3470 5064 quossi.
3526 4996 3590 5048 t3
3620 4995 3680 5047 in
3729 4989 3851 5054 Jos.)

2171 5087 2459 5154 Quaeritur
2495 5086 2788 5159 quomodo
2810 5085 3160 5156 jurationem
3199 5084 3348 5138 hanc
3376 5081 3710 5136 servandam
3741 5092 3852 5131 cre-

2171 5177 2442 5233 diderunt
2479 5175 2699 5232 Hebraei
2727 5173 3076 5241 Gabaonitis,
3121 5178 3252 5238 etc.,
3286 5187 3455 5243 usque
3505 5171 3581 5225 ad
3636 5169 3682 5223 si
3711 5163 3851 5238 quod

2170 5266 2256 5321 ira
2284 5266 2652 5337 perturbatus
2689 5265 3000 5336 juraverat,
3030 5279 3147 5318 non
3178 5261 3418 5324 fecisset,
3457 5275 3631 5331 quam
3659 5257 3707 5311 si
3735 5269 3853 5326 per-

2174 5355 2418 5411 fecisset.

2245 5443 2399 5513 (IsIn.
2447 5446 2506 5496 in
2531 5441 2676 5510 Jos,)
2721 5439 3049 5496 Gabaonitaa
3089 5438 3418 5509 signiﬁcant
3462 5452 3559 5490 eos
3589 5434 3687 5505 qui
3737 5445 3850 5485 cre-

2173 5535 2338 5599 dunt,
2371 5535 2430 5586 et
2480 5546 2617 5602 erga
2644 5545 2834 5585 servos
2866 5527 2966 5585 Dei
2992 5526 3182 5583 devoti
3211 5527 3300 5582 vel
3360 5523 3616 5581 Ecclesiae
3644 5521 3849 5576 cultum
