4062 6180
348 237 450 286 515
960 228 1356 284 WAIAFRIDI
1396 229 1640 285 STRABI
1683 229 1878 285 FULD.
1926 229 2085 284 MON.
2125 229 2276 285 OPP.
2319 229 2501 285 PARS
2540 231 2584 288 Ι.
2626 260 2692 268 -
2731 229 3183 288 THEOLOGICA.

3745 236 3851 287 516

348 374 548 413 novem
592 355 742 410 inter
770 371 829 408 se
881 353 1221 409 milliaribus
1269 360 1557 426 separata.
1599 354 1784 422 Edrai,
1817 354 1916 410 ubi
1944 355 2038 410 in-
2069 357 2111 411 Α
2227 355 2435 410 Tribui.
2495 354 2699 408 Levitis
2742 357 2932 409 autem
2978 371 3164 426 neque
3201 354 3380 409 Moses
3419 354 3576 410 dedit
3605 355 3854 410 haeredi-

347 445 610 500 terfectus
641 449 720 498 est
754 445 838 514 Og
889 461 980 497 rex
1017 445 1216 509 Basan,
1247 444 1427 515 gigas.
1491 444 1650 498 Nunc
1713 448 1904 498 autem
1963 448 2049 498 est

347 536 550 600 Adara,
615 533 855 601 insignis
912 531 1106 586 civitas
1189 532 1434 593 Arabiae,
1508 533 1786 603 vigesimo
1845 538 2048 602 quarto

347 623 531 693 lapide
561 624 633 676 ab
686 622 880 677 Osdra.
922 621 1140 675 Esebon
1189 621 1386 675 civitas
1434 621 1623 676 Sehon
1667 622 1818 692 regis
1843 625 2046 676 Amor-

345 715 655 780 rhmorum,
714 713 772 766 in
835 719 986 765 terra
1043 712 1296 766 Galaad:
1353 728 1480 782 qua-
1531 728 1661 765 cum
1694 711 1891 765 fuisset
1919 718 2047 764 ante

348 802 744 870 Moabitarum,
786 800 856 854 ab
907 799 1254 854 Amorrhaeis
1298 800 1433 854 belli
1475 800 1605 870 jure
1654 817 1914 870 possessa
1944 806 2047 854 est.

347 891 582 946 Salecha
634 890 829 944 civitas
909 889 1056 959 regis
1128 889 1232 959 0g,
1284 888 1344 942 in
1400 888 1633 959 regione
1705 888 2046 944 Basanitide.

347 980 586 1036 Machati
619 979 752 1033 urbs
808 978 1276 1032 Amorrhaeorum
1333 993 1504 1048 super
1531 978 1859 1041 Iordanem,
1885 978 2050 1048 juxta

348 1075 603 1124 montem
654 1069 884 1122 Ermon.
935 1067 1221 1121 Iarimuth
1287 1066 1484 1120 civitas
1543 1083 1715 1137 quam
1774 1067 2053 1120 subvertit

346 1161 528 1227 Iesus,
562 1157 620 1210 in
649 1157 800 1210 tribu
833 1155 1000 1220 Iuda,
1047 1157 1250 1224 quarto
1282 1153 1498 1208 distans
1525 1155 1596 1207 ab
1623 1154 2051 1225 Eleutheropoli

349 1247 560 1319 lapide,
603 1247 767 1317 juxta
811 1244 1001 1298 villam
1053 1242 1308 1296 Eschaol.
1362 1241 1560 1297 Lachis
1606 1243 1664 1296 in
1693 1243 1843 1297 tribu
1885 1242 2048 1297 Iuda.

352 1336 607 1392 Meminit
651 1335 821 1404 hujus
868 1333 1041 1387 Isaias
1078 1337 1137 1386 et
1181 1331 1475 1399 Ieremias,
1519 1335 1578 1384 et
1624 1347 1777 1385 nunc
1805 1335 1892 1386 est
1919 1330 2054 1385 villa

351 1427 408 1481 in
439 1426 684 1497 septimo
735 1422 1004 1476 milliario
1052 1421 1123 1474 ab
1169 1420 1612 1491 Eleutheropoli.
1659 1421 1828 1474 Erma
1858 1420 1963 1474 fuit
1991 1420 2051 1474 in

351 1521 503 1570 sorte
533 1515 784 1577 Simeon,
817 1512 932 1565 sive
965 1510 1127 1576 Iuda,
1162 1514 1267 1563 etc.

990 1654 1214 1709 CAPUT
1252 1653 1400 1707 XIII.

425 1784 723 1852 (Annam,
785 1779 920 1831 hom.
956 1780 1018 1831 l6
1068 1779 1126 1830 in
1155 1775 1290 1837 Jos.)
1340 1775 1657 1846 Presbyteri
1697 1780 1753 1830 et
1801 1776 2053 1831 seniores

353 1889 468 1926 non
517 1886 622 1940 pro
679 1869 937 1937 longaeva
964 1865 1078 1919 vita
1117 1865 1403 1930 dicuntur,
1439 1871 1569 1927 etc.,
1605 1881 1773 1935 usque
1805 1865 1878 1920 ad
1908 1866 2052 1921 sicut

355 1962 412 2015 in
444 1959 711 2012 omnibus
741 1956 1004 2026 princeps
1028 1960 1128 2022 est,
1160 1953 1294 2024 quia
1325 1961 1497 2024 caput
1519 1955 1779 2008 omnium
1811 1958 1932 2008 est;

425 2050 591 2102 Vens.
636 2051 680 2100 t.
728 2076 796 2084 —
845 2047 1134 2112 Terraque.
1168 2043 1294 2113 (1ο.)
1339 2043 1466 2096 Alia
1502 2043 1742 2096 littera:
1790 2045 1860 2098 Et
1907 2048 2055 2098 terra

352 2137 543 2191 relicta
595 2139 675 2188 est
723 2133 896 2186 multa
948 2131 1124 2185 valde.
1165 2130 1440 2201 Superius
1494 2131 1709 2186 dictum
1766 2137 1871 2199 est,
1921 2138 2051 2198 etc.,

275 2218 280 2220 ⁷
352 2237 521 2292 usque
563 2221 636 2275 ad
691 2221 792 2291 qui
838 2235 973 2274 vero
1019 2235 1085 2273 ex
1133 2220 1468 2273 necessitate
1518 2219 1872 2290 subiicietur,
1921 2236 2051 2275 cum

354 2309 697 2364 novissimus
748 2307 1011 2362 inimicus
1061 2307 1388 2362 destruetur
1446 2324 1616 2374 mors,
1678 2325 1791 2363 non
1833 2309 1939 2364 erit
1992 2309 2051 2362 in

354 2399 556 2470 gratia.

425 2488 584 2540 Vaas.
633 2488 684 2539 ὓ.
734 2513 803 2524 -
855 2485 1220 2552 Universique.
1273 2483 1495 2554 (Amm,
1549 2484 1692 2541 hom.
1748 2486 1860 2556 t6.)
1910 2486 2052 2541 Cum

351 2574 628 2646 plurimas
661 2577 860 2643 gentes
904 2576 1294 2626 enumerasset
1329 2573 1508 2634 Iesus,
1540 2572 1610 2627 de
1641 2573 1775 2626 solis
1805 2573 2054 2630 Sidoniis

351 2663 531 2718 dixit:
584 2665 653 2718 Et
702 2677 878 2717 omnes
938 2661 1188 2717 Sidonios
1247 2677 1340 2729 ego
1395 2663 1762 2717 exterminabo
1827 2680 1862 2717 a
1908 2667 2054 2730 facie

349 2755 586 2823 ﬁliorum
650 2752 840 2806 Israel.
900 2749 1116 2805 Sidonii
1172 2765 1304 2804 vero
1379 2749 1828 2822 interpretantur
1879 2767 2051 2807 vena-

353 2849 522 2896 tores.
582 2840 649 2894 Hi
679 2844 814 2894 sunt
861 2839 1154 2893 daemones
1185 2839 1254 2893 de
1307 2839 1515 2910 quibus
1560 2839 1697 2894 dicit
1725 2841 2048 2912 propheta:

354 2933 592 2999 Laqueos
641 2934 977 2998 paraverunt
1025 2927 1259 2997 pedibus
1307 2930 1437 2983 meis
1491 2929 1656 3000 (Psal.
1719 2930 1845 2992 va).
1909 2932 2050 2985 lstos
2083 2950 2124 3005 α

351 3017 692 3072 exterminat
738 3015 1032 3081 Dominus,
1082 3019 1147 3069 ut
1195 3030 1310 3069 non
1341 3014 1414 3069 sit
1459 3015 1560 3087 qui
1589 3015 1825 3088 laqueus
1859 3018 2052 3072 tendat

351 3113 410 3161 et
439 3107 581 3162 retia
609 3105 680 3159 ad
723 3103 1085 3174 decipiendas
1123 3103 1344 3158 animas
1373 3119 1386 3156 :
1421 3107 1478 3156 et
1516 3104 1836 3175 requiescat
1875 3122 2050 3161 unus-

352 3193 597 3264 quisque
628 3190 732 3245 sub
765 3189 876 3244 vite
897 3205 998 3243 sua
1028 3194 1085 3244 et
1111 3189 1214 3244 sub
1240 3189 1352 3244 ﬁcu
1383 3205 1504 3246 sua.

424 3282 583 3334 Vsus.
638 3283 690 3332 7.
750 3280 815 3332 Et
862 3292 1024 3331 nunc.
1077 3277 1208 3330 Post
1259 3279 1366 3331 hoc
1419 3281 1613 3332 autem
1659 3279 1870 3350 legitur
1915 3279 2053 3350 quia

351 3370 530 3425 Moses
559 3366 718 3422 dedit
747 3364 1137 3418 heereditatem
1179 3365 1547 3435 quibusdam,
1581 3370 1638 3421 et
1664 3372 1864 3438 postea
1891 3369 2051 3423 Iesus

349 3455 668 3510 secundum
724 3457 1073 3523 praeceptum
1131 3451 1358 3506 Domini
1411 3453 1700 3510 distribuit
1748 3456 2049 3512 haeredita-

349 3548 486 3597 tem.
550 3542 656 3596 Per
712 3541 924 3608 Mosen,
975 3541 1158 3610 legem
1213 3540 1520 3611 intellige:
1579 3542 1681 3613 qui
1737 3544 2049 3598 secundum

349 3631 535 3702 legem
569 3630 848 3696 vixerunt,
901 3627 1078 3698 primi
1130 3627 1524 3683 [nereditatem
1568 3636 1924 3701 receperunt,
1953 3631 2050 3686 sed

350 3726 509 3774 extra
564 3723 778 3773 terram
830 3716 1246 3788 promissionis.
1307 3718 1564 3789 Cumque
1614 3735 1738 3774 eam
1797 3721 2050 3792 accepis-

349 3813 496 3874 sent,
526 3822 646 3861 nou
671 3822 800 3861 eam
846 3805 1161 3876 possident,
1214 3821 1402 3876 neque
1448 3806 1712 3862 dividunt
1738 3807 1890 3864 inter
1946 3826 2047 3876 se;

351 3897 447 3952 sed
493 3900 822 3966 exspectant
848 3910 1146 3966 usquequo
1177 3893 1259 3949 eis
1302 3911 1409 3965 per
1432 3895 1625 3950 Iesum
1670 3896 2052 3952 distribuatur

245 3995 250 3998 '
349 3986 411 4040 iu
459 3989 690 4040 sortem.
744 3983 885 4038 Hinc
951 3983 1256 4054 Apostolus
1301 3984 1416 4038 ait:
1466 3986 1540 4038 Hi
1588 4000 1766 4040 omnes
1813 3988 2049 4041 testimo-

348 4077 502 4130 nium
552 4073 802 4128 habentes
828 4086 928 4140 per
954 4071 1116 4140 ﬁdem
1168 4071 1406 4126 nondum
1463 4075 1729 4128 consecuti
1773 4079 1900 4129 sunt
1924 4090 2051 4144 pro-

348 4164 646 4230 missiones,
695 4163 800 4216 Deo
822 4175 926 4230 pro
951 4159 1105 4214 nobis
1135 4159 1352 4228 aliquid
1394 4161 1582 4216 melius
1620 4162 1955 4229 providente,
1984 4178 2052 4217 ne

347 4255 466 4306 sine
491 4252 645 4304 nobis
701 4252 1198 4304 consummarentur
1255 4247 1436 4318 (Hebr.
1491 4252 1592 4316 xl).
1622 4249 1843 4304 Habent
1871 4249 2048 4322 igitur
2073 4265 2118 4320 ι)

343 4341 467 4411 jam
496 4337 938 4410 promissionem
988 4351 1151 4390 suam
1189 4340 1249 4390 et
1285 4336 1708 4407 requieverunt,
1763 4337 1925 4408 digni
1948 4340 2052 4410 ju-

349 4428 522 4484 dicati
579 4443 682 4499 per
735 4426 926 4481 Mosen
992 4440 1197 4496 capere
1257 4424 1653 4480 haereditatem
1709 4442 1892 4496 suam,
1951 4429 2052 4483 sed

348 4517 537 4572 adhuc
565 4518 829 4586 pugnant
868 4529 974 4584 pro
1003 4513 1092 4568 his
1120 4512 1221 4584 qui
1251 4513 1356 4568 sub
1382 4515 1515 4569 Iesu
1543 4513 1812 4569 militant.
1842 4515 2052 4570 Omnes

349 4606 505 4661 enim
543 4605 739 4660 Patres
775 4603 877 4674 qui
915 4611 1048 4657 ante
1086 4617 1191 4656 nos
1227 4601 1606 4669 dormierunt,
1648 4608 1911 4674 pugnant
1949 4620 2055 4659 no-

349 4694 572 4750 biscum
635 4696 692 4746 et
753 4690 1112 4746 orationibus
1171 4690 1463 4762 adjuvant,
1533 4691 1729 4746 unde:
1797 4692 2054 4760 Ablinget

348 4797 632 4855 synagoga
660 4781 762 4838 tua
807 4782 948 4837 hanc
994 4795 1349 4849 synagogam,
1409 4785 1552 4835 sicut
1580 4779 1817 4849 ablingit
1845 4783 2051 4836 vitulus

351 4873 570 4928 herbam
627 4869 860 4925 viridem
901 4869 967 4924 de
1009 4884 1222 4941 campo.
1262 4869 1566 4940 Syuagoga
1612 4869 1767 4924 enim
1825 4869 2053 4924 Domini

351 4975 482 5032 quas
513 4975 618 5014 nos
667 4957 970 5030 prmeessit,
999 4973 1098 5012 ore
1140 4963 1197 5012 et
1227 4956 1423 5028 lingua
1471 4963 1772 5012 consumet
1821 4973 2053 5013 omnem

350 5047 695 5102 contrariam
736 5062 1106 5118 synagogam,
1139 5045 1197 5100 id
1228 5051 1333 5112 est,
1367 5046 1724 5101 orationibus
1753 5051 2056 5100 consumet

353 5135 707 5192 adversarios
755 5141 1002 5190 nostros.
1061 5134 1422 5189 Orationibus
1471 5151 1606 5206 ergo
1654 5140 1710 5188 et
1755 5135 1912 5189 verbi
1953 5135 2053 5190 Dei

355 5223 725 5278 meditatione
755 5227 813 5276 et
844 5237 1018 5292 opere
1049 5226 1106 5275 et
1130 5237 1300 5276 sensu
1342 5225 1495 5276 recto
1523 5220 1901 5292 pugnandum
1932 5226 2042 5277 est.

423 5313 650 5383 (Anam,
695 5311 834 5365 hom.
886 5315 991 5377 t7.)
1036 5310 1194 5364 Sicut
1224 5309 1445 5364 umbras
1492 5308 1804 5380 exemplari
1859 5307 2054 5370 deser-

352 5398 518 5454 viunt
564 5396 875 5452 cmiestium
915 5401 1044 5462 etc.,
1085 5411 1254 5464 usque
1287 5397 1361 5451 ad
1390 5412 1492 5468 per
1521 5398 1714 5451 Iesum
1763 5395 2056 5466 accipiunt

354 5486 767 5543 hereditatem.

2157 447 2353 509 tatem,
2406 459 2594 514 neque
2649 444 2830 498 Iesus.
2884 444 3023 510 Quia
3079 447 3193 512 ipse
3247 447 3385 498 Deus
3431 450 3508 498 est
3567 445 3856 502 haereditate

2157 546 2358 585 eorum.
2416 532 2480 585 Hi
2513 538 2645 586 sunt
2685 532 2828 585 forte
2875 532 2975 602 qui
3009 533 3068 586 in
3099 533 3352 594 Ecclesia,
3415 533 3620 587 virtute
3678 534 3857 588 animi

2159 624 2217 674 et
2247 620 2580 674 meritorum
2629 620 2814 690 gratia
2859 621 2998 674 alios
3040 621 3384 688 praecedunt.
3423 622 3488 674 Hi
3527 626 3662 675 sunt
3687 623 3856 687 forte,

2161 709 2259 778 qui
2315 708 2376 762 in
2429 708 2626 780 populi
2686 709 3086 764 salvandorum
3149 711 3442 780 sapientia:
3499 716 3556 764 et
3609 710 3859 765 scientiae

2159 813 2389 868 operam
2425 799 2684 852 tribuunt
2713 803 2769 851 et
2802 803 3050 852 mentem
3081 814 3242 853 suam
3274 815 3477 869 puram
3507 800 3854 862 custodiunt.

2161 892 2218 940 et
2249 887 2514 941 omnibus
2552 887 2840 957 praeclaris
2882 887 3184 942 virtutibus
3228 889 3493 942 excolunt
3543 892 3598 941 et
3630 887 3857 958 simpli-

2159 975 2342 1030 ciores
2372 976 2577 1030 docent
2613 976 2900 1048 quomodo
2943 976 3174 1030 veniant
3201 977 3268 1031 ad
3312 978 3555 1031 salutem
3590 993 3603 1029 :
3651 977 3852 1030 horum

2159 1063 2616 1143 haereditasipse
2647 1065 2925 1118 Dominus
2963 1070 3067 1131 est,
3100 1065 3201 1136 qui
3235 1071 3319 1120 est
3357 1065 3652 1136 sapientia,
3683 1081 3850 1136 quam

2160 1169 2278 1222 prae
2305 1153 2525 1230 caeteris
2557 1153 2825 1207 omnibus
2855 1153 3203 1208 dilexerunt.

2231 1241 2394 1298 Vens.
2442 1245 2524 1296 t5.
2567 1271 2634 1281 —
2677 1242 2868 1296 Tribui
2909 1243 3142 1312 ﬁliorum
3191 1242 3396 1308 Ruben,
3445 1246 3548 1297 etc.
3604 1242 3724 1314 (ῐυ.)
3767 1243 3858 1295 ln-

2161 1330 2328 1384 venio
2363 1337 2554 1386 tamen
2593 1331 2844 1402 aliquam
2877 1331 3256 1386 differentiam
3288 1332 3346 1386 in
3374 1333 3460 1386 his
3487 1348 3614 1403 qua:
3647 1333 3860 1402 Moyses

2162 1420 2470 1481 distribuit,
2519 1424 2652 1485 etc.,
2685 1435 2852 1490 usque
2895 1420 3007 1474 ad:
3043 1422 3220 1476 Caecus
3251 1436 3382 1476 caeco
3423 1421 3679 1476 ducatum
3715 1435 3858 1490 prx-

2164 1509 2290 1564 bens
2320 1510 2379 1563 in
2402 1511 2615 1575 foveam
2638 1509 2792 1563 cadet
2821 1524 2939 1563 cum
2969 1524 3044 1564 co.

2235 1597 2394 1650 Vens.
2455 1598 2541 1650 32.
2597 1627 2665 1634 —
2721 1598 2888 1650 Hanc.
2963 1600 3200 1667 (Anan,
3274 1599 3412 1651 hom.
3478 1601 3541 1652 18
3597 1599 3656 1650 in
3709 1597 3858 1662 Jos.)

2167 1685 2456 1739 Discamus
2503 1701 2568 1739 ex
2611 1686 2758 1755 lege,
2807 1690 2932 1747 etc.,
2983 1702 3153 1756 usque
3198 1686 3306 1740 ad:
3340 1688 3491 1740 Iesus
3537 1691 3589 1741 et
3634 1687 3866 1740 Eleazar

2158 1775 2322 1829 simul
2351 1773 2426 1828 ad
2455 1773 2804 1828 dividendam
2837 1779 3053 1828 terram.

2813 1915 3044 1970 CAPUT
3080 1916 3208 1971 XIV.

2235 2037 2396 2092 Vsus.
2466 2040 2519 2092 2.
2580 2067 2646 2078 —
2703 2039 2856 2094 Sorte
2912 2039 3093 2092 omnia
3139 2039 3462 2105 dividentes,
3518 2043 3623 2093 etc.
3680 2040 3866 2110 (1810.)

2163 2125 2371 2181 Deletis
2421 2125 2686 2196 gentibus
2738 2128 2907 2181 Iosue
2958 2132 3109 2180 sorte
3141 2126 3345 2181 dividit
3392 2128 3614 2198 populis
3653 2132 3868 2181 terram

2159 2213 2592 2285 promissionis:
2636 2215 2889 2269 Christus
2930 2231 3160 2287 quoque
3190 2232 3222 2269 a
3252 2215 3393 2270 facie
3432 2215 3690 2270 ﬁdelium
3731 2233 3866 2270 suo-

2161 2318 2311 2369 rum,
2343 2307 2558 2372 gentes,
2594 2302 2648 2357 id
2680 2308 2764 2358 est
2793 2303 3095 2374 gentilium
3135 2321 3394 2358 errorum
3444 2303 3696 2375 spiritus,
3742 2306 3870 2375 eje-

2159 2391 2252 2455 cit,
2282 2396 2337 2446 et
2373 2397 2523 2445 sorte
2553 2391 2744 2446 divisit
2786 2398 3022 2457 terram,
3073 2392 3382 2464 unicuique
3427 2393 3658 2464 propria
3709 2393 3869 2448 dona

2159 2479 2434 2532 tribuens.

2231 2568 2392 2622 Vsus.
2439 2569 2489 2622 3.
2545 2598 2604 2608 -ο
2662 2568 2900 2623 Duabus.
2957 2570 3082 2638 (lo.)
3133 2569 3309 2624 Moses
3355 2573 3512 2624 trans
3555 2569 3868 2625 Iordanem

2159 2653 2377 2708 duabus
2415 2657 2640 2708 tantum
2684 2655 2968 2721 tribubus,
3022 2671 3190 2725 usque
3232 2657 3306 2710 ad
3334 2656 3602 2728 perfectio
3641 2673 3778 2728 ergo
3808 2663 3871 2712 et

2159 2759 2384 2796 summa
2413 2743 2671 2797 omnium
2699 2743 3001 2811 bonorum,
3034 2743 3095 2798 in
3129 2744 3343 2815 Spiritu
3369 2752 3562 2799 sancto
3593 2751 3697 2800 est.

2227 2831 2466 2900 Absque.
2521 2831 2642 2903 (Ιο.)
2695 2833 2902 2887 Levita:
2957 2849 3072 2888 non
3131 2833 3420 2905 accipiunt
3463 2835 3868 2889 hereditatem

2160 2925 2351 2989 terrae,
2405 2925 2538 2988 etc.,
2595 2935 2763 2990 usque
2809 2921 2884 2975 ad
2940 2928 3001 2975 ut
3053 2921 3271 2994 possint
3319 2921 3552 2978 dicere:
3610 2926 3871 2978 Dominus

2156 3023 2289 3079 pars
2316 3009 2673 3075 hereditatis,
2710 3013 2814 3063 etc.
2853 3008 3023 3078 (Psal.
3055 3010 3165 3076 xv.)

2232 3098 2392 3152 Vsus.
2426 3098 2479 3151 4.
2513 3127 2577 3140 -
2609 3099 2714 3154 Nec
2759 3103 3096 3167 acceperunt.
3151 3099 3280 3170 (ῐο.)
3337 3100 3666 3154 Habitacula
3701 3099 3868 3154 Levi-

2159 3185 2254 3251 tis,
2309 3191 2395 3239 etc
2425 3226 2440 3252 ,
2481 3201 2650 3255 usque
2704 3187 2778 3240 ad
2828 3187 2930 3259 qui
2985 3187 3411 3258 dispensatione
3461 3188 3724 3242 omnium
3783 3189 3869 3242 vi-

2161 3278 2321 3329 vuut.

2179 3355 2184 3368 ’
2231 3361 2395 3416 Vsus.
2430 3364 2482 3418 6.
2517 3363 2766 3418 Locutus.
2817 3363 3041 3433 (Anam,
3085 3365 3224 3419 hom.
3273 3365 3382 3436 18.)
3412 3365 3579 3420 Caleb
3610 3366 3870 3436 primum

2160 3448 2552 3504 haereditatem
2605 3451 2822 3522 accepit
2872 3468 2903 3506 a
2964 3453 3116 3517 Iesu,
3174 3467 3344 3522 usque
3403 3454 3478 3507 ad
3529 3454 3650 3525 ipse
3705 3455 3868 3509 enim

2161 3539 2356 3594 omnia
2397 3538 2630 3595 edocuit
2654 3543 2710 3594 et
2739 3541 2996 3611 aperuit;
3043 3541 3165 3612 ipse
3197 3541 3462 3596 revelavit
3495 3543 3689 3607 Paulo,
3725 3544 3870 3614 quia

2159 3628 2251 3683 lex
2281 3626 2593 3700 spiritualis
2624 3634 2790 3684 esset.

2230 3719 2406 3774 Nosti.
2467 3719 2596 3789 (10.)
2651 3720 2764 3774 Hoc
2824 3723 2909 3774 est
2960 3719 3110 3790 quod
3173 3719 3312 3775 dixit
3371 3720 3661 3787 Dominus,
3727 3726 3866 3789 etc,

2161 3821 2330 3876 usque
2357 3806 2433 3860 ad
2465 3807 2600 3878 quia
2632 3807 2829 3862 omnia
2858 3807 3146 3879 sapienter
3175 3808 3416 3880 scripsit.

2234 3893 2394 3949 Vaas.
2459 3897 2536 3948 lt.
2585 3925 2655 3934 —
2717 3897 2806 3951 Sic
2851 3896 3055 3950 valens.
3106 3895 3344 3950 Sanctus
3393 3896 3551 3950 enim
3599 3895 3871 3951 similiter

2159 3983 2331 4050 valet,
2364 3987 2422 4037 et
2449 3981 2509 4037 in
2535 3984 2936 4054 praesentibus,
2964 3988 3021 4038 et
3047 3983 3107 4038 in
3135 3985 3439 4056 praeteritis
3464 4001 3478 4051 ;
3513 3989 3569 4039 et
3595 3986 3652 4039 in
3681 3985 3870 4052 novis,

2161 4075 2220 4126 et
2247 4070 2304 4126 in
2342 4071 2667 4139 veteribus;
2700 4072 2761 4126 in
2815 4072 3131 4144 Evangeliis
3178 4078 3236 4128 et
3277 4073 3336 4128 in
3386 4074 3533 4145 lege.
3579 4074 3695 4128 Hoc
3727 4090 3872 4144 ergo

2161 4161 2249 4212 est
2296 4158 2452 4230 quod
2504 4158 2642 4214 dicit
2687 4159 2874 4215 valere
2916 4177 2975 4215 se
3022 4161 3127 4216 sub
3167 4162 3320 4227 Iesu,
3368 4161 3514 4216 sicut
3559 4167 3693 4216 tunc
3732 4179 3870 4218 cum

2160 4247 2371 4318 Moyse,
2420 4246 2556 4317 quia
2612 4247 2672 4302 in
2702 4248 3002 4320 utriusque
3050 4250 3396 4304 Testameuti
3437 4251 3722 4321 mysteriis
3769 4267 3873 4306 cor

2165 4335 2410 4406 vigilans
2436 4335 2602 4389 valet.

2233 4426 2391 4480 Vsus.
2443 4429 2541 4480 l2.
2579 4456 2648 4466 ——
2694 4429 2778 4482 Da
2823 4441 2972 4494 ergo.
3029 4426 3178 4481 Nihil
3224 4426 3462 4493 humile,
3513 4427 3657 4482 nihil
3707 4427 3870 4498 deje-

2160 4518 2316 4570 ctum
2345 4518 2575 4569 sanctus
2605 4515 2869 4586 requirit,
2899 4515 2998 4569 sed
3025 4521 3278 4570 montem
3309 4517 3614 4583 excelsum,
3645 4516 3702 4570 in
3746 4533 3869 4588 quo

2162 4607 2295 4658 sunt
2323 4602 2575 4658 civitates
2622 4619 2848 4674 magnai
2877 4609 2933 4658 et
2972 4605 3233 4670 munitae,
3283 4605 3417 4676 quia
3455 4606 3707 4660 civitates
3738 4621 3870 4660 mu-

2163 4690 2311 4745 nitas
2368 4695 2608 4762 occupat
2659 4691 2908 4762 sapiens,
2963 4697 3021 4746 et
3077 4692 3318 4748 destruit
3374 4692 3743 4757 munitiones,
3808 4693 3873 4747 in

2163 4779 2372 4851 quibus
2401 4779 2703 4834 conﬁdunt
2731 4779 2912 4851 impii.

2231 4868 2295 4922 In
2348 4882 2472 4935 quo.
2534 4866 2757 4938 (Anam,
2833 4869 2972 4922 hom.
3031 4870 3210 4929 xvm.)
3262 4869 3526 4924 Civitates
3580 4875 3637 4924 et
3692 4869 3870 4936 muri,

2163 4959 2293 5009 sunt
2324 4955 2635 5026 impiorum
2676 4955 2966 5026 dogmata,
3003 4962 3132 5023 etc.,
3159 4973 3328 5026 usque
3359 4958 3432 5011 ad
3467 4959 3609 5012 sicut
3638 4958 3875 5012 effectus

2162 5047 2249 5098 est
2301 5043 2449 5097 Deus
2504 5043 2815 5113 Abraham,
2877 5045 3026 5100 Deus
3076 5048 3248 5113 Isaac,
3297 5051 3354 5101 et
3399 5047 3547 5101 Deus
3586 5046 3776 5114 Iacob,
3812 5047 3874 5101 in

2163 5131 2386 5187 Christo
2423 5132 2576 5186 Iesu.

2235 5220 2394 5275 Vaas.
2431 5222 2516 5275 t5.
2548 5250 2618 5262 —-
2661 5224 2732 5276 Et
2762 5227 2909 5276 terra
2959 5226 3208 5292 cessavit,
3260 5234 3365 5278 etc.
3401 5226 3630 5295 (Anan,
3679 5224 3872 5280 homil.

2166 5310 2251 5363 19.
2299 5308 2360 5362 in
2403 5309 2538 5378 Ios.)
2586 5309 2712 5365 Non
2764 5315 2850 5364 est
2882 5309 2990 5364 hoc
3036 5311 3310 5382 scriptum
3363 5311 3421 5365 in
3465 5312 3874 5368 distributione

2163 5395 2358 5468 Moysi,
2388 5396 2486 5451 sed
2518 5396 2579 5452 iu
2624 5397 3026 5454 distributione
3068 5400 3217 5454 Iesu.
3248 5399 3306 5454 Si
3337 5415 3474 5471 ergo
3521 5400 3606 5454 vis
3655 5401 3872 5472 dignus

2163 5483 2333 5550 efﬁci,
2381 5485 2484 5555 qui
2516 5485 2917 5543 hereditatem
2963 5488 3329 5558 consequaris
3355 5503 3391 5542 a
3435 5489 3587 5557 Iesu,
3636 5494 3872 5561 oportet
