3976 6178
155 300 247 350 Si?
1285 295 1543 352 GLOSSA
1579 296 1988 353 ORDINARIA.
2028 325 2099 339 —
2138 298 2269 355 LIB.
2307 300 2539 357 JOSUE.
3545 317 3648 370 5l8

153 421 198 468 te
228 417 390 485 prius
421 415 615 468 omnia
644 414 792 469 bella
826 413 992 467 ﬁnire
1025 418 1082 468 et
1124 413 1182 466 in
1231 430 1369 484 pace
1412 414 1744 481 consistere,
1778 419 1839 469 ut
1866 420 1908 471 A
1946 416 2139 471 civitas
2176 419 2272 472 Dei
2301 427 2401 483 est,
2437 427 2492 475 et
2521 422 2644 476 fons
2684 423 2777 477 ille
2810 441 2980 495 supra
3010 428 3213 498 dictus,
3244 431 3449 486 fluvius
3482 435 3646 489 eﬁ'ec-

149 505 210 558 de
240 505 431 558 carnis
462 512 573 558 tute
633 508 783 557 terra
835 503 1100 556 dicatur:
1165 506 1297 571 quia
1348 506 1575 557 cessavit
1626 509 1772 557 terra
1811 520 1846 558 a
1958 513 2098 571 ctus,
2160 508 2408 563 laetiﬁcat
2450 511 2737 566 civitatem
2782 514 2879 567 Dei
2915 517 3256 587 (Psal.x1.v).
3300 521 3382 575 Tu
3413 537 3647 594 quoque

150 595 318 647 bellis.
821 662 847 667 _
872 666 875 667 ν
904 663 1034 667 ____
1958 596 2003 647 si
2034 596 2284 667 undique
2308 601 2578 664 munitus,
2606 602 2700 667 sis,
2732 609 2786 655 et
2814 605 3187 660 continentiae
3214 610 3650 665 muro'circum-

812 662 1035 716 CAPUT
1075 662 1181 715 Χνο
1960 684 2143 751 datus,
2190 662 2484 754 patientia;
2535 662 2591 743 et
2641 662 3125 760 magnanimitatis
3154 662 3648 753 turribusconﬁr-

214 770 380 824 Vsus.
421 773 467 823 l.
516 800 583 808 —
627 771 805 837 Igitur
859 784 974 823 sors
1029 770 1264 835 ﬁliorum
1310 768 1488 836 ludas,
1543 774 1648 823 etc.
1702 770 1845 823 Cum
1959 778 2162 837 matus,
2197 776 2458 829 eiﬁcieris
2486 777 2677 832 civitas
2708 780 2825 833 Dei.
2868 780 2927 835 Si
2981 796 3118 836 vero
3174 785 3247 838 ad
3292 785 3403 841 hoc
3454 788 3651 843 lumen

152 858 503 913 consuetudo
533 857 604 911 sit
656 862 864 911 sanctas
895 857 1204 927 Scripturaa
1238 862 1487 927 quatuor
1532 863 1726 927 partes
1754 875 1845 912 or-
1957 861 2205 916 scientiae
2237 864 2335 917 Dei
2362 866 2464 919 tibi
2493 866 2802 933 addideris,
2836 876 2892 923 ct
2922 874 2974 923 te
3016 874 3097 924 sol
3150 872 3388 941 justitiaa
3419 875 3653 933 irradia-

151 949 251 1013 bis,
291 964 438 1018 quas
478 963 611 1001 axes
666 948 751 1000 vel
810 946 1005 1017 plagas
1054 946 1376 1013 nominant,
1425 946 1734 1016 appellare,
1787 947 1845 1002 in
1960 950 2120 1014 verit,
2168 952 2429 1006 efﬁcieris
2477 954 2676 1008 civitas
2705 958 2856 1025 solis,
2888 959 2974 1011 vel
3018 959 3303 1016 civitatem
3334 964 3466 1018 solis
3497 972 3649 1019 sorte

152 1036 535 1107 descriptione
562 1035 767 1089 ﬁnium
796 1036 980 1089 tribus
1010 1035 1191 1100 Judae,
1226 1034 1356 1088 dum
1403 1039 1629 1089 tantum
1656 1036 1847 1090 nomi-
1958 1039 2339 1094 haereditabis.
2374 1042 2429 1095 Si
2460 1049 2648 1097 autem
2689 1045 2747 1099 in
2782 1046 2905 1115 lege
2938 1048 3034 1101 Dei
3077 1049 3168 1103 die
3209 1066 3273 1104 ac
3323 1059 3487 1108 nocte
3530 1060 3653 1108 stu-

152 1132 380 1179 nantur.
444 1127 514 1178 Et
570 1126 710 1189 facti
768 1128 915 1189 sunt,
964 1125 1167 1192 inquit,
1221 1123 1625 1195 ﬁnesﬁliorum
1673 1127 1847 1179 tribus
1960 1128 2174 1195 dueris,
2208 1136 2262 1183 et
2292 1129 2363 1184 de
2395 1146 2568 1186 manu
2600 1140 2699 1187 tua
2727 1135 2871 1188 liber
2911 1137 3051 1207 legis
3077 1154 3191 1192 non
3219 1142 3535 1207 recesserit,
3567 1144 3648 1197 ef-

150 1216 287 1269 Juda
338 1213 634 1268 secundum
688 1212 866 1281 plebes
913 1228 1093 1266 eorum
1142 1227 1176 1265 a
1231 1210 1437 1281 ﬁnibus
1493 1213 1760 1278 Idumam,
1815 1229 1849 1267 a
1959 1218 2180 1272 ﬁcietur
2210 1219 2506 1274 haereditas
2535 1228 2631 1275 tua
2658 1222 2850 1276 civitas
2881 1224 3222 1281 litterarum.

152 1304 353 1359 deserto
385 1304 486 1358 Sin
516 1302 590 1355 ad
626 1301 967 1355 occidentem.
1006 1301 1074 1354 Et
1120 1315 1250 1354 cum
1284 1300 1677 1371 descripsisset
1706 1302 1849 1355 ﬁnes
2032 1306 2232 1375 (AnAn.
2258 1349 2273 1375 ,
2317 1309 2457 1362 hom.
2506 1310 2594 1363 20.
2654 1313 2711 1365 in
2758 1313 2901 1380 Jos.)
2949 1314 3071 1367 Non
3122 1331 3327 1384 parum
3382 1319 3650 1374 utilitatis

155 1391 219 1444 ab
248 1390 569 1452 οεοίάθηῑε,
615 1388 715 1451 ait,
748 1392 798 1440 εἰ
827 1387 895 1439 αὖ
931 1389 1151 1440 Oriente
1189 1403 1338 1441 mare
1367 1388 1585 1449 salsum.
1616 1394 1850 1458 εθρῐεη-
1959 1395 2250 1449 confertur
2279 1398 2507 1464 animae,
2540 1403 2670 1465 etc.,
2720 1416 2887 1468 usque
2933 1403 3007 1455 ad
3051 1405 3149 1458 sed
3195 1421 3325 1460 cum
3358 1407 3651 1463 transierit

153 1479 398 1533 trionem
434 1493 563 1531 vero
596 1484 651 1530 et
680 1476 976 1529 meridiem
1005 1475 1251 1530 reticuit.
1291 1475 1454 1530 Fines
1486 1477 1849 1547 ergoJudeeze
1961 1486 2081 1539 dies
2111 1502 2225 1539 una
2260 1490 2317 1539 et
2345 1488 2525 1541 altera
2553 1493 2610 1541 et
2659 1491 2844 1555 tertia,
2882 1507 2983 1543 suo
3031 1498 3291 1562 ινιηροιιε
3322 1510 3426 1564 ρει-
3452 1498 3649 1552 οεοηι..

153 1567 401 1635 proximi
428 1572 561 1619 sunt
590 1565 856 1619 Idumaeas
890 1564 1121 1632 ﬁnibus,
1151 1580 1278 1634 quae
1310 1570 1537 1619 terrena
1567 1564 1849 1635 iuterpre-
1960 1578 2045 1628 tos
2101 1582 2338 1639 meatus,
2392 1577 2569 1630 relata
2626 1578 2694 1631 ad
2743 1578 2949 1642 visum,
2981 1580 3091 1633 cibi
3142 1583 3225 1635 νει
3257 1583 3446 1652 poculi
3472 1584 3651 1639 vim”

154 1661 345 1708 tatur:
404 1660 535 1724 post
592 1660 821 1708 terrena
881 1653 1032 1706 enim
1084 1653 1272 1707 statim
1342 1658 1662 1723 sequuntur
1709 1655 1852 1709 ﬁnes
1893 1707 1932 1760 Β
1961 1660 2233 1731 paulatim
2260 1668 2467 1731 purgat
2488 1668 2796 1732 aspectum.

154 1744 381 1807 Judaaee,
441 1743 539 1797 sed
575 1760 605 1796 a
646 1742 854 1796 deserto
908 1745 1111 1809 inquit,
1170 1743 1285 1802 Sin,
1338 1742 1391 1796 id
1450 1748 1533 1795 est
1582 1743 1848 1797 tentatio-
1894 1742 1932 1760 ν
2037 1750 2191 1803 Vens.
2247 1752 2330 1803 l3.
2380 1782 2449 1789 —-
2496 1751 2654 1807 Caleb
2692 1767 2833 1806 vero.
2886 1753 3103 1819 (Amm,
3148 1756 3285 1810 hom.
3337 1759 3425 1813 20.
3465 1759 3483 1827 )
3528 1760 3653 1813 Ini-

158 1848 307 1885 num.
348 1832 484 1884 Post
511 1831 853 1885 tentationes
902 1847 1038 1901 ergo
1074 1836 1395 1901 sequuntur
1432 1830 1573 1884 ﬁnes
1605 1830 1849 1885 hieredi—
1962 1838 2102 1891 tium
2154 1838 2568 1893 distributionis
2614 1840 2764 1908 Jesu,
2822 1846 2950 1906 etc.,
3006 1859 3174 1910 usque
3220 1844 3295 1897 ad
3327 1846 3467 1900 Nota
3497 1848 3653 1919 quod

156 1924 277 1976 talis
320 1920 501 1974 Mida!-
564 1918 763 1975 Ot‘ieris
809 1926 867 1974 et
917 1920 1189 1975 OCCidenS
1245 1920 1619 1974 nominantur
1668 1919 1853 1973 ViCina
1965 1925 2132 1980 Caleb
2161 1926 2366 1979 dicitur
2388 1927 2539 1981 ﬁlius
2567 1929 2844 1999 Jephone,
2881 1936 2936 1983 et
2971 1932 3235 1986 Otlioniel
3267 1933 3417 1988 ﬁlius
3449 1918 3653 2004 Cenez,

158 2015 290 2069 loca.
317 2026 451 2079 quae
482 2027 653 2082 supra
680 2010 948 2071 diximus,
986 2009 1038 2062 id
1062 2014 1164 2073 est,
1197 2009 1471 2063 conﬁnia.
1513 2008 1680 2062 Vallis
1714 2025 1861 2079 quos
1962 2014 2062 2085 qui
2092 2020 2175 2067 est
2213 2016 2381 2069 Caleb
2404 2015 2622 2085 junior,
2657 2018 2712 2071 id
2746 2024 2829 2071 est
2860 2022 3338 2090 consanguineus.

159 2117 261 2172 que
292 2099 527 2170 Egypti
561 2099 744 2152 vicina
777 2098 1218 2151 occidentalibus
1268 2098 1529 2167 partibus
1576 2097 1846 2167 designa-
2034 2105 2191 2158 Vsus.
2236 2106 2317 2159 18.
2376 2134 2444 2145 -
2478 2106 2672 2160 Sedens
2704 2108 2762 2159 in
2816 2112 2969 2161 asino
3036 2111 3152 2165 Cui.
3190 2112 3374 2179 (Gneo.
3411 2152 3427 2179 ,
3461 2112 3559 2167 lib.
3593 2130 3656 2167 ιιι

156 2196 262 2253 tur,
296 2204 431 2257 quae
462 2205 495 2240 ει
546 2187 770 2240 deserto
824 2191 907 2239 est
962 2186 1033 2239 ad
1066 2186 1439 2239 occidentem.
1500 2186 1581 2239 Ab
1628 2186 1851 2239 oriente
1962 2194 2199 2260 Dialog.,
2232 2209 2278 2247 c.
2316 2194 2417 2258 34.)
2458 2196 2575 2247 Ara
2620 2212 2791 2264 super
2820 2197 3044 2249 asinum
3087 2199 3261 2263 sedet,
3310 2205 3441 2268 etc.,
3488 2217 3657 2270 usque

160 2294 282 2330 vero
315 2277 633 2345 cinguntur
661 2276 802 2329 ﬁnes
836 2275 979 2328 mari
1009 2275 1174 2328 salso.
1210 2276 1343 2328 Post
1372 2276 1491 2328 haec
1522 2290 1555 2328 a
1590 2274 1850 2333 collibus.
1963 2281 2036 2335 ad
2066 2287 2129 2335 ut
2158 2282 2316 2352 prius
2348 2283 2629 2353 irriguum
2678 2285 2962 2354 superius,
2994 2293 3051 2339 et
3104 2292 3232 2357 post
3276 2289 3516 2343 inferius
3555 2306 3661 2360 ρο-

159 2365 360 2435 inquit,
400 2367 495 2435 qui
529 2366 773 2418 tendunt
800 2366 870 2417 ad
902 2363 1275 2420 occidentem.
1326 2375 1381 2416 et
1409 2363 1542 2417 inde
1587 2362 1853 2416 ascendi-
1964 2376 2213 2423 "eretur,

158 2463 246 2511 tur
277 2457 352 2511 ali
393 2456 686 2509 occidente
721 2469 900 2523 usque
953 2452 1021 2506 ad
1059 2452 1430 2517 Cadesbarne,
1492 2457 1547 2505 et
1604 2452 1683 2504 sic
1724 2467 1854 2521 pro-
2036 2460 2196 2512 Vens.
2257 2460 2323 2513 63
2378 2488 2446 2500 —-
2494 2460 2805 2515 Jebusa’um
2850 2467 3029 2516 autem
3075 2464 3433 2519 habitatorem
3485 2466 3659 2519 Jeru-

162 2551 419 2603 tenditur
446 2548 515 2600 ab
542 2543 834 2599 occidente
863 2543 932 2595 ad
965 2541 1160 2595 Cadus.
1196 2541 1259 2594 Hi
1310 2546 1443 2593 sunt
1471 2540 1613 2594 ﬁnes
1643 2556 1843 2593 eorum
1964 2548 2130 2600 salem
2158 2562 2263 2600 non
2298 2553 2589 2616 potuerunt
2618 2550 2723 2617 ﬁlii
2749 2549 2907 2603 Juda
2935 2550 3125 2605 delere.
3154 2552 3385 2623 (Anam,
3418 2554 3557 2607 hom.
3596 2559 3652 2609 11

164 2640 228 2693 ab
256 2639 469 2699 Africa,
500 2638 557 2688 et
589 2633 716 2686 inde
747 2630 995 2701 perrexit
1034 2645 1214 2699 usque
1257 2629 1325 2682 ad
1370 2629 1574 2682 vallem
1607 2628 1850 2698 )Egypti.
1964 2638 2024 2691 in
2046 2635 2186 2699 Jos.)
2210 2636 2587 2705 Intelligimus
2617 2637 2990 2707 spiritualiter
3014 2640 3231 2694 habitas
3254 2658 3310 2694 se
3333 2642 3661 2697 Jebusaaurn

165 2728 292 2780 Vide
324 2723 621 2797 quomodo
669 2722 728 2774 in
758 2719 1069 2773 Occidentis
1100 2719 1359 2787 partibus
1383 2718 1635 2771 Africum
1683 2717 1856 2787 Egy-
1967 2742 2095 2780 cum
2126 2725 2332 2779 Judmis
2380 2725 2438 2778 in
2468 2726 2779 2780 Jerusalem
2818 2743 2999 2797 usque
3030 2729 3088 2781 in
3140 2735 3479 2799 praesentem
3507 2732 3659 2786 diem

167 2821 317 2886 ptum
350 2820 413 2868 et
455 2826 713 2867 occasum
748 2807 1025 2867 nominat,
1060 2812 1122 2859 ut
1152 2806 1293 2860 sciat
1334 2806 1441 2860 sibi
1467 2806 1708 2876 quisque
1739 2808 1859 2859 haec
1968 2814 2282 2868 secundum
2314 2815 2646 2883 parabolam
2697 2816 2998 2886 Evangelii,
3051 2822 3180 2884 etc.,
3237 2834 3407 2886 usque
3437 2819 3513 2872 ad
3560 2819 3664 2872 hos

166 2921 275 2957 esse
329 2898 706 2960 transeunda.
761 2902 817 2949 et
868 2895 947 2949 ila
999 2895 1230 2948 demum
1282 2895 1350 2947 ad
1395 2894 1604 2947 tribum
1636 2894 1856 2963 regiam
1970 2920 2086 2957 non
2116 2908 2428 2973 potuerunt
2456 2904 2661 2975 ejicere
2690 2905 2793 2958 ﬁlii
2838 2905 2981 2959 Juda
3011 2906 3079 2959 de
3116 2907 3429 2962 Jerusalem
3481 2924 3661 2978 usque

168 2992 482 3063 pervenire,
511 2990 579 3042 de
632 3002 745 3057 qua
775 2989 932 3039 ortus
963 2988 1049 3037 est
1094 2982 1368 3037 Dominus
1398 2986 1607 3036 noster.
1643 2984 1689 3036 Α
1718 2981 1855 3036 ﬁni-
1898 3013 1939 3068 Ο
1970 2992 2031 3044 in
2060 2997 2405 3061 praesentem
2444 2992 2615 3046 diem,

167 3082 263 3136 bus
290 3086 487 3134 autem
521 3077 804 3139 Idumam,
854 3078 938 3126 est
961 3072 1248 3126 desertum
1297 3071 1581 3138 Sin;ideo
1630 3086 1858 3125 necesse
2037 3080 2368 3147 Jebuszum,
2422 3079 2480 3134 id
2519 3084 2604 3133 est
2647 3082 3145 3144 conculcationem,
3178 3083 3505 3138 scandalum
3547 3084 3661 3138 sci-

166 3176 375 3224 estnos
432 3164 679 3221 transire
731 3177 989 3216 eremum
1046 3160 1455 3228 tentationum,
1481 3164 1547 3213 ut
1576 3160 1736 3229 pOSSil

2090 3183 2100 3222 ι
2128 3169 2186 3222 in
2216 3168 2460 3222 Ecclesia
2488 3167 2779 3236 facientes,
2813 3176 2871 3223 et
2908 3170 3009 3240 qui
3046 3178 3314 3241 percepta
3362 3173 3660 3243 mysterio-

166 3258 463 3330 pervenire
509 3255 567 3307 in
610 3250 999 3306 baereditatem
1029 3249 1280 3302 ﬁliorum
1319 3248 1483 3302 Juda.
1540 3247 1862 3303 Ascendere
1970 3273 2099 3311 rum
2131 3256 2353 3319 notitia,
2385 3256 2541 3311 verbi
2582 3257 2681 3311 Dei
2713 3258 3051 3327 margaritas
3093 3260 3488 3330 impugnanda
3528 3276 3663 3315 ροη-

167 3363 389 3419 quoque
422 3348 652 3415 Oportet
681 3354 978 3395 ascensum
1010 3337 1243 3391 collium
1272 3336 1539 3403 Accabin,
1577 3336 1734 3408 quod
1764 3336 1861 3391 in—
1971 3347 2208 3401 calcant,

166 3438 508 3505 terpretatur
538 3429 886 3500 scorpiones,
939 3426 1075 3497 quia
1105 3425 1437 3480 transeundi
1468 3429 1601 3479 sunt
1631 3442 1664 3480 a
1692 3440 1736 3479 nl

2090 3437 2245 3503 )mo.,
2272 3435 2367 3489 ubi
2391 3435 2604 3506 supra.)
2633 3436 2962 3491 Jerusalem.
3006 3436 3155 3490 Visio
3186 3437 3341 3508 pacis
3376 3437 3660 3508 interpre-

166 3530 217 3577 et
238 3520 498 3577 calcandi
529 3517 879 3591 scorpiones,
913 3515 981 3569 de
1027 3514 1237 3585 quibus
1283 3513 1477 3569 scribit
1511 3530 1523 3568 ε
1552 3515 1697 3568 Ecce
1737 3514 1866 3568 dedi
1972 3528 2147 3591 tatur,
2179 3528 2307 3591 etc.,
2339 3540 2508 3594 usque
2537 3524 2611 3578 ad
2659 3526 2755 3579 sed
2797 3540 2916 3579 non
2946 3542 3146 3580 omnes
3177 3524 3347 3581 simul
3370 3528 3497 3598 θ]ίοὶ
3527 3544 3663 3599 pos-

163 3613 303 3666 vobis
331 3613 654 3680 potestatem
683 3604 934 3660 calcandi
961 3618 1125 3673 super
1151 3606 1419 3672 serpentes
1451 3609 1500 3656 et
1531 3604 1858 3671 scorpiones,
1972 3615 2124 3666 sunt.

167 3705 260 3753 etc.
288 3701 446 3768 (Luc.
480 3696 560 3765 Χ.)
588 3695 693 3759 Qui
725 3709 862 3763 ergo
924 3692 1045 3746 vult
1101 3690 1328 3761 ingredi
1375 3691 1436 3745 in
1468 3690 1862 3745 haereditatem
2043 3701 2117 3755 In
2180 3706 2500 3772 prasente”;
2557 3701 2719 3763 diem,
2780 3700 2835 3755 id
2884 3707 2970 3756 est
3016 3702 3207 3757 saculi
3260 3703 3664 3774 mternitatem,

164 3789 338 3843 tribus
390 3785 576 3851 ludia,
624 3782 889 3837 ascendat
944 3780 1079 3835 istas
1134 3779 1516 3848 ascensiones,
1575 3779 1753 3834 calcet
1808 3783 1866 3833 et
1973 3807 2133 3845 more
2162 3790 2487 3862 scriptum,
2544 3790 2651 3844 sed
2690 3790 2799 3843 hoc
2828 3790 2898 3844 ad
2939 3790 3187 3844 litteram
3219 3795 3364 3845 stare
3409 3807 3528 3849 ηοη
3557 3810 3664 3863 ρο..

164 3878 363 3931 "adat
412 3876 519 3929 Ῑιοδ
569 3870 917 3942 θεοτρίοηεε·
969 3870 1130 3923 Forte
1190 3869 1297 3923 hoc
1334 3868 1444 3923 ίῑθΓ
1487 3867 1679 3938 38811ti
1723 3868 1865 3922 ΕΖΘ-
1972 3884 2080 3934 test
2110 3895 2124 3933 :
2150 3878 2440 3950 quomodo
2460 3878 2611 3932 enim
2640 3878 2934 3932 Jcbuszeus
2961 3877 3183 3932 habitat
3203 3895 3331 3933 cum
3358 3879 3665 3935 ﬁliisJuda

162 3966 323 4021 chieli
354 3964 584 4019 dicebat
629 3960 927 4027 Dominus,
975 3959 1081 4013 Fili
1121 3959 1360 4013 hominis
1392 3959 1451 4012 in
1494 3956 1667 4012 medio
1718 3971 1863 4011 scor—
1972 3967 2033 4021 in
2062 3968 2392 4033 Jerusalem,
2426 3966 2682 4036 quamdiu
2715 3966 2881 4020 durat
2920 3966 3026 4020 hoc
3076 3965 3369 4027 smeulum,
3398 3983 3529 4022 cum
3562 3985 3665 4022 nec

163 4059 384 4124 pionum
416 4056 476 4107 tu
529 4050 746 4104 habitas
786 4048 999 4119 (ΕΖθεῘιο
1035 4051 1112 4105 Ill-
1147 4047 1216 4099 Et
1261 4051 1412 4112 sunt.
1462 4045 1674 4117 inquit.
1720 4044 1865 4099 Ῑῖηθε
1972 4056 2076 4111 ﬁlii
2104 4055 2249 4111 Juda
2279 4054 2535 4109 habitent
2563 4054 2641 4108 ibi
2671 4054 2729 4108 in
2751 4055 3066 4109 saeculum?

165 4160 343 4216 usque
374 4141 449 4195 ad
480 4136 856 4194 Cadesbarne.
914 4134 1089 4191 Cades
1142 4133 1553 4205 interpretatur
1603 4138 1863 4188 sanctum

162 4196 678 4287 vellsanctiﬁcatio.
716 4226 880 4280 Fines
911 4240 1047 4295 ergo
1090 4223 1248 4278 Iudae
1276 4196 1477 4295 {usque
1515 4223 1585 4278 ad
1618 4222 1869 4277 sanctiﬁ-
2618 4196 2845 4252 CAPUT
2877 4198 3010 4253 XVI.

163 4322 448 4375 oationem
478 4315 839 4388 perveniunt.
874 4313 1096 4368 Dicitur
1124 4312 1298 4367 etiam
1340 4312 1410 4365 ab
1461 4312 1700 4366 orientis
1728 4328 1860 4383 par-
1890 4328 1933 4382 ι)
2044 4326 2204 4378 νεηε,
2242 4328 2289 4378 ί,
2326 4353 2391 4362 _
2421 4322 2641 4379 Cecidit,
2695 4326 2799 4377 etc,
2859 4322 3046 4392 (Ausa
3080 4325 3269 4391 quast,
3321 4323 3383 4375 19
3413 4324 3471 4376 in
3525 4325 3662 4387 λος.)

160 4410 311 4464 libuit
341 4407 507 4463 Iuda?
555 4421 675 4459 9558
724 4420 882 4458 mare
930 4403 1163 4471 Salsum:
1196 4406 1254 4456 et
1294 4405 1420 4472 P03t
1449 4401 1570 4455 11ωο
1611 4400 1671 4455 in
1702 4407 1862 4472 Part0
1970 4414 2257 4485 Sequitur.
2293 4414 2452 4466 Vens.
2510 4412 2595 4466 10.
2651 4442 2717 4451 -
2772 4412 3157 4480 Habitavitque
3211 4411 3565 4467 Chananeus.
3600 4412 3667 4465 Et

160 4500 281 4568 ejus
311 4495 651 4551 nominatur
681 4492 809 4547 fons
858 4492 1012 4559 solis,
1046 4496 1102 4544 et
1131 4489 1329 4544 civitas
1382 4489 1537 4553 solis,
1588 4493 1646 4543 et
1674 4488 1734 4543 in
1765 4504 1860 4544 ea-
1974 4502 2266 4557 habitabat
2287 4502 2640 4561 Chananeus
2669 4501 2731 4555 in
2754 4502 3020 4571 Ephrem,
3052 4507 3185 4571 etc.,
3213 4501 3475 4571 usquead
3506 4502 3666 4556 Unde

158 4586 287 4639 dem
318 4584 481 4638 tribu
508 4586 594 4635 est
625 4579 796 4634 etiam
829 4578 1026 4633 civitas
1056 4578 1402 4632 litterarum.
1450 4576 1687 4647 Oportet
1724 4591 1863 4645 ergo
1972 4594 2206 4662 apparet
2232 4608 2264 4644 ε
2316 4590 2442 4644 Lxx
2489 4589 2912 4659 interpositum,
2983 4589 3082 4660 qui
3134 4591 3347 4645 factum
3380 4606 3501 4645 esse
3555 4606 3666 4644 ηο-

162 4690 395 4727 omnem
422 4671 524 4743 qui
557 4672 677 4723 vult
709 4668 947 4723 introire
999 4667 1059 4721 in
1117 4670 1343 4737 partem
1406 4666 1661 4720 ﬁliorum
1698 4664 1860 4731 Juda,
1972 4684 2191 4734 νει-θοι,

161 4762 406 4817 transire
434 4760 593 4831 prius
622 4775 781 4813 mare
820 4758 1054 4823 salsum,
1088 4756 1145 4810 id
1183 4760 1286 4821 est,
1321 4756 1521 4810 mundi
1552 4754 1724 4824 hujus

2097 4769 2265 4835 inea,
2299 4765 2376 4820 lib
2404 4782 2456 4819 iv
2485 4766 2703 4832 Moral.,
2753 4781 2800 4820 c.
2843 4765 2958 4837 22.)
3006 4766 3384 4833 Chananeus,
3435 4766 3667 4838 gentilis

163 4852 259 4905 das
290 4856 352 4906 et
382 4848 646 4905 turbines
676 4862 966 4918 superare,
997 4849 1054 4899 et
1078 4844 1274 4899 omnia
1300 4844 1474 4916 hujus
1508 4842 1709 4897 mundi
1740 4858 1867 4897 eva-
1974 4856 2186 4909 scilicet
2236 4856 2481 4925 populus
2515 4858 2647 4921 etc.,
2694 4869 2863 4923 usque
2910 4853 2985 4909 αα
3027 4855 3183 4925 quod
3230 4871 3297 4908 ex
3338 4871 3397 4907 se
3445 4855 3666 4925 majora

163 4939 290 4994 dere
332 4955 467 5010 quae
498 4954 602 5009 pro
640 4937 728 4990 sui
770 4936 983 4989 incerto
1012 4938 1069 4988 et
1096 4932 1340 4999 lubrico,
1400 4932 1636 4986 marinis
1678 4930 1864 4986 ﬂucti-
1977 4960 2087 4998 non
2114 4943 2348 5014 subigit.

162 5028 263 5083 bus
290 5030 727 5098 comparantur,
753 5030 815 5079 ut
843 5024 1027 5094 possit
1063 5022 1136 5076 ad
1164 5021 1377 5076 Iudaeae
1408 5025 1618 5074 terram
1652 5035 1862 5090 perve-
2046 5036 2266 5102 (Amm,
2323 5031 2463 5086 hom.
2526 5032 2587 5084 21
2642 5032 2701 5084 in
2751 5029 2894 5099 ἀοι)
2956 5029 3204 5100 Ephrem
3256 5029 3668 5101 interpretatur

166 5117 306 5187 nire,
338 5121 399 5171 et
423 5116 495 5169 ad
523 5113 743 5168 fontem
773 5112 908 5167 solis
932 5110 1191 5181 justitite,
1251 5108 1351 5181 qui
1402 5113 1487 5163 est
1539 5110 1660 5175 fons
1712 5124 1736 5162 α

2100 5122 2344 5192 tiﬁcatio,
2395 5125 2529 5187 etc.,
2576 5133 2745 5187 usque
2772 5118 2848 5172 ad
2875 5118 3126 5190 Subjecit
3154 5118 3508 5176 Chananteos
3532 5120 3667 5177 ﬁliis

168 5207 408 5261 salientis
430 5206 489 5258 in
510 5205 681 5257 vitam
709 5206 986 5268 aeternam,
1037 5204 1094 5253 et
1144 5202 1343 5269 postea
1394 5196 1681 5286 civitatem
1730 5195 1865 5286 solis
1976 5212 2242 5286 Ephrem,

164 5292 700 5387 justitiaeinvenire.
736 5290 829 5345 Est
861 5293 917 5344 et
962 5288 1022 5342 in
1053 5288 1291 5387 Egypto
1335 5285 1530 5387 civitas
1572 5285 1729 5387 solis,
1765 5282 1865 5387 sed
2020 5282 2037 5286 ⁷
2611 5332 2835 5387 CAPUT
2866 5332 3004 5387 xv”

170 5336 392 5363 ’“““”“’
421 5336 700 5347 ’“”’““””’
736 5336 829 5345 ’⁷⁷
863 5336 916 5344 “
962 5336 1022 5342 “”
1053 5336 1285 5386 "7”"
2611 5336 2835 5389 CAPUT
2866 5336 3027 5387 xvn.

170 5383 259 5438 illa
307 5382 489 5453 hujus
536 5379 675 5435 solis
704 5394 918 5434 nomen
970 5380 1186 5447 accepit
1228 5391 1401 5447 quem
1431 5376 1598 5430 Pater
1626 5373 1866 5428 caelestis

174 5472 299 5528 oriri
324 5472 498 5544 jubet
528 5485 701 5541 super
728 5468 913 5523 bonos
942 5471 999 5521 et
1026 5466 1205 5521 malos
1235 5464 1447 5535 (Matth.
1477 5463 1553 5533 v).
1588 5463 1691 5517 Illa
1732 5477 1866 5516 vero
2048 5461 2209 5513 Vens.
2270 5459 2352 5512 12.
2402 5484 2476 5497 -
2518 5458 2627 5514 Nec
2677 5462 2987 5527 potuerunt.
3037 5456 3260 5528 (Amm,
3324 5461 3465 5514 hom.
3510 5462 3580 5514 22
3608 5458 3670 5515 in

176 5577 291 5632 qua:
344 5567 431 5615 est
461 5561 520 5615 in
570 5557 788 5625 Iudaea,
820 5560 1147 5611 sanctorum
1176 5558 1402 5609 tantum
1433 5551 1699 5618 efﬁcitur,
1730 5550 1867 5621 quia
1974 5548 2108 5619 Jos.)
2139 5545 2444 5603 Chauanaei
2472 5546 2641 5600 tertio
2662 5546 2932 5601 dicuntur
2960 5563 3083 5601 esse
3128 5547 3189 5601 in
3217 5547 3350 5602 ﬁliis
3394 5549 3666 5619 Ephrem,
