4062 6180
390 295 493 348 519

1003 285 1394 342 WALAFRIDI
1432 283 1679 342 STRABI
1720 282 1924 340 FULD.
1969 282 2133 339 ΜΟΝ.
2173 284 2322 341 ΟΡΡ.
2365 284 2540 340 PARS
2579 285 2619 340 I.
2660 312 2730 324 —-
2767 283 3224 340 THEOLOGICA.

3785 287 3888 341 520

390 420 522 480 etc.,
571 428 740 481 usque
794 409 870 465 ad
925 409 1293 466 exterminari
1339 425 1372 464 a
1429 408 1591 464 nobis
1666 406 1878 462 dicitur
1931 404 2075 462 Cha-
2107 405 2157 462 A
2195 422 2262 460 ex
2292 405 2564 478 decalogo
2594 406 2755 479 legis,
2785 411 2843 462 et
2871 406 3225 478 quadrifario
3275 421 3520 461 numero
3579 407 3892 478 Evangelii,

395 518 626 557 nanaaus
635 545 646 556 .

464 593 690 660 (Anam,
745 606 888 645 nom.
964 588 1076 659 22.)
1125 587 1266 642 Illud
1321 602 1552 659 quoque
1618 584 2088 657 praetereundum

391 684 496 735 est.
517 693 520 695 λ
539 684 667 746 etc,,
697 694 866 747 usque
894 663 968 732 ad
997 677 1058 731 in
1091 677 1282 732 dotem
1313 674 1659 731 transcribit.

462 769 623 822 Vens.
659 768 744 822 14.
789 797 857 809 -
888 768 1182 835 Locutique
1209 770 1358 820 sunt.
1397 764 1600 835 (Onlc.,
1633 765 1773 819 hom.
1809 764 1916 831 22.)
1957 764 2089 816 Post

392 857 511 911 haec
537 856 846 912 videndum
874 861 981 924 est,
1024 861 1156 922 etc.,
1201 870 1372 923 usque
1413 854 1489 909 ad
1517 858 1583 908 ut
1620 852 1896 908 naturalis
1925 852 2090 922 vigor

398 945 668 1016 ingenitae
692 943 917 998 virtutis
945 944 1232 1014 eﬁ‘ulgeat.

464 1035 583 1090 Non
615 1035 910 1104 poterimus
957 1033 1032 1086 ad
1057 1035 1332 1087 montana.
1367 1032 1590 1098 (Anam,
1621 1029 1784 1100 ibid.)
1816 1030 1940 1084 Non
1971 1027 2087 1082 suf-

393 1121 511 1176 ﬁcit
539 1121 702 1176 nobis
731 1137 914 1191 mons,
947 1125 1077 1188 etc.,
1117 1135 1286 1190 usque
1324 1119 1398 1174 ad
1447 1119 1516 1174 de
1563 1119 1834 1174 Israelitis
1878 1117 2087 1173 faciant

395 1211 768 1266 Chananteos.

1018 1341 1244 1399 CAPUT
1282 1341 1466 1396 XVIII.

467 1472 628 1524 Vens.
681 1472 734 1525 6.
767 1500 836 1508 —
865 1469 1092 1522 Mittam
1119 1468 1289 1522 vobis.
1325 1466 1542 1538 (Anam,
1581 1465 1720 1520 hom.
1761 1467 1828 1520 23
1857 1466 1915 1520 in
1957 1466 2087 1536 Jos.)

396 1561 456 1615 In
487 1557 899 1612 consuetudine
929 1557 1252 1623 hominum,
1286 1562 1415 1622 etc.,
1441 1570 1610 1624 usque
1639 1554 1713 1608 ad
1741 1558 1806 1608 ut
1850 1571 1966 1608 non
1994 1555 2089 1608 alii

394 1647 627 1701 daretur
646 1643 947 1709 terrestris,
982 1658 1110 1713 qum
1145 1647 1229 1696 est
1259 1642 1444 1713 ﬁgura
1473 1641 1733 1695 caelestis.

2199 496 2362 566 quasi
2419 497 2801 568 quaterdenas
2855 497 3025 550 urbes
3089 496 3406 550 habentes:
3465 494 3674 566 quibus
3723 497 3895 551 etiam

2195 585 2486 640 adduntur
2517 585 2646 640 duae
2679 603 2692 652 ;
2726 585 2863 656 quia
2891 589 3095 640 cuncta
3152 601 3282 656 quas
3310 585 3648 656 praedicant,
3693 587 3896 640 morali

2197 678 2255 728 et
2285 675 2520 745 mystico
2552 690 2722 729 sensu
2751 674 3119 729 annuntiant.

2267 764 2439 819 Vens.
2473 764 2561 818 41.
2609 794 2672 805 —
2715 763 2982 833 Deditque
3037 765 3326 824 Dominus.
3359 763 3746 834 (Auo.,quaest.
3781 766 3891 835 21.)

2193 852 2481 917 Quteritur
2509 869 2640 907 cum
2669 851 2840 907 Israel
2867 869 2982 907 non
3003 853 3190 907 solum
3238 868 3420 924 usque
3449 852 3522 907 ad
3565 852 3718 906 diem
3749 869 3893 907 mor-

2194 942 2266 996 tis
2293 943 2446 1020 Iesu,
2471 947 2602 1008 etc.,
2628 957 2797 1011 usque
2817 941 2891 996 ad
2927 941 3049 1013 jam
3075 941 3206 996 data
3249 941 3438 996 fuerat
3465 941 3526 996 in
3579 941 3886 1013 quamdam

2193 1028 2612 1083 exercitationis
2631 1029 2960 1083 utilitatem.

2265 1118 2961 1188 Vens.42.—Nullusque
3017 1119 3110 1173 eis.
3146 1118 3268 1188 (In.,
3324 1121 3520 1188 quast.
3576 1117 3692 1188 22.)
3729 1116 3880 1181 Quod

2198 1207 2297 1269 ait,
2329 1211 2472 1273 etc.,
2538 1222 2707 1276 usque
2757 1206 2832 1261 ad
2875 1210 3182 1278 antequam
3204 1206 3446 1278 singulis
3504 1205 3766 1261 tribubus
3794 1220 3890 1259 sua

2197 1296 2321 1350 loca
2349 1295 2710 1351 defendenda
2736 1295 3147 1351 dividerentur.

2871 1439 3100 1494 CAPUT
3132 1439 3290 1494 XXII.

2273 1564 2431 1618 Vnns.
2476 1566 2526 1618 l.
2585 1591 2656 1604 —
2713 1562 2917 1617 Eodem
2963 1566 3214 1632 tempore.
3267 1563 3597 1633 (Auamma,
3657 1562 3796 1616 hom.
3833 1563 3895 1615 26

2197 1655 2255 1707 in
2279 1653 2786 1723 Jos.).Congregat
2811 1653 2974 1706 Iesus
3015 1651 3165 1706 ﬁlios
3208 1652 3412 1707 Ruben
3479 1657 3534 1705 et
3561 1650 3700 1717 Gad,
3763 1655 3892 1715 etc.,

467 1735 589 1805 (In.,
623 1734 766 1787 hom.
805 1704 1283 1802 23.)'Bethlehem
1302 1704 1555 1801 vquoque
1613 1745 1728 1783 non
1776 1729 1900 1784 sine
1937 1735 2089 1783 certa
2117 1704 2160 1759 Β
2194 1704 3118 1810 ᾆξιὶαέάάνόιέῑὶἱήῗωρυὲῃαὶίοήηθ
3150 1704 3424 1794 cessante,

397 1822 618 1876 ratione
657 1821 718 1874 in
761 1820 975 1874 fontem
1024 1819 1184 1872 Iudae
1239 1818 1600 1883 discernitur,
1655 1822 1784 1885 etc.,
1817 1833 1987 1888 usque
2015 1818 2090 1872 ad

399 1911 553 1965 Unde
583 1910 879 1965 Timotheo
910 1909 990 1963 ait
1019 1924 1033 1962 :
1066 1911 1266 1964 Memor
1309 1913 1418 1964 esto
1456 1909 1741 1963 verborum
1791 1923 1910 1976 qua
1947 1923 2088 1962 com-

393 1998 583 2052 mendo
611 1998 860 2066 ﬁdelibus
893 1998 1226 2066 hominibus,
1257 2002 1306 2052 et
1328 1999 1412 2052 his
1443 1999 1541 2066 qui
1567 1997 1750 2052 idonei
1775 2001 1905 2051 sunt
1947 1998 2088 2051 alios

396 2086 580 2141 docere
605 2089 677 2157 (II
708 2089 825 2142 Tim
855 2087 938 2156 ιι).

1048 2237 1270 2293 CAPUT
1301 2237 1432 2291 XIX.

469 2361 629 2414 Vens.
692 2362 740 2413 1.
795 2388 864 2399 —
908 2359 1192 2413 Filiorum.
1254 2359 1436 2427 (AUG.,
1497 2363 1694 2428 quast.
1749 2361 1819 2414 2O
1849 2361 1907 2414 in
1957 2358 2092 2430 Jos.)

397 2449 464 2503 Et
490 2449 858 2503 Amorrhmus
887 2449 1203 2518 permansit
1232 2452 1294 2502 ut
1325 2446 1606 2502 habitaret
1652 2447 1712 2501 in
1765 2449 1926 2515 Elon,
1958 2451 2091 2516 etc.,

293 2617 297 2622 ἡ
395 2553 563 2607 usque
587 2538 661 2592 ad
697 2537 851 2609 quod
879 2537 974 2592 ille
1008 2553 1124 2591 non
1153 2537 1382 2591 faceret.

468 2628 694 2698 (Anam,
726 2627 866 2681 hom.
897 2627 968 2680 24
992 2627 1053 2680 in
1081 2626 1230 2696 Jos.)
1277 2627 1446 2680 quta
1473 2626 1599 2681 LXX
1636 2624 1848 2681 mansit
1887 2629 2092 2682 Amor-

394 2715 587 2770 rhaeus
616 2715 875 2770 habitare
917 2715 978 2768 in
1027 2715 1166 2768 Elon
1195 2719 1251 2769 et
1281 2713 1342 2768 in
1375 2714 1707 2770 Sannanim.
1744 2721 1878 2782 etc.,
1925 2731 2096 2786 usque

395 2805 470 2860 ad
501 2805 570 2858 Et
596 2803 863 2858 abierunt
884 2803 988 2858 ﬁlii
1009 2803 1258 2874 Ephrem
1287 2819 1594 2876 peragrare
1631 2808 1848 2861 terram
1889 2821 2093 2860 secun-

395 2893 534 2949 dum
563 2891 704 2947 ﬁnes
733 2908 882 2947 suos.

467 2983 630 3077 Vens.
660 2981 748 3035 49.
779 3011 851 3020 —
1169 2983 1392 3077 (Anan,
1428 2981 1571 3037 hom.
1618 2981 1736 3052 24.)
1759 2981 1900 3037 Vide
1929 2998 2092 3038 man-
2129 3020 2170 3077 ο

398 3069 760 3124 suetudinem
790 3073 847 3123 et
873 3068 1251 3124 hvmilitatem
1298 3069 1452 3135 Iesu,
1511 3073 1643 3137 etc.,
1699 3084 1870 3140 usque
1908 3071 1983 3125 ad
2029 3075 2095 3125 ut

399 3157 644 3213 libenter
680 3157 957 3213 Dominus
1001 3158 1163 3213 Iesus
1215 3156 1464 3212 introeat
1513 3159 1700 3214 cordis
1748 3160 1930 3215 nostri
1961 3160 2093 3216 hos-

397 3247 628 3317 pitium.

1075 3369 1305 3425 CAPUT
1333 3371 1438 3425 XX.

472 3495 637 3550 Vens.
678 3495 732 3548 2.
777 3523 839 3534 —
875 3493 1136 3563 Separate
1163 3494 1320 3548 urbes
1347 3495 1728 3564 fugitivorum,
1752 3498 1857 3550 etc.
1888 3496 2094 3568 (01116.,

403 3584 545 3638 hom.
597 3583 685 3637 34.
749 3584 811 3636 in
870 3581 1052 3654 Num.)
1075 3582 1158 3636 Ad
1206 3583 1459 3636 civitates
1505 3583 1713 3654 refugii
1761 3585 2100 3657 confugiunt

402 3687 520 3726 non
542 3686 742 3725 omnes
766 3669 1088 3739 homicidas,
1113 3670 1211 3726 sed
1233 3670 1334 3742 qui
1361 3670 1696 3742 ignoranter
1718 3673 2096 3731 homicidium

402 3760 839 3816 commiserunt.
879 3760 1025 3815 Sunt
1063 3760 1216 3814 enim
1248 3761 1439 3832 aliqua
1469 3767 1715 3832 peccata,
1750 3779 1879 3833 qua:
1898 3764 1942 3818 si
1971 3781 2099 3836 pro-

400 3850 584 3922 posito
617 3866 681 3904 ac
715 3851 1008 3904 voluntate
1054 3849 1487 3917 committimus,
1520 3850 1836 3906 homicidas
1865 3869 1969 3907 nos
2015 3853 2096 3909 fa-

403 3940 584 4005 ciunt,
611 3944 666 3994 et
705 3943 838 3993 sunt
865 3938 976 3992 alia
1003 3955 1132 4010 quae
1162 3955 1290 4006 nos,
1314 3938 1360 3992 si
1387 3939 1719 4011 ignoranter
1739 3940 2099 3997 admittimus

404 4027 732 4083 decernitur
763 4025 947 4094 nobis,
988 4027 1180 4096 credo,
1215 4031 1269 4080 et
1310 4031 1666 4098 praeparatur
1704 4045 1770 4083 ex
1813 4035 2098 4102 praecepto

407 4115 509 4171 Dei
538 4115 748 4186 aliquis
799 4116 977 4184 locus,
1028 4115 1125 4169 ubi
1174 4116 1246 4171 ad
1298 4121 1518 4170 certum
1567 4121 1790 4188 tempus
1841 4118 2100 4174 habitare

405 4204 734 4272 debeamus,
768 4205 816 4259 si
869 4204 970 4276 qui
1009 4221 1127 4259 non
1169 4205 1494 4259 voluntaria
1539 4213 1771 4277 peccata
1807 4207 2101 4261 commisi-

2265 1830 2426 1884 Vnns.
2489 1831 2573 1883 10.
2624 1856 2684 1870 -
2744 1830 2980 1898 Cumque
3035 1829 3369 1899 (ADAHANT.,
3404 1828 3545 1883 hom.
3601 1827 3715 1898 26.)
3761 1826 3888 1881 Filii

2199 1918 2399 1974 Ruben
2429 1922 2485 1972 et
2514 1917 2630 1972 Gad
2662 1921 2720 1972 et
2767 1917 3002 1972 dimidia
3054 1917 3238 1971 tribus
3288 1917 3562 1984 Manasse,
3584 1921 3710 1981 etc.,
3732 1931 3900 1985 usque

2196 2007 2270 2061 ad
2299 2006 2361 2060 ﬁt
2391 2022 2527 2076 ergo
2559 2021 2707 2059 unus
2757 2021 2916 2075 grex,
2953 2010 3010 2060 et
3041 2021 3185 2059 unus
3227 2009 3422 2077 pastor
3454 2022 3468 2060 :
3502 2004 3588 2059 illi
3647 2005 3812 2076 justi,
3845 2008 3901 2057 et

2199 2096 2290 2150 isti
2306 2095 2448 2165 justi
2479 2093 2808 2150 Christiani.

2267 2185 2428 2238 Vens.
2486 2187 2572 2238 17.
2625 2214 2699 2224 —
2761 2184 2942 2238 Multi.
3011 2183 3230 2254 (Anam)
3303 2183 3552 2238 Cadebat
3603 2198 3742 2254 ergo
3801 2183 3899 2238 ali-

2199 2272 2428 2344 quando
2457 2271 2706 2342 populus
2732 2271 2792 2325 in
2809 2271 3034 2326 deserto
3065 2277 3123 2326 et
3151 2271 3521 2337 moriebatur,
3577 2276 3710 2342 etc.,
3731 2287 3901 2341 usque

2197 2362 2271 2416 ad
2301 2366 2358 2416 et
2383 2361 2484 2416 ubi
2517 2365 2606 2416 est
2657 2376 2826 2416 verus
2891 2361 3063 2415 Israel
3094 2360 3155 2415 in
3213 2361 3434 2416 Christo
3490 2362 3619 2416 Iesu
3653 2362 3901 2416 Domino

2198 2456 2415 2507 nostro.

2271 2541 2458 2594 νεεδ..
2498 2541 2589 2593 29.
2617 2567 2681 2579 —
2732 2541 3045 2594 Emstructo.
3107 2538 3298 2609 (AUc.,
3351 2545 3540 2608 quaest.
3574 2542 3642 2594 32
3671 2542 3732 2593 in
3759 2540 3908 2607 Jos.)

2201 2632 2271 2685 Et
2298 2630 2357 2682 in
2387 2628 2675 2700 sacriﬁciis
2722 2628 3051 2683 salutarium
3093 2633 3420 2683 nostrorum.
3475 2628 3620 2692 Quia
3665 2627 3908 2699 plurali-

2200 2721 2289 2770 ter
2327 2717 2475 2772 dicta
2525 2719 2658 2771 sunt
2711 2716 3007 2783 sacriﬁcia,
3063 2721 3193 2785 etc.,
3243 2733 3410 2786 usque
3449 2717 3525 2772 ad
3553 2717 3718 2773 Solus
3752 2717 3910 2772 enim

2201 2806 2459 2862 Salvator
2487 2809 2572 2860 est
2604 2805 2744 2877 ipse.
3801 2824 3810 2829 -

2917 2949 3140 3004 CAPUT
3168 2949 3353 3004 XXIII.

2274 3083 2440 3138 Vens.
2475 3083 2558 3137 l4.
2590 3111 2660 3122 —
2687 3083 2769 3137 En
2813 3097 2908 3151 ego
2937 3081 3093 3136 hodie
3146 3082 3448 3151 ingrediar.
3495 3081 3677 3153 (Aue.,
3712 3087 3906 3151 quast.

2201 3173 2320 3243 24.)
2346 3171 2505 3236 Quod
2561 3174 2755 3226 autem
2785 3170 2922 3226 dicit
2985 3171 3166 3238 Jesus,
3201 3175 3332 3238 etc.,
3391 3185 3558 3241 usque
3585 3169 3661 3226 ad
3688 3169 3826 3226 ideo
3857 3176 3912 3226 et

2203 3262 2299 3318 hic
2327 3259 2659 3316 itaverbum
2689 3260 3127 3332 interpretatum
3187 3263 3290 3315 est.

2883 3393 3105 3448 CAPUT
3134 3393 3312 3448 XXIV.

2277 3515 2438 3570 Vens.
2484 3517 2537 3570 3.
2587 3543 2656 3553 -—
2717 3514 2842 3569 Tuli
2916 3529 3040 3583 ergo
3090 3519 3324 3584 patrem.
3405 3517 3661 3569 vestrum.
3724 3513 3916 3585 (Anc)

2207 3602 2374 3668 Quod
2422 3602 2555 3657 LXX
2599 3601 2833 3670 habent,
2874 3607 3004 3670 etc.,
3051 3617 3221 3671 usque
3256 3602 3331 3657 ad
3382 3602 3533 3674 quod
3586 3607 3674 3656 est
3706 3617 3914 3657 verum

2207 3707 2402 3746 semen
2435 3691 2700 3746 Abrahae.

2303 3781 2462 3836 Vens.
2522 3784 2606 3835 11.
2706 3782 3110 3848 Pugnaverunt.
3173 3779 3359 3850 (AUG.,
3420 3782 3610 3848 quaest.
3717 3781 3790 3833 26
3859 3780 3917 3832 in

2207 3869 2581 3934 Jos.)Clausis
2637 3868 2818 3940 portis
2860 3885 2919 3922 se
2949 3883 3250 3922 murorum
3294 3867 3515 3922 ambitu
3576 3867 3912 3933 tuebantur,

2209 3963 2340 4019 etc.,
2377 3973 2546 4027 usque
2573 3957 2648 4012 ad
2670 3960 2892 4011 armata
2920 3955 3198 4011 defensio.

2281 4045 2442 4099 Vens.
2505 4047 2590 4098 12.
2619 4074 2687 4084 -
2744 4044 3060 4100 Crabrones.
3115 4044 3304 4114 (Ana,
3353 4050 3523 4113 quaest
3585 4046 3706 4113 27.)
3737 4045 3912 4100 LXX:

2215 4135 2438 4203 Vespas.
2500 4132 2565 4187 Id
2602 4136 2691 4188 est
2739 4132 2886 4187 forte
2943 4132 3275 4188 translative
3328 4133 3636 4205 acerrimos
3687 4133 3917 4189 timoris

2209 4222 2457 4288 aculeos,
2489 4221 2700 4292 quibus
2716 4221 3140 4292 quodammodo
3170 4222 3476 4277 timoribus
3505 4222 3921 4293 pungebantur

403 4309 554 4386 mils:
584 4292 634 4386 Si
653 4297 845 4386 ξίεωυη
872 4293 1075 4386 ωξιῐιάί
1105 4288 1676 4386 ίηνεηίδξΠυΓ-δδ-Ῑιίε
1693 4296 1940 4366 Ρθεοὸῐίε
1966 4311 2096 4368 quae
2136 4332 2178 4386 Ι)
2207 4288 2622 4380 ἰυεθιιεηιξειιι
2649 4288 2845 4365 aereos
2875 4310 3126 4364 occultos
3154 4311 3407 4381 spiritus,
3463 4288 3616 4382 quod
3631 4288 3728 4365 vin
3758 4313 3921 4366 Psal-

402 4381 702 4436 voluntate
753 4379 1056 4434 commissa
1108 4385 1256 4436 sunt.
1320 4382 1385 4436 Et
1436 4382 1508 4437 ob
1565 4383 1673 4438 hoc
1721 4388 2098 4439 secernuntur

406 4467 680 4540 quaedam
705 4466 956 4523 civitates
985 4467 1214 4538 refugii.

1053 4614 1278 4674 CAPUT
1314 4618 1444 4674 XXI.

478 4743 643 4799 Vens.
700 4745 748 4798 I.
798 4770 870 4783 —
899 4741 1272 4797 Accesserant.
1307 4741 1525 4813 (Anam,
1561 4745 1701 4800 hom.
1758 4747 1826 4800 25
1872 4746 1930 4801 in
1957 4747 2101 4820 Jos.)

411 4835 622 4891 Omnes
674 4829 781 4886 ﬁlii
832 4831 1002 4885 Israel
1054 4835 1395 4901 acceperunt
1438 4837 1619 4886 sortes
1672 4849 1802 4888 suas
1839 4833 2099 4890 interra.

411 4928 540 4989 etc.,
571 4935 740 4990 usque
764 4919 839 4974 ad
871 4924 929 4974 et
953 4921 1245 4975 recumbet
1273 4936 1402 4976 cum
1431 4920 1739 4993 Abraham,
1773 4939 1903 4978 cum
1928 4924 2104 4994 :Isaac

413 5012 471 5062 et
495 5007 665 5061 Iacob
697 5007 758 5060 in
788 5022 968 5077 regno
996 5007 1288 5062 caelorum.

487 5098 826 5162 (ADAMANT.,
861 5097 1007 5150 hom.
1041 5095 1156 5166 26.)
1191 5096 1376 5167 Supra
1401 5097 1615 5152 dictum
1641 5103 1745 5167 est,
1774 5105 1902 5168 etc.,
1935 5117 2106 5171 usque

411 5183 486 5238 ad
515 5183 712 5237 orbem
747 5188 914 5238 terra:
957 5185 1237 5256 implevit,
1279 5191 1336 5240 et
1381 5187 1528 5240 dona
1557 5187 1837 5258 spiritalia
1866 5189 2102 5245 creden-

411 5271 566 5326 tibus
587 5271 806 5327 tribuit.

484 5361 644 5416 Vens.
690 5362 777 5415 39.
808 5389 877 5400 -—
901 5361 1109 5430 Itaque.
1161 5362 1338 5433 (ISID.)
1373 5363 1536 5428 Quod
1567 5364 1949 5436 quadraginta
1976 5366 2104 5421 duae

409 5447 581 5504 urbes
609 5448 896 5520 accipiunt
927 5450 1151 5518 Levitaa,
1198 5451 1530 5521 praedicatio
1575 5453 1928 5525 signiﬁcatur
1976 5473 2104 5510 san-

412 5542 657 5593 ctorum.
713 5536 824 5608 Ipsi
853 5537 1006 5592 enim
1033 5538 1330 5609 possident
1353 5541 1692 5610 doctrinam,
1725 5558 1854 5614 quas
1885 5549 2106 5599 constat

2208 4398 2318 4452 mis
2342 4397 2568 4463 dicitur,
2591 4413 2692 4469 per
2729 4399 2946 4467 angelos
2989 4401 3179 4466 malos,
3236 4399 3346 4454 nisi
3411 4399 3541 4470 quis
3584 4399 3765 4470 dicat,
3805 4417 3922 4455 non

2209 4486 2406 4541 omnia
2429 4502 2559 4557 quae
2604 4486 2750 4541 facta
2791 4491 2926 4541 sunt
2972 4503 3093 4542 esse
3155 4487 3386 4560 scripta,
3445 4493 3504 4543 et
3550 4488 3687 4544 velit
3746 4506 3917 4545 veras

2208 4591 2411 4645 vespas
2442 4574 2708 4647 intelligi.

2279 4663 2443 4716 Vens.
2477 4665 2560 4716 19.
2628 4691 2698 4704 —
2741 4664 2858 4721 Non
2904 4666 3176 4734 poteritis.
3238 4664 3424 4736 (Ana,
3471 4670 3660 4734 quaest.
3739 4669 3812 4722 28
3872 4670 3928 4720 in

2208 4752 2356 4822 Jos.)
2392 4751 2512 4806 Non
2563 4751 2825 4823 poteritis
2881 4753 3090 4807 servire
3164 4753 3427 4820 Domino,
3481 4758 3608 4819 etc.,
3641 4769 3826 4823 usque
3855 4752 3928 4808 ad

2210 4843 2266 4893 et
2318 4844 2513 4910 postea
2559 4841 3051 4911 superabundaret
3107 4841 3268 4913 graia
3338 4859 3443 4912 per
3504 4843 3700 4898 Iesum
3767 4842 3927 4899 Chri-

2211 4933 2383 4995 stum,
2415 4929 2515 5000 qui
2544 4934 2628 4983 est
2647 4929 2778 4983 ﬁnis
2799 4929 2957 5000 legis.

2282 5019 2444 5072 Vnns.
2478 5020 2566 5072 23.
2625 5049 2693 5059 —
2742 5020 2990 5084 Auferte.
3055 5017 3251 5088 (Auc.,
3309 5025 3498 5088 quast.
3559 5022 3628 5073 29
3680 5023 3743 5076 in
3784 5021 3924 5092 Jos.)

2209 5103 2356 5169 Quid
2390 5109 2476 5159 est
2504 5105 2660 5175 quod
2712 5105 2836 5173 ait.,
2893 5119 3063 5174 usque
3089 5106 3165 5160 ad
3197 5123 3210 5161 :
3269 5109 3414 5174 facie
3460 5107 3534 5161 ad
3588 5109 3795 5174 faciem
3829 5124 3927 5164 co-

2209 5209 2526 5261 gnoscamus
2551 5209 2668 5248 eum
2699 5193 2748 5265 (l
2771 5195 2899 5250 Cor.
2938 5195 3080 5263 xm).

2285 5282 2469 5352 (Auc.,
2504 5287 2694 5351 quasi.
2729 5284 2795 5337 30
2852 5285 2913 5336 in
2939 5281 3080 5354 Jos.)
3138 5285 3203 5338 Et
3256 5283 3526 5353 disposuit
3555 5285 3708 5339 Iesus
3753 5290 3933 5340 testa-

2210 5377 2466 5439 mentum,
2522 5375 2629 5426 etc.
2691 5372 2818 5425 Hmc
2866 5371 3041 5425 verba
3082 5371 3184 5443 qui
3233 5372 3403 5426 altius
3468 5377 3932 5443 perscrutantur,

2212 5463 2343 5525 etc.,
2399 5473 2568 5528 usque
2597 5457 2671 5511 ad
2703 5473 2716 5511 :
2755 5458 2849 5512 sed
2871 5473 3049 5513 omnes
3076 5473 3158 5514 me
3182 5458 3606 5528 dereliquerunt,
3638 5460 3792 5530 quod
3820 5477 3929 5516 non

2214 5549 2327 5601 illis
2360 5549 2657 5616 imputetur
2679 5547 2754 5617 (Π
2787 5546 2927 5604 Tim.
2961 5547 3058 5618 ιν).
