3976 6178
185 283 273 333 521

1311 282 1566 340 GLOSSA
1604 282 2004 340 ORDINARIA.
2044 313 2111 322 —-
2154 284 2284 339 LIB.
2325 285 2541 342 JUDIC.

3574 292 3681 348 522

1450 540 1802 618 LIBER
1905 542 2415 621 JUDICUM

1517 699 1779 754 Hebraice
1809 698 2079 754 Soranum
2112 699 2346 771 (timui).

822 924 1209 979 PREFATIO.

232 1044 550 1115 (Amans,
604 1049 663 1100 in
720 1046 1002 1117 Synopsi.)
1063 1048 1308 1102 Vocatur
1365 1048 1457 1102 hic
1506 1048 1654 1103 liber
1706 1050 1863 1104 Judi-

168 1150 310 1200 cum,
362 1138 665 1205 propterea
715 1135 869 1205 quod
912 1140 1044 1205 post
1081 1141 1321 1190 mortem
1362 1137 1492 1191 Jesu
1547 1140 1716 1204 Nave,
1758 1154 1865 1207 po-

166 1224 358 1293 pulum
393 1239 564 1277 suum
596 1224 740 1277 Deus
774 1241 807 1276 a
836 1224 1049 1277 relictis
1102 1224 1557 1282 Chananaorum
1597 1227 1862 1296 gentibus

167 1327 442 1381 pressum,
474 1328 581 1382 per
603 1312 822 1381 judices
853 1313 1123 1379 servavit;
1157 1330 1402 1384 quorum
1435 1316 1542 1370 hoc
1570 1315 1861 1369 volumine

166 1401 519 1471 singulorum
562 1400 708 1454 facta
764 1404 820 1454 et
861 1400 990 1454 vita
1042 1406 1267 1472 tempus
1314 1404 1699 1469 continentur,
1749 1408 1857 1458 etc.

168 1490 411 1543 Fuerunt
455 1492 646 1543 autem
686 1505 929 1542 numero
978 1490 1290 1545 tredecim:
1340 1497 1397 1546 et
1444 1492 1578 1546 anni
1625 1492 1858 1547 illorum

164 1578 387 1632 fuerunt
415 1576 826 1646 quadringenti
854 1581 911 1631 et
939 1577 1228 1631 undecim.

226 1666 399 1734 (Ism,
430 1668 491 1718 in
525 1665 618 1719 lib.
650 1665 852 1732 ludia,
886 1681 1009 1736 cap.
1052 1668 1126 1733 1.)
1156 1667 1400 1721 Historia
1430 1668 1562 1722 libri
1592 1668 1854 1723 Judicum

163 1770 269 1807 non
318 1769 498 1824 parva
548 1753 953 1823 mysteriorum
1020 1754 1231 1808 indicat
1291 1762 1661 1811 sacramenta.
1721 1758 1855 1811 Post

160 1844 314 1897 Josue
366 1841 527 1896 enim
559 1841 869 1895 succedunt
903 1842 1148 1911 Judices,
1206 1843 1349 1897 sicut
1388 1850 1516 1915 post
1563 1844 1852 1899 Christum

161 1930 391 2001 apostoli
422 1935 482 1984 et
513 1930 877 1983 ecclesiarum
928 1935 1173 1984 rectores
1203 1932 1273 1985 ad
1320 1934 1601 2003 regendos
1631 1933 1850 2000 fideles,

161 2036 292 2089 quos
336 2020 463 2089 ipse
509 2019 578 2073 ad
634 2034 793 2088 spem
838 2020 1232 2088 promissionis
1283 2027 1509 2075 aeterna:
1568 2021 1845 2092 perducit.

162 2110 255 2163 Per
302 2107 501 2161 omnia
548 2112 742 2161 autem
787 2106 849 2160 in
897 2108 1003 2161 hoc
1041 2108 1330 2161 volumine
1376 2108 1595 2163 Judaici
1649 2108 1849 2179 populi

161 2196 375 2262 delicta,
425 2202 482 2249 et
518 2196 759 2249 servitus
821 2196 1147 2266 clamorque
1202 2213 1401 2251 eorum
1444 2201 1499 2251 et
1553 2198 1843 2252 miseratio
1874 2207 1917 2262 Β

162 2286 251 2339 Dei
278 2285 667 2339 continentur.
701 2284 885 2337 Multis
916 2284 1070 2337 enim
1100 2285 1264 2341 annis
1296 2301 1399 2354 pro
1443 2287 1685 2356 peccatis
1728 2286 1845 2341 suis

159 2374 490 2439 servierunt,
531 2378 590 2426 et
642 2371 900 2426 conversi
951 2372 1176 2426 liberati
1222 2378 1392 2427 sunt:
1437 2374 1571 2444 quia
1620 2380 1847 2444 peccata

159 2467 339 2516 nostra
393 2462 546 2515 vires
589 2461 846 2514 hostibus
903 2461 1194 2531 praebent;
1243 2466 1297 2515 et
1345 2463 1573 2532 quando
1628 2463 1845 2517 malum

156 2549 380 2603 facimus
414 2549 477 2603 in
506 2553 808 2618 conspectu
838 2549 1088 2614 Domini,
1138 2550 1533 2604 confortautur
1578 2552 1845 2605 adversa-

155 2638 217 2692 rii
242 2638 443 2704 nostri,
477 2638 535 2691 id
566 2644 653 2691 est
680 2638 988 2691 damoues.
1031 2639 1171 2692 Cum
1201 2643 1392 2692 autem
1435 2640 1840 2708 convertimur,

157 2729 369 2781 suscitat
421 2728 573 2781 Deus
610 2726 831 2796 judices
879 2730 934 2780 et
979 2727 1302 2793 salvatores,
1357 2726 1413 2780 id
1444 2733 1527 2781 est
1556 2728 1842 2799 principes

156 2821 204 2868 et
238 2815 498 2869 doctores
542 2830 687 2884 quos
717 2814 890 2867 mittit
930 2814 991 2867 in
1033 2815 1314 2869 auxilium
1353 2830 1552 2869 eorum
1585 2816 1683 2886 qui
1722 2818 1841 2870 toto

158 2905 309 2959 corde
336 2907 591 2959 clamant
620 2903 689 2956 ad
722 2904 919 2958 Deum.

218 2993 390 3063 (AUG.,
424 2999 614 3060 quast.
660 2996 682 3045 1
737 2994 793 3045 in
842 2992 937 3046 lib.
986 2991 1189 3061 Judic.)
1246 2993 1306 3045 In
1359 2992 1471 3046 ﬁne
1529 2992 1661 3047 libri
1708 2994 1840 3048 Jesu

162 3084 291 3136 Nave
320 3081 574 3137 breviter
619 3083 879 3134 narrator
922 3080 1176 3149 porrexit
1208 3080 1508 3134 historiam
1540 3097 1838 3152 quousque

156 3170 247 3223 ﬁlii
284 3171 463 3225 Israel
504 3170 575 3223 ad
618 3168 883 3223 colendos
936 3169 1071 3223 deos
1117 3168 1334 3223 alienos
1387 3168 1833 3224 declinaverunt.

156 3259 211 3311 In
245 3258 347 3312 hoc
392 3261 589 3311 autem
635 3256 781 3311 libro
831 3256 902 3310 ad
946 3256 1207 3311 ordinem
1259 3256 1497 3325 reditur,
1550 3258 1834 3327 quomodo

156 3345 552 3417 consequentia
600 3348 758 3413 gesta
801 3345 1015 3398 fuerint
1059 3349 1188 3413 post
1218 3350 1461 3399 mortem
1491 3347 1625 3400 Jesu
1663 3347 1831 3402 Nave.

159 3435 265 3489 Non
311 3450 453 3505 ergo
487 3434 556 3487 ab
586 3433 685 3487 illo
717 3436 970 3502 tempore
1018 3433 1221 3503 incipit
1247 3434 1411 3502 liber,
1445 3450 1559 3504 quo
1583 3437 1833 3505 populus

156 3523 214 3576 ad
240 3523 477 3578 colenda
506 3521 809 3576 simulacra
839 3521 1071 3575 deﬂuxit
1095 3537 1106 3574 :
1140 3521 1236 3575 sed
1267 3538 1298 3575 a
1325 3522 1633 3591 prioribus,
1666 3524 1838 3577 inter-

156 3612 331 3680 positis
377 3609 759 3680 temporibus,
809 3609 1017 3681 quibus
1054 3624 1121 3662 ea
1149 3613 1308 3679 gesta
1337 3614 1487 3675 sunt,
1529 3617 1836 3683 postquam

157 3698 216 3752 ad
242 3699 338 3753 illa
372 3696 652 3770 pervenit.

711 3801 936 3856 CAPUT
973 3801 1268 3855 PRIMUM.

212 3919 371 3973 Vens.
434 3919 485 3971 2.
546 3947 614 3956 —
671 3917 929 3985 Dixitque
980 3918 1282 3971 Dominus:
1342 3916 1514 3971 Judas
1568 3918 1834 3986 ascendet,

151 4013 245 4061 etc.
302 4008 426 4071 (10.,
477 4008 664 4073 quast.
713 4004 791 4075 2.)
840 4004 1137 4068 Queenitur
1177 4008 1372 4058 utrum
1416 4005 1620 4076 aliquis
1662 4007 1837 4061 homo

150 4095 308 4149 ludas
353 4094 686 4159 vocabatur,
729 4108 803 4147 an
842 4093 1026 4162 ipsam
1069 4093 1279 4147 tribum
1324 4093 1393 4147 de
1444 4110 1601 4148 more
1634 4096 1712 4149 sic
1742 4113 1839 4166 ap-

153 4183 392 4252 pellavit,
426 4186 555 4247 etc.,
587 4196 755 4250 usque
805 4182 879 4235 ad
913 4186 1049 4235 tunc
1095 4186 1385 4253 assumpta
1434 4182 1606 4238 etiam
1652 4184 1836 4238 tribus

153 4271 369 4327 Simeon
404 4271 473 4325 ad
502 4269 899 4341 pugnandum.

216 4361 381 4422 Vens.
430 4362 512 4413 l2.
563 4390 630 4397 —
665 4361 943 4427 Dixitque,
995 4361 1101 4412 etc.
1138 4360 1326 4427 (Auc.,
1369 4362 1557 4428 quast.
1594 4361 1672 4425 3.)
1706 4361 1835 4425 Qui-

153 4462 349 4517 cunque
372 4448 701 4517 percusserit
732 4449 1006 4500 civitatem
1044 4447 1349 4499 litterarum
1375 4450 1425 4498 et
1465 4447 1663 4513 ceperit
1700 4457 1835 4508 eam,

153 4535 281 4589 dabo
328 4539 379 4590 ei
420 4537 592 4603 filiam
637 4549 809 4588 meam
853 4535 914 4587 in
962 4548 1203 4587 umorem.
1255 4532 1374 4587 Hoc
1419 4533 1481 4586 in
1523 4532 1668 4586 libro
1709 4531 1841 4584 Jesu

156 4628 527 4679 memoratum
575 4627 676 4688 est,
714 4627 842 4687 etc.,
891 4637 1060 4690 usque
1105 4621 1180 4675 ad
1234 4637 1338 4674 nec
1369 4625 1558 4675 tamen
1590 4619 1683 4673 hic
1721 4618 1841 4672 fru-

154 4716 259 4767 stra
290 4713 539 4767 arbitror
562 4712 671 4765 hoc
714 4711 782 4765 de
814 4710 931 4763 ﬁlia
959 4710 1129 4764 Caleb
1174 4710 1306 4764 data
1335 4710 1398 4764 in
1436 4708 1660 4763 victoris
1688 4722 1835 4777 prae-

152 4801 321 4854 mium
351 4800 439 4854 bis
468 4798 819 4869 Scripturam
846 4812 1215 4851 memorasse.

214 4890 371 4944 Vens.
426 4890 511 4942 19.
558 4917 615 4927 -
669 4888 775 4942 Nec
812 4888 1010 4955 potuit.
1062 4885 1188 4953 (In,
1250 4888 1438 4954 quast.
1499 4884 1529 4936 5
1581 4884 1642 4936 in
1685 4880 1839 4949 Jud.)

153 4976 209 5030 In
229 4977 333 5030 hoc
365 4975 494 5046 ipso
524 4974 633 5028 fuit
662 4973 963 5039 Dominus,
1015 4976 1146 5025 etc..
1191 4986 1360 5040 usque
1399 4970 1474 5024 ad
1523 4969 1661 5023 dum
1707 4966 1844 5021 dicit

156 5065 483 5134 Apostolus:
553 5063 631 5118 Ne
698 5059 1131 5129 magnitudinem
1206 5058 1593 5113 revelationum
1670 5054 1842 5108 extol-

158 5151 241 5217 lat,
269 5157 375 5207 etc.
413 5153 491 5221 (II
520 5152 639 5208 Cor.
675 5149 799 5217 xu).

216 5241 375 5295 Vens.
428 5244 518 5295 21.
549 5268 620 5280 -
654 5238 973 5293 Jebusaum.
1023 5237 1205 5305 (Auc.,
1259 5238 1447 5303 quast.
1500 5237 1531 5286 7
1575 5232 1637 5285 in
1680 5228 1841 5298 Jud.)

160 5324 413 5400 Superius
459 5328 670 5399 legitur
718 5326 918 5380 eadem
962 5323 1179 5389 civitas,
1227 5326 1357 5387 etc.,
1409 5333 1584 5394 usque
1623 5318 1697 5373 ad
1725 5332 1843 5372 non

163 5415 267 5471 sine
298 5417 398 5472 illo
431 5419 741 5472 tenuerunt
771 5419 981 5467 terram
1011 5427 1187 5483 quam
1215 5408 1601 5482 possidebant.

222 5506 381 5561 Vaas.
428 5509 517 5560 27.
559 5534 630 5545 —-
673 5504 976 5560 Manasses.
1032 5502 1214 5570 (Ana,
1264 5502 1455 5567 quast.
1509 5498 1584 5564 8.)
1633 5495 1700 5549 Et
1727 5506 1845 5549 non

414 5579 687 5642 Paraon.
742 5575 950 5641 CXIII.

1889 928 1935 982 A
1970 926 2329 982 hareditavit
2371 929 2648 982 Manasses
2682 926 2942 991 Bethsan,
2977 930 3106 994 etc.,
3138 940 3308 994 usque
3335 926 3411 981 ad
3442 928 3672 984 univer-

1974 1031 2093 1069 sam
2123 1033 2271 1086 pene
2297 1016 2487 1071 Asiam
2517 1016 2746 1086 Scythas
2776 1013 3082 1084 aliquando
3110 1014 3382 1069 tenuisse.

2044 1106 2202 1159 Vens.
2237 1105 2321 1159 34.
2356 1136 2424 1143 —
2458 1107 2828 1173 Arctavitque.
2877 1105 3066 1173 (Aue.,
3116 1106 3303 1170 quast.
3342 1106 3397 1156 11
3433 1104 3491 1155 in
3514 1103 3668 1173 Jud.)

1967 1194 2037 1246 Et
2067 1194 2451 1247 contribulavit
2498 1193 2836 1246 Amorrhaos
2881 1192 3021 1259 ﬁlios
3068 1193 3186 1244 Dan
3223 1193 3279 1243 in
3308 1196 3501 1256 monte,
3534 1206 3667 1260 quo-

1966 1284 2116 1334 niam
2144 1297 2249 1335 non
2276 1282 2526 1349 permisit
2570 1295 2654 1334 eos
2698 1280 3027 1346 descendere,
3082 1282 3186 1332 etc.
3228 1278 3349 1332 Hoc
3383 1283 3575 1333 autem
3606 1280 3667 1333 in

1966 1369 2112 1422 libro
2166 1371 2299 1424 Jesu
2353 1370 2501 1423 Nave
2572 1368 3027 1438 praeoccupando
3103 1370 3486 1421 memoratum
3539 1372 3663 1434 est;

1965 1456 2057 1510 hic
2088 1462 2276 1512 autem
2309 1456 2758 1527 recapitulaudo.

2638 1607 2862 1662 CAPUT
2917 1606 2986 1659 II.

2036 1732 2199 1784 Vens.
2236 1734 2282 1785 1.
2311 1759 2380 1772 -
2422 1731 2787 1799 Ascenditque
2831 1730 3075 1797 angelus.
3132 1728 3320 1799 (Aue.,
3372 1734 3559 1799 quast.
3598 1732 3662 1785 12

1959 1821 2018 1873 in
2046 1820 2214 1889 Jud.)
2249 1820 2311 1873 Et
2340 1818 2593 1873 ascendit
2626 1818 2860 1887 angelus
2916 1816 3164 1883 Domini,
3209 1822 3342 1884 etc.,
3373 1833 3542 1886 usque
3587 1819 3663 1873 ad

1961 1908 2113 1977 quod
2140 1907 2220 1960 ibi
2252 1907 2701 1977 praoccupando
2731 1906 3089 1960 memoravit.

2030 1996 2190 2049 Vsus.
2228 1999 2278 2050 3.
2316 2026 2383 2034 —
2414 1995 2765 2064 Quamobrem
2808 1995 2960 2048 nolui
3004 1994 3197 2047 delere.
3254 1992 3434 2063 (AUG.,
3466 1998 3657 2061 quast.

1960 2086 2024 2138 I3
2056 2085 2114 2137 in
2153 2082 2315 2152 Jud.)
2366 2082 2505 2136 Hinc
2560 2081 2934 2152 intelligimus
2991 2081 3252 2152 quadam
3311 2098 3375 2135 ex
3426 2081 3510 2134 ira
3555 2081 3659 2136 Dei

1956 2172 2150 2225 venire
2202 2176 2448 2241 peccata.
2514 2172 2581 2225 Ut
2632 2170 2786 2224 enim
2840 2169 2919 2223 dii
2972 2168 3251 2239 gentium,
3312 2168 3464 2223 inter
3511 2185 3654 2240 quas

1958 2276 2072 2315 non
2123 2260 2526 2314 exterminatas
2574 2258 2840 2311 Israelita
2891 2258 3147 2311 habitare
3189 2257 3519 2322 voluerunt,
3565 2274 3657 2310 es-

1956 2354 2080 2401 sent
2109 2349 2189 2402 eis
2220 2348 2279 2401 in
2327 2347 2676 2412 scandalum,
2720 2346 2780 2400 id
2810 2350 2913 2412 est,
2966 2344 3215 2398 facerent
3246 2359 3342 2397 eos
3372 2343 3655 2398 scandali-

1954 2437 2070 2491 zari
2117 2437 2177 2491 in
2224 2438 2337 2491 Deo
2396 2452 2518 2501 suo,
2573 2451 2755 2505 eoque
2812 2432 3029 2487 offenso
3086 2431 3289 2498 vivere,
3344 2430 3653 2502 indignans

1952 2526 2333 2579 comminatus
2382 2527 2465 2577 est
2533 2524 2699 2590 Deus,
2748 2520 2897 2592 quod
2948 2518 3312 2573 manifestum
3364 2523 3467 2585 est,
3519 2535 3648 2573 ma-

1952 2630 2131 2685 gnum
2158 2629 2278 2667 esse
2305 2615 2619 2682 peccatum.

2022 2704 2251 2756 Dimisit
2280 2716 2404 2768 ergo
2450 2701 2637 2753 Josue.
2676 2697 2862 2768 (Auo.)
2916 2698 3028 2750 Hoc
3073 2712 3175 2767 per
3216 2694 3651 2767 recapitulatio—

1949 2806 2084 2846 nem
2132 2790 2392 2843 iteratur.
2426 2788 2565 2841 Nam
2614 2791 2668 2839 et
2722 2800 2876 2839 mors
2907 2785 3040 2838 Jesu
3095 2785 3245 2838 Nave
3274 2784 3336 2838 in
3363 2784 3471 2838 hoc
3500 2782 3647 2836 libro

1948 2881 2325 2944 memoratur,
2371 2880 2436 2929 ut
2461 2880 2736 2945 tanquam
2771 2874 2839 2927 ab
2871 2872 3104 2927 exordio
3148 2873 3396 2926 breviter
3444 2874 3648 2925 cuncta

1947 2966 2331 3029 insinuentur,
2379 2979 2443 3017 ex
2499 2978 2614 3033 quo
2658 2961 2816 3016 dedit
2863 2960 2943 3014 eis
2988 2962 3262 3015 Dominus
3312 2965 3546 3025 terram,
3589 2963 3648 3014 et

1949 3053 2237 3126 quomodo
2286 3051 2389 3106 sub
2434 3050 2720 3121 judicibus
2770 3049 3032 3113 vixerint,
3072 3049 3158 3103 vel
3208 3064 3337 3119 qua
3382 3047 3641 3118 perpessi

1947 3144 2063 3199 sint
2085 3160 2098 3210 ;
2123 3146 2180 3196 et
2215 3141 2445 3206 iterum,
2498 3138 2717 3193 reditur
2745 3138 2815 3192 ad
2848 3136 3111 3205 judicum
3158 3136 3439 3205 ordinem,
3472 3136 3542 3190 ab
3572 3152 3641 3190 eo

1946 3232 2047 3305 qui
2076 3230 2300 3302 primus
2328 3233 2412 3282 est
2439 3227 2798 3281 constitutus.

2015 3322 2175 3375 Vens.
2206 3323 2261 3373 7.
2293 3347 2365 3358 —
2391 3320 2461 3372 Et
2492 3318 2781 3371 seniorum.
2816 3314 3115 3382 (Ausum,
3154 3313 3295 3367 hom.
3330 3316 3350 3366 1
3390 3314 3451 3366 in
3474 3311 3639 3381 Jud.)

1944 3408 2204 3463 Seniores
2254 3406 2353 3476 qui
2383 3420 2512 3459 cum
2537 3405 2669 3459 Jesu
2696 3403 2785 3456 vel
2828 3405 2959 3472 post
2980 3402 3174 3455 Jesum
3213 3398 3466 3465 fuerunt,
3509 3402 3640 3462 etc.,

1869 3479 1912 3536 α
1947 3513 2115 3567 usque
2143 3495 2217 3549 ad
2241 3494 2363 3548 dies
2394 3508 2526 3546 vero
2561 3491 2855 3545 seniorum
2876 3493 3206 3543 sanctorum
3236 3488 3479 3557 longaevi
3508 3491 3645 3541 sunt

1946 3590 2001 3639 et
2028 3581 2256 3655 prolixi.

2016 3675 2181 3726 Vens.
2231 3672 2281 3724 8.
2334 3698 2403 3708 -
2446 3668 2689 3722 Mortuus
2737 3671 2833 3720 est.
2883 3667 3003 3731 (10.,
3045 3664 3185 3718 hom.
3242 3666 3315 3724 2.)
3357 3663 3423 3717 In
3468 3663 3641 3717 Paulo

1943 3761 2085 3817 vivit
2109 3763 2292 3824 Iesus,
2319 3759 2451 3822 etc.,
2474 3771 2644 3824 usque
2673 3756 2746 3809 ad
2774 3758 2831 3808 et
2858 3752 3100 3808 surrexit
3125 3751 3419 3824 generatio
3439 3752 3639 3815 altera,

1946 3865 2074 3920 quae
2104 3844 2391 3901 nesciebat
2416 3844 2632 3909 Iesum,
2665 3846 2768 3896 etc.

2017 3938 2312 4006 (Auitum,
2374 3933 2512 3985 hom.
2571 3929 2646 3999 2.)
2705 3927 3149 3996 Servieruntque
3216 3925 3450 3991 Baalim,
3509 3931 3640 3991 etc.,

1943 4039 2111 4093 usque
2140 4022 2214 4076 ad
2235 4025 2351 4075 tota
2379 4019 2572 4073 anima
2619 4022 2677 4072 et
2699 4016 2832 4071 totis
2860 4015 3076 4069 viribus
3116 4013 3408 4082 diligimus
3440 4029 3454 4066 :
3488 4012 3645 4067 idola

1946 4114 2268 4169 adoramus.

2016 4201 2173 4253 Vens.
2229 4199 2312 4250 13.
2368 4223 2437 4234 -
2473 4193 2660 4261 (Αυο,,
2715 4194 2902 4259 quast.
2961 4191 3024 4243 16
3076 4190 3135 4242 in
3186 4187 3281 4242 lib.
3312 4186 3530 4258 Judic.)
3573 4189 3645 4243 Et

1945 4290 2244 4343 servierunt
2299 4284 2436 4337 Baal
2464 4287 2514 4336 et
2550 4280 2889 4336 Astartibus.
2941 4278 3159 4356 Dicitur
3190 4277 3320 4331 Baal
3369 4292 3489 4331 esse
3537 4293 3643 4331 no-

1946 4393 2080 4431 men
2109 4374 2258 4429 lovis
2288 4370 2443 4441 apud
2480 4369 2605 4423 illas
2637 4371 2857 4438 gentes,
2899 4372 3028 4433 etc.,
3060 4380 3228 4434 usque
3258 4364 3332 4418 ad
3359 4365 3644 4419 Iunonem

1947 4463 2242 4537 pluraliter
2273 4456 2578 4513 memorari
2603 4453 2870 4508 voluisse.

2022 4556 2211 4618 (Auc.,
2272 4550 2463 4617 quast.
2512 4543 2619 4621 1ῖ.)
2678 4541 2787 4597 Sed
2845 4545 2901 4595 et
2941 4541 3002 4595 in
3042 4540 3283 4611 psalmo,
3315 4544 3444 4606 etc.,
3476 4553 3647 4608 usque

1948 4641 2022 4697 ad
2048 4655 2163 4693 non
2192 4636 2375 4707 pretio
2403 4630 2733 4705 pecuniario
2764 4630 2993 4684 fuerant
3021 4628 3357 4682 redimendi.

2020 4729 2182 4781 Vens.
2218 4725 2301 4778 14.
2330 4752 2400 4762 -
2456 4723 2739 4789 [ratusque
2784 4718 3059 4771 Dominus.
3122 4716 3323 4785 (01116..
3355 4717 3496 4769 hom.
3524 4716 3560 4768 2
3587 4716 3646 4767 in

1946 4816 2113 4886 Jud.)
2141 4815 2283 4869 Cum
2322 4809 2452 4881 quis
2492 4810 2605 4862 Deo
2638 4805 2824 4871 servit,
2860 4809 2985 4871 etc.,
3014 4818 3182 4872 usque
3208 4802 3283 4857 ad
3312 4818 3383 4857 ne
3415 4801 3645 4856 diabolo

1956 4904 2270 4961 tradamur.

2618 5007 2843 5065 CAPUT
2883 5005 2978 5059 IlI.

2021 5142 2185 5194 Vnus.
2240 5141 2290 5191 5.
2342 5137 2501 5189 -Ιη
2543 5131 2735 5187 medio.
2785 5129 2973 5199 (Auc.,
3023 5129 3218 5195 quast.
3276 5128 3332 5179 l7
3384 5125 3445 5177 in
3490 5121 3648 5191 Jud.)

1950 5231 2015 5284 In
2040 5226 2229 5283 Exodo
2249 5224 2385 5279 dicit
2434 5224 2600 5287 Deus,
2634 5222 2763 5282 etc.,
2796 5230 2967 5284 usque
2996 5215 3071 5269 ad
3106 5228 3307 5269 eorum
3338 5211 3646 5266 multitudo

1951 5324 2131 5373 terras
2158 5313 2311 5367 unde
2351 5305 2658 5364 adversarii
2695 5303 3213 5359 exterminarentur
3252 5301 3502 5356 desertas
3525 5315 3645 5353 esse

1950 5422 2069 5461 non
2113 5403 2342 5456 sineret.
2384 5397 2544 5462 Quod
2597 5399 2790 5449 autem
2836 5391 2918 5446 ait
2945 5406 2963 5449 :
2993 5394 3072 5448 Ne
3116 5390 3543 5459 multiplicantur
3587 5389 3649 5442 in

1952 5496 2001 5545 te
2022 5491 2202 5544 bestia
2247 5489 2416 5553 fera;
2466 5482 2679 5538 mirum
2711 5481 2759 5535 si
2782 5494 2901 5535 non
2928 5477 3194 5535 bestiales
3222 5474 3564 5611 cupi'tliitates
3589 5476 3649 5527 et
