3976 6178
240 316 343 368 523

849 311 1246 366 WALAFRIDI
1287 310 1529 366 STRABI
1571 310 1766 364 FULD.
1813 309 1925 364 MOI

2098 311 2162 365 Ῥ.
2206 310 2388 366 PARS
2427 311 2468 365 Ι.
2510 339 2578 348 -
2616 310 3068 366 THEOLOGICA.

3625 313 3730 363 524

240 439 505 494 libidines
549 437 794 507 intelligi
843 414 1086 490 voluit...
1123 453 1236 490 non
1287 436 1441 490 enim
1487 437 1633 488 Deus
1677 435 1937 488 homines
1965 438 2012 488 A
2050 450 2231 504 genus
2263 435 2539 488 clausura
2586 433 2713 498 fuit,
2766 433 2921 504 quod
2951 433 3071 488 sine
3123 433 3266 487 clavi
3294 437 3487 503 posset
3532 433 3747 500 claudi,

240 528 613 583 exterminare
641 531 876 596 poterat,
912 530 966 578 et
993 525 1199 578 bestias
1231 540 1345 577 non
1379 527 1617 594 poterat.

311 618 471 670 Vens.
518 619 568 669 8.
617 646 684 652 e—
724 615 945 681 (Anam,
1001 614 1140 667 hom.
1192 613 1270 681 3.)
1314 615 1384 666 Et
1431 611 1666 665 tradidit
1709 627 1794 666 eos
1828 615 1932 666 Ι)οο

238 707 436 770 minus,
487 709 616 769 etc.,
674 717 841 770 usque
869 702 943 755 ad
963 703 1105 756 odor
1151 700 1475 754 teterrimus
1522 700 1803 770 superbia
1833 717 1930 754 re-

241 796 510 950 migium,
577 880 714 932 hom.
777 880 807 930 3
863 879 922 930 in
973 875 1124 945 Jud.)
1175 875 1312 928 Vide
1367 875 1684 946 benignum
1742 873 1929 928 Domi-

239 984 398 1033 num,
433 972 561 1033 etc.,
594 981 762 1034 usque
811 965 885 1018 ad
915 963 1013 1034 qui
1061 979 1165 1032 per
1214 962 1478 1017 Othoniel
1519 963 1603 1016 vel
1635 961 1804 1016 Aioth
1833 961 1930 1014 de-

239 1058 556 1128 signantur.

310 1147 469 1199 Vens.
510 1145 592 1199 10.
626 1173 694 1181 ——
740 1143 866 1196 Fuit
911 1143 968 1194 in
996 1156 1052 1193 eo
1094 1141 1331 1208 Spiritus
1379 1140 1616 1204 Domini,
1667 1144 1772 1192 etc.
1816 1139 1929 1191 Ma-

240 1252 351 1306 gna
379 1235 501 1287 laus
532 1235 615 1286 est
643 1229 814 1301 primi
838 1228 1070 1295 judicis,
1103 1228 1254 1298 quod
1287 1226 1530 1297 Spiritus
1579 1225 1807 1280 Domini
1845 1225 1928 1278 fa-

239 1329 362 1377 ctus
390 1327 474 1376 est
501 1335 671 1391 super
717 1334 846 1372 eum
884 1334 896 1370 ε
948 1321 1004 1370 et
1045 1332 1148 1386 per
1195 1315 1472 1386 Spiritum
1513 1314 1614 1368 Dei
1657 1312 1933 1384 judicavit

240 1412 538 1482 populum,
590 1407 741 1479 quod
793 1408 861 1460 de
916 1406 1025 1459 alia
1067 1405 1280 1458 dictum
1328 1420 1444 1457 non
1479 1403 1639 1457 valde
1671 1401 1927 1456 memini.

238 1502 382 1555 Sunt
436 1498 604 1552 hodie
659 1495 1019 1550 ecclesiarum
1067 1493 1303 1562 judices,
1356 1491 1564 1562 quibus
1605 1492 1798 1546 datum
1848 1494 1933 1543 est

240 1591 412 1645 etiam
449 1587 729 1658 judicium
776 1585 1143 1637 animarum:
1195 1581 1291 1635 sed
1341 1581 1551 1647 nescio,
1599 1583 1645 1634 si
1692 1583 1820 1652 quis
1844 1581 1930 1635 di-

240 1696 386 1750 gnus
415 1678 486 1730 sit
514 1675 727 1746 Spiritu
758 1674 859 1726 Dei
890 1671 1120 1742 repleri.
1485 1659 1488 1664 ’

309 1770 538 1834 Fuitque
584 1767 659 1817 in.
717 1760 941 1830 (ΑΒΑΜ.)
1021 1763 1346 1829 Postquam,
1424 1757 1656 1826 scilicet,
1719 1758 1930 1812 clama-

239 1860 444 1910 verunt
495 1854 562 1906 ad
614 1851 940 1906 Dominum.
993 1848 1130 1912 Quis
1177 1850 1237 1900 in
1287 1846 1448 1900 nobis
1494 1852 1612 1900 tam
1656 1847 1928 1912 validum,

239 1951 355 1999 tam
379 1945 602 2014 justum
650 1942 956 1994 clamorem
1004 1937 1213 1990 emittit
1241 1937 1309 1990 ad
1356 1935 1683 1998 Dominum,
1717 1939 1782 1989 ut
1811 1951 1930 1989 me-

239 2039 432 2087 reatur
465 2029 710 2102 populus
741 2028 990 2097 accipere
1030 2026 1280 2095 judicem
1323 2040 1494 2095 quem
1543 2025 1760 2094 repleat
1803 2022 1930 2092 Spi-

239 2121 381 2174 ritus
423 2119 542 2183 Dei,
576 2121 639 2170 ut
682 2118 873 2186 posset
901 2118 1119 2166 rectum
1167 2117 1361 2167 tenere
1397 2110 1725 2179 judicium?
1775 2110 1931 2164 Unde

238 2209 384 2263 liber
437 2207 544 2260 iste
587 2205 851 2260 Iudicum
910 2201 1136 2265 dicitur,
1196 2201 1316 2270 qui,
1375 2201 1604 2265 scilicet,
1640 2199 1929 2269 judicave-

237 2302 374 2352 runt
399 2295 679 2367 populum
715 2291 908 2354 Israel,
960 2291 1129 2356 viros,
1162 2290 1396 2357 scilicet,
1430 2289 1739 2355 mirabiles,
1788 2289 1933 2342 sicut

235 2389 403 2440 Josue
460 2384 587 2438 fuit.
647 2382 803 2437 Sicut
861 2385 919 2434 et
970 2379 1111 2432 liber
1159 2380 1399 2448 Regum,
1459 2377 1517 2431 in
1573 2393 1686 2447 quo
1724 2377 1932 2431 dicitur

237 2473 526 2546 quomodo
568 2471 811 2542 quisque
859 2484 1060 2538 regum
1101 2465 1444 2536 regnaverit,
1479 2470 1534 2518 et
1565 2465 1704 2535 quid
1751 2465 1931 2535 egerit

237 2564 409 2617 etiam
436 2562 651 2615 malum
685 2576 698 2612 :
731 2563 794 2612 ut
824 2556 1080 2610 Ecclesia
1123 2554 1336 2608 scilicet
1375 2553 1682 2623 principes,
1718 2555 1805 2606 vel
1831 2554 1929 2624 ju—

238 2653 390 2707 dices
417 2651 568 2704 bona
593 2663 793 2701 eorum
824 2644 1139 2708 imitentur,
1175 2643 1325 2696 mala
1354 2646 1606 2695 caveant.

306 2743 722 2807 Sapieruntque
769 2735 955 2789 Israel.
1005 2731 1228 2804 (Anna,
1273 2733 1367 2784 ubi
1403 2731 1620 2801 supra.)
1656 2731 1788 2784 Post
1829 2731 1928 2785 de-

237 2847 360 2885 cem
405 2834 462 2882 et
505 2831 628 2881 octo
660 2841 860 2889 annos,
902 2827 1031 2891 etc.,
1070 2837 1238 2890 usque
1285 2820 1359 2874 ad
1404 2819 1610 2890 quibus
1659 2819 1925 2874 dicetur:

242 2917 500 2975 Discedite
527 2931 562 2968 a
589 2931 690 2979 me,
731 2913 970 2982 operarii
1013 2911 1345 2978 iniQuitatis.
1396 2910 1570 2963 nescio
1606 2923 1734 2962 eos:
1769 2910 1842 2962 ite
1871 2910 1929 2962 in

235 3012 411 3076 ignem
439 3009 713 3070 aeternum,
749 3005 855 3056 etc.
898 3000 1046 3070 (Luc.
1080 2999 1222 3068 xui).

307 3095 429 3167 (10.)
481 3094 658 3148 Etiam
710 3103 1004 3143 mensuras
1053 3101 1238 3156 pana
1285 3083 1500 3139 indicat
1551 3082 1744 3138 divina
1783 3083 1928 3138 Scri-

239 3191 406 3257 ptura
464 3197 636 3252 supra
685 3185 809 3232 octo
855 3175 1067 3230 annis:
1117 3174 1209 3228 hic
1267 3173 1462 3227 decem
1509 3177 1564 3226 et
1615 3176 1740 3226 octo
1771 3171 1926 3226 dicit.

238 3271 468 3325 Certum
499 3271 585 3320 est
609 3271 821 3329 autem,
852 3262 988 3334 quia
1034 3263 1348 3317 secundum
1405 3261 1642 3314 modum
1687 3261 1924 3329 peccati,
1984 3311 1994 3336 ν

239 3362 296 3411 et
319 3352 702 3408 conversionis
749 3366 989 3416 moram,
1037 3350 1208 3402 etiam
1239 3347 1622 3417 castigationis
1671 3352 1929 3417 tempora

237 3443 636 3500 terminantur.
689 3438 1056 3494 Transierunt
1098 3436 1249 3490 enim
1277 3443 1333 3490 et
1360 3434 1453 3489 isti
1497 3434 1689 3488 decem
1722 3439 1777 3487 et
1804 3439 1927 3488 octo

238 3531 374 3587 anni
428 3527 733 3593 servitutis,
786 3531 1002 3578 etnon
1080 3523 1286 3578 dicitur
1349 3523 1484 3593 quia
1545 3522 1930 3575 clamaverunt

239 3621 312 3674 ad
342 3617 652 3672 Dominum
700 3613 788 3668 vel
836 3611 1094 3666 conversi
1137 3616 1270 3664 sunt
1298 3628 1330 3664 a
1371 3611 1590 3664 malitia
1635 3627 1784 3664 sua:
1829 3611 1926 3665 sed

232 3712 464 3842 positam.
497 3788 576 3839 l5.
623 3813 692 3824 -—
741 3783 1094 3848 Salvatorem,
1134 3779 1262 3848 (11).,
1313 3780 1453 3832 hom.
1487 3778 1562 3849 3.)
1611 3777 1926 3832 Salvatores

231 3879 319 3931 vel
340 3875 578 3946 judices,
629 3877 759 3938 etc.,
809 3885 977 3940 usque
1020 3869 1094 3923 ad
1123 3884 1251 3940 qua
1297 3867 1432 3922 dicit
1466 3885 1478 3921 :
1512 3871 1625 3934 Ego
1664 3882 1781 3922 sum
1809 3871 1923 3936 via,

230 3967 434 4022 veritas
459 3967 508 4016 et
535 3963 650 4016 vita
681 3961 870 4030 (Joan.
902 3960 1037 4028 xxv).

303 4054 405 4118 Qui
442 4055 670 4116 utraque
698 4064 862 4102 manu
885 4063 987 4115 pro
1033 4046 1257 4100 dextera
1285 4045 1554 4098 utebatur.
1598 4044 1922 4098 Secundum

229 4139 585 4211 spiritualem
625 4135 1086 4204 intelligentiam,
1131 4149 1327 4186 omnes
1367 4132 1545 4186 sancti
1584 4131 1923 4186 ambidextri

231 4230 521 4294 dicuntur,
573 4223 834 4278 diabolus
890 4227 947 4276 et
1004 4221 1290 4292 principes
1334 4221 1479 4291 ejus,
1529 4220 1917 4275 ambisinistri.

2041 539 2146 576 nec
2203 522 2327 576 sine
2383 523 2526 577 clavi
2581 522 2811 592 aperiri.
2875 521 3017 575 Nam
3073 527 3203 576 sunt
3258 523 3522 592 quadam
3585 522 3748 587 talia,

2041 611 2184 666 sicut
2230 627 2297 665 ea
2351 627 2480 682 qua
2527 611 2796 664 verudata.
2839 611 3038 681 [MSS.,
3093 609 3402 682 veruclata]
3454 611 3750 664 dicuntur.

2111 701 2267 754 Vens.
2334 703 2420 754 3t.
2481 730 2550 738 —
2601 701 2725 754 Post
2781 700 2938 754 hunc.
2989 699 3216 768 (Amm,
3275 701 3414 754 hom.
3466 700 3548 768 4.)
3596 699 3746 754 LXX.

2039 789 2294 859 Semgar,
2350 787 2408 842 id
2451 791 2534 842 est
2578 787 2658 842 ibi
2705 787 2940 842 advena.
3002 789 3213 842 Omnes
3269 787 3424 841 enim
3473 789 3748 842 homines

2043 877 2142 931 Dei
2199 877 2429 930 advena
2483 880 2616 930 sunt
2670 876 2731 930 in
2788 877 2895 930 hoc
2949 876 3216 942 mundo;
3273 875 3419 929 sicut
3464 875 3579 942 ille,
3641 878 3746 947 qui

2039 965 2262 1020 dicebat
2294 979 2305 1018 :
2351 965 2579 1019 Advena
2623 979 2716 1031 ego
2754 979 2892 1030 sum,
2945 967 3004 1018 in
3043 969 3189 1018 terra
3220 964 3372 1034 apud
3401 970 3470 1032 te,
3510 971 3561 1018 et
3585 981 3743 1034 pere-

2037 1055 2247 1120 grinus,
2298 1055 2438 1106 sicut
2483 1068 2658 1106 omnes
2698 1058 2882 1121 patres
2922 1055 3044 1106 mei.
3101 1053 3260 1106 Hunc
3307 1067 3445 1122 ergo
3500 1052 3741 1122 Semgar

2039 1142 2285 1212 Spiritus
2349 1146 2576 1195 sanctus
2623 1141 2702 1195 ibi
2759 1141 3032 1195 advenam
3101 1140 3256 1205 dicit,
3325 1141 3384 1194 id
3450 1146 3535 1195 est
3595 1141 3732 1195 hic:

2041 1230 2194 1300 quod
2225 1229 2379 1282 enim
2424 1229 2661 1300 Spiritui
2707 1235 2920 1297 sancto,
2967 1229 3068 1299 qui
3115 1229 3176 1282 in
3223 1229 3379 1282 caelis
3412 1234 3520 1297 est,
3544 1229 3619 1282 ibi
3647 1235 3736 1284 est

2040 1317 2206 1372 nobis
2239 1317 2331 1372 hic
2361 1321 2463 1372 est.

2111 1409 2237 1461 Post
2288 1407 2444 1460 hunc.
2501 1407 2684 1472 (AUG.,
2734 1409 2922 1474 quaest.
2971 1403 3081 1474 25.)
3122 1404 3410 1468 Quaritur
3445 1405 3742 1475 quomodo

2039 1500 2168 1565 post
2219 1494 2337 1548 Aod
2397 1493 2739 1564 pugnaverit
2792 1493 3027 1562 Semgar
3103 1509 3207 1564 pro
3267 1493 3436 1546 Israel
3495 1498 3553 1547 et
3609 1510 3745 1548 eum

2041 1584 2282 1636 salvasse
2333 1583 2515 1637 dictus
2557 1583 2644 1637 sit.
2690 1583 2812 1636 Non
2860 1582 3046 1636 fuerat
3100 1581 3412 1651 captivatus
3461 1583 3548 1635 vel
3601 1583 3748 1652 jugo

2043 1669 2325 1722 servitutis
2369 1668 2630 1722 innexus.
2681 1668 2788 1722 Sed
2815 1669 2896 1720 ita
2925 1667 3179 1728 salvavit,
3210 1683 3325 1721 non
3370 1667 3504 1738 quia
3561 1669 3746 1721 hostis

2042 1756 2334 1822 nocuerit;
2368 1756 2466 1810 sed
2499 1773 2568 1809 ne
2608 1756 3036 1827 permitteretur
3085 1771 3290 1809 nocere
3322 1771 3336 1808 :
3395 1771 3568 1825 quem
3620 1772 3744 1809 cre-

2041 1846 2293 1900 dendum
2339 1851 2422 1898 est
2460 1845 2608 1898 bello
2654 1845 2889 1915 coepisse
2936 1848 3175 1909 tentare,
3209 1847 3265 1896 et
3290 1843 3462 1913 hujus
3502 1845 3745 1898 victoria

2039 1933 2211 1988 fuisse
2243 1935 2558 2003 repulsum.

2112 2023 2216 2087 Qui
2254 2023 2539 2091 percussit.
2585 2020 2795 2090 (Anam,
2847 2021 2984 2075 hom.
3036 2021 3115 2088 4.)
3169 2020 3406 2089 Semgar
3458 2020 3747 2089 percussit

2039 2107 2369 2178 Allophylos
2412 2106 2472 2160 in
2514 2106 2788 2160 sexcentis
2832 2105 2989 2172 viris,
3036 2112 3166 2168 etc.,
3213 2121 3382 2174 usque
3411 2106 3485 2159 ad
3509 2110 3573 2160 ut
3601 2123 3745 2160 con-

2039 2195 2284 2251 ﬁdenter
2311 2195 2461 2251 dicas
2488 2211 2501 2250 :
2535 2196 2674 2250 Mihi
2704 2199 2880 2249 autem
2906 2195 3051 2249 absit
3072 2197 3324 2262 gloriari,
3356 2199 3460 2248 etc.

2712 2337 2936 2391 CAPUT
2973 2338 3060 2391 IV.

2108 2455 2268 2507 Vens.
2331 2456 2378 2506 l.
2415 2483 2483 2492 —-
2527 2451 2984 2521 Addideruntque
3023 2451 3131 2518 ﬁlii
3180 2451 3384 2520 (0316.,
3437 2451 3584 2506 hom.
3617 2451 3651 2503 4
3682 2453 3744 2504 in

2036 2542 2193 2610 Jud.)
2221 2541 2387 2605 Quasi
2415 2556 2520 2611 pro
2549 2539 2788 2610 peccatis
2820 2539 3022 2609 populi
3057 2539 3166 2592 dux
3200 2538 3385 2592 bonus
3411 2539 3573 2606 obiit,
3602 2545 3740 2604 etc.,

2036 2645 2205 2700 usque
2224 2631 2298 2684 ad
2323 2633 2381 2684 et
2408 2629 2571 2683 Jabin
2601 2627 2846 2698 principi
2877 2627 3354 2681 Chananaorum.

2107 2719 2268 2771 Vens.
2303 2721 2355 2770 2.
2389 2748 2453 2756 —
2487 2718 2548 2770 In
2579 2731 2771 2770 manus
2806 2717 2970 2770 Jabin
3015 2718 3160 2783 regis
3192 2717 3472 2772 Chanaan.
3509 2715 3741 2784 (Anam,

2038 2808 2176 2860 hom.
2209 2807 2243 2859 4
2271 2807 2329 2858 in
2347 2804 2512 2875 Jud.)
2544 2804 2810 2874 Princeps
2831 2804 3052 2858 militia
3081 2803 3268 2872 labin,
3302 2809 3430 2870 etc.,
3463 2819 3632 2874 usque
3662 2807 3745 2860 ad

2035 2894 2123 2948 vel
2155 2893 2402 2947 ecclesia
2429 2893 2674 2964 populus
2703 2891 3072 2963 gubernetur,
3104 2893 3192 2946 vel
3220 2893 3495 2962 cujusque
3527 2893 3741 2950 anima

1957 2993 1996 3049 ρ
2036 2997 2252 3036 sensus.

2109 3072 2276 3142 Vens.
2335 3070 2387 3124 4.
2446 3100 2514 3108 -
2568 3072 2720 3124 Erat.
2783 3069 3008 3137 (Amm,
3073 3069 3211 3124 hom.
3278 3070 3352 3139 5.)
3411 3070 3741 3128 Secundum

2038 3160 2392 3230 Apostolum,
2445 3163 2577 3225 etc.,
2617 3173 2786 3226 usque
2827 3157 2902 3211 ad
2949 3156 3085 3228 quia
3135 3157 3350 3212 confert
3401 3159 3548 3213 hanc
3603 3176 3742 3230 gra-

2037 3248 2175 3302 tiam
2206 3247 2414 3302 mentis
2442 3246 2679 3318 puritas,
2715 3262 2834 3300 non
2866 3261 3028 3299 sexus
3058 3245 3376 3300 diversitas.

2107 3336 2364 3390 Debbora.
2415 3335 2552 3406 Apis
2582 3335 2668 3388 vel
2698 3334 2941 3404 loquela,
2987 3351 3116 3404 qua
3146 3335 3485 3404 prophetam
3515 3337 3741 3408 signiﬁ-

2036 3429 2163 3489 cat;
2209 3440 2337 3495 qua
2380 3439 2579 3476 suaves
2619 3422 2862 3476 caelestis
2909 3422 3181 3476 doctrina
3232 3424 3408 3491 favos,
3455 3429 3512 3478 et
3548 3425 3744 3480 du..-ia

2036 3512 2213 3566 divini
2259 3511 2472 3582 eloquii
2514 3511 2684 3564 mella
2728 3510 3038 3580 componit.
3089 3511 3291 3564 Unde:
3333 3511 3504 3577 Quam
3552 3512 3742 3567 dulcia

2033 3601 2291 3667 faucibus
2339 3602 2470 3653 meis
2517 3600 2729 3666 eloquia
2783 3603 2879 3652 tua
2931 3613 3094 3666 super
3147 3599 3251 3652 mel
3301 3606 3352 3652 et
3405 3602 3599 3665 favum
3651 3606 3743 3655 ori

2034 3691 2186 3742 meo!
2237 3689 2400 3756 (Psal.
2452 3687 2659 3756 cxviu.)
2711 3687 2772 3740 Et
2829 3686 3002 3740 alibi:
3041 3686 3264 3740 Iudicia
3312 3689 3547 3754 Domini,
3600 3689 3742 3744 dicit

2033 3776 2331 3848 propheta,
2373 3777 2610 3844 pretiosa
2653 3789 2764 3828 esse
2808 3789 2970 3842 super
3015 3789 3210 3827 aurum
3241 3779 3291 3827 et
3330 3775 3566 3843 lapidem
3610 3793 3742 3846 pre-

2035 3867 2227 3919 tiosum
2253 3867 2436 3932 nimis,
2465 3869 2514 3917 et
2549 3863 2794 3917 dulciora
2822 3877 2985 3931 super
3004 3863 3106 3916 mel
3135 3867 3184 3916 et
3213 3864 3427 3928 favum.
3459 3863 3618 3933 (Ibid.
3651 3871 3738 3933 x.)

2104 3954 2268 4006 Vens.
2316 3955 2365 4006 5.
2425 3981 2494 3991 —
2540 3954 2611 4005 Et
2665 3950 2882 4005 sedebat
2927 3951 3027 4004 sub
3075 3951 3284 4019 palma,
3345 3955 3448 4005 etc.
3508 3954 3732 4024 (Anam)

2034 4041 2171 4096 Vide
2201 4041 2260 4094 in
2291 4040 2498 4111 quibus
2546 4039 2685 4093 locis
2734 4039 2892 4092 sedet
2931 4038 3252 4109 prophetia,
3303 4040 3453 4093 inter
3491 4042 3732 4108 excelsa,

2031 4129 2262 4195 scilicet,
2295 4133 2351 4182 et
2387 4128 2623 4182 domum
2665 4127 2784 4182 Dei.
2829 4126 2979 4180 Nihil
3008 4127 3248 4196 humile,
3282 4127 3426 4182 nihil
3455 4130 3562 4182 vile
3597 4147 3736 4200 erga

2030 4217 2352 4289 prophetia
2422 4217 2616 4270 sedem
2689 4215 2931 4285 reperiri
2983 4219 3186 4286 potest.
3253 4215 3410 4272 Sicut
3462 4217 3735 4274 Salomon

227 4319 428 4370 Totum
479 4313 633 4367 enim
687 4311 842 4381 quod
880 4299 1088 4380 'agunt,
1141 4308 1435 4362 sinistrum
1478 4313 1561 4362 est
1591 4314 1648 4362 et
1696 4324 1919 4379 perver-
1949 4330 1992 4384 Ι)
2029 4306 2165 4361 dicit
2192 4322 2204 4360 :
2236 4303 2386 4376 quod
2418 4303 2478 4358 in
2508 4304 2656 4370 altis,
2691 4303 2902 4358 scilicet
2929 4304 3108 4374 portis
3137 4303 3450 4366 civitatum,
3483 4307 3732 4372 assistat,

229 4420 376 4469 sum,
427 4407 639 4456 aterno
687 4398 810 4470 igni
858 4414 987 4451 cum
1032 4397 1138 4462 his,
1187 4395 1288 4467 qui
1325 4413 1359 4449 a
1386 4395 1624 4449 sinistris
1653 4400 1805 4463 sunt,
1833 4395 1924 4450 de-

227 4496 492 4563 putatum
504 4529 520 4544 .

297 4581 460 4634 Vens.
495 4581 584 4632 2U.
616 4606 684 4616 —
712 4578 992 4642 Ingressus
1021 4577 1098 4627 ést
1127 4572 1296 4637 Aod,“
1327 4574 1438 4626 etc.
1494 4570 1722 4640 (ΑυΑιι.,
1771 4571 1914 4627 hom.

225 4671 300 4738 4.)
350 4667 471 4722 Aod
525 4666 934 4732 interpretatur
989 4661 1126 4713 laus.
1187 4661 1319 4712 Arte
1377 4657 1530 4712 enim
1589 4658 1812 4726 callida,
1865 4665 1924 4714 et

225 4756 497 4812 laudabili
531 4769 669 4808 usus
713 4749 1070 4818 deceptione,
1124 4751 1254 4813 etc.,
1286 4762 1454 4816 usque
1482 4747 1557 4800 ad
1585 4747 1678 4801 cui
1715 4748 1922 4802 dicitur

225 4860 260 4896 a
293 4843 529 4897 Domino
565 4855 579 4892 :
614 4841 778 4904 Euge,
811 4851 960 4890 serve
986 4835 1133 4896 bone,
1167 4837 1272 4887 etc.

295 4933 458 4984 Vens.
495 4932 582 4984 22.
617 4957 679 4967 —
731 4925 1111 4992 Pinguissimo.
1163 4921 1348 4992 (Auc.,
1411 4927 1598 4990 quast.
1649 4922 1760 4992 2t.)
1808 4923 1919 4976 Me-

225 5018 333 5071 rito
381 5017 678 5087 quaritur,
727 5018 858 5077 etc.,
911 5026 1079 5079 usque
1126 5009 1200 5062 ad
1253 5009 1333 5062 ita
1388 5009 1728 5063 invenimus.
1782 5012 1920 5065 Erat

225 5109 402 5160 autem
431 5105 602 5169 Eglon
630 5115 843 5156 crassus
868 5101 1053 5152 nimis.

292 5195 460 5245 Vens.
490 5195 577 5244 ‘25.
607 5221 674 5229 —
732 5190 1005 5244 Tulerunt.
1055 5186 1180 5256 (10.,

222 5281 388 5354 pueri
430 5278 578 5348 regis
628 5278 803 5346 Eglon
852 5275 992 5329 clavi
1030 5279 1399 5344 aperuerunt,
1440 5273 1595 5344 quod
1622 5273 1743 5326 Aod
1773 5274 1915 5327 clavi

2026 4395 2115 4449 vel
2148 4394 2206 4446 in
2236 4408 2532 4447 murorum
2571 4393 2856 4447 manibus
2895 4391 3131 4458 habitet,
3176 4394 3265 4446 vel
3304 4393 3364 4447 in
3395 4393 3526 4448 altis
3554 4397 3731 4450 turri-

2025 4483 2134 4536 bus
2183 4482 2357 4536 libere
2406 4486 2554 4552 agat.
2610 4483 2766 4535 lnter
2802 4481 3038 4535 domum
3087 4480 3187 4534 Dei
3233 4497 3370 4551 ergo
3415 4486 3470 4535 et
3510 4485 3732 4537 excelsa

2026 4571 2236 4626 dicitur
2281 4570 2559 4625 habitare.
2607 4571 2731 4624 Non
2781 4570 2934 4624 enim
2967 4569 3129 4623 docet
3161 4586 3286 4640 qua
3315 4586 3487 4641 super
3515 4575 3728 4628 terram

2026 4665 2159 4713 sunt
2203 4675 2480 4730 quarere,
2529 4660 2626 4714 sed
2673 4675 2801 4730 qua
2830 4657 2891 4711 in
2922 4658 3096 4724 calis,
3131 4657 3231 4712 ubi
3279 4659 3534 4714 Christus
3563 4666 3649 4714 est
3669 4662 3730 4715 in

2026 4747 2259 4801 dextera
2304 4748 2404 4800 Dei
2454 4748 2673 4802 sedens.
2726 4749 2864 4802 Illuc
2913 4763 3014 4801 nos
3070 4747 3332 4802 hortatur
3377 4749 3726 4805 ascendere:

2026 4835 2160 4889 illuc
2191 4835 2498 4905 discipulos
2527 4852 2657 4890 suos
2686 4836 2927 4890 molitur
2957 4851 3185 4890 movere
3216 4837 3544 4906 prophetia.

2094 4925 2263 4979 Vens.
2323 4927 2374 4979 8.
2432 4956 2501 4964 -—
2551 4927 2612 4982 Si
2663 4927 2811 4979 venis
2870 4925 3056 4992 (Auc.,
3107 4930 3293 4992 quast.
3342 4927 3410 4978 29
3454 4928 3514 4978 in
3571 4926 3728 4998 Jud.)

2024 5011 2171 5076 Quid
2203 5017 2286 5066 est
2311 5014 2467 5084 quod
2517 5012 2868 5083 respondens
2923 5015 3095 5067 Barac
3127 5012 3402 5066 Debbora
3447 5013 3545 5082 ait,
3579 5019 3686 5069 etc.
3708 5056 3724 5081 ,

2021 5115 2190 5169 usque
2218 5101 2337 5154 ad:
2380 5101 2440 5155 id
2471 5105 2575 5168 est,
2624 5101 2759 5154 facit
2805 5116 3032 5155 mecum
3078 5116 3350 5172 prospera
3400 5118 3505 5172 per
3549 5117 3727 5174 ange-

1253 5189 1441 5254 quast.
1486 5187 1596 5253 23.)
1625 5185 1916 5248 Quomodo
2020 5187 2192 5242 lum?

2093 5275 2311 5343 (Anam,
2370 5275 2509 5330 hom.
2570 5276 2644 5345 5.)
2690 5277 2808 5333 Non
2855 5277 3160 5342 ascendam,
3215 5279 3327 5332 nisi
3375 5281 3433 5332 tu
3471 5278 3723 5333 ascende-

222 5387 339 5426 non
367 5365 688 5423 clauserat?
734 5368 845 5418 Aut
873 5364 920 5416 si
962 5362 1058 5416 ille
1087 5363 1230 5416 clavi
1278 5363 1574 5424 clauserat,
1621 5361 1910 5431 quomodo
2017 5365 2097 5416 ris
2125 5379 2348 5418 mecum.
2396 5364 2563 5418 Vides
2611 5364 2900 5434 quomodo
2951 5364 3064 5418 illis
3092 5364 3377 5435 prioribus
3414 5366 3722 5437 prophetia

222 5476 346 5513 eam
405 5471 597 5511 secum
656 5470 769 5507 non
819 5453 1046 5518 tulerat,
1102 5455 1167 5504 ut
1207 5466 1311 5504 nec
1362 5449 1454 5503 isti
1501 5449 1644 5502 clavi
1690 5448 1910 5518 aperire
2016 5450 2222 5505 detulit
2246 5451 2476 5522 eloquia
2502 5451 2620 5518 Dei,
2670 5457 2799 5512 etc.,
2831 5467 3001 5522 usque
3046 5453 3139 5522 ad,
3172 5453 3263 5508 cui
3294 5469 3502 5508 nomen
3529 5455 3714 5523 Jahel,

219 5544 500 5620 possent?
531 5541 778 5598 Proinde
826 5543 926 5593 aut
952 5539 1064 5591 alia
1109 5537 1280 5592 clavis
1325 5538 1496 5592 allata
1533 5539 1635 5602 est,
1669 5541 1768 5590 aut
1798 5536 1908 5590 tale
2013 5537 2266 5594 traditur
2295 5539 2500 5595 Sisara.
