3976 6178
155 341 251 393 525

1281 350 1528 408 GLOSSA
1567 352 1963 411 0RDINARIA.
2002 387 2069 394 —-
2113 356 2243 410 LIB.
2281 355 2495 413 JUDIC.

3548 364 3656 417 526

212 469 376 557 Vens.
415 471 498 523 18.
532 498 599 509 --
628 472 861 537 Egressa
902 473 1076 540 igitur
1134 473 1356 544 (Anam,
1401 478 1540 533 hom.
1575 480 1659 549 5.)
1686 480 1845 535 Jahcl
1874 484 1918 536 A
1954 480 2086 535 fecti
2109 480 2260 534 enim
2291 481 2548 535 doctores
2606 480 2921 535 Debboram
2969 488 3303 552 provocant,
3360 487 3426 538 ut
3462 500 3659 557 exper-

148 556 355 609 mulier
372 557 697 627 alienigena
728 559 1036 614 Ecclesiam
1077 561 1377 633 signiﬁcat,
1410 571 1552 634 etc.,
1580 584 1749 637 usque
1779 570 1853 623 ad

145 649 357 698 aterno
392 646 628 700 tradidit
659 663 884 701 somno.

214 732 378 787 Vsus.
418 736 501 787 19.
536 763 608 774 --
647 735 776 800 Quae
821 739 1060 805 aperuit.
1120 738 1344 807 (Anam,
1405 743 1543 797 hom.
1593 742 1668 813 5.)
1701 745 1848 798 Una-

145 837 389 891 quaeque
410 822 603 876 anima
662 823 767 877 hoc
825 826 969 879 lacte
1026 828 1351 897 evangelico
1411 835 1466 884 et
1536 833 1848 902 apostolico

142 908 386 962 Sisaram
418 910 477 963 in
500 926 557 963 se
579 910 763 980 sopiat
784 916 840 965 et
861 913 1206 984 exstinguat,
1263 920 1390 983 etc.,
1450 933 1619 987 usque
1655 920 1729 973 ad
1756 920 1850 974 sed

146 1012 326 1051 unum
350 998 553 1068 primis
576 1004 633 1051 et
654 1000 983 1054 novissimis
1010 1002 1256 1057 victoria
1274 1006 1577 1074 pramium
1599 1007 1847 1061 dabitur.

213 1086 373 1139 Vsas.
413 1090 501 1139 22.
535 1118 605 1125 —
658 1088 1023 1158 Egressaque,
1086 1096 1191 1145 etc.
1260 1093 1488 1164 (Anam,
1546 1097 1687 1151 hom.
1734 1100 1764 1149 5
1794 1098 1852 1151 in

144 1173 308 1241 Jud.)
342 1174 600 1228 Occurrit
627 1176 806 1241 Jahel,
840 1182 972 1243 etc.,
1004 1194 1173 1247 usque
1192 1180 1267 1235 ad
1294 1181 1452 1236 ﬁdeli
1511 1188 1658 1238 tactu
1691 1185 1851 1255 prior

148 1264 516 1336 consequitur
555 1266 857 1320 sanitatem
869 1306 884 1320 .

868 1409 1091 1465 CAPUT
1121 1411 1183 1464 V.

216 1513 382 1567 Vens.
436 1517 485 1568 1.
515 1544 585 1553 -
640 1516 1068 1585 Cecineruntque
1117 1518 1362 1572 Debbora
1402 1523 1452 1573 et
1516 1520 1711 1582 Barac,
1739 1524 1844 1576 etc.

153 1602 368 1669 (Anam,
404 1602 544 1656 hom.
589 1605 642 1658 6.
701 1606 759 1657 in
808 1606 962 1674 Iud.)
1018 1604 1076 1659 Si
1131 1606 1565 1661 meminerimus
1630 1608 1849 1680 quain

153 1690 542 1759 superioribus
595 1691 742 1745 dicta
794 1697 948 1757 sunt,
1020 1697 1141 1763 etc.,
1203 1710 1372 1763 usque
1418 1696 1494 1750 ad
1546 1698 1634 1752 vel
1679 1699 1848 1768 culpa

151 1793 272 1846 qua
299 1794 407 1847 per
438 1783 689 1832 nostram
736 1780 890 1833 venit
946 1781 1253 1851 ignaviam.

211 1866 445 1930 Audite,
511 1871 618 1921 etc.
683 1869 885 1922 Montes
944 1871 1220 1935 ﬂuxerunt
1293 1886 1327 1923 a
1383 1873 1527 1936 facie
1613 1874 1842 1927 Domini.

151 1952 369 2022 (Anam)
418 1954 666 2008 Auribus
728 1956 1024 2026 percipite,
1097 1974 1294 2011 omnes
1363 1965 1626 2030 satrapa.
1694 1961 1851 2016 Sicut

151 2041 447 2095 inferiores
474 2048 607 2096 sunt
629 2044 857 2113 regibus
888 2051 1151 2115 satrapa,
1180 2050 1309 2111 etc.,
1369 2063 1537 2115 usque
1556 2048 1631 2102 ad
1676 2049 1851 2120 digne

149 2135 209 2183 ut
243 2147 344 2183 rex
374 2131 441 2184 ad
472 2132 756 2186 audienda
786 2134 959 2186 verba
987 2134 1180 2188 divina
1228 2136 1535 2190 vocaberis.

216 2215 384 2269 Vens.
419 2217 471 2268 6.
500 2217 682 2269 —In.
717 2216 1005 2281 Quievisse
1035 2218 1304 2272 dicuntur
1357 2220 1596 2285 semita,
1630 2237 1758 2291 qua
1788 2222 1849 2275 in

152 2302 349 2356 diebus
408 2303 644 2373 Samgar
703 2305 862 2358 ducis
892 2306 1063 2359 Israel
1106 2312 1515 2377 praoccupata
1571 2315 1735 2363 erant
1781 2310 1851 2363 ab

153 2390 408 2445 hostibus
438 2396 493 2445 et
519 2408 636 2445 non
664 2394 948 2447 audebant
977 2394 1037 2448 in
1069 2394 1306 2448 domum
1347 2396 1574 2449 Domini
1622 2397 1693 2451 ad
1724 2414 1851 2451 ora-

154 2478 371 2532 tionem
402 2480 800 2549 ascendere;a
846 2482 1055 2553 quibus
1114 2499 1228 2537 non
1292 2484 1559 2538 scribitur
1614 2486 1852 2557 Samgar

156 2568 319 2636 plene
352 2567 626 2622 liberasse
638 2608 652 2621 .

222 2657 388 2711 Vens.
411 2659 463 2710 9.
496 2687 564 2696 -
589 2658 702 2711 Cor
721 2674 893 2712 meum
946 2658 1151 2726 diligit.
1187 2659 1411 2729 (Anam,
1453 2662 1592 2716 hom.
1647 2662 1726 2729 6.)
1750 2660 1856 2716 Cor

161 2759 353 2798 meum
384 2744 453 2798 ad
483 2761 550 2798 ea
602 2762 731 2815 qua
788 2747 1059 2816 disposita
1106 2753 1239 2802 sunt
1289 2749 1421 2803 huic
1462 2750 1656 2803 Israel.
1687 2749 1857 2813 Quasi

162 2845 250 2883 cor
274 2847 492 2897 meum,
532 2832 754 2885 animus
786 2849 965 2901 meus,
1004 2850 1203 2887 sensus
1235 2851 1415 2903 meus,
1473 2840 1529 2889 et
1553 2841 1671 2890 tota
1695 2852 1856 2890 mens

161 2934 280 2972 mea
300 2919 373 2973 ad
410 2919 549 2974 i‘lud
581 2921 786 2989 tendit,
815 2921 955 2975 illud
986 2922 1263 2991 prospicit
1306 2924 1457 2994 quod
1511 2924 1856 2995 dispositum

1961 569 2210 639 giscatur
2238 569 2443 638 spiritu
2470 568 2790 639 prophetia
2812 574 2869 623 et
2905 570 3112 625 laudis.

2031 659 2191 711 Vens.
2222 660 2308 711 15.
2338 687 2407 696 -
2439 660 2640 711 Divisa.
2675 658 2779 710 Vos
2826 658 3101 712 Debbora
3154 659 3503 730 increpantis
3549 661 3661 716 Ru-

1960 745 2071 798 ben
2100 745 2198 815 qui
2231 744 2474 814 imperio
2499 744 2725 799 Domini
2756 762 2871 799 non
2928 746 3339 817 obtemperavit
3391 765 3523 803 cum
3543 750 3661 803 fra-

1959 833 2143 886 tribus
2166 834 2300 899 suis,
2336 838 2397 886 ut
2436 833 2746 887 debellaret
2803 834 3084 901 inimicos,
3136 836 3231 889 sed
3293 836 3655 906 perterritus,

1960 926 2016 975 et
2038 922 2221 975 verbis
2253 920 2479 975 Domini
2509 921 2855 987 incredulus,
2886 921 3076 1009 divisit
3105 940 3162 977 se
3192 924 3263 977 ab
3291 923 3371 977 eis
3402 941 3415 991 ;
3449 928 3506 979 et
3525 924 3655 979 ideo

1960 1010 2381 1080 magnanimus,
2413 1009 2693 1079 superbus
2722 1014 2981 1079 repertus
3003 1015 3103 1064 est.
3168 1012 3327 1065 Unde
3357 1011 3419 1065 in
3448 1012 3658 1082 spiritu

1958 1097 2275 1169 prophetia
2314 1098 2641 1167 increpatur
2692 1098 2814 1150 eis:
2850 1099 3029 1162 Quare
3078 1099 3294 1154 habitas
3362 1101 3503 1153 inter
3523 1100 3657 1154 duos

1960 1189 2212 1241 terminos
2234 1186 2261 1241 7
2292 1190 2397 1239 etc.
2434 1186 2494 1239 ln
2524 1186 2759 1239 Hebrao
2803 1192 2995 1239 autem
3046 1204 3162 1240 non
3219 1187 3463 1242 habetur
3488 1188 3653 1242 duos.

2030 1276 2190 1329 Vens.
2223 1277 2311 1329 2t.
2374 1304 2446 1314 —
2530 1276 2725 1328 Traxit
2812 1275 3088 1329 cadavera
3172 1291 3372 1344 eorum,
3446 1281 3554 1331 etc.
3584 1278 3652 1330 In

1957 1380 2115 1417 mare
2146 1362 2424 1429 Rubrum,
2469 1362 2623 1433 quod
2678 1366 2761 1417 est
2785 1363 3107 1425 Cadumim.
3166 1365 3317 1435 quod
3375 1366 3657 1435 interpre-

1957 1457 2112 1505 tatur
2137 1450 2553 1521 antiquorum:
2616 1467 2682 1504 eo
2743 1452 2891 1522 quod
2949 1452 3185 1522 antiqua
3259 1452 3538 1507 miracula
3575 1452 3660 1507 ibi

1958 1545 2089 1594 sunt
2117 1540 2265 1593 facta
2292 1540 2719 1593 transeuntibus
2775 1540 2905 1593 ﬁliis
2928 1541 3123 1606 Israel,
3176 1545 3232 1594 et
3286 1542 3658 1611 pereuntibus

1957 1628 2230 1699 Egyptiis
2268 1644 2280 1681 :
2314 1633 2378 1680 ut
2406 1644 2511 1697 pro
2539 1627 2903 1681 cadaveribus
2946 1628 3360 1698 Egyptiorum,
3411 1630 3660 1683 habeant

1960 1717 2141 1787 pisces
2162 1720 2218 1770 et
2245 1715 2440 1769 bestia
2470 1716 2643 1769 maris
2658 1716 3143 1783 Rubri,cadavera
3178 1718 3655 1771 Chananaorum.

2033 1808 2259 1872 (Anam,
2292 1805 2430 1858 hom.
2474 1808 2506 1857 7
2552 1807 2612 1857 in
2660 1805 2808 1873 Iud.)
2861 1806 2985 1858 Non
3037 1805 3304 1859 dicuntur
3354 1804 3659 1858 invaluisse

1960 1910 2134 1964 super
2155 1893 2437 1965 populum
2468 1894 2568 1947 Dei
2620 1893 2757 1947 dum
2816 1898 3099 1964 praecepta
3149 1893 3497 1961 custodiunt,
3528 1898 3660 1961 etc.,

1958 1999 2127 2053 usque
2154 1982 2227 2036 ad
2256 1997 2387 2035 cum
2418 1998 2449 2034 a
2474 1981 2664 2051 gratia
2696 1980 2796 2035 Dei
2834 1981 3173 2035 deserimur.

2634 2104 2856 2157 CAPUT
2884 2104 2973 2158 VI.

2031 2219 2190 2272 Vens.
2229 2220 2281 2272 3.
2337 2246 2410 2258 —
2464 2218 2699 2285 Cumque
2742 2220 2980 2271 sevisset.
3042 2216 3167 2287 (In.,
3222 2217 3361 2271 hom.
3417 2216 3500 2287 7.)
3532 2219 3659 2271 Hac

1959 2306 2284 2376 patiebatur
2313 2306 2502 2371 Israel,
2526 2310 2653 2371 etc.,
2686 2321 2855 2375 usque
2896 2305 2970 2359 ad
2999 2312 3182 2359 morte
3228 2322 3329 2360 sua
3386 2306 3661 2360 clariﬁca-

1962 2399 2103 2461 tam,
2135 2394 2416 2464 sanguine
2447 2394 2645 2447 lotam.

2036 2484 2193 2536 Vens.
2235 2485 2287 2537 8.
2322 2513 2389 2522 —
2432 2485 2537 2549 Qui
2592 2484 2742 2536 misit
2797 2482 2871 2536 ad
2922 2496 3006 2536 eos
3057 2482 3400 2551 prophetam,
3455 2483 3661 2536 locutus

1963 2575 2041 2624 est
2076 2586 2089 2625 :
2122 2572 2244 2624 Haec
2274 2569 2430 2635 dicit,
2466 2574 2572 2623 etc.
2609 2569 2796 2637 (Ana,
2825 2574 3011 2637 quaest.
3046 2570 3105 2622 31
3142 2568 3376 2638 inJud.)
3406 2568 3519 2622 Cur
3548 2584 3663 2622 non

1965 2659 2186 2713 dicatur
2217 2674 2429 2711 nomen
2468 2657 2638 2727 hujus
2694 2656 3010 2727 propheta,
3078 2660 3205 2723 etc.,
3238 2671 3407 2724 usque
3426 2656 3664 2712 adzcur

1968 2763 2082 2801 non
2117 2746 2288 2817 possit
2318 2743 2557 2814 angelus
2588 2744 2865 2815 propheta
2905 2744 3017 2797 dici
3044 2745 3073 2797 ?

2040 2836 2212 2905 (Isrn.,
2243 2836 2302 2887 in
2330 2834 2493 2898 Jud.,
2526 2838 2664 2886 tom.
2707 2833 2788 2901 V.)
2835 2832 3061 2886 Gedeon
3104 2831 3390 2886 Christum
3450 2832 3665 2903 signiﬁ-

1970 2922 2227 2994 cat:qui
2275 2922 2378 2976 sub
2419 2922 2624 2975 umbra
2677 2936 2850 2975 sacra
2898 2921 3080 2973 crucis
3134 2920 3537 2991 pradestinato
3574 2921 3663 2975 in-

160 3010 235 3059 est
281 3011 335 3059 et
391 3012 778 3077 praparatum
849 3008 1041 3062 Israel.
1116 3010 1310 3064 Unde:
1381 3011 1576 3066 Omnia
1636 3026 1755 3080 qua
1797 3013 1858 3065 in
1897 3035 1938 3091 ρ
1968 3010 2312 3069 carnationis
2368 3009 2574 3064 futura
2617 3008 2889 3080 mysterio
2930 3009 3294 3076 constitutus,
3326 3009 3664 3064 rectitudine

160 3094 348 3148 mundo
378 3100 508 3148 sunt
552 3100 740 3163 reputo
768 3100 829 3150 ut
878 3100 1134 3164 stercora,
1174 3102 1241 3151 ut
1289 3099 1561 3155 Christum
1623 3102 1856 3167 lucrifa-

158 3184 308 3241 ciam.
341 3187 446 3236 etc.
485 3183 648 3252 (Phil.
681 3182 782 3253 III).

224 3272 382 3325 Vsas.
422 3273 507 3325 10.
542 3302 609 3311 -
640 3272 749 3337 Qui
790 3276 1020 3342 propria
1078 3274 1369 3329 voluntate.
1434 3277 1511 3329 De
1539 3276 1747 3346 quibus
1776 3275 1857 3330 di-

161 3360 317 3429 citur,
350 3362 451 3429 qui
476 3366 665 3429 sponte
711 3360 983 3416 obtulistis
1039 3364 1252 3416 animas
1283 3368 1494 3419 vestras
1552 3364 1627 3417 ad
1649 3367 1859 3433 pericu-

162 3448 280 3512 lum,
315 3453 449 3515 etc.,
501 3448 637 3518 quia
681 3449 791 3519 legi
853 3450 953 3503 Dei
1013 3456 1069 3505 et
1124 3450 1378 3505 servituti
1426 3452 1547 3521 ejus
1594 3452 1859 3507 subdide-

162 3541 304 3599 runt,
340 3536 436 3590 die
476 3553 539 3589 ac
570 3542 732 3590 nocte
764 3538 825 3590 in
882 3538 1005 3608 lege
1054 3539 1175 3609 ejus
1221 3539 1581 3594 meditantes.

225 3628 327 3693 Qui
384 3627 677 3682 ascenditis
732 3644 893 3697 super
944 3631 1172 3683 nitentes
1225 3632 1423 3685 asinos.
1487 3630 1712 3700 (Anam)
1763 3632 1861 3685 Po-

164 3719 318 3769 tentes
382 3716 596 3784 populi,
670 3716 959 3771 benedicite
1032 3717 1343 3779 Dominum,
1415 3721 1548 3788 quia
1610 3718 1858 3773 ascendi-

162 3804 227 3855 tis
255 3818 422 3871 super
466 3804 790 3872 jumentum,
852 3809 958 3857 etc.
1042 3806 1259 3875 Corpus
1311 3812 1569 3860 nostrum
1623 3807 1860 3876 jumen-

167 3892 282 3942 tum
310 3894 399 3943 est
438 3907 450 3943 :
487 3891 556 3944 ad
605 3892 1003 3961 adjumentum
1051 3893 1207 3947 enim
1264 3899 1319 3947 et
1348 3895 1417 3948 ad
1478 3892 1859 3949 ministerium

156 3978 357 4031 anima
408 3978 606 4032 datum
674 3986 777 4034 est.
840 3981 1106 4035 lnteriori
1172 3982 1393 4035 homini
1452 3983 1702 4037 dicitur:
1754 3986 1863 4049 Qui

154 4065 395 4119 ascendit
422 4081 586 4135 super
617 4069 940 4136 jumentum,
1014 4069 1072 4122 id
1104 4073 1207 4137 est,
1271 4084 1484 4140 corpus
1551 4087 1744 4139 suum,
1807 4075 1864 4125 et

154 4156 415 4224 superior
478 4155 656 4209 factus
716 4162 801 4210 est
850 4158 1241 4227 corporalibus
1299 4158 1617 4226 desideriis,
1661 4164 1718 4213 et
1738 4175 1863 4213 mo-

155 4247 241 4296 tus
271 4243 533 4315 corporis
558 4244 884 4299 moderatur
936 4246 1099 4300 freno
1131 4246 1386 4314 rationis,
1444 4251 1509 4301 ut
1561 4247 1862 4302 benedicat

156 4332 491 4387 Dominum.
814 4331 837 4339 ’

223 4423 391 4477 Vens.
443 4425 524 4475 11.
558 4453 623 4463 —
688 4424 874 4479 Cotlisi
926 4428 1071 4478 sunt.
1138 4424 1311 4487 Quasi
1366 4425 1534 4491 dicat,
1598 4423 1859 4496 quamvis

154 4526 381 4581 semper
403 4515 460 4564 et
491 4511 703 4582 ubique
735 4513 1054 4567 laudandus
1088 4513 1160 4567 sit
1187 4515 1358 4580 Deus,
1403 4531 1598 4568 nonne
1628 4515 1721 4569 hic
1752 4530 1855 4583 po-
1876 4546 1894 4562 υ

154 4599 265 4653 tius
294 4599 621 4653 laudandus
652 4605 708 4654 et
735 4600 1156 4655 benedicendus
1172 4606 1277 4667 est,
1309 4602 1409 4673 qui
1436 4603 1717 4657 subvertit
1754 4601 1862 4655 ini-

156 4688 329 4741 micos
350 4693 597 4753 nostros,
622 4689 1059 4744 sicutsubvertit
1077 4690 1440 4761 Egyptiosin
1460 4691 1602 4744 mari
1625 4690 1818 4744 Rubro
1832 4691 1860 4743 ?

212 4777 297 4831 Ibi
378 4782 693 4831 narrentur.
774 4779 993 4847 (Anam)
1074 4778 1236 4832 LXX:
1314 4778 1457 4833 Iusti
1559 4778 1862 4832 confortati

156 4870 286 4919 sunt
316 4865 381 4919 in
414 4866 604 4920 Israel.
636 4867 700 4919 In
728 4865 854 4919 aliis
885 4865 1174 4936 gentibus,
1221 4866 1321 4937 qui
1352 4866 1608 4936 corporis
1654 4867 1861 4920 robore

157 4952 420 5008 fortiores
445 4959 599 5019 sunt,
633 4958 892 5024 potentes
919 4954 1191 5008 dicuntur
1220 4954 1280 5008 in
1309 4955 1511 5024 pralio
1546 4972 1558 5008 :
1588 4954 1647 5007 in
1692 4955 1861 5008 Israel

159 5057 309 5110 vero,
345 5041 448 5113 qui
470 5041 786 5111 justiores;
820 5042 954 5110 quia
978 5042 1223 5111 justitia,
1274 5043 1447 5097 etiam
1506 5042 1721 5096 viribus
1779 5042 1863 5096 in-

162 5128 339 5197 ﬁrma,
420 5129 611 5182 vincit.
698 5129 981 5199 Injustitia
1034 5146 1191 5196 vero,
1249 5130 1355 5184 etsi
1410 5131 1622 5184 multos
1692 5130 1866 5184 habet

162 5216 460 5271 bellatores
490 5216 721 5280 validos,
774 5225 1095 5287 superatur.
1162 5219 1306 5287 Ergo
1352 5217 1413 5271 in
1470 5223 1665 5272 nostra
1695 5222 1862 5289 gente

168 5311 254 5359 aut
283 5322 389 5377 per
410 5305 695 5375 justitiam
724 5322 1080 5375 superamus,
1115 5311 1214 5360 aut
1234 5322 1336 5377 per
1374 5306 1717 5378 injustitiam
1748 5308 1864 5361 vin-

168 5396 362 5449 cimur.

232 5483 394 5536 Vens.
431 5484 513 5536 t2.
545 5510 616 5523 —
691 5483 884 5549 Surge,
924 5496 1102 5550 surge.
1149 5484 1216 5537 In
1274 5483 1513 5538 Hebraeo
1542 5500 1657 5539 non
1688 5481 1864 5538 habe-

174 5573 256 5623 tur
286 5587 300 5624 :
327 5572 424 5625 sed
453 5573 824 5641 expergiscere
842 5572 1063 5642 spiritu,
1098 5571 1311 5627 scilicet
1364 5572 1700 5642 prophetia.
1731 5586 1866 5643 per-

1961 3098 2165 3171 judicii
2220 3097 2383 3167 quasi
2438 3097 2595 3164 virga
2657 3096 2997 3151 electionem
3052 3102 3445 3151 sanctoruma
3483 3097 3663 3153 vitio-

1966 3205 2094 3242 rum
2114 3187 2293 3257 paleis
2322 3186 2730 3257 sequestrabat.

2040 3279 2200 3331 Vrsas.
2236 3279 2321 3329 17.
2355 3306 2421 3315 —
2451 3277 2533 3329 Da
2556 3276 2693 3328 mihi
2721 3276 2954 3342 signum.
3014 3273 3242 3342 (Anam,
3285 3274 3424 3327 hom.
3458 3274 3535 3343 8.)
3568 3272 3665 3326 Vir

1967 3365 2245 3430 eruditus,
2286 3368 2339 3417 et
2361 3362 2577 3417 habens
2628 3363 2761 3417 Iesu
2816 3361 3254 3432 pradecessoris
3314 3362 3662 3431 exemplum,

1967 3454 2188 3509 cautius
2220 3452 2357 3521 agit.
2405 3451 2627 3506 Sciebat
2677 3450 2831 3504 enim
2895 3466 3062 3520 posse
3125 3450 3358 3520 angelos
3402 3450 3667 3503 tenebra-

1966 3559 2096 3597 rum
2134 3541 2541 3610 transﬁgurare
2596 3555 2654 3593 se
2696 3538 2758 3592 in
2788 3540 3020 3609 angelos
3046 3538 3218 3592 lucis:
3276 3538 3403 3592 ideo
3451 3537 3664 3592 exami-

1971 3636 2070 3685 nat
2097 3630 2383 3701 spiritum,
2416 3629 2462 3681 si
2511 3645 2542 3681 a
2597 3629 2712 3681 Deo
2742 3628 2833 3681 sit.
2883 3627 3205 3697 Spiritualis
3268 3626 3423 3680 enim
3472 3626 3666 3680 omnia

1971 3720 2273 3773 examinat.
2308 3717 2397 3773 Sic
2427 3716 2810 3786 pradecessor
2839 3716 2961 3785 ejus
2989 3716 3121 3769 Iesu
3152 3715 3304 3768 Nave
3352 3731 3481 3768 cum
3502 3716 3662 3784 prin-

1969 3808 2155 3878 cipem
2178 3805 2418 3861 caelestis
2482 3802 2705 3857 militia
2762 3802 3010 3867 vidisset,
3079 3800 3344 3870 inquirit:
3402 3804 3453 3854 si
3486 3807 3666 3856 noster

1970 3911 2047 3963 es,
2077 3911 2149 3948 an
2179 3893 2616 3947 adversariorum
2632 3890 2661 3942 ?
2680 3889 2813 3943 Ideo
2842 3888 3071 3942 Gedeon
3096 3885 3326 3940 discutit
3344 3888 3662 3957 angelicam

1970 3983 2270 4043 visionem,
2307 3978 2628 4033 diversitate
2675 3981 2730 4029 et
2787 3974 3107 4029 mutatione
3136 3974 3454 4042 signorum.

2042 4072 2204 4123 Vens.
2246 4070 2328 4122 18.
2383 4095 2453 4105 -
2499 4068 2747 4119 Portans.
2811 4064 2996 4131 (Aea,
3054 4065 3241 4129 quaest.
3299 4062 3365 4113 35
3422 4061 3661 4129 inJud.)

1971 4156 2394 4213 Advertendum
2419 4157 2519 4216 est,
2573 4158 2702 4217 etc.,
2732 4166 2899 4219 usque
2950 4150 3024 4204 ad
3088 4149 3243 4202 velut
3301 4147 3658 4218 adjuvandus

1971 4243 2274 4315 prasentia
2302 4238 2613 4295 sanctitatis
2661 4238 2803 4307 ejus.
2822 4290 2834 4300 _

1887 4350 1932 4406 ι)
2042 4335 2199 4386 Veas.
2235 4333 2315 4385 19.
2342 4358 2408 4370 -
2436 4330 2733 4395 Ingressus.
2767 4326 2988 4393 (Gascq
3020 4322 3121 4377 lib.
3155 4338 3215 4376 in
3269 4324 3488 4388 Moral.,
3532 4338 3656 4392 cap.

1972 4422 2075 4490 17.)
2108 4420 2332 4475 Gedeon
2358 4433 2486 4471 cum
2545 4432 2578 4469 a
2621 4414 2799 4485 paleis
2838 4414 3126 4467 frumenta
3177 4415 3484 4476 excuteret,
3530 4416 3661 4477 etc.,

1967 4525 2135 4578 usque
2163 4509 2236 4563 ad
2266 4507 2362 4561 sed
2388 4520 2557 4559 omne
2589 4504 2762 4557 etiam
2792 4502 2945 4573 quod
2973 4501 3034 4554 in
3063 4516 3121 4554 se
3144 4516 3248 4571 per
3290 4499 3662 4569 cogitationes

1968 4599 2212 4668 turpiter
2235 4598 2461 4665 ligatur,
2494 4596 2701 4662 tergat.

2042 4686 2207 4754 (ISID.)
2236 4686 2415 4749 Quem
2445 4686 2607 4752 pater
2657 4678 2801 4733 dolis
2858 4675 3167 4746 deputavit,
3224 4675 3378 4728 hunc
3436 4674 3664 4727 Gedeon

1969 4774 2193 4836 occidit,
2228 4777 2283 4825 et
2302 4772 2474 4825 alium
2524 4773 2855 4838 septennem
2895 4762 3216 4817 immolavit
3264 4764 3377 4815 Deo
3412 4781 3427 4828 ;
3457 4761 3515 4814 in
3549 4777 3663 4831 quo

1969 4861 2234 4926 ostendit,
2265 4863 2396 4930 post
2439 4858 2748 4911 adventum
2805 4852 3034 4917 Christi,
3079 4850 3272 4905 omnia
3328 4848 3665 4904 Gentilitatis

1970 4948 2242 5004 sacriﬁcia
2296 4946 2592 5010 abolenda,
2635 4945 2937 5011 solumque
2976 4940 3100 5009 jam
3157 4937 3497 4991 sacriﬁcium
3545 4954 3668 5007 pas—

1969 5038 2144 5092 sionis
2176 5034 2384 5092 Christi
2414 5050 2518 5104 pro
2571 5030 2962 5100 redemptione
3022 5025 3221 5097 populi
3246 5026 3361 5079 Deo
3420 5024 3666 5079 offeren-

1970 5127 2127 5181 dum.
2160 5126 2281 5195 Ipse
2339 5122 2495 5177 enim
2543 5124 2627 5174 est
2672 5118 2884 5171 vitulus
2940 5113 3249 5185 septennis,
3304 5112 3510 5184 plenus
3566 5113 3667 5167 sci-

1969 5215 2098 5269 licet
2110 5212 2313 5282 spiritu
2343 5206 2678 5279 septiformi.

2044 5303 2201 5355 Vens.
2228 5302 2314 5354 33.
2371 5328 2433 5337 —
2477 5298 2677 5363 Igitur.
2737 5290 2953 5361 (Anam)
3008 5290 3411 5344 Convenerunt
3466 5290 3667 5345 adver-

1971 5407 2098 5445 sum
2130 5386 2304 5442 Israel
2338 5382 2673 5444 Madianita,
2716 5384 2848 5443 etc.,
2895 5393 3063 5445 usque
3107 5376 3181 5429 ad
3211 5384 3542 5446 expugnant
3563 5394 3666 5448 po-

1969 5479 2171 5552 pulum
2201 5474 2323 5540 Dei,
2347 5487 2477 5525 cum
2508 5467 2743 5541 paganis
2770 5465 2984 5519 scilicet
3012 5468 3068 5517 et
3121 5462 3352 5517 Judais.

2040 5568 2114 5621 In
2167 5563 2305 5619 valle
2355 5559 2578 5614 Jezrael.
2628 5555 2756 5625 (In.)
2817 5554 2954 5618 Qua
3012 5553 3423 5623 interpretatur
3470 5566 3669 5606 semen
