3976 6178
321 312 424 366 527
940 301 1333 358 WALAFRIDI
1373 300 1622 357 STRABI
1661 299 1864 355 FULD.
1909 297 2076 354 MON.
2115 295 2268 352 OPP.
2310 292 2490 348 PARS
2530 292 2572 346 Ι.
2615 319 2683 328 —-
2721 285 3181 343 THEOLOGICA.
3711 285 3810 336 528

322 434 440 488 Dei.
492 434 616 488 Non
670 431 824 485 enim
880 429 1093 484 audent
1147 423 1456 480 adversarii
1511 423 1646 478 illuc
1718 421 1825 488 ire,
1879 425 2008 486 etc.,
2039 417 2087 472 A
2127 417 2265 471 hom.
2301 416 2373 484 9.)
2409 412 2646 484 Hydrias
2692 413 2944 481 portant,
3001 411 3134 474 etc.,
3179 419 3350 474 usque
3370 403 3466 474 {ad
3493 407 3557 457 ut
3599 403 3666 457 ab
3693 403 3812 474 ipso

319 536 488 590 usque
513 522 588 576 ad
618 521 754 592 quia
783 518 1126 574 constitutus
1157 519 1241 568 est
1269 514 1331 567 in
1356 512 1562 567 vertice
1621 508 2020 581 intelligentiae
2124 505 2421 561 victoriam
2451 499 2724 572 consequi
2774 511 3116 553 mereamur.

322 610 658 681 spiritualis.
2791 602 3015 658 CAPUT
3083 598 3220 652 VIII.
3320 609 3336 616 ί

394 699 552 752 Vsus.
600 700 685 753 36.
722 727 790 736 —-—
828 697 890 751 Si
938 694 1148 749 salvum
1181 692 1342 758 facis.
1401 689 1619 758 (Anam,
1673 687 1856 740 homil.
1891 687 1922 739 8
1963 687 2024 737 in

2235 718 2362 770 ’aas.
2394 718 2483 768 27.
2546 741 2613 752 —-
2654 711 2911 778 Fecitque
2953 723 3022 762 ea:
3085 721 3142 760 eo
3185 703 3402 758 Gedeon
3458 702 3650 771 ephod,
3691 707 3813 766 etc.,

322 785 476 855 Iud.)
527 786 667 840 Cum
725 785 904 875 multa
971 781 1084 875 sint
1131 785 1186 834 et
1263 777 1822 875 innumerasi‘gna,
1854 777 2024 875 ἐξιεῖ,
2133 804 2318 875 (ΑΗΕ,
2353 805 2542 871 qua,“
2576 799 2637 852 41
2677 799 2735 850 in
2781 777 2934 863 αλια.)
2994 791 3282 857 ρηεωιίιητ
3333 788 3473 860 quid
3530 788 3606 842 sit
3634 788 3818 858 Ephod

323 887 492 942 usque
523 875 597 927 ad
622 889 762 944 quas
787 872 979 926 nullus
1019 869 1226 961 humor
1256 865 1432 961 divini
1461 862 1630 961 verbi
1662 860 2024 961 ‘intlmdeb‘aj’
2132 860 2221 947 vel
2253 860 2454 961 Ephbt,
2506 892 2639 956 etc.,
2693 899 2863 952 usque
3027 885 3089 936 ut
3149 879 3226 933 sic
3275 877 3542 932 interiret
3581 876 3817 930 ﬁliorum

397 961 562 1016 Vens.
593 964 679 1015 37.
712 992 779 1000 -—-
810 962 880 1013 In
927 972 1073 1020 area,
1125 955 1328 1025 (Omo.,
1388 952 1572 1006 homil.
1603 950 1682 1019 8.)
1741 950 1862 1003 Non
1894 948 2030 1001 ubi-

2235 948 2324 1034 lles
2350 990 2675 1040 numerosa,
2709 972 2856 1026 sicut
2884 974 3084 1040 postea
3112 970 3353 1022 testatur
3390 964 3697 1034 Scriptura.

331 1062 580 1119 cunque,
623 1068 739 1106 non
766 1049 825 1102 in
860 1059 1220 1138 campo,_nec
1248 1039 1629 1138 in‘saltu,-sed
1683 1039 1743 1091 in
1773 1053 1906 1138 ar‘ea
1931 1035 2032 1089 ubi
2136 1035 2159 1053 ‘
2210 1069 2399 1138 (ΑΗΘ.)
2458 1035 2902 1132 Ιηῐεηίέθηάηηί
2955 1062 3039 1111 est
3106 1071 3208 1127 per
3245 1053 3563 1125 prolepsim
3621 1052 3811 1106 dictum

331 1147 531 1205 ωθδδίδ
562 1147 664 1235 9⁸9
689 1144 818 1205 etc"
845 1151 1014 1235 “39f”?
1033 1130 1369 1235 “In???”
1409 1128 1578 1182 corde
1632 1126 2032 1180 recumbamus
2139 1126 2262 1212 esse
2291 1126 2442 1226 quod
2462 1151 2659 1207 fecerit
2689 1149 2919 1204 Gedeon
2951 1126 3146 1216 Ephod
3176 1147 3373 1198 contra
3404 1143 3595 1211 legem
3641 1142 3728 1194 Dei
3754 1159 3813 1195 ex

330 1241 392 1295 in
422 1231 680 1292 convivio
720 1225 915 1298 sponsi
943 1225 1071 1276 Iesu
1105 1220 1330 1274 Christi.

2235 1260 2280 1297 ro
2309 1220 2471 1314 quod
2499 1238 2737 1293 devictis
2782 1235 3045 1290 hostibus
3101 1235 3223 1285 erat
3270 1230 3548 1296 ablatum,
3580 1235 3644 1282 ut
3671 1229 3819 1281 simul

404 1329 466 1383 Si
493 1337 581 1378 ⁷“⁰⁸
609 1324 667 1374 in
708 1317 817 1372 εοιο
863 1313 1072 1404 υθηθτῖλ
1121 1313 1225 1404 et?
1277 1306 1466 1404 (θυοδ
1498 1302 1906 1404 I"_“{nt_ati°‘?°
2144 1301 2428 1387 diceretur
2460 1327 2612 1382 unde
2644 1329 2768 1379 erat
2797 1339 3000 1377 aurum
3030 1320 3242 1391 etquid
3269 1320 3339 1373 de
3369 1318 3470 1372 illo
3499 1317 3574 1370 sit
3609 1315 3821 1370 factum.

334 1413 536 1472 deonis
567 1407 716 1480 quod
747 1399 1139 1475 prmnuntiare
1171 1395 1447 1450 Dominus
1508 1392 1753 1483 volebat,
1787 1389 2039 1444 ostendit
2144 1420 2376 1473 Factum
2405 1421 2488 1470 est
2516 1414 2670 1469 enim
2697 1415 2805 1468 hoc
2834 1389 3133 1483 peccamm’
3189 1407 3248 1461 in
3293 1406 3406 1460 ﬁne
3455 1405 3679 1459 dierum
3731 1405 3825 1459 ςε-

335 1506 396 1560 in
427 1499 716 1568 compluto
749 1487 1184 1576 scilicetvellere
1225 1488 1280 1537 et
1332 1498 1462 1576 area
1515 1485 1631 1576 tota
1669 1479 2043 1576 circumque-
2147 1507 2334 1562 deon:
2399 1504 2628 1575 quando
2684 1479 2984 1556 consécuta
3040 1501 3171 1551 sum
3194 1495 3344 1550 mala
3409 1510 3538 1565 qua
3601 1492 3829 1546 annectit

336 1607 447 1663 que
478 1567 624 1641 δίοδδ
643 1583 888 1652 ﬁgurare
920 1575 1177 1666 primu?
1204 1571 1482 1641 populum
1515 1568 1706 1666 {smél'
1733 1567 2041 1666 utfiheraft
2147 1567 2456 1666 Scriptura,
2489 1596 2791 1664 postquam
2845 1588 2985 1642 dixit
3014 1590 3154 1657 quot
3209 1585 3374 1638 annis
3405 1583 3466 1636 in
3502 1582 3704 1636 diebus
3731 1583 3830 1636 Ge-

338 1654 519 1734 sancti
548 1688 677 1728 cum
709 1666 893 1740 gratia
921 1661 1131 1717 cmlesti
1166 1665 1440 1753 tanquam
1488 1656 1681 1753 pluvia
1725 1654 2040 1753 spirituali,
2081 1699 2123 1753 Β
2154 1654 2303 1737 dem}
2333 1654 2748 1750 teréa'quie-vit.

341 1773 398 1822 θι
445 1769 645 1836 Postea
703 1755 992 1825 θοωνιυίθ
1069 1745 1735 1839 δτθῗλρμ⁵ί⁰⁰³ί⁰,ηι.νξδυθῗθ
1791 1743 2039 1838 ﬁgurare
2083 1743 2122 1753 υ
2224 1743 2551 1839 Postquam:
2624 1768 2748 1838 (In.,
2819 1769 3008 1834 qumst.
3079 1761 3192 1830 43.)
3217 1761 3294 1814 Et
3323 1762 3530 1826 factum
3589 1763 3665 1812 est
3727 1773 3834 1811 cum

341 1829 642 1910 Ecclesiam
679 1845 776 1900 Dei
806 1847 926 1896 toto
981 1839 1118 1893 orbe
1151 1835 1434 1899 dilfusam,
1487 1831 1795 1886 habentem
1836 1846 1951 1884 non
1982 1829 2043 1881 in

344 1944 550 1998 vellere
589 1943 862 2006 tanquam
912 1935 972 1981 in
1021 1924 1325 1989 velamine,
1383 1921 1480 1976 sed
1538 1920 1597 1973 in
1645 1923 1843 1990 aperto
1877 1917 2041 1972 caele-

344 2037 486 2087 stem
521 2025 782 2100 gratiam,
805 2017 994 2090 priore
1021 2014 1234 2086 populo
1265 2011 1420 2065 velut
1445 2009 1514 2063 ab
1543 2008 1802 2078 ejusdem
1848 2005 2046 2077 gratiae

345 2135 475 2175 rore
505 2117 748 2171 alienato
781 2114 951 2178 atque
1001 2104 1230 2157 siccato.

418 2209 578 2260 Vens.
643 2203 831 2257 39.—
878 2196 1004 2261 Oro,
1061 2195 1173 2245 etc.
1242 2191 1459 2258 (Anam,
1527 2185 1712 2239 homil.
1771 2181 1934 2252 8.)ln
1957 2198 2050 2235 se-

347 2294 522 2351 cundi
551 2303 781 2362 quoque
814 2282 963 2354 signi
1002 2279 1243 2344 ratione,
1302 2280 1429 2340 etc.,
1477 2288 1644 2341 usque
1685 2271 1759 2324 ad
1789 2270 2051 2324 universa

343 2390 500 2440 terra
539 2376 715 2435 divini
746 2372 893 2429 roris
950 2367 1133 2441 gratia
1181 2363 1519 2418 infunditur.

1057 2515 1284 2572 CAPUT
1325 2514 1439 2567 VII.

425 2646 592 2698 Vsus.
636 2643 688 2694 3.
718 2667 787 2678 —
819 2637 926 2701 Qui
952 2631 1360 2700 formidolosus,
1395 2630 1497 2681 etc.
1555 2625 1775 2696 (Anam,
1809 2626 1948 2679 hom.
1974 2624 2049 2693 9).

354 2735 512 2790 Idem
544 2728 710 2784 hodie
769 2727 976 2779 clamat
1019 2722 1201 2783 Iesus,
1256 2721 1385 2781 etc.,
1436 2730 1605 2783 usque
1655 2714 1730 2768 ad
1777 2713 1856 2767 sic
1903 2713 2054 2766 inter

355 2818 614 2890 ingentia
642 2821 696 2870 et
744 2811 987 2867 nefanda
1014 2807 1275 2870 crimina,
1347 2803 1574 2858 timoris
1631 2807 1688 2856 et
1730 2801 2054 2855 formidinis

358 2910 576 2964 crimen
597 2904 853 2976 ponitur.

2154 1865 2396 1916 mortuus
2426 1862 2559 1913 esset
2594 1855 2822 1919 Gedeon,
2854 1858 2905 1907 et
2932 1853 3112 1905 aversi
3135 1853 3265 1905 sunt
3285 1850 3391 1918 filii
3441 1847 3640 1916 Israel,
3670 1849 3834 1913 forni-

2155 1952 2266 2005 cati
2293 1952 2419 2004 sunt
2442 1952 2566 2017 post
2621 1945 2864 2007 Baalim,
2905 1945 2955 1994 et
2978 1941 3274 2009 posuerunt
3321 1938 3436 2006 ipsi
3493 1936 3604 1990 sibi
3631 1935 3838 1990 Baalbe-

2157 2039 2269 2093 rith
2299 2040 2668 2091 testamentum
2700 2036 2760 2085 ut
2785 2034 2918 2084 esset
2945 2031 3021 2082 eis
3043 2031 3100 2081 in
3127 2030 3314 2090 Deum,
3365 2030 3471 2078 etc.
3503 2025 3570 2078 Et
3617 2024 3835 2088 Baalim,

2158 2132 2216 2181 et
2267 2123 2589 2179 Baalberith
2667 2120 2818 2174 idola
2867 2115 3243 2185 intelligenda
3281 2118 3434 2166 sunt.
3485 2113 3663 2183 Major
3719 2128 3841 2182 ergo

2157 2212 2532 2284 transgressio
2563 2215 2620 2264 et
2657 2205 2956 2262 fornicatio
2985 2209 3068 2258 est
3107 2219 3140 2257 a
3170 2202 3382 2273 populo
3434 2207 3566 2271 post
3613 2206 3842 2254 mortem

2159 2306 2407 2370 Gedeon,
2439 2317 2614 2374 quam
2671 2299 2769 2353 illo
2810 2297 2936 2350 vivo
2975 2298 3208 2366 propter
3258 2291 3475 2362 Ephod.
3531 2291 3695 2356 Quod
3723 2295 3776 2344 et
3803 2291 3843 2344 si

2161 2394 2358 2448 illicite
2397 2392 2608 2446 factum
2657 2391 2797 2453 erat,
2831 2392 3026 2439 tamen
3079 2383 3149 2437 de
3178 2380 3546 2436 sacramentis
3595 2380 3844 2434 taberna-

2163 2483 2277 2537 culi
2306 2486 2458 2536 erat:
2508 2481 2630 2534 haec
2687 2491 2819 2530 vero
2876 2471 3202 2528 idololatria
3258 2485 3375 2523 non
3430 2468 3608 2522 habet
3657 2467 3846 2520 falsam

2161 2575 2413 2642 paternae
2444 2565 2736 2638 religionis
2773 2561 3186 2617 defensionem.
3246 2557 3405 2612 Unde
3471 2555 3644 2609 etiam
3666 2555 3713 2608 si
3743 2568 3848 2606 non

2161 2662 2222 2716 in
2259 2659 2372 2713 ﬁne
2399 2653 2674 2726 temporis
2703 2651 2934 2708 Gedeon
2964 2647 3159 2718 Ephod
3187 2646 3399 2700 factum
3448 2649 3552 2712 est,
3604 2643 3702 2697 sed
3732 2646 3851 2695 ante

2163 2744 2586 2809 factumest,ita
2618 2745 2765 2796 Deus
2811 2739 3092 2810 patienter
3143 2735 3293 2800 tulit,
3326 2739 3388 2788 ut
3441 2749 3548 2804 pax
3606 2732 3666 2785 in
3714 2737 3855 2784 terra

2164 2837 2570 2910 perseveraret,
2624 2830 2759 2900 quia
2825 2827 2955 2881 licet
3027 2826 3240 2879 factum
3298 2827 3420 2876 erat
3475 2820 3632 2892 quod
3674 2818 3856 2910 prohi-

2164 2901 2387 2990 buerat,
2440 2936 2559 2975 non
2595 2924 2786 2972 tamen
2840 2917 3005 2985 longe
3059 2928 3345 2966 recessum
3384 2914 3506 2964 erat
3534 2910 3608 2963 ab
3634 2901 3732 2962 ilio
3763 2907 3855 2978 qui

429 2995 604 3050 LXX:
665 2987 1088 3081 Formidqlgqs
1169 2987 1273 3081 θεῷ
1327 2981 1427 3081 (ίυὲ
1483 2978 1650 3081 φίὶῆ
1701 2977 2054 3081 ῗᾶοιθῗθθηῐθ
2085 2969 2126 3024 C
2163 2969 2977 3081 {ainaliqiudintabernaculb
3009 3018 3110 3056 suo
3133 3002 3193 3054 in
3239 3001 3518 3054 honorem
3536 3013 3706 3052 suum
3739 2969 3856 3050 ﬁeri

355 3084 494 3138 vitio
532 3086 841 3150 antequam
881 3075 1072 3129 videat
1117 3071 1288 3135 mala,
1341 3069 1462 3123 sola
1507 3065 1847 3136 cogitatione
1878 3071 2054 3120 terre-

357 3177 472 3237 tur,
506 3169 755 3241 gelidam
809 3180 912 3234 per
966 3161 1226 3216 membra
1278 3156 1647 3212 formidinem
1708 3156 1958 3220 volvens,
1991 3158 2058 3208 ut

358 3275 477 3313 non
515 3263 631 3310 tam
659 3255 965 3322 conspectu
999 3249 1281 3302 malorum
1313 3260 1485 3317 quam
1515 3242 1712 3296 auditu
1755 3247 1811 3295 et
1860 3257 2058 3311 exspe-

361 3345 607 3400 ctatione
657 3341 934 3394 solvatur.
991 3337 1146 3396 Ideo,
1215 3334 1377 3402 juxta
1449 3331 1599 3395 LXX,
1653 3329 2056 3383 formidolosus

363 3430 532 3487 corde
563 3429 789 3491 dicitur,
820 3426 879 3478 in
911 3423 1079 3477 corde
1101 3421 1255 3475 enim
1286 3425 1342 3474 et
1367 3420 1429 3473 in
1478 3417 1848 3472 interioribus
1879 3417 2058 3470 animi

363 3519 614 3574 defixum
644 3517 836 3569 manet
862 3512 969 3566 hoc
1021 3509 1249 3563 vitium.
1321 3506 1578 3562 Timidus
1627 3510 1816 3560 autem
1848 3509 1932 3559 est
1959 3505 2059 3576 qui

361 3607 549 3680 primo
580 3606 808 3675 aspectu
837 3600 911 3654 ad
963 3611 1329 3668 congressum
1370 3593 1638 3664 trepidat,
1695 3609 1808 3647 non
1863 3598 2056 3646 tamen

363 3679 478 3750 toto
509 3693 677 3748 corde
717 3693 983 3754 terretur,
1029 3683 1127 3740 sed
1158 3681 1413 3754 reparari
1456 3685 1512 3735 et
1563 3681 1810 3734 animari
1867 3679 2058 3734 denuo

363 3787 568 3855 potest.
845 3811 854 3821 ι

437 3874 598 3926 Vens.
649 3870 702 3924 4.
761 3897 830 3907 —
876 3864 1074 3921 Adhuc
1115 3861 1368 3931 populus.
1427 3860 1645 3929 (ADAM.,
1676 3858 1812 3912 hom.
1873 3856 1948 3927 9.)
1991 3856 2061 3910 Ut

362 3960 547 4025 video,
607 3958 704 4029 qui
749 3956 1001 4028 primum
1051 3947 1340 4020 reprobati
1406 3951 1557 4012 sunt,
1617 3951 1745 4014 etc.,
1789 3945 2060 4014 usquead

363 4066 470 4104 nec
496 4053 733 4118 propter
757 4043 972 4116 peccati
1002 4039 1155 4093 sitim
1197 4035 1470 4090 sternitur
1527 4051 1762 4104 pronus.

435 4139 594 4191 Vnus.
634 4138 684 4188 5.
717 4164 784 4172 —
815 4133 919 4198 Qui
946 4144 1112 4184 manu
1139 4131 1191 4182 et
1226 4127 1434 4194 lingua.
1495 4122 1716 4195 (Anam,
1765 4122 1947 4176 homil.
1981 4120 2056 4191 9.)

365 4227 531 4281 Manu
587 4229 643 4277 et
698 4222 895 4290 lingua
978 4217 1113 4270 dicit
1169 4231 1262 4294 eos
1327 4229 1537 4284 aquam
1597 4211 1870 4276 lambere,
1923 4214 2054 4274 etc.,

368 4329 534 4384 usque
561 4311 635 4366 ad
662 4315 720 4364 et
756 4306 1000 4379 perfecte
1029 4301 1304 4357 trinitatis
1350 4301 1564 4354 ferunt.

465 4402 626 4454 Vens.
683 4399 735 4451 6.
793 4424 862 4435 —
917 4395 1042 4447 Fuit
1095 4394 1281 4458 itaque
1335 4402 1588 4443 numerus
1681 4401 1880 4452 eorum,
1915 4389 2056 4452 etc.,

369 4490 550 4555 (AUG.,
611 4486 798 4552 quaest.
847 4479 915 4533 47
973 4480 1033 4531 in
1090 4476 1244 4544 Jud.)
1291 4475 1372 4528 Et
1427 4476 1611 4540 factus
1678 4477 1755 4527 est
1805 4486 2058 4527 numerus

365 4588 544 4626 eorum
570 4573 667 4638 qui
693 4567 1033 4622 lambuerunt
1054 4580 1221 4618 manu
1249 4579 1372 4630 sua,
1438 4563 1628 4626 lingua
1667 4576 1787 4626 sua,
1834 4562 2060 4614 trecenti

365 4662 497 4714 viri.
523 4657 784 4726 Plerique
835 4652 1017 4707 Latini
1071 4649 1292 4704 codices
1348 4663 1464 4701 non
1495 4647 1709 4701 habent
1753 4663 1917 4700 manu
1936 4662 2058 4712 sua,

369 4749 468 4804 sed
497 4749 722 4801 tantum
752 4732 940 4810 lingua
969 4755 1089 4805 sua,
1113 4744 1245 4806 etc.,
1298 4751 1466 4806 usque
1489 4735 1564 4789 ad
1612 4735 1782 4789 David
1833 4750 2061 4806 quoque

368 4842 643 4906 tanquam
695 4827 1181 4898 contemptibilem
1231 4841 1291 4879 se
1374 4839 1574 4877 canem
1624 4823 1894 4893 appellat.

436 4924 598 4976 Vens.
627 4922 718 4974 t3.
751 4946 820 4956 -
851 4915 1118 4971 Percussit
1146 4911 1288 4973 illud
1315 4915 1476 4978 atque
1509 4909 1791 4964 subvertit.
1853 4909 2061 4979 (Gaza,

367 5011 468 5065 lib.
499 5025 604 5063 xxx
633 5007 844 5069 ἐκσταίη
875 5018 998 5072 cap.
1049 5005 1160 5070 25.)
1196 5000 1272 5053 De
1313 4997 1425 5052 hoc
1475 4997 1625 5051 bello
1681 5013 1783 5066 per
1813 4997 2062 5068 prophe-

369 5103 509 5163 tam,
540 5101 668 5160 etc.,
709 5108 878 5162 usque
931 5090 1007 5144 ad
1063 5088 1215 5160 quod
1287 5086 1507 5142 ferrum
1561 5084 1814 5140 hostium
1881 5085 2063 5139 crucis

367 5187 525 5256 ligno
566 5187 886 5253 superetur.

439 5275 592 5326 Vens.
632 5273 715 5325 l6.
751 5299 820 5308 —
851 5269 1177 5334 Divisitque.
1211 5264 1331 5336 (In.,
1388 5261 1556 5329 Ibid.)
1610 5261 1775 5314 Ducti
1831 5264 1963 5315 sunt
1991 5261 2062 5316 ad

366 5361 791 5425 ﬂuvium,etc.,
822 5371 992 5426 usque
1027 5353 1101 5408 ad
1130 5353 1191 5408 in
1246 5351 1475 5406 sinistra
1506 5349 1726 5419 tubam,
1758 5349 1816 5403 in
1869 5350 2064 5405 dextra

363 5452 520 5504 tenet
548 5447 836 5518 lagenam.

429 5537 594 5591 Vnas.
652 5535 743 5588 20.
782 5562 851 5572 —-
923 5531 1004 5586 Et
1068 5528 1295 5597 hydrias
1365 5527 1767 5593 confregissent.
1818 5525 2051 5591 (ΑυΑιί.,

2155 3102 2420 3174 jusserat.
2455 3097 2612 3151 Nunc
2646 3109 2775 3148 vero
2830 3090 3090 3162 graviora
3137 3087 3458 3152 commissa,
3519 3091 3578 3140 et
3608 3089 3852 3155 apertam

2162 3173 2292 3258 post
2308 3185 2466 3240 idola
2487 3181 2925 3239 fornicationem
2947 3178 3148 3250 populi
3161 3176 3474 3231 noluitesse
3489 3173 3851 3253 impunitam.

2813 3293 3037 3349 CAPUT
3067 3293 3149 3346 IX.

2233 3405 2394 3460 Vens.
2452 3407 2504 3458 5.
2561 3431 2632 3445 —
2684 3403 3065 3470 Remansitque
3119 3398 3390 3453 Joatham.
3453 3396 3636 3468 (Isrn.)
3697 3394 3858 3448 Filius

2157 3494 2375 3563 junior,
2409 3493 2507 3564 qui
2537 3491 2832 3562 fugitando
2878 3488 3133 3560 gladium
3188 3485 3408 3540 inimici
3441 3484 3655 3550 evadit,
3687 3483 3856 3555 signi-

2163 3582 2296 3636 ﬁcat
2322 3581 2593 3651 reliquias
2625 3579 2798 3634 Israel
2820 3577 2879 3631 in
2910 3581 3165 3630 extremo
3210 3580 3467 3645 tempore
3518 3573 3852 3636 credituras,

2165 3674 2220 3725 et
2272 3668 2605 3724 Antichristi
2654 3665 2912 3739 gladium
2989 3679 3274 3726 evasuras,
3359 3662 3450 3716 hic
3505 3663 3760 3725 ascendit
3804 3661 3856 3714 in

2162 3759 2433 3813 verticem
2458 3755 2672 3810 montis
2733 3754 2981 3810 Garizim
3013 3769 3028 3808 :
3077 3753 3212 3824 quia
3249 3768 3355 3806 nec
3384 3751 3734 3821 prophetare
3765 3765 3859 3803 nec

2165 3846 2620 3916 persecutionem
2675 3841 3007 3898 Antichristi
3066 3845 3254 3910 potest
3307 3840 3551 3910 quilibet
3608 3840 3856 3902 evadere,

2165 3935 2272 3988 nisi
2304 3934 2464 4004 prius
2491 3934 2549 3987 in
2581 3938 2838 3986 montem
2865 3929 3296 3997 benedictionis,
3337 3929 3391 3983 id
3416 3933 3500 3982 est
3524 3929 3586 3981 in
3616 3928 3860 3982 sublimi-

2163 4027 2333 4078 tatem
2357 4021 2491 4076 ﬁdei
2511 4037 2574 4074 ac
2595 4021 2871 4074 virtutum
2900 4016 3217 4073 ascenderit
3247 4033 3259 4070 :
3294 4016 3388 4070 hic
3413 4016 3669 4070 estenim
3704 4031 3858 4069 mons

2165 4110 2406 4166 Garizim
2439 4110 2602 4180 quia
2657 4109 2842 4179 Moyse
2903 4106 2965 4160 in
3017 4104 3475 4160 benedictionem
3533 4104 3854 4174 deputatur.

2236 4201 2489 4269 (Ism.,in
2538 4197 2666 4254 Jud.
2719 4201 2860 4250 tom.
2907 4195 3001 4263 V.)
3039 4194 3097 4249 Si
3145 4194 3251 4248 hoc
3303 4193 3514 4246 factum
3564 4193 3857 4264 mysticum

2083 4311 2130 4368 ι)
2165 4303 2282 4343 non
2310 4292 2476 4354 esset,
2521 4291 2666 4352 etc.,
2709 4299 2880 4353 usque
2931 4283 3006 4337 ad
3043 4281 3275 4336 inducet
3328 4281 3780 4352 persecutionem
3800 4285 3859 4333 ut

2169 4391 2367 4429 omnes
2392 4380 2614 4429 sanctos
2638 4372 2975 4428 interficiat.

2227 4465 2388 4518 Vens.
2419 4465 2508 4516 l0.
2547 4491 2616 4504 —
2669 4465 3059 4529 Diam-unique.
3111 4460 3228 4530 (In.,
3260 4458 3425 4528 ibid.)
3482 4457 3665 4528 Ligna
3713 4457 3857 4511 silvae

2170 4557 2301 4608 sunt
2337 4550 2600 4605 homines
2637 4549 2998 4616 infructuosi,
3059 4551 3200 4614 etc.,
3228 4562 3396 4616 usque
3426 4547 3500 4601 ad
3559 4553 3617 4602 et
3647 4546 3858 4600 suavis—

2169 4641 2372 4695 simam
2426 4639 2839 4710 pinguedinem
2888 4636 3096 4692 Christi
3142 4652 3273 4690 cum
3325 4635 3508 4706 gloria
3565 4641 3617 4690 et
3651 4637 3859 4691 honore

2169 4728 2456 4801 perduxit.

2237 4819 2357 4886 (In.,
2389 4815 2552 4887 ibid.)
2582 4813 2719 4869 Vitis
2748 4817 2939 4869 autem
2961 4813 3216 4868 Christus
3263 4818 3348 4868 est
3405 4814 3504 4884 qui
3534 4813 3678 4868 dixit
3709 4829 3723 4866 :
3755 4815 3859 4877 Ego

2169 4921 2288 4960 sum
2316 4907 2444 4958 vitis
2491 4919 2620 4958 vera
2668 4903 2845 4972 (Joan.
2897 4903 3006 4973 xv).
3066 4902 3210 4966 Quia
3257 4918 3392 4972 ergo
3453 4903 3702 4974 populus
3768 4898 3858 4971 qui

2169 4991 2519 5047 Antichristo
2549 4991 2720 5045 servit
2747 4991 2807 5044 in
2838 4990 3147 5061 reprobum
3171 5006 3402 5044 sensum
3439 4990 3610 5044 datur
3651 4995 3716 5044 ut
3740 5004 3859 5042 cre-

2171 5083 2267 5136 dat
2289 5080 2602 5145 mendacio,
2636 5079 2697 5133 id
2727 5084 2831 5146 est,
2875 5079 3242 5145 Antichristo,
3272 5080 3372 5150 qui
3427 5078 3672 5144 veritati,
3705 5078 3760 5131 id
3783 5080 3860 5131 est

2171 5170 2393 5225 Christo
2424 5169 2652 5223 credere
2674 5169 2880 5233 noluit,
2912 5185 2946 5222 a
2998 5183 3177 5238 regno
3206 5167 3357 5231 vitis,
3411 5167 3469 5222 id
3501 5173 3588 5222 est
3617 5165 3817 5222 Christi
3844 5181 3856 5228 ;

2172 5263 2228 5314 et
2247 5259 2317 5312 ab
2348 5257 2514 5323 oliva,
2570 5256 2629 5311 id
2681 5259 2768 5310 est
2813 5255 3054 5326 Spiritus
3111 5255 3292 5310 sancti
3347 5257 3530 5326 gratia
3577 5259 3634 5310 et
3660 5272 3695 5309 a
3730 5253 3882 5322 ficu,-

2169 5347 2228 5402 id
2257 5351 2342 5402 est
2368 5345 2573 5400 divinae
2624 5344 2768 5416 legis
2834 5343 3136 5399 dulcedine
3182 5345 3544 5415 reprobatur.

2244 5437 2640 5502 Diaei-unique.
2675 5433 2801 5503 (ln.)
2851 5433 3146 5488 Rhamnus
3175 5437 3261 5488 est
3310 5449 3491 5504 genus
3510 5432 3656 5500 rubi,
3677 5445 3859 5503 quem

2135 5579 2148 5590 ,
2170 5524 2345 5594 vulgo
2416 5522 2688 5576 senticem
2727 5521 2987 5577 ursinam
3047 5523 3360 5592 appellant,
3401 5537 3664 5592 asperum
3690 5518 3857 5574 nimis
