4062 6180
193 306 296 356 529

1350 303 1603 359 GLOSSA
1642 303 2045 358 ORDINARIA.
2087 334 2154 342 —
2194 305 2324 359 LIB.
2364 303 2578 359 JUDIC.

3598 308 3703 361 530

189 429 245 479 et
301 426 622 498 spinosum,
659 441 762 497 per
785 426 937 498 quod
968 425 1344 480 Antichristus
1374 424 1728 495 signiﬁcatur
1758 442 1887 479 cum
1917 428 1959 480 A
2070 426 2229 479 Vens.
2264 429 2351 479 29.
2386 456 2453 464 —
2482 426 2561 479 Et
2583 427 2899 478 circumiens
2921 424 3153 480 Galaad.
3189 425 3371 493 (Auc.,
3397 431 3587 495 quasi.
3623 428 3689 481 49
3758 402 3761 405 δ

192 516 358 568 omni
411 515 717 585 asperitate
741 519 796 569 et
840 514 1062 569 feritate
1114 514 1431 567 humanum
1480 530 1660 584 genus
1707 518 1890 567 vasta-

185 605 356 655 turus
389 619 403 656 :
438 609 487 657 et
513 606 656 657 extet
701 605 842 671 ignis
889 604 955 657 de
982 604 1232 670 rhamno,
1262 601 1321 656 id
1370 607 1473 669 est,
1519 602 1791 673 iniquitas
1820 603 1888 657 de

188 690 560 756 Antichristo,
617 695 674 743 et
704 706 903 744 omnes
936 689 1034 760 qui
1063 689 1123 743 in
1173 688 1272 742 illo
1322 688 1621 743 conﬁdunt
1676 689 1888 760 pariter

189 794 328 831 cum
362 777 462 831 illo
495 777 804 831 devorabit.

258 867 432 920 Vens.
482 869 571 921 23.
625 895 694 906 —
738 867 1009 933 Misitque.
1044 864 1220 932 (Anc,
1275 870 1466 935 quasi.
1500 866 1566 918 45
1616 868 1672 919 in
1728 866 1883 934 Iud.)

187 957 257 1009 Et
285 956 443 1007 misit
481 958 618 1008 Deus
664 955 933 1023 Spiritum
959 954 1259 1021 malignum
1308 957 1450 1008 inter
1487 954 1794 1008 Abimetech
1836 959 1886 1008 et

184 1044 336 1095 viros
368 1042 744 1097 Sichimorum.
791 1043 904 1095 Hoc
948 1040 1205 1107 verbum,
1239 1045 1366 1106 etc.,
1400 1056 1567 1110 usque
1601 1042 1675 1094 ad
1712 1042 1884 1096 etiam

187 1132 427 1184 immisit
445 1130 803 1200 interpretati
827 1134 975 1182 sunt.

258 1220 421 1273 Vens.
492 1221 578 1274 32.
638 1249 698 1258 —
776 1221 963 1285 Surge.
1021 1218 1146 1288 (ID.,
1204 1222 1391 1286 quast.
1424 1218 1535 1285 46.)
1601 1222 1669 1273 Et
1741 1235 1881 1274 nunc

178 1323 347 1376 surge
392 1313 539 1361 nocte
587 1313 645 1361 tu
696 1313 745 1361 et
787 1309 1016 1377 populus
1079 1312 1202 1361 tuus
1234 1312 1422 1371 tecum,
1478 1313 1527 1361 et
1586 1308 1872 1364 insidiare.

184 1394 434 1457 Quidam
494 1393 677 1447 Latini
731 1394 942 1447 habent
997 1394 1324 1460 maturabis,
1376 1400 1508 1461 etc.,
1572 1410 1747 1465 usque
1808 1396 1881 1449 ad

190 1482 342 1535 Deus
373 1487 579 1552 quarto
613 1483 702 1537 die
731 1483 997 1538 conderet
1028 1485 1224 1538 solem.

879 1574 1106 1627 CAPUT
1136 1574 1195 1626 X.

262 1657 427 1710 Vens.
487 1658 533 1709 ί.
566 1686 636 1695 —
689 1656 812 1710 Post
860 1657 1185 1711 Abimelech.
1234 1658 1423 1725 (Auc.,
1456 1662 1643 1726 quast.
1703 1660 1770 1712 47
1822 1660 1881 1711 in

184 1745 358 1814 Jud.)
387 1744 684 1809 Quomodo
712 1744 821 1798 fuit
848 1750 1085 1815 patruus
1132 1746 1460 1799 Abimelech
1495 1745 1577 1798 vir
1623 1746 1691 1799 de
1734 1745 1883 1799 tribu

183 1834 467 1897 Issachar,
499 1838 628 1897 etc.,
670 1833 743 1887 ad
771 1848 938 1901 usque
984 1840 1046 1886 ut
1090 1833 1315 1887 Domini
1347 1849 1476 1886 caro
1527 1849 1643 1886 non
1684 1833 1881 1905 solum

184 1921 257 1975 de
311 1921 492 1991 regia,
552 1921 651 1975 sed
719 1921 887 1975 etiam
946 1921 1013 1975 de
1059 1921 1391 1975 sacerdotali
1450 1921 1625 1992 stirpe
1680 1937 1883 1992 propa-

186 2014 445 2080 geretur.

864 2096 1090 2151 CAPUT
1120 2097 1205 2151 ΧΙ.

252 2194 443 2265 (Auc,.
498 2198 687 2262 quaest.
740 2192 807 2247 49
858 2193 915 2245 in
965 2192 1134 2259 Jud.)
1215 2193 1418 2262 Jephte
1474 2193 1882 2264 interpretatur

182 2285 460 2353 aperiens,
493 2286 623 2351 etc.,
654 2297 822 2350 usque
842 2281 1069 2352 adquia
1102 2280 1240 2350 legis
1271 2288 1556 2352 praecepta
1609 2299 1727 2337 non
1760 2300 1881 2339 ser-

184 2378 323 2425 vant
355 2376 413 2425 et
438 2375 715 2441 tanquam
746 2370 865 2423 viro
896 2385 1010 2425 non
1031 2370 1302 2424 exhibent
1333 2371 1523 2425 fidem.

256 2462 422 2514 Vens.
460 2462 511 2515 3.
544 2489 613 2500 -—
665 2460 950 2514 Habitavit
1001 2461 1059 2512 in
1091 2463 1236 2513 terra
1291 2461 1415 2513 Tob.
1445 2461 1572 2529 (11).,
1631 2460 1786 2530 ibid.)
1820 2463 1883 2515 In

185 2555 345 2604 terra
405 2548 621 2602 scilicet
657 2548 808 2601 bona
837 2547 925 2601 vel
975 2547 1164 2616 potius
1204 2549 1439 2617 optima.
1496 2549 1657 2612 Quod
1727 2549 1879 2603 enim

185 2639 381 2693 Graece
414 2635 631 2706 ἁγάθον,
666 2636 771 2689 hoc
800 2636 993 2690 Latine
1025 2639 1285 2704 optimum
1315 2637 1540 2691 dicitur.
1582 2637 1643 2691 Id
1689 2644 1880 2692 autem

184 2728 602 2796 interpretatur
633 2725 771 2789 Tob,
833 2724 934 2778 uhi
978 2724 1202 2778 videtur
1256 2725 1631 2795 intelligendo
1689 2742 1878 2779 resur-

187 2816 389 2868 rectio.
432 2814 570 2878 Qum
613 2812 765 2866 enim
798 2813 981 2883 magis
1036 2819 1188 2867 terra
1218 2812 1434 2884 optima
1478 2830 1650 2884 quam
1697 2819 1880 2869 terre-

186 2920 328 2957 num
360 2918 565 2971 corpus
624 2901 958 2956 excellentia
1005 2901 1451 2956 immortalitatis
1507 2908 1564 2956 et
1618 2903 1878 2957 incorru-

184 2992 405 3063 ptionis
424 2991 710 3045 indutum.

252 3081 381 3150 (10.,
446 3078 613 3149 ibid.)
670 3082 815 3133 Ante
878 3078 1202 3150 passionem
1258 3094 1389 3132 cum
1449 3079 1772 3149 publicanis
1822 3084 1879 3134 et

180 3167 578 3237 peccatoribus
620 3166 1005 3233 manducavit,
1051 3170 1180 3233 etc.,
1237 3182 1407 3235 usque
1453 3170 1529 3222 ad
1575 3173 1638 3222 ut
1665 3168 1875 3238 justiﬁ-

179 3259 389 3308 centur
404 3258 460 3307 et
482 3253 701 3307 discant
730 3254 850 3308 vias
880 3254 1023 3324 ejus.

246 3344 312 3396 In
362 3342 477 3396 illis
523 3342 730 3396 diebus.
791 3341 917 3412 (10.,
971 3342 1131 3411 ibid.)
1181 3343 1289 3406 Qui
1339 3342 1663 3412 abjecerant
1713 3343 1877 3399 Chri-

178 3435 359 3495 stum,
394 3434 523 3497 etc.,
559 3446 730 3500 usque
766 3431 841 3484 ad
871 3435 933 3484 ut
974 3446 1079 3500 per
1108 3435 1335 3485 nitatem
1388 3433 1627 3486 senilem
1679 3432 1874 3486 novis-

179 3520 328 3572 sima
358 3524 623 3589 tempora
648 3519 1056 3589 signiﬁcentur.

245 3609 418 3662 Vens.
469 3612 519 3661 8.
582 3638 646 3647 —
702 3610 1074 3677 Dimeruntque
1124 3610 1419 3677 principes.
1461 3608 1652 3678 (Ave,
1709 3610 1874 3679 ibid.)

176 3696 344 3749 Tales
379 3695 520 3765 quid
550 3695 861 3765 ﬁguratum
892 3700 975 3748 est
1021 3695 1081 3749 in
1128 3696 1360 3766 Joseph,
1392 3706 1537 3761 etc.,
1588 3712 1757 3765 usque
1802 3698 1878 3751 ad

173 3783 234 3836 in
265 3800 390 3854 qua
420 3784 581 3853 regni
611 3785 734 3854 ejus
763 3799 878 3837 non
908 3783 1017 3837 erit
1045 3783 1194 3838 ﬁnis.

241 3874 318 3926 Et
362 3886 594 3941 pugnes.
657 3870 837 3941 (Auc.)
870 3871 1033 3935 Quod
1075 3874 1275 3925 contra
1303 3872 1450 3925 ﬁlios
1479 3874 1727 3927 Ammon
1760 3874 1872 3928 dux

170 3961 464 4032 quaeritur
491 3958 712 4029 Iephte,
744 3959 951 4029 quibus
970 3959 1132 4013 victis
1154 3959 1468 4014 liberentur
1498 3961 1597 4030 qui
1628 3978 1694 4015 eo
1735 3963 1874 4016 duce

166 4048 393 4103 bellare
442 4048 745 4117 cupiebant
775 4064 789 4101 :
824 4047 960 4118 quia
986 4051 1232 4101 Ammon
1266 4047 1676 4117 interpretatur
1722 4050 1874 4103 ﬁlius

168 4136 379 4208 populi
407 4136 539 4200 mei,
570 4137 657 4190 vel
687 4137 934 4206 populus
983 4136 1275 4203 maeroris;
1309 4140 1408 4189 aut
1438 4136 1521 4189 illi
1553 4137 1873 4207 signiﬁcan-

168 4233 265 4281 tur
296 4224 526 4279 inimici
555 4224 651 4294 qui
683 4240 750 4278 ex
787 4226 912 4295 ipsa
938 4228 1106 4295 gente
1134 4225 1196 4278 in
1226 4224 1563 4278 inﬁdelitate
1604 4242 1871 4295 perman-

168 4318 407 4379 serunt;
441 4316 540 4366 aut
577 4328 773 4366 omnes
812 4313 1089 4383 gehennae
1132 4312 1521 4382 prmdestinati
1554 4330 1568 4366 :
1626 4315 1719 4367 ubi
1770 4318 1874 4369 erit
1902 4321 1944 4374 D

166 4406 327 4470 fletus
358 4406 415 4454 et
452 4401 655 4454 stridor
682 4401 942 4467 dentium,
1002 4406 1277 4471 tanquam
1316 4402 1532 4471 populo
1591 4403 1873 4457 maeroris.

169 4491 526 4559 Quanquam
554 4488 801 4559 populus
832 4487 1091 4543 maeroris
1117 4487 1379 4541 diabolus
1427 4492 1484 4541 et
1512 4490 1702 4558 angeli
1756 4490 1879 4560 ejus

170 4576 591 4632 convenienter
641 4576 1041 4647 intelliguntur
1069 4592 1081 4628 :
1114 4576 1204 4629 vel
1235 4575 1370 4645 quia
1395 4582 1668 4629 aeternam
1702 4578 1877 4633 mise-

169 4668 325 4720 riam
382 4664 467 4718 eis
498 4680 640 4734 quos
693 4663 1003 4734 decipiunt,
1053 4664 1377 4735 acquirunt,
1437 4665 1520 4717 vel
1574 4666 1708 4735 quia
1769 4667 1878 4737 ipsi

170 4760 420 4809 aeternae
452 4752 698 4806 miseriae
725 4752 982 4823 deputati
1014 4757 1168 4806 sunt.

240 4844 429 4896 Vens.
463 4843 521 4895 9.
553 4869 623 4880 -—
648 4841 771 4905 Ego
799 4855 887 4893 ero
922 4844 1119 4894 vester.
1162 4840 1286 4909 (11)..
1320 4838 1488 4907 ibid.)
1520 4839 1580 4893 Id
1628 4845 1730 4906 est,
1772 4856 1869 4895 rex

169 4946 349 5000 quem
416 4928 679 4983 nondum
745 4928 996 4983 habebat
1052 4944 1193 4998 gens
1248 4928 1344 4981 illa
1419 4932 1675 4998 tempore
1725 4929 1879 4999 judi-

168 5033 325 5080 cum,
377 5021 514 5082 etc.,
568 5031 739 5085 usque
796 5016 997 5070 adsed
1046 5015 1248 5085 Iephte
1302 5015 1466 5069 illum
1516 5016 1881 5085 signiﬁcabat

171 5106 269 5177 qui
296 5120 479 5158 verus
510 5108 593 5157 est
623 5120 741 5158 rex.

238 5194 369 5264 (In.)
419 5193 535 5247 Rex
586 5192 803 5248 scilicet
829 5192 975 5247 sicut
1027 5192 1088 5247 in
1138 5192 1304 5247 titulo
1355 5191 1536 5245 crucis
1605 5190 1878 5261 scriptum

174 5288 275 5345 est,
300 5287 443 5345 etc.,
476 5295 647 5350 usque
666 5280 741 5334 ad
770 5279 914 5335 sicut
958 5280 1019 5335 hi
1051 5279 1159 5350 qui
1180 5279 1240 5333 in
1272 5280 1603 5349 Regnorum
1635 5278 1880 5332 volumi-

178 5370 347 5423 nibus
385 5368 777 5422 continentur.

243 5460 443 5511 Nonne
486 5472 551 5509 ea
607 5472 727 5525 qua
786 5456 1045 5525 possidet,
1120 5460 1225 5510 etc.
1278 5455 1473 5509 Nonne
1523 5470 1881 5525 quaecunque

182 5542 548 5599 haereditavit
575 5543 682 5597 tibi
711 5544 993 5599 Chamos?

1999 515 2057 566 in
2101 514 2255 582 Jud.)
2308 514 2513 567 Galaad
2557 512 2967 582 interpretatur
3016 514 3298 581 abjiciens,
3347 517 3477 580 etc.,
3526 528 3694 581 usque

1998 600 2073 653 ad
2123 602 2275 671 quod
2345 602 2629 672 signiﬁcat
2698 601 2937 655 dicendo
2997 605 3053 654 et
3106 618 3140 653 a
3186 602 3403 669 specula
3469 602 3692 655 Galaad

2000 690 2320 744 transeundi
2339 696 2388 744 et
2420 692 2690 743 transiens
2713 689 2787 742 ad
2804 689 2945 758 ﬁlios
2975 689 3225 742 Ammon.

2070 778 2229 831 Vens.
2252 781 2339 832 30.
2374 809 2437 816 —
2464 779 2524 833 Si
2549 777 2843 830 tradideris
2868 778 3007 844 ﬁlios
3032 779 3282 829 Ammon.
3311 776 3497 843 (AUG.,
3532 776 3691 846 ibid.)

1996 866 2319 929 Quemlibet
2347 865 2680 938 cogitaverit
2698 866 2918 934 .Iephte,
2954 880 3071 918 non
3096 864 3317 917 videtur
3339 863 3518 916 ﬁliam
3542 864 3691 933 cogi-

1993 957 2167 1020 tasse;
2201 971 2317 1008 non
2347 954 2502 1007 enim
2533 954 2781 1007 diceret:
2830 954 2930 1006 heu
2955 954 3067 1005 me!
3107 953 3227 1019 filia
3275 954 3366 1015 mi,
3412 951 3691 1020 impedisti

1991 1056 2092 1106 me,
2123 1045 2225 1095 etc.
2258 1042 2477 1096 Iudicat
2505 1042 2656 1095 enim
2674 1058 2733 1094 se
2755 1040 3117 1110 impeditum,
3145 1039 3369 1092 neillud
3401 1055 3514 1108 quo
3540 1039 3686 1109 cogi-

1996 1133 2215 1182 taverat
2257 1130 2541 1199 impleret.
2579 1129 2758 1192 Quem
2819 1133 3007 1180 autem
3043 1126 3232 1197 potuit
3288 1125 3537 1194 cogitare
3586 1126 3685 1196 qui

1991 1218 2138 1271 ﬁlios
2160 1234 2273 1270 non
2313 1218 2599 1272 habebat?
2628 1221 2714 1271 An
2740 1216 3044 1286 conjugem
3072 1214 3338 1284 cogitavit
3364 1230 3375 1266 :
3403 1219 3460 1267 et
3492 1218 3555 1266 ut
3579 1214 3683 1267 hoc

1992 1308 2153 1360 ﬁeret
2202 1308 2349 1359 Deus
2382 1306 2565 1359 noluit
2608 1310 2664 1359 et
2692 1309 2754 1358 ut
2791 1305 2900 1357 hoc
2940 1320 3055 1356 non
3094 1303 3443 1373 relinqueret
3489 1301 3683 1371 impu-

1993 1395 2207 1458 nitum;
2241 1410 2314 1447 ne
2368 1394 2496 1463 quis
2544 1398 2739 1464 postea
2797 1393 2855 1445 id
2910 1392 3189 1445 auderet:
3251 1396 3307 1444 et
3363 1394 3425 1443 ut
3480 1406 3687 1459 magna

1994 1483 2348 1555 providentia
2405 1499 2472 1535 ex
2527 1484 2635 1536 hoc
2694 1481 2847 1552 quod
2903 1480 3107 1533 accidit
3162 1495 3439 1548 magnum
3499 1494 3677 1531 sacra-

1995 1578 2252 1625 mentum
2331 1571 2587 1625 Ecclesiae
2676 1571 3036 1639 ﬁguraretur.
3115 1568 3191 1620 Ex
3248 1572 3493 1637 utroque
3548 1583 3683 1637 ergo

1993 1661 2290 1732 prophetia
2370 1660 2633 1729 adaptata
2692 1657 2817 1711 est?
2883 1657 3036 1727 quod
3101 1655 3313 1709 scilicet
3350 1671 3557 1708 vovens
3588 1671 3683 1709 co-

1994 1749 2211 1818 gitavit,
2254 1753 2309 1802 et
2352 1748 2503 1818 quod
2562 1745 2771 1799 volenti
2817 1743 3118 1812 contingit.
3177 1743 3235 1798 Si
3280 1742 3433 1796 enim
3493 1743 3685 1812 conju-

1992 1852 2120 1906 gem
2152 1835 2436 1906 cogitavit,
2467 1834 2670 1904 conjux
2705 1831 2907 1887 Christi
2960 1831 3202 1885 Ecclesia
3230 1835 3328 1885 est.
3381 1829 3490 1883 Sed
3548 1829 3683 1899 quia

1990 1925 2164 1994 hujus
2187 1924 2387 1990 Jephte
2407 1925 2611 1993 conjux
2640 1923 2799 1991 virgo
2824 1936 2944 1974 esse
2967 1936 3081 1973 non
3105 1918 3310 1990 potuit,
3334 1919 3396 1972 in
3425 1935 3491 1971 eo
3524 1918 3681 1988 quod

1991 2010 2110 2065 ﬁlia
2174 2011 2366 2082 potius
2432 2011 2699 2075 occurrit,
2766 2025 2881 2063 non
2940 2008 3216 2062 ramansit
3277 2007 3392 2060 voti
3455 2005 3684 2059 temeri-

1992 2103 2077 2151 tas
2132 2102 2189 2152 et
2222 2097 2516 2168 virginitas
2559 2096 2816 2151 Ecclesia:
2847 2097 3090 2166 ﬁgurata
3153 2100 3256 2160 est,
3305 2094 3396 2147 cui
3428 2093 3636 2147 dicitur
3670 2110 3682 2147 :

1990 2188 2153 2249 Filia,
2178 2187 2309 2255 ﬁdes
2338 2190 2432 2240 tua
2464 2190 2513 2239 te
2542 2187 2750 2239 salvam
2778 2188 2928 2251 fecit,
2964 2184 3100 2237 vade
3130 2186 3188 2237 in
3218 2198 3351 2252 pace
3377 2185 3525 2253 (Luc.
3555 2182 3669 2251 vu).

2066 2278 2248 2343 (AUG.,
2286 2280 2476 2344 quaest.
2528 2276 2642 2344 49.)
2698 2275 2773 2326 De
2804 2273 3003 2344 .Iephte
3034 2272 3151 2325 ﬁlia
3207 2272 3350 2325 solet
3399 2288 3519 2325 esse
3562 2287 3681 2324 ma-

1993 2380 2106 2435 gna
2136 2364 2399 2434 quaestio.
2435 2367 2561 2429 etc.,
2590 2377 2758 2443 usque
2785 2361 2858 2414 ad
2896 2366 2962 2414 ut
2994 2361 3187 2413 omnia
3222 2376 3349 2429 quae
3372 2363 3502 2430 post
3538 2360 3684 2412 facta

1994 2457 2130 2506 sunt
2159 2456 2433 2522 tanquam
2465 2465 2636 2520 opera
2671 2448 2917 2520 Spiritus
2949 2447 3176 2501 Domini
3204 2447 3301 2517 qui
3332 2463 3503 2516 super
3551 2463 3683 2501 eum

1990 2541 2167 2593 factus
2193 2544 2294 2600 est,
2329 2537 2701 2608 intelligenda
2730 2536 3051 2589 videantur.

2062 2628 2184 2697 (11).)
2233 2627 2340 2682 Sed
2365 2626 2516 2680 inter
2545 2624 2856 2680 laudabiles
2885 2623 3055 2690 viros,
3090 2628 3216 2690 etc.,
3275 2637 3440 2691 usque
3495 2623 3568 2676 ad
3623 2627 3681 2676 ut

1992 2717 2225 2772 omnino
2279 2716 2541 2779 evitetur,
2591 2713 2690 2767 sed
2740 2717 2960 2766 tantum
2991 2717 3054 2765 ut
3083 2711 3393 2775 diﬁ'eratur,
3437 2710 3683 2766 laborat.

2064 2806 2234 2875 (1510.,
2286 2806 2342 2857 in
2391 2803 2556 2867 Jud.,
2587 2806 2726 2855 tom.
2772 2801 2860 2870 V.)
2895 2800 3095 2869 Iephte
3149 2798 3435 2853 Christum
3465 2798 3680 2867 signiti-

1992 2900 2097 2960 cat,
2127 2894 2262 2964 quia
2286 2909 2319 2945 a
2346 2890 2487 2945 facie
2533 2890 2777 2944 fratrum
2816 2904 3077 2956 suorum,
3128 2887 3185 2940 id
3216 2891 3298 2940 est
3354 2887 3683 2941 Iudaeorum

1905 2986 1944 3040 C
1987 2980 2314 3046 abscedens,
2374 2978 2435 3032 in
2492 2978 2765 3048 gentibus
2818 2975 3203 3045 principatum
3255 2973 3490 3044 accepit,
3545 2974 3681 3045 quia

1988 3070 2182 3125 omnia
2204 3070 2470 3123 humana:
2510 3066 2710 3120 salutis
2740 3068 3095 3118 sacramenta
3125 3063 3288 3134 quasi
3319 3063 3546 3133 juratus
3577 3079 3675 3117 ex-

1985 3158 2164 3230 plevit
2195 3174 2207 3211 :
2267 3161 2322 3210 et
2350 3170 2581 3209 carnem
2618 3152 2911 3223 propriam
2942 3151 3103 3222 quasi
3132 3152 3311 3205 ﬁliam
3343 3167 3445 3221 pro
3490 3150 3675 3204 salute

1986 3247 2156 3301 Israel
2188 3243 2412 3299 obtulit.
2446 3241 2664 3297 Juravit
2694 3246 2886 3295 autem
2916 3238 3065 3309 patri
3097 3246 3152 3291 et
3182 3239 3335 3292 vovit
3365 3238 3681 3292 secundum

1982 3335 2124 3389 illud
2161 3351 2173 3388 :
2216 3334 2362 3389 Sicut
2407 3331 2622 3400 juravit
2674 3331 2897 3383 Domino
2927 3331 3116 3381 votum
3138 3328 3283 3380 vovit
3341 3330 3441 3381 Deo
3488 3328 3676 3395 Jacob,

1985 3422 2141 3494 quod
2170 3421 2379 3475 scilicet
2422 3422 2843 3473 sacramentum
2889 3414 3179 3485 religionis
3227 3414 3288 3468 in
3325 3415 3508 3468 carnis
3562 3431 3680 3469 suae

1985 3512 2247 3583 passione
2289 3524 2391 3579 pro
2435 3507 2615 3561 salute
2672 3504 2912 3560 humani
2960 3503 3185 3574 generis
3218 3504 3487 3573 expleret.
3552 3504 3679 3557 Haac

1985 3616 2121 3670 ergo
2164 3599 2245 3653 ita
2294 3612 2395 3668 per
2446 3594 2734 3650 Christum
2786 3600 2909 3646 acta
2943 3598 3079 3646 sunt
3133 3596 3196 3645 ut
3246 3591 3543 3645 videantur
3572 3608 3675 3659 pro

1986 3687 2262 3758 religione
2278 3682 2591 3755 juramenti
2619 3698 2741 3735 esse
2770 3681 3073 3750 completa.

2056 3776 2213 3828 Vens.
2266 3773 2445 3827 37-39.
2477 3798 2549 3810 —
2593 3772 2659 3824 Et
2705 3769 2987 3837 plangam,
3025 3772 3130 3821 etc.
3183 3768 3250 3820 Et
3282 3768 3412 3832 fecit
3455 3768 3521 3826 ei,
3571 3770 3674 3820 etc.

1984 3864 2163 3933 (Aum)
2210 3860 2381 3931 Virgo
2420 3863 2590 3923 casta,
2642 3856 2698 3911 id
2738 3860 2841 3921 est,
2879 3855 3140 3920 Ecclesia,
3198 3859 3328 3920 etc.,
3380 3869 3547 3923 usque
3602 3855 3676 3907 ad

1983 3956 2215 4023 propter
2244 3964 2387 4020 quos
2415 3946 2585 4001 etiam
2616 3946 2727 3999 duo
2761 3946 3101 3997 testamenta
3134 3942 3424 3996 dicuntur.

2054 4037 2266 4093 Exinde
2296 4050 2406 4090 mos
2434 4034 2691 4087 increvit.
2730 4030 2915 4102 (Auc.,
2943 4034 3130 4097 quaest.
3188 4027 3299 4098 49.)
3328 4029 3485 4091 Quod
3542 4044 3675 4083 vero

1982 4127 2192 4180 factum
2224 4128 2306 4177 est
2336 4138 2399 4176 ex
2433 4124 2715 4193 praecepto
2752 4118 2813 4172 in
2859 4117 3050 4183 Israel,
3098 4133 3163 4171 ex
3192 4116 3391 4171 diebus
3438 4116 3500 4169 in
3557 4116 3675 4170 dies

1982 4217 2396 4274 conveniebant
2420 4211 2720 4268 lamentari
2749 4211 2928 4266 ﬁliam
2947 4209 3165 4279 Jephte,
3194 4212 3440 4279 quatuor
3469 4208 3588 4261 dies
3616 4207 3677 4261 in

1986 4322 2157 4372 anno,
2211 4319 2329 4358 non
2358 4308 2496 4373 puto
2543 4298 2863 4370 signiﬁcare
2918 4295 3131 4367 aliquid
3191 4298 3318 4365 post
3371 4294 3674 4364 impletum

1984 4395 2399 4457 holocaustum,
2444 4388 2600 4461 quod
2652 4388 2759 4442 erit
2798 4387 2858 4441 in
2888 4386 3003 4440 vita
3034 4389 3267 4451 aeterna,
3299 4383 3396 4437 sed
3434 4387 3676 4454 prseter-

1986 4484 2068 4536 ita
2098 4486 2356 4551 tempora
2376 4477 2662 4545 Ecclesiae,
2692 4480 2753 4529 in
2783 4474 2988 4546 quibus
3026 4477 3185 4527 erant
3216 4472 3364 4526 beati
3394 4472 3670 4541 lugentes.

1988 4569 2302 4635 Quatriduo
2357 4568 2602 4637 ﬁgurata
2664 4569 2752 4618 est
2806 4564 2928 4633 ejus
2993 4561 3380 4615 universitas:
3446 4564 3678 4630 propter

1988 4662 2231 4730 quatuor
2260 4660 2450 4727 partes
2474 4653 2630 4708 orbis
2664 4668 2781 4723 'per
2807 4666 2948 4721 quas
3000 4650 3167 4719 longe
3197 4648 3425 4718 lateque
3473 4645 3678 4700 diffusa

1989 4751 2092 4801 est.
2133 4745 2219 4799 Ad
2264 4742 2519 4798 historia:
2548 4746 2742 4795 autem
2798 4738 3212 4810 proprietatem
3268 4751 3385 4789 non
3432 4733 3678 4787 arbitror

1988 4835 2095 4889 hoc
2134 4831 2448 4887 decrevisse
2482 4828 2785 4896 Israelitas,
2835 4826 2947 4881 nisi
2996 4824 3133 4896 quia
3172 4820 3572 4893 intelligebant
3618 4818 3677 4871 in

1988 4939 2054 4977 ea
2073 4921 2355 4992 judicium
2388 4919 2487 4974 Dei
2518 4917 2700 4987 magis
2726 4916 2795 4971 ad
2815 4913 3254 4987 percutiendum
3278 4916 3499 4981 patrem
3530 4907 3669 4963 fuis-

1988 5027 2047 5065 se
2096 5015 2408 5075 ostensum,
2468 5024 2539 5061 ne
2589 5005 2718 5077 quis
2760 5003 3025 5071 deinceps
3078 5004 3301 5053 voveret
3354 4998 3464 5052 tale
3506 4994 3679 5050 sacri-

1988 5099 2201 5153 ﬁcium.
2236 5098 2421 5161 Quare
2452 5095 2606 5148 enim
2636 5091 2966 5148 lamentatio
2999 5091 3221 5145 decreta
3251 5092 3353 5155 est,
3383 5087 3431 5140 si
3480 5090 3678 5140 votum

1988 5185 2131 5239 illud
2173 5183 2385 5238 laetitiae
2414 5182 2536 5237 est?

2663 5265 2887 5322 CAPUT
2915 5265 3027 5319 XII.

2065 5360 2222 5414 Vens.
2268 5363 2323 5412 7.
2367 5387 2433 5396 —-
2487 5355 2774 5409 Judicavit
2830 5356 3014 5423 itaque
3066 5354 3289 5423 Jephte,
3340 5355 3443 5405 etc.
3498 5348 3677 5420 (Αυε.)

1989 5448 2144 5502 Sicut
2169 5445 2254 5501 illi
2281 5447 2394 5501 duo
2440 5459 2663 5497 menses
2710 5447 2947 5513 propter
3000 5441 3367 5511 septuaginta
3414 5439 3535 5493 dies
3586 5453 3680 5490 se-

1991 5540 2219 5594 narium
2268 5551 2573 5592 numerum
2626 5550 2722 5588 sex
2773 5538 3006 5588 tetatum
3058 5531 3402 5602 signiﬁcant,
3458 5530 3538 5584 ita
3588 5526 3682 5581 hic
