4062 6180
343 248 442 300 531

980 243 1377 297 WALAFRIDI
1419 243 1665 298 STRABI
1705 245 1905 299 FULI).
1950 243 2110 298 MON.
2149 245 2300 300 OPP.
2344 247 2520 301 PARS
2560 247 2598 300 I.
2641 275 2710 285 —-
2749 247 3200 304 THEOLOGICA.

3727 252 3836 304 532

342 365 522 421 sexies
551 363 911 436 septenarius
937 363 1140 418 ductus
1169 364 1279 417 hoc
1308 363 1462 418 idem
1487 365 1716 434 ﬁgurat,
1749 369 2028 436 quantum
2058 368 2104 422 A
2148 367 2345 422 tibiam
2377 385 2549 440 super
2577 369 2785 437 femur,
2839 369 2894 425 id
2933 376 3036 438 est,
3070 375 3186 426 tam
3217 371 3575 438 mirabiliter,
3618 381 3681 427 ut
3722 382 3840 427 stu-

343 455 415 509 ad
444 470 540 509 sex
577 453 771 508 saeculi
824 457 1021 508 aetates
1061 451 1342 523 pertinet;
1375 451 1554 505 sexies
1609 453 1762 506 enim
1817 457 2039 523 septem

345 543 726 616 quadraginta
773 542 886 597 duo
939 546 1090 607 sunt,
1134 555 1240 593 nec
1295 539 1506 594 frustra
1545 541 1667 611 ipse
1696 541 1896 612 Jephte
1943 558 2042 597 sex

345 633 511 687 annis
541 632 822 704 populum
848 629 1147 701 judicavit.

486 781 488 783 ,
987 719 1209 772 CAPUT
1247 717 1389 772 XIII.

418 809 586 862 Vens.
645 809 698 862 2.
749 838 820 846 —
863 807 968 863 Sed
1033 809 1320 875 concipies,
1384 810 1488 861 etc.
1518 807 1690 876 (1511).,
1755 810 1815 861 in
1872 809 2041 879 Jud.)

349 898 588 953 Samson
618 895 792 951 habet
839 895 1105 967 quaedam
1156 896 1216 948 in
1252 900 1454 966 typum
1503 895 1730 960 Christl,
1780 901 1910 963 etc.,
1959 912 2045 951 us-

350 1000 451 1056 que
499 985 572 1038 ad
628 988 684 1038 et
740 984 810 1038 de
859 984 1077 1038 Christo
1125 983 1340 1037 dictum
1390 988 1446 1036 et
1499 998 1604 1053 per
1649 984 2041 1054 prophetam:

348 1075 567 1130 Orietur
594 1073 741 1127 vobis
773 1073 853 1128 sol
873 1073 1130 1141 justitice,
1170 1077 1219 1124 et
1240 1073 1450 1125 sanitas
1480 1074 1538 1125 in
1564 1073 1760 1140 pennis
1799 1073 1935 1139 ejus.

420 1162 583 1214 Vens.
606 1164 658 1215 3.
699 1190 768 1200 —
797 1162 902 1217 Nec
926 1159 1282 1213 immundum.
1317 1159 1501 1228 (Auo.,
1543 1165 1730 1226 quaest.
1768 1161 1884 1229 50.)
1933 1160 2043 1214 im-

353 1250 634 1304 mundum
681 1254 766 1303 est
794 1249 1088 1303 dissolutio
1120 1247 1433 1318 disciplina:
1464 1265 1593 1318 quae
1639 1264 1760 1301 esse
1789 1254 2040 1318 cceperat

351 1339 414 1392 in
443 1339 635 1404 Israel,
668 1342 721 1391 ct
741 1337 866 1406 jam
903 1337 974 1390 ad
1017 1352 1085 1390 ea
1109 1336 1508 1390 manducanda
1547 1353 1645 1390 eos
1677 1337 2036 1404 labefecerat,

354 1442 484 1499 quae
539 1427 687 1480 Deus
739 1426 800 1479 in
839 1425 1182 1479 animalibus
1237 1424 1655 1494 prohibuerat:
1712 1425 1835 1496 jam
1890 1425 2045 1480 enim

356 1515 531 1569 etiam
561 1515 627 1568 ad
659 1514 878 1568 cultum
903 1513 1220 1566 transibant
1242 1513 1545 1567 idolorum.

425 1605 614 1676 (Auc.,
648 1608 835 1672 quaest.
863 1604 930 1655 52
962 1604 1020 1655 in
1056 1601 1222 1672 Jud.)
1255 1601 1420 1666 Quod
1444 1602 1524 1655 ait
1574 1601 1782 1655 mulier
1831 1602 2048 1657 dictum

357 1691 466 1746 sibi
502 1693 572 1746 ab
631 1693 856 1762 angelo,
898 1695 1029 1758 etc.,
1086 1705 1256 1758 usque
1302 1690 1377 1744 ad
1408 1690 1658 1744 Nazaraei
1707 1690 1876 1744 certis
1930 1690 2049 1744 die-

356 1781 464 1836 bus
493 1779 867 1834 observabant
893 1782 1158 1832 voventes
1186 1782 1496 1848 votumque
1519 1778 1837 1832 reddentes.

429 1869 590 1922 Vens.
625 1870 708 1921 19.
737 1897 806 1906 -
853 1867 1004 1920 Tulit
1037 1868 1240 1933 itaque,
1277 1867 1455 1936 (Αυθ.⁷
1495 1870 1684 1935 quaest.
1727 1865 1835 1934 53.)
1892 1865 2054 1930 Quod

361 1956 498 2011 dicit
546 1955 836 2026 Scriptura
875 1954 1170 2025 ignorasse
1202 1955 1424 2020 Manue,
1459 1954 1612 2024 quod
1658 1954 1895 2024 angelus
1951 1955 2055 2009 Do-

361 2043 505 2099 mini
559 2048 724 2110 esset,
758 2047 888 2111 etc.,
920 2057 1089 2111 usque
1123 2042 1198 2096 ad
1229 2046 1294 2096 ut
1329 2043 1650 2096 traderetur
1704 2041 1924 2098 inimici
1953 2059 2056 2113 per

359 2133 739 2206 quadraginta
771 2148 969 2186 annos.

432 2223 593 2275 Vens.
630 2223 720 2276 20.
749 2248 819 2262 -
859 2219 1031 2286 Quod.
1071 2219 1284 2289 (Gneo.,
1319 2217 1417 2272 lib.
1451 2234 1482 2270 v
1513 2219 1734 2286 Moral.,
1765 2233 1889 2287 cap.
1942 2218 2056 2289 23.)

362 2308 509 2374 Quid
542 2313 626 2362 est
681 2307 838 2380 quod
886 2308 955 2361 ad
1004 2306 1285 2360 visionem
1319 2305 1512 2375 angeli
1560 2305 1646 2358 vir
1675 2309 1758 2358 est
1789 2304 2047 2373 timidus,

360 2397 570 2451 mulier
609 2396 812 2462 audax,
862 2395 974 2450 nisi
1004 2395 1231 2466 quando
1262 2393 1512 2449 ccelestia
1541 2392 1707 2448 nobis
1743 2399 2060 2447 monstran-

362 2491 474 2552 tur,
507 2484 744 2555 spiritus
799 2483 1034 2554 quidem
1063 2498 1273 2553 pavore
1305 2498 1363 2550 se
1415 2480 1683 2546 concutit,
1739 2481 1836 2535 sed
1865 2485 2058 2534 tamen

363 2589 490 2644 spes
516 2572 830 2643 praesumit.
889 2572 1027 2626 Inde
1067 2571 1221 2624 enim
1253 2587 1383 2641 spes
1414 2570 1484 2624 ad
1533 2569 1751 2640 majora
1796 2568 2061 2623 audenda

363 2676 423 2715 se
454 2659 643 2731 erigit,
666 2659 819 2714 unde
850 2659 1113 2714 turbatur
1143 2658 1380 2729 spiritus
1409 2657 1511 2730 qui
1540 2675 1608 2712 ea
1634 2674 1763 2730 quae
1811 2673 2060 2728 superna

365 2753 498 2803 sunt
543 2747 703 2818 prior
747 2748 918 2813 videt,
952 2747 1087 2818 quia
1133 2763 1264 2802 cum
1302 2745 1508 2801 altiora
1551 2751 1900 2802 secretorum
1947 2762 2055 2800 ca:-

364 2837 594 2892 lestium
627 2836 707 2890 sic
746 2837 931 2890 levata
960 2852 1122 2890 mens
1177 2835 1473 2906 conspicit,
1532 2840 1736 2890 cuncta
1790 2835 2062 2890 humana-

365 2941 496 2982 rum
527 2925 735 2979 virium
764 2924 1018 2978 soliditas
1055 2923 1459 2978 contremiscit.

440 3016 621 3083 (AUG.,
652 3019 841 3084 quast.
876 3014 944 3067 54
980 3016 1038 3066 in
1064 3013 1217 3084 Jud.)
1257 3013 1404 3077 Quid
1431 3015 1518 3066 est
1565 3011 1717 3082 quod
1761 3015 2064 3083 postquam

370 3102 768 3158 manifestatus
798 3107 882 3156 est
926 3103 1125 3158 Manue
1172 3107 1228 3155 et
1256 3101 1424 3156 uxori
1453 3101 1580 3171 ejus
1619 3099 1876 3170 angelus,
1928 3104 2058 3168 etc.,

367 3207 536 3260 usque
569 3191 643 3245 ad
697 3206 816 3244 non
870 3194 1238 3260 accepturum
1286 3188 1648 3256 sacriﬁcium,
1710 3187 1812 3242 sed
1865 3187 2058 3258 ipsum

371 3277 712 3334 sacriﬁcium
737 3278 1018 3332 futurum.

1020 3365 1241 3420 CAPUT
1279 3365 1412 3418 XIV.

441 3455 604 3510 Vens.
666 3456 717 3508 5.
769 3483 841 3493 -
898 3453 1179 3507 Descendit
1216 3454 1403 3520 itaque
1445 3451 1690 3516 Samson,
1724 3454 1832 3504 etc.
1891 3450 2062 3517 (Ιεω.,

372 3542 433 3594 in
463 3541 590 3595 Jud.
625 3543 761 3594 tom.
799 3540 860 3604 V,
914 3555 1039 3609 cap.
1073 3540 1152 3609 8.)
1185 3537 1427 3593 Samson
1452 3553 1584 3591 cum
1616 3536 1683 3590 ad
1713 3536 2065 3607 alienigenas

372 3629 634 3682 tenderet
661 3643 827 3681 causa
867 3627 1132 3697 petenda;
1191 3626 1405 3695 uxoris,
1466 3626 1690 3679 leonem
1731 3625 1975 3680 occidit:
2011 3630 2068 3680 et

375 3717 632 3772 Christus
698 3716 999 3770 Ecclesiam
1051 3719 1356 3770 vocaturus
1412 3715 1480 3769 de
1543 3713 1810 3785 gentibus
1867 3713 2064 3769 diabo-

374 3805 498 3860 lum
545 3804 673 3860 vicit
733 3804 834 3875 qui
890 3803 1003 3858 ait:
1058 3804 1276 3858 Gaudet
1329 3807 1461 3873 quia
1516 3818 1610 3871 ego
1645 3805 1756 3857 υἱοί
1806 3803 2066 3857 mundum

376 3892 551 3964 (Joan.
607 3894 740 3962 xvr).
793 3894 867 3946 Ex
926 3909 1022 3946 ore
1083 3893 1263 3947 leonis
1322 3891 1492 3946 occisi
1535 3891 1696 3945 favus
1728 3891 2060 3958 extrahitur,

377 3982 512 4053 quia
540 3986 604 4035 ut
634 3980 1018 4052 conspicimus
1058 3997 1219 4052 reges
1247 3979 1462 4035 terreni
1490 3979 1655 4050 regni
1707 3979 1808 4051 qui
1865 3984 2066 4033 contra

377 4069 666 4126 Christum
719 4075 850 4124 ante
896 4071 1275 4135 fremuerunt,
1320 4069 1441 4138 jam
1488 4072 1788 4138 perempta
1843 4067 2065 4122 feritate

377 4157 740 4212 dulcedinem
814 4157 1106 4228 Evangelii
1180 4156 1510 4227 praedicant,
1588 4162 1644 4209 et
1707 4155 2067 4210 munimenta

376 4246 653 4317 prasbent.

1035 4315 1261 4370 CAPUT
1298 4315 1408 4369 XV.

445 4423 606 4477 Vens.
640 4424 692 4477 8.
747 4451 815 4461 -—
869 4423 1241 4488 Percussitque
1295 4435 1402 4486 eos,
1454 4421 1561 4472 etc.
1623 4419 1812 4488 (Auc.,
1871 4421 2060 4487 quaest.

378 4513 442 4564 55
473 4512 532 4564 in
577 4508 730 4580 Iud.)
781 4510 952 4565 LXX:
1003 4507 1290 4564 Percussit
1320 4506 1672 4578 alienigenas
1730 4507 1969 4561 Samson
1999 4506 2069 4561 ad

2150 460 2350 528 pentes
2378 457 2582 542 tibiam
2611 458 2780 512 unius
2818 458 2979 529 pedis
3034 476 3206 532 super
3255 460 3444 514 femur
3483 460 3714 515 alterius
3743 478 3844 532 po-

2149 549 2369 599 nerent.

2222 635 2386 688 Vens.
2443 635 2526 688 12.
2584 663 2656 675 -
2702 635 2924 690 Jurate.
2982 636 3162 705 (AUG.,
3205 641 3395 704 quaest.
3455 638 3520 691 56
3570 638 3626 691 in
3669 638 3839 709 ααά.)

2149 721 2297 786 Quid
2341 725 2424 775 est
2453 722 2604 792 quod
2641 723 2718 775 nit
2747 723 2985 777 Samson
3014 724 3148 777 viris
3185 725 3348 792 Juda,
3383 728 3514 794 etc.,
3559 741 3727 794 usque
3769 727 3844 780 ad

2150 810 2260 864 nisi
2309 811 2590 866 audiendo
2649 812 2732 864 \‘cl
2791 813 3028 881 legendo
3073 811 3384 882 discantur,
3416 813 3498 866 ita
3547 829 3653 866 nec
3684 813 3843 867 modi

2149 898 2526 952 locutionum.

2221 987 2386 1041 Vens.
2425 989 2507 1041 16.
2543 1017 2609 1028 --
2653 989 2717 1042 In
2768 987 3020 1043 mamilla.
3070 988 3280 1058 (Gnec.,
3328 988 3426 1044 lib.
3475 1005 3573 1043 xm
3622 990 3840 1055 Moral.,

2150 1089 2273 1144 cap.
2323 1074 2402 1142 6.)
2453 1073 2674 1128 Maxilla
2728 1074 2873 1128 asini
2919 1074 3322 1145 praedicatores
3374 1075 3676 1144 signiﬁcat.
3732 1076 3839 1130 Re-

2153 1161 2418 1230 demptor
2464 1161 2618 1215 enim
2675 1167 2868 1216 noster
2921 1163 3342 1234 simplicitatem
3393 1168 3448 1217 et
3505 1164 3835 1234 patientiam

2153 1249 2606 1321 praedicantium,
2686 1268 2803 1305 sua:
2880 1267 3055 1305 manu
3132 1252 3356 1305 virtutis
3408 1257 3631 1320 tenens,
3690 1253 3841 1307 vitiis

2153 1338 2408 1392 carnales
2458 1338 2760 1406 interfecit,
2807 1344 2862 1393 et
2913 1339 3143 1393 maxilla
3189 1340 3248 1394 in
3293 1347 3506 1394 terram
3566 1341 3834 1412 projecta,

2154 1426 2516 1497 postmodum
2543 1444 2720 1498 aquas
2748 1427 2897 1482 fudit
2932 1444 2947 1480 :
2977 1429 3113 1499 quia
3131 1427 3340 1483 tradita
3362 1429 3533 1483 morti
3562 1429 3840 1500 praedica-

2154 1520 2349 1570 torum
2387 1531 2626 1587 corpora
2655 1532 2863 1587 magna
2889 1515 3117 1587 populis
3135 1521 3521 1572 monstravere
3544 1517 3838 1572 miracula.

2833 1623 3056 1677 CAPUT
3094 1623 3232 1679 XVI.

2234 1728 2398 1781 Vens.
2434 1730 2482 1781 1.
2529 1753 2600 1769 -
2645 1728 2799 1783 Abiit
2851 1744 3078 1798 quoque,
3128 1733 3234 1783 etc.
3278 1729 3492 1800 (Gneo...
3539 1729 3736 1784 Homil.
3778 1732 3842 1783 21

2163 1819 2222 1872 in
2249 1819 2486 1886 Evang.)
2519 1817 2700 1880 Quem
2729 1816 2789 1870 in
2809 1816 2916 1870 hoc
2946 1817 3093 1871 facto
3123 1817 3385 1884 Samson,
3417 1821 3546 1874 etc..
3579 1832 3747 1888 usque
3772 1817 3854 1872 ad

2165 1909 2221 1958 et
2240 1903 2595 1958 ascendendo
2622 1919 2800 1972 regna
2825 1904 3098 1959 caelorum
3122 1905 3462 1975 penetravit.

2241 1993 2490 2045 Vens.t9.
2555 2022 2620 2031 ——
2683 1992 3014 2060 Vocavitque
3045 1997 3323 2048 tonsorem.
3377 1995 3554 2064 (15η)Ἶ
3589 1996 3648 2048 in
3692 1993 3854 2059 Jud.,

2163 2085 2303 2135 tom.
2338 2081 2402 2150 V,
2424 2096 2547 2151 cap.
2581 2083 2660 2149 6.)
2706 2080 2866 2144 Quod
2895 2081 3104 2136 mulier
3131 2082 3369 2136 subdola
3417 2088 3587 2154 caput
3635 2082 3863 2138 Samso-

2166 2169 2255 2223 nis
2285 2169 2445 2237 rasit,
2475 2174 2604 2235 etc.,
2634 2184 2803 2238 usque
2831 2170 2904 2224 ad
2933 2175 2989 2224 et
3015 2175 3214 2241 parato
3248 2171 3559 2226 certamine
3589 2170 3650 2225 in
3681 2171 3861 2226 tinem

2167 2256 2472 2311 fortissime
2505 2257 2797 2310 daemones
2828 2257 3224 2328 triumphabit.

2240 2347 2452 2414 (Gnea.,
2479 2344 2576 2398 lib.
2599 2361 2746 2399 xxvu
2771 2347 2988 2410 Moral.,
3022 2363 3146 2417 cap.
3195 2345 3303 2417 13.)
3347 2347 3584 2403 Samson
3635 2347 3863 2402 amissis

2164 2433 2343 2489 oculis
2371 2433 2441 2488 ab
2463 2433 2782 2504 Allophylis
2813 2435 2884 2488 ad
2909 2435 3122 2490 molam
3151 2435 3486 2506 deputatur,
3523 2441 3654 2503 etc.,
3685 2452 3860 2505 usque

2169 2523 2242 2577 ad
2269 2521 2408 2576 foris
2437 2521 2498 2575 in
2529 2521 2830 2576 circuitum
2860 2523 3073 2576 laboris
3103 2522 3358 2578 mittunt.

2240 2611 2401 2665 Vens.
2436 2611 2523 2665 30.
2583 2641 2650 2649 —
2699 2612 2992 2681 Multoque.
3049 2613 3260 2682 (Gnea.,
3295 2612 3391 2667 lib.
3439 2629 3564 2668 xxix
3633 2614 3861 2680 Morat.,

2171 2715 2293 2770 cap.
2328 2699 2407 2770 ‘7.)
2441 2699 2507 2752 In
2556 2697 2664 2752 hoc
2694 2698 2818 2752 loco
2849 2715 2954 2769 per
2983 2699 3222 2754 Samson
3270 2699 3525 2756 Christus
3568 2698 3864 2768 signiﬁca-

2169 2793 2284 2856 tur,
2313 2793 2443 2853 etc.,
2465 2802 2633 2857 usque
2662 2787 2736 2841 ad
2766 2787 2934 2841 simul
2966 2804 3167 2842 omnes
3207 2787 3507 2842 moriendo
3536 2787 3868 2859 prostravit.

2811 2894 3036 2949 CAPUT
3064 2894 3224 2948 XVII.

2245 2999 2403 3053 Vens.
2453 3003 2505 3054 5.
2561 3027 2632 3040 —
2697 3001 2768 3054 Et
2827 3001 2956 3063 fecit
3011 3000 3182 3067 ephoa
3247 3002 3297 3052 et
3372 3000 3697 3068 theraphim,
3754 3004 3871 3054 etc.

2173 3069 2451 3141 (menum,
2482 3071 2639 3140 epist.
2677 3071 2797 3136 150,
2838 3075 2980 3123 tom.
3016 3069 3083 3139 Ι.)
3139 3070 3202 3123 1η
3227 3070 3520 3124 volumine
3581 3071 3876 3137 Iudicum,

2175 3164 2491 3228 etc.,usque
2511 3159 2584 3213 ad
2603 3174 2708 3228 per
2735 3157 3022 3224 teraphim
3050 3157 3252 3211 fecisse
3282 3162 3652 3212 monstratur.

2789 3264 3015 3319 CAPUT
3054 3262 3241 3317 XVIII.

2244 3372 2406 3425 Vens.
2441 3374 2494 3424 7.
2516 3399 2588 3410 -
2613 3373 2888 3427 Venerunt
2917 3372 3069 3440 Lais,
3096 3375 3202 3424 etc.
3234 3371 3504 3439 (H1enoxv.,
3539 3369 3639 3426 lib.
3675 3371 3742 3425 de
3767 3373 3876 3427 loc.

2174 3458 2359 3531 Hebr.)
2393 3458 2592 3514 Laisan
2613 3459 2718 3514 ﬁlii
2740 3460 2883 3526 Dan,
2909 3463 3037 3525 etc.,
3087 3474 3256 3528 usque
3306 3459 3380 3512 ad
3413 3459 3576 3531 juxta
3619 3460 3876 3515 Esthaol.

2847 3565 3070 3620 CAPUT
3098 3565 3228 3619 XIX.

2246 3653 2408 3706 Vens.
2440 3654 2528 3707 25.
2563 3683 2630 3693 -
2669 3653 2880 3708 Eduxit
2909 3653 2982 3707 ad
3017 3669 3100 3708 eos
3149 3653 3498 3707 concubinam
3549 3667 3726 3718 suam,
3765 3660 3876 3710 etc.

2177 3744 2335 3812 (Anc.
2366 3743 2431 3797 de
2451 3744 2590 3810 Civ.,
2609 3759 2731 3812 cap.
2757 3743 2872 3812 34.)
2893 3741 3224 3797 Concubina
3250 3742 3541 3796 interdum
3562 3759 3667 3812 pro
3689 3760 3881 3800 uxore

2177 3834 2503 3902 usurpatur.
2561 3833 2715 3902 Agar
2771 3830 2949 3894 enim,
3014 3835 3071 3884 et
3123 3830 3386 3898 Cethura,
3443 3836 3501 3884 et
3552 3846 3760 3885 uxores
3821 3837 3884 3886 et

2175 3918 2506 3974 concubina:
2535 3918 2825 3973 Abraham
2855 3923 3150 3972 vocantur.

2840 4032 3061 4086 CAPUT
3097 4032 3202 4086 XX.

2247 4122 2407 4177 Vens.
2450 4124 2530 4177 18.
2562 4150 2624 4162 —
2658 4122 3076 4176 Consuluerunt.
3127 4121 3342 4191 (ϐιαία,
3383 4121 3480 4175 lib.
3516 4121 3588 4176 24-
3641 4123 3882 4184 Moral.,

2177 4228 2300 4283 cap.
2335 4210 2446 4281 13.)
2479 4210 2586 4275 Qui
2613 4211 2984 4279 semetipsum
3012 4226 3129 4264 non
3165 4211 3404 4280 judicat,
3435 4215 3565 4270 etc.,
3605 4226 3777 4279 usque
3803 4212 3884 4265 ad

2175 4300 2276 4354 sed
2299 4304 2496 4354 contra
2525 4315 2583 4352 se
2614 4298 2821 4369 rigida,
2851 4299 3159 4353 bonisvero
3184 4299 3452 4352 omnibus
3472 4298 3545 4352 sit
3563 4299 3878 4354 submissa.

2807 4405 3034 4460 CAPUT
3073 4405 3202 4460 XXI.

2247 4507 2578 4560 Juraverunt
2607 4518 2814 4574 quoque
2841 4504 2946 4572 ﬁlii
2974 4503 3154 4558 Israel
3175 4505 3236 4558 in
3262 4503 3514 4573 Maspha,
3547 4507 3655 4557 etc.
3731 4574 3745 4583 .

1828 4803 2096 4874 LIBER
2152 4802 2417 4873 RUTH.

925 5029 1148 5087 CAPUT
1186 5028 1476 5084 PRIMUM.

448 5141 612 5194 Vens.
671 5143 720 5194 1.
777 5169 849 5179 -
879 5141 1044 5193 Facta
1089 5141 1184 5192 est.
1223 5138 1464 5205 Propter
1491 5132 1842 5205 paucitatem
1898 5132 2059 5202 spiri-

373 5226 619 5282 tualium
650 5227 950 5282 doctorum
979 5225 1188 5297 quibus
1217 5221 1516 5295 judicandi
1543 5223 1712 5277 datur
1758 5221 2065 5276 auctoritas

374 5315 522 5370 facta
583 5317 668 5370 est
715 5314 895 5369 fames
948 5313 1108 5368 verbi
1135 5312 1256 5378 Dei,
1314 5311 1546 5384 quando
1611 5312 1700 5366 lex
1737 5310 1914 5366 etiam
1961 5326 2066 5381 per

376 5402 638 5460 Iudaicae
657 5401 992 5457 traditiones
1023 5406 1293 5472 corrupta
1322 5406 1424 5456 est.

454 5491 716 5560 Abiitque
744 5491 917 5547 homo.
973 5491 1158 5561 (ΗΑΒ.)
1192 5489 1467 5558 Christus,
1497 5487 1731 5558 scilicet,
1790 5487 1851 5545 in
1897 5487 2065 5545 Beth-

2094 5028 2139 5081 D
2177 5025 2329 5080 leem
2391 5024 2538 5081 Juda
2602 5025 2769 5080 natus
2827 5022 3347 5095 peregrinationem
3423 5021 3600 5094 hujus
3675 5023 3893 5079 mundi

2171 5113 2438 5182 visitavit,
2489 5129 2617 5168 cum
2675 5128 2854 5168 uxore
2893 5127 3014 5177 sua,
3057 5111 3116 5168 id
3175 5117 3279 5176 est,
3315 5110 3578 5177 Ecclesia,
3633 5115 3688 5165 et
3746 5127 3890 5166 cum

2173 5203 2396 5259 duobus
2436 5201 2650 5264 liberis,
2693 5200 2914 5256 duobus
2952 5199 3165 5254 scilicet
3216 5199 3519 5255 ordinibus
3565 5199 3889 5270 propheta-

2173 5308 2300 5347 rum
2333 5295 2389 5346 et
2415 5290 2809 5363 apostolorum
2863 5288 2964 5360 qui
2996 5288 3274 5360 sanguine
3323 5287 3530 5345 Christi
3562 5305 3592 5341 a
3647 5289 3880 5358 peccati

2174 5380 2446 5436 servitute
2467 5383 2600 5434 sunt
2627 5376 2872 5433 liberati.

2245 5486 2402 5542 Abiit
2426 5487 2598 5542 homo.
2623 5484 2807 5556 (Pun)
2836 5485 3019 5550 Quem
3067 5481 3304 5555 quidam
3353 5483 3694 5554 Decalogum
3725 5481 3886 5553 legis
