3976 6178
164 261 249 313 533

1278 260 1535 315 GLOSSA
1562 259 1963 315 ORDINARIA.
2006 290 2071 298 —
2114 260 2241 315 LIB.
2286 261 2495 315 RUTH.

3528 264 3633 319 534

159 378 487 449 intelligunt,
544 382 600 433 et
659 395 895 434 uxorem
960 380 1085 451 ejus
1146 396 1518 452 synagogam,
1577 388 1634 437 et
1692 383 1834 437 duos
1863 386 1905 438 A
1944 388 2268 455 perceptam
2335 384 2577 454 gratiam
2644 390 3089 457 consequuntur,
3170 402 3312 456 quos
3353 387 3632 459 signiﬁcat

160 467 313 535 ﬁlios,
342 469 591 539 regalem
624 468 903 523 honorem
960 475 1015 522 et
1045 469 1455 524 sacerdotalem
1490 487 1503 524 :
1563 471 1663 542 qui
1713 488 1832 524 non

158 556 322 609 solum
352 554 412 608 in
450 560 617 625 gente
647 556 997 623 Iudaeorum,
1051 556 1150 610 sed
1193 562 1247 610 et
1277 559 1695 628 proselytorum
1736 576 1828 612 co—

158 644 332 711 pulam
364 642 471 696 sibi
502 644 893 713 acquirebant,
943 646 1090 698 sicut
1136 644 1197 697 in
1243 650 1499 716 tempore
1550 646 1743 713 David,
1777 652 1834 701 et

158 730 453 785 Salomonis
482 737 537 785 et
568 731 813 786 aliorum
845 733 1056 786 factum
1089 739 1191 788 est.

216 838 368 891 Vens.
418 841 470 890 2.
503 868 570 877 --
598 839 877 894 Mahalon.
931 839 1039 904 Qui
1068 840 1136 894 de
1158 840 1402 895 fenestra
1440 842 1525 895 vel
1558 858 1589 895 a
1619 842 1830 911 princi-

158 925 254 995 pio.
309 925 409 979 Hic
450 930 536 979 est
590 928 797 981 chorus
830 929 1254 997 ‘prophetarum
1303 946 1404 999 per
1444 946 1585 1000 quos
1633 931 1701 984 de
1748 931 1828 984 fe-

158 1016 328 1065 nestra
363 1014 618 1083 primum
645 1014 778 1069 ﬁdei
804 1016 1000 1069 lumen
1032 1016 1092 1069 in
1122 1017 1321 1070 orbem
1352 1017 1629 1087 processit
1663 1034 1674 1070 :
1731 1019 1831 1087 qui

159 1100 311 1155 etiam
379 1102 500 1155 veri
558 1103 813 1171 luminis,
866 1103 924 1156 id
974 1108 1055 1156 est
1105 1104 1333 1169 Christi,
1393 1104 1565 1173 primi
1615 1105 1826 1173 praedi-

158 1196 358 1243 catores
393 1190 654 1245 fuerunt.

219 1287 455 1352 Chelion,
506 1286 940 1341 consummatio.
998 1286 1073 1340 Hi
1119 1290 1253 1341 sunt
1285 1286 1525 1357 apostoli
1558 1287 1655 1357 qui
1683 1287 1828 1341 aani-

158 1380 329 1443 gmata
358 1376 772 1444 prophetarum
823 1375 894 1429 ad
943 1375 1495 1429 consummationem
1544 1376 1701 1444 pleni
1730 1376 1825 1428 in-

157 1460 391 1514 tellectus
439 1462 852 1531 perduxerunt.
932 1462 996 1516 Hi
1053 1463 1261 1516 merito
1320 1462 1645 1531 Ephralhaai
1672 1467 1727 1516 et
1756 1464 1826 1517 de

157 1550 459 1604 Bethlehem
509 1552 653 1606 Juda
682 1553 792 1605 orti
830 1556 963 1605 sunt
995 1568 1007 1605 :
1043 1553 1144 1623 qui
1192 1552 1405 1606 caelesti
1444 1568 1592 1621 pane
1633 1551 1824 1605 satiati

155 1653 242 1706 per
266 1638 732 1707 praedicationem
772 1640 1058 1711 Evangelii
1107 1641 1354 1694 fructum
1408 1640 1825 1710 praedicationis
1852 1668 1892 1721 Β

157 1725 500 1796 collegerunt.
554 1728 923 1798 Ephrathaeus
976 1728 1129 1782 enim
1175 1727 1433 1798 frugifer,
1490 1728 1820 1782 Bethlehem

154 1813 333 1867 domus
386 1815 573 1886 panis,
626 1816 772 1870 Juda
827 1817 1106 1872 confessio
1157 1817 1577 1886 interpretatur,
1626 1818 1817 1872 unde:

159 1905 245 1957 Vos
272 1904 391 1957 date
422 1906 538 1958 illis
568 1920 804 1959 manum.
856 1907 1025 1973 Item,
1058 1907 1266 1960 Euntes
1308 1906 1602 1975 praedicate
1630 1909 1819 1960 Evan—

153 1994 324 2057 gelium
359 1995 519 2061 regni
551 1996 662 2048 Dei.
699 1995 762 2047 Et
816 1994 988 2047 alibi:
1048 1996 1203 2062 Elegi
1251 2009 1342 2048 vos
1402 1994 1467 2047 de
1518 1995 1716 2047 mundo
1760 2000 1820 2048 ut

153 2083 287 2149 eatis,
311 2086 360 2135 et
372 2083 618 2147 fructum
644 2085 865 2148 faciatis
899 2082 1088 2151 (Marc.
1120 2100 1195 2148 v1,
1228 2099 1319 2136 xvr
1348 2100 1361 2149 ;
1402 2083 1573 2137 Joan.
1607 2084 1744 2151 xw).

208 2177 355 2232 Vens.
387 2180 440 2232 4.
475 2208 551 2220 -
578 2182 741 2235 Ruth.
779 2180 987 2233 Videns
1040 2181 1126 2233 vel
1188 2180 1482 2243 festinans,
1534 2180 1621 2233 vel
1672 2178 1818 2233 deﬁ-

151 2264 281 2318 ciens
304 2266 713 2336 interpretatur
742 2284 754 2321 :
788 2268 845 2321 in
889 2284 1003 2337 qua
1035 2268 1360 2322 obedientia
1413 2274 1469 2321 et
1518 2267 1818 2321 credulitas

152 2354 380 2421 gentium
408 2356 762 2425 designatur,
794 2357 861 2411 de
893 2357 1100 2426 quibus
1131 2356 1366 2411 dicitur:
1400 2358 1633 2425 Populus
1664 2371 1818 2423 quem

150 2455 237 2493 non
275 2445 511 2509 cognovi,
562 2446 787 2497 servivit
838 2444 992 2509 mihi,
1047 2448 1150 2496 etc.
1210 2445 1275 2497 Et
1303 2442 1487 2496 alibi:
1542 2445 1819 2512 [Ethiopia

151 2532 415 2593 praeveniet
466 2544 660 2583 manus
717 2529 832 2596 ejus
882 2533 986 2584 Deo
1036 2531 1199 2601 (Psal.
1257 2532 1418 2599 vai).
1460 2530 1818 2584 Vocabantur

153 2630 266 2685 ergo
311 2617 420 2671 duo
481 2618 687 2687 populi
742 2635 844 2688 per
875 2625 1097 2672 sanctos
1129 2619 1527 2689 praedicatores
1584 2620 1653 2673 ad
1684 2636 1815 2672 con-

158 2704 365 2758 sortium
397 2705 538 2760 ﬁdei
586 2711 643 2760 et
676 2706 982 2760 electorum
1025 2707 1147 2776 Dei,
1172 2712 1237 2761 ut
1265 2724 1333 2761 ex
1365 2707 1600 2761 diversis
1626 2706 1813 2778 gregi-

152 2790 238 2844 bus
273 2794 427 2848 ﬁeret
458 2810 642 2848 unum
676 2794 845 2849 ovile.

207 2892 351 2946 Vens.
405 2896 456 2947 5.
506 2893 723 2947 Mortui
757 2898 906 2947 sunt.
971 2895 1102 2947 Post
1132 2893 1539 2963 perfectionem
1589 2892 1668 2964 pii
1724 2894 1811 2946 la-

153 2977 296 3047 boris,
331 2982 545 3036 scilicet
593 2982 661 3035 de
721 2981 918 3035 exsilio
963 2982 1134 3050 hujus
1186 2982 1385 3035 mundi
1443 2982 1513 3035 ad
1570 2981 1817 3035 coelestia

150 3082 297 3137 regna
342 3070 757 3141 migraverunt,
827 3075 889 3123 ut
938 3071 1159 3140 expleto
1215 3070 1483 3123 mandato
1552 3070 1814 3138 Decalogi

150 3158 438 3227 acciperent
468 3159 774 3213 denarium
798 3157 1183 3212 beatitudinis.

206 3255 347 3309 Vens.
379 3261 429 3310 7.
462 3287 536 3296 -
566 3258 799 3322 Egressa
828 3260 925 3318 est,
961 3258 1089 3320 etc.,
1121 3258 1373 3321 utraque.
1407 3252 1667 3308 Studiose
1700 3257 1813 3306 sat-

148 3342 244 3410 agit
270 3344 533 3410 Ecclesia,
588 3349 653 3397 ut
689 3344 883 3414 plebes
928 3359 1069 3413 quas
1115 3342 1373 3412 Apostoli
1428 3347 1483 3395 et
1521 3341 1814 3411 prophetae

148 3435 373 3501 tempore
421 3448 529 3485 suo
596 3431 1008 3495 instruxerunt,
1061 3429 1338 3499 perducat
1394 3430 1460 3483 ad
1518 3430 1800 3484 unitatem

148 3518 257 3573 ﬁdei
285 3526 336 3574 et
364 3521 699 3575 societatem
732 3519 1081 3579 Christianae.
1099 3518 1395 3588 religionis
1427 3534 1441 3573 :
1486 3534 1615 3589 quae
1664 3518 1811 3573 Scri-

148 3612 287 3675 ptura
315 3609 599 3663 referente
628 3607 841 3674 didicit,
874 3607 1011 3678 quia
1050 3607 1239 3677 justus
1286 3623 1400 3660 non
1444 3606 1811 3676 derelinque-

148 3700 238 3760 tur,
269 3713 365 3750 nec
396 3712 596 3751 semen
653 3696 773 3765 ejus
821 3711 1084 3766 quaerens
1130 3711 1363 3765 panem,
1416 3696 1515 3766 qui
1554 3695 1621 3749 de
1671 3695 1811 3749 caelo

147 3782 404 3841 descendit
436 3786 604 3854 (Psal.
649 3783 852 3855 xxxvr).

199 3892 340 3945 Vens.
398 3894 450 3948 8.
514 3893 600 3946 Ite
648 3892 708 3943 in
757 3889 988 3944 domum.
1042 3890 1286 3943 Ecclesia
1340 3906 1456 3942 non
1508 3889 1809 3943 indiscrete

146 3978 256 4048 agit,
287 3996 384 4034 nec
426 3979 737 4034 indiscrete
769 3994 1117 4049 quemquam
1147 3977 1367 4047 recipit,
1406 3978 1558 4031 unde
1593 3995 1605 4030 :
1638 3978 1810 4034 Nolite

141 4071 262 4119 omni
288 4070 510 4137 spiritui
539 4068 751 4122 credere
792 4066 886 4121 sed
929 4066 1153 4135 probate
1182 4069 1430 4135 spiritus,
1473 4070 1522 4120 si
1572 4082 1638 4119 ea:
1701 4067 1808 4120 Deo

141 4160 245 4209 sunt
286 4157 343 4227 (Ι
366 4162 526 4213 Joan.
574 4155 667 4226 Iv).
703 4156 943 4210 Possunt
988 4154 1110 4208 haec
1145 4170 1449 4224 synagoga:
1479 4155 1803 4218 convenire,

1943 473 2111 527 Ruth.

2011 562 2168 615 Vens.
2203 566 2287 615 lb’.
2339 593 2406 600 —-
2435 563 2777 633 Quocunque.
2836 563 2924 617 Sic
2951 564 3194 617 Ecclesia
3243 564 3311 618 de
3364 564 3629 634 gentibus

1938 652 2152 712 vocata,
2202 648 2393 701 relicta
2452 650 2653 719 patria,
2695 649 2752 702 id
2788 655 2871 702 est
2898 650 3226 703 idololatria
3268 652 3479 705 omissa
3508 668 3626 705 car-

1936 736 2054 789 nali
2111 737 2535 791 conversatione
2599 743 2655 791 et
2704 738 3021 801 desideriis,
3083 739 3390 808 proﬁtetur
3448 741 3629 793 Deum

1937 839 2104 877 suum
2130 840 2249 877 esse
2282 824 2341 876 in
2372 841 2541 894 quem
2570 826 2933 879 crediderunt
2952 826 3151 891 sancti,
3188 831 3246 879 et
3276 826 3485 880 ituram
3517 843 3626 896 quo

1936 926 2064 964 caro
2124 911 2331 965 Christi
2386 913 2657 978 ascendit,
2708 918 2764 966 et
2808 931 2910 983 pro
2974 914 3095 983 ejus
3142 914 3373 967 nomine
3431 914 3492 967 in
3519 916 3625 967 hoc

1937 1000 2142 1052 saeculo
2172 1000 2289 1070 pati
2330 1016 2507 1071 usque
2538 1001 2609 1054 ad
2654 1008 2919 1067 mortem,
2981 1007 3035 1054 et
3082 1019 3210 1055 cum
3251 1002 3464 1073 populo
3494 1018 3623 1056 san-

1935 1093 2157 1140 ctorum
2203 1093 2259 1141 et
2301 1090 2711 1159 prOphetarum
2771 1094 2825 1142 et
2881 1089 3379 1159 patriarcharum;
3430 1090 3620 1143 unde:

1934 1176 2221 1229 Laetamini
2247 1182 2425 1244 gentes
2463 1194 2581 1230 cum
2608 1178 2758 1246 plebe
2786 1179 2901 1245 ejus
2933 1181 3100 1246 (Rom.
3135 1180 3241 1247 xv).

2009 1264 2168 1317 Vens.
2231 1266 2313 1317 18.
2364 1295 2431 1302 -
2488 1264 2705 1318 Videris.
2743 1265 2978 1317 Centilis
3033 1265 3282 1334 populus
3328 1264 3613 1319 obstinato

1935 1351 2127 1405 animo
2175 1352 2570 1421 praedicatores
2599 1353 2857 1423 sequitur
2895 1353 2954 1407 in
3002 1359 3212 1406 terram
3259 1358 3531 1418 sanctam,
3566 1356 3622 1407 et

1934 1438 1995 1491 in
2025 1439 2307 1493 civitatem
2341 1440 2439 1493 Dei
2463 1441 2814 1506 Bethlehem,
2834 1442 2931 1495 ubi
2954 1448 3311 1512 prazparatur
3340 1443 3407 1496 ad
3440 1443 3621 1497 susci-

1933 1526 2207 1595 piendum
2241 1544 2513 1597 sponsum
2554 1528 2622 1582 de
2654 1529 2827 1599 stirpe
2875 1530 3117 1584 Abrahm
3148 1535 3367 1599 natum,
3416 1530 3476 1583 in
3507 1547 3620 1602 quo

1932 1614 2340 1669 benedicentur
2361 1632 2555 1669 omnes
2588 1622 2784 1686 gentes
2816 1619 2902 1671 vel
2934 1618 3115 1672 tribus
3145 1623 3331 1673 terrae.

2002 1704 2161 1757 Vens.
2192 1706 2279 1758 20.
2314 1734 2381 1744 —
2431 1706 2508 1759 Ne
2561 1708 2775 1760 vocetis.
2834 1706 3101 1776 Agnoscit
3150 1722 3438 1777 synagoga
3477 1706 3620 1761 cala-

1930 1791 2187 1846 mitatem
2219 1808 2399 1859 suam,
2434 1809 2607 1862 quam
2666 1798 2795 1861 post
2834 1794 3139 1847 adventum
3167 1793 3374 1848 Christi
3413 1793 3616 1847 merito

1930 1881 2170 1949 patitur:
2240 1885 2295 1933 et
2344 1881 2556 1950 refugit
2614 1882 2853 1950 pulchra
2906 1882 3111 1947 vocari,
3171 1882 3305 1952 quia
3357 1887 3617 1953 tempora

1926 1966 2319 2037 prosperitatis
2350 1984 2467 2021 suae
2497 1969 2649 2022 ﬁniri
2679 1969 2970 2037 conspicit.

2000 2055 2226 2120 Quando
2275 2058 2528 2123 primum.
2562 2057 2621 2109 Id
2667 2062 2751 2110 est
2808 2058 3035 2126 quando
3074 2058 3165 2111 lex
3208 2057 3618 2112 incarnationis

1927 2158 2044 2197 sua:
2073 2143 2330 2196 ordinem
2382 2144 2453 2197 ad
2484 2144 2823 2213 mysterium
2876 2145 3158 2214 passionis
3210 2146 3420 2201 Christi
3477 2162 3613 2200 con-

1926 2232 2111 2285 vcrtit.
2161 2232 2351 2285 Messis
2428 2232 2579 2285 enim
2636 2232 2951 2286 hordeacea
3011 2239 3235 2304 tempus
3309 2236 3615 2289 Dominicze

1926 2320 2207 2388 passionis
2278 2319 2565 2390 exprimit,
2622 2336 2747 2390 quae
2801 2336 2993 2373 mense
3051 2338 3347 2388 novorum,
3403 2323 3459 2376 id
3509 2329 3611 2387 est,

1924 2408 2113 2477 primo
2172 2424 2365 2462 mense
2421 2407 2680 2477 contigit.
2734 2409 2883 2461 Bene
2913 2424 3048 2477 ergo
3108 2414 3367 2478 tempore
3415 2410 3511 2463 illo
3545 2411 3614 2464 ad

1927 2496 2257 2551 Bethlehem
2305 2496 2564 2561 veniunt,
2607 2497 2833 2566 quando
2862 2496 2949 2550 lex
2987 2496 3269 2550 Christum
3314 2514 3485 2567 quem
3518 2498 3614 2551 do-

1925 2592 2014 2640 cet
2044 2587 2104 2639 in
2135 2584 2462 2639 Bethlehem
2496 2589 2712 2651 natum,
2744 2584 2804 2637 in
2835 2584 3064 2654 pascha,
3120 2585 3174 2637 id
3203 2589 3283 2637 est
3313 2586 3372 2638 in
3416 2602 3609 2640 mense

1924 2690 2227 2741 novorum,
2259 2672 2527 2744 praedicat
2554 2672 2818 2727 occisum.
2875 2673 3077 2727 Sancta
3111 2689 3338 2743 quoque
3370 2674 3614 2726 Ecclesia

1923 2767 2041 2816 toto
2083 2766 2287 2815 conatu
2320 2761 2557 2827 laborat,
2594 2765 2657 2814 ut
2686 2777 2827 2831 quas
2877 2762 2947 2815 ad
2978 2761 3151 2814 ﬁdem
3181 2766 3471 2825 convocat,
3523 2761 3607 2814 in-

1924 2849 2283 2913 carnationis,
2321 2849 2619 2919 passionis,
2654 2849 3082 2903 resurrectionis
3136 2848 3337 2902 merito
3370 2848 3607 2903 imbuat.

1844 2946 1883 3001 C
1926 2939 2089 2994 Messi
2136 2937 2450 2991 hordeacea
2477 2936 2806 2991 Iudaeorum
2864 2936 3132 3006 exprimit
3178 2937 3606 2991 credulitatem:

1924 3026 2021 3097 qui
2081 3028 2307 3095 peracto
2382 3027 2732 3077 sacramento
2805 3022 3106 3092 passionis,
3166 3023 3609 3097 praedicantibus

1924 3112 2213 3185 apostolis,
2250 3112 2501 3182 primum
2536 3111 2604 3165 ad
2633 3111 2804 3164 ﬁdem
2847 3111 3103 3164 veniunt.
3137 3110 3244 3174 Qui
3275 3111 3409 3164 alibi
3441 3112 3611 3181 quin-

1924 3220 2034 3276 que
2052 3203 2294 3274 panibus
2325 3199 2656 3255 hordeaceis
2688 3200 2835 3269 pasti
2865 3216 2898 3253 a
2928 3200 3168 3254 Domino
3195 3201 3481 3268 leguntur.

2594 3393 2818 3447 CAPUT
2843 3393 2926 3446 ΙΙ.

1991 3556 2151 3607 Vens.
2186 3557 2236 3607 3.
2289 3584 2357 3594 -
2386 3552 2623 3607 Accidit.
2673 3552 2816 3617 Quia
2857 3556 3049 3606 sancta
3075 3550 3318 3605 Ecclesia
3352 3551 3423 3604 ad
3451 3550 3610 3605 Chri-

1921 3646 2071 3695 stum
2131 3640 2401 3711 pertinet,
2461 3642 2622 3711 cujus
2662 3657 2871 3710 sponsa
2900 3646 2955 3693 et
3006 3656 3209 3709 corpus
3259 3643 3360 3693 est.
3394 3640 3468 3692 De
3500 3654 3612 3708 quo

1919 3728 2161 3783 dicitur:
2212 3728 2490 3783 Fortitudo
2540 3744 2658 3781 mea
2702 3735 2752 3780 et
2804 3729 2922 3781 laus
2959 3743 3077 3780 mea
3122 3728 3378 3780 Dominus
3427 3726 3602 3793 (Psal.

1919 3816 2101 3885 cxvu).
2140 3816 2201 3870 Et
2254 3814 2390 3868 alibi
2425 3832 2437 3868 :
2483 3816 2747 3868 Dominus
2805 3817 2970 3879 fortis
3001 3820 3049 3868 et
3086 3818 3293 3881 potens.
3354 3816 3611 3867 Dominus

1912 3908 2101 3973 potens
2151 3905 2204 3956 in
2240 3905 2430 3973 praelio
2477 3904 2637 3969 (Psal.
2674 3902 2849 3972 xxm).
2884 3904 3007 3970 Ipse
3039 3906 3124 3954 cst
3165 3904 3437 3970 cognatus
3488 3901 3608 3953 Eli-

1918 3991 2155 4052 melech.
2190 3991 2289 4061 qui
2320 3991 2390 4044 de
2446 3989 2773 4043 Bethlehem
2826 3994 2880 4042 et
2909 3990 2976 4042 de
3006 3989 3181 4057 stirpe
3214 3987 3389 4041 David
3419 3992 3606 4054 natus,

1919 4080 2307 4133 testimonium
2378 4077 2551 4132 habet
2583 4095 2614 4131 a
2644 4078 2768 4147 lege
2818 4082 2873 4131 et
2919 4076 3236 4147 prophetis.
3292 4074 3392 4128 Hic
3436 4075 3610 4129 verba

1918 4168 2113 4221 salutis
2149 4174 2202 4221 et
2241 4167 2394 4237 pacis
2424 4165 2655 4220 familiae
2699 4182 2815 4219 sum
2866 4164 3075 4228 attulit,
3122 4163 3182 4216 in
3214 4162 3375 4231 cujus
3404 4162 3613 4215 nativi-

142 4258 247 4331 Ψιίὲ
274 4246 513 4300 retrahit
540 4244 610 4299 ad
639 4243 812 4298 ﬁdem
853 4243 1059 4298 Christi
1108 4243 1412 4305 venientes,
1469 4246 1523 4294 ei
1556 4241 1803 4331 malum?
1836 4278 1879 4331 ι)
1918 4262 2032 4311 tate
2064 4256 2390 4309 cecinerunt
2421 4254 2632 4323 angeli,
2668 4255 2853 4310 Gloria
2900 4257 2956 4306 in
2988 4254 3208 4306 emcelsis
3267 4254 3393 4319 Deo,
3446 4256 3495 4305 et
3550 4254 3611 4303 in

143 4330 278 4398 illud,
324 4339 387 4388 ut
433 4336 701 4403 superata
750 4348 783 4385 a
828 4330 1062 4385 veritate
1102 4330 1391 4384 inﬁrmam
1434 4347 1491 4383 se
1520 4330 1810 4401 cognoscit

144 4419 437 4476 eﬁ‘cetandi:
470 4422 844 4487 Revertimini,
877 4418 1009 4490 ﬁlia:
1036 4434 1181 4474 meae.
1384 4432 1389 4433 ’

203 4515 346 4572 Vens.
392 4522 476 4572 11.
528 4548 595 4557 —-
626 4517 768 4572 Num
807 4516 973 4569 ultra.
1013 4514 1200 4583 (ΗΑΒ.)
1229 4515 1345 4568 Vox
1377 4529 1685 4585 synagogas
1713 4530 1808 4567 ve-

144 4602 345 4659 ritatem
400 4604 731 4660 conﬁtentis
770 4608 826 4657 et
868 4601 1364 4673 supervenientem
1414 4603 1641 4671 culpam
1692 4618 1809 4655 non

147 4692 357 4747 tacentis
406 4709 593 4765 quaaa
638 4692 781 4757 viro,
836 4691 893 4745 id
937 4695 1041 4756 est,
1076 4690 1250 4744 David
1283 4689 1507 4743 relicta:
1562 4695 1619 4743 et
1669 4706 1701 4743 a
1744 4689 1809 4743 ﬁ-

146 4778 241 4845 liis,
281 4782 333 4836 id
381 4788 489 4851 est,
530 4780 763 4851 regibus
794 4784 850 4834 et
898 4778 1253 4849 principibus
1282 4778 1521 4848 privata,
1560 4777 1810 4831 sterilem

149 4883 193 4920 se
245 4886 357 4924 esse
422 4876 479 4924 et
539 4870 830 4924 inﬁrmam
886 4867 959 4922 ad
1007 4867 1447 4938 concipiendum
1499 4866 1647 4920 ﬁlios
1698 4867 1811 4919 Deo

149 4958 419 5013 conﬁtetur
444 4963 573 5031 post
606 4958 915 5012 adventum
945 4956 1172 5010 Christi.

206 5053 349 5107 Vens.
387 5056 472 5108 14.
503 5083 572 5093 -
625 5055 870 5108 Elevata.
923 5054 1030 5106 Per
1073 5052 1176 5105 has
1220 5049 1509 5113 mulieres,
1567 5066 1812 5120 quarum

153 5155 245 5193 una
269 5143 461 5197 dolens
493 5147 552 5196 et
580 5143 779 5212 lugens
809 5157 843 5194 a
862 5156 1027 5194 socru
1058 5139 1289 5207 recedit,
1323 5138 1499 5192 altera
1529 5137 1811 5191 obstinato

156 5228 331 5295 animo,
354 5232 629 5299 adhaeret,
661 5229 954 5284 credentes
984 5228 1404 5299 signiﬁcantur:
1441 5241 1686 5296 quorum
1717 5224 1813 5278 alii

156 5324 385 5389 percepta
415 5319 599 5390 gratia
644 5317 913 5389 baptismi
943 5322 999 5371 et
1027 5316 1291 5370 societate
1310 5315 1457 5381 ﬁeri,
1490 5314 1563 5369 ad
1593 5330 1813 5368 errores

157 5406 390 5471 pristinos
435 5409 795 5474 relabuntur,
828 5424 972 5478 quos
1003 5406 1285 5477 signiﬁcat
1313 5405 1539 5473 Orpha:
1585 5418 1714 5473 quae
1744 5403 1812 5456 ad

160 5492 269 5549 Deos
320 5514 447 5552 suos
486 5513 715 5552 reversa
768 5501 887 5562 est;
943 5495 1043 5549 alii
1094 5510 1235 5549 vero
1295 5492 1530 5548 deﬁnito
1552 5491 1810 5557 consilio,

1915 4352 2084 4411 terra,
2118 4350 2218 4398 etc.
2272 4344 2421 4411 (Luc.
2456 4342 2534 4412 ιι).
2570 4342 2672 4397 Cui
2727 4341 2980 4396 venienti
3015 4340 3075 4393 in
3100 4341 3411 4396 Jerusalem
3446 4338 3611 4393 obvia

1916 4434 2085 4488 turba
2112 4432 2396 4500 clamavit,
2428 4430 2621 4485 dicens
2647 4447 2660 4484 :
2686 4430 2998 4485 Benedictus
3029 4427 3123 4497 qni
3151 4430 3296 4481 venit
3323 4428 3382 4478 in
3400 4427 3612 4479 nomine

1916 4523 2135 4576 Domini
2164 4521 2378 4587 (Matth.
2411 4519 2549 4590 xxx).

1987 4610 2151 4662 Vens.
2204 4613 2256 4662 7.
2292 4638 2352 4647 —
2402 4610 2471 4662 Et
2509 4609 2744 4674 rogavit.
2800 4606 2943 4670 Quia
2986 4610 3177 4657 sancta
3202 4601 3447 4656 Ecclesia
3474 4601 3627 4670 per-'

1919 4702 2139 4750 severat
2177 4696 2233 4748 in
2287 4712 2423 4765 agro
2455 4695 2661 4749 divina:
2726 4692 2986 4747 lectionis
3056 4695 3185 4760 post
3215 4705 3491 4743 messores
3552 4691 3610 4741 et

1918 4784 2338 4854 praedicatores,
2396 4783 2665 4854 mysteria
2720 4782 3140 4851 Scripturarum
3199 4777 3494 4846 colligens,
3552 4780 3615 4828 ut

1919 4873 1978 4926 in
2007 4872 2134 4926 sinu
2179 4871 2387 4927 mentis
2417 4888 2535 4925 suae
2589 4868 2918 4924 testimonia
2949 4873 3005 4921 et
3034 4866 3291 4935 exempla
3334 4864 3612 4917 virtutum

1918 4960 2190 5016 recordat.
2218 4962 2315 5015 Vel
2347 4977 2482 5031 ager
2510 4960 2606 5013 ille
2658 4964 2740 5013 est
2767 4956 3010 5011 cmlestis
3041 4954 3214 5008 studii
3256 4952 3560 5022 disciplina
3593 4968 3605 5005 :

1919 5048 2120 5103 messis
2178 5047 2559 5118 intelligentia
2598 5045 2907 5116 spiritualis
2934 5064 2948 5108 ;
2976 5034 3299 5097 (messores.
3335 5040 3614 5111 praedica-

1920 5144 2108 5204 tores;
2164 5136 2334 5206 spicae
2387 5140 2766 5197 remanentes,
2820 5133 3117 5186 sententiae
3166 5130 3608 5199 Scripturarum,

1921 5243 2049 5297 quae
2096 5226 2344 5279 multum
2391 5239 2494 5293 per
2535 5221 2871 5291 mysterium
2921 5220 3239 5283 occultatae,
3272 5217 3435 5289 quasi
3491 5218 3612 5287 ple-

1918 5315 2108 5369 niores
2164 5315 2462 5367 remanent
2522 5310 2593 5365 ad
2647 5308 2979 5362 exercitium
3034 5306 3381 5361 meditantis.
3440 5306 3606 5360 Plebs

1921 5420 2057 5473 ergo
2089 5402 2316 5470 gentilis
2346 5398 2780 5453 ecclesiasticam
2819 5396 3175 5468 disciplinam
3215 5396 3481 5450 ardenter
3512 5411 3610 5464 ap-

1920 5489 2081 5560 petit,
2115 5494 2177 5541 ut
2226 5488 2293 5541 ad
2327 5485 2759 5540 meditationem
2792 5484 2999 5539 divinas
3030 5484 3173 5554 legis
3202 5487 3256 5537 et
3286 5487 3613 5537 sanctorum
