3976 6178
921 296 1322 354 WALAFRIDI
1360 296 1607 352 STRABl
1646 293 1851 349 FULD.
1892 291 2060 346 MON.
2108 289 2265 345 OPP.
2316 289 2490 344 PARS
2527 288 2569 341 Ι.
2610 317 2679 329 -η-
2718 286 3175 343 THEOLOGICA.
3682 290 3773 340 336

312 425 644 481 societatem
671 424 1027 490 admittatur,
1061 427 1119 476 et
1163 426 1488 475 sanctorum
1531 416 1886 472 documentis
1916 414 2005 469 vel
2029 414 2077 467 A
2113 416 2284 482 gente
2307 426 2516 467 nomen
2548 410 2774 465 Domini
2792 410 3098 479 henedicit,
3127 409 3281 481 quod
3301 410 3537 463 servavit
3556 412 3777 480 gratiam

310 308 412 362 535

313 514 587 585 exemplis
604 512 909 568 reﬁciatur.

383 605 547 657 Vens.
573 606 632 657 8.
668 631 738 642 —
768 603 846 657 Ne
874 600 1067 655 vadas.
1105 597 1277 662 Quasi
1333 595 1481 650 dicat
1513 610 1525 647 :
1566 594 1645 649 Ne
1698 593 1929 647 recedas
1975 609 2009 646 a

325 696 470 746 statu
528 690 682 757 ﬁdei,
740 705 813 743 ne
886 686 1141 757 sequaris
1190 701 1409 739 errores
1465 681 1868 737 hareticorum
1920 681 2009 735 vel

317 778 810 834 schismaticorum
842 793 855 830 :
889 777 986 828 sed
1016 774 1197 844 magis
1222 775 1464 843 jungere
1522 770 1821 825 animabus
1877 786 2007 822 san-

321 866 445 933 ctis,
500 871 567 919 ut
639 868 821 919 metas
871 862 1190 933 Scripturas
1254 865 1493 925 sanctas,
1544 857 1894 923 meditando,
1955 861 2011 910 et

317 968 488 1021 opere
517 952 845 1023 implendo;
880 956 936 1004 et
974 951 1239 1003 haustum
1271 947 1475 1001 divina
1507 945 1801 1017 sapientia
1839 944 1907 998 de
1940 944 2009 997 li-

315 1039 434 1093 bris
474 1041 719 1095 duorum
770 1041 1265 1093 Testamentorum
1291 1036 1463 1107 (unde
1506 1033 1719 1103 pueri,
1776 1032 1833 1085 id
1881 1037 2005 1098 est,

319 1129 496 1182 sancti
528 1128 772 1197 bibunt),
805 1132 861 1181 et
887 1127 1008 1196 ipsa
1048 1127 1227 1180 bibas.

390 1216 557 1270 Vens.
594 1218 678 1269 l0.
725 1246 793 1254 —
824 1216 953 1280 Qua
982 1214 1179 1268 cadens
1222 1216 1281 1266 in
1326 1214 1544 1279 faciem.
1592 1208 1808 1263 Gratias
1838 1208 2013 1261 refert

323 1302 567 1357 Ecclesia
614 1302 876 1373 gentium
931 1300 1224 1365 Salvatori,
1283 1299 1385 1370 qui
1426 1314 1552 1352 eam
1593 1296 1874 1367 respicere
1920 1295 2011 1349 di—

322 1396 529 1461 gnatus
582 1397 685 1445 est.
734 1390 836 1444 Cui
887 1389 984 1443 ille
1009 1388 1344 1460 respondit:
1401 1388 1626 1457 placere
1679 1386 1808 1453 sibi,
1858 1384 2012 1455 quod

321 1484 551 1533 mortuo
582 1478 702 1532 viro
731 1494 855 1545 suo,
885 1478 941 1531 id
973 1481 1077 1545 est,
1108 1476 1355 1541 diabolo,
1389 1478 1655 1544 parentes
1685 1473 2013 1527 idololatras

323 1567 577 1638 reliquit,
611 1572 667 1620 et
708 1571 919 1620 terram
963 1564 1293 1629 nativitatis,
1347 1563 1409 1616 id
1455 1568 1558 1631 est,
1592 1560 1841 1614 carnalia
1867 1560 2013 1615 desi-

324 1655 501 1723 deria,
534 1660 590 1709 et
610 1656 823 1725 populo
846 1659 1169 1707 sanctorum
1192 1668 1249 1706 se
1280 1650 1532 1716 sociavit,
1561 1650 1661 1720 qui
1700 1649 1809 1703 sibi
1848 1655 2017 1703 antea

324 1744 556 1813 ignotus
602 1744 711 1798 fuit
739 1759 869 1796 cum
898 1746 1233 1812 sequeretur
1261 1739 1650 1810 cupiditatem
1680 1738 1886 1792 veteris
1913 1738 2016 1792 ho-

325 1830 519 1885 minis.
1327 1896 1336 1905 _

396 1931 557 1984 Vens.
622 1931 704 1983 13.
764 1958 833 1968 -
874 1929 1181 1994 Inveniam,
1256 1932 1360 1981 etc.
1435 1928 1579 1981 Nota
1630 1924 2018 1980 humilitatem

328 2016 561 2088 gentilis
605 2016 887 2078 Ecclesia,
920 2032 1049 2086 qua
1093 2032 1151 2069 se
1203 2016 1495 2086 cognoscit
1532 2015 1814 2085 imparem
1845 2018 2018 2067 tanta

328 2104 550 2175 gratia,
584 2105 875 2172 necjaudet
903 2120 962 2158 se
993 2104 1349 2175 aquiparare
1378 2103 1685 2175 primitiva
1715 2101 1977 2156 Ecclesia
2003 2120 2018 2167 ;

326 2193 479 2248 unde
518 2192 689 2247 dicit:
744 2194 885 2249 Nam
942 2197 993 2247 et
1045 2193 1225 2247 catelli
1260 2192 1426 2247 edunt
1468 2192 1533 2246 de
1580 2194 1754 2257 micis,
1789 2195 1893 2245 etc.
1956 2190 2021 2243 Et

328 2280 464 2335 alibi
498 2297 511 2335 :
544 2282 792 2346 Domine,
846 2296 954 2335 non
981 2280 1327 2348 sum‘dignus
1360 2285 1421 2334 ut
1465 2283 1633 2335 intres
1678 2280 1776 2334 sub
1826 2284 2020 2333 tectum

327 2384 518 2435 meum,
576 2368 671 2423 sed
701 2373 911 2423 tantum
940 2369 1029 2423 dic
1057 2369 1215 2423 verbo
1262 2374 1311 2422 et
1349 2369 1638 2425 sanabitur
1658 2383 1796 2437 puer
1848 2383 2015 2433 meus,

329 2456 544 2526 (Matth.
574 2457 709 2525 VIII).

400 2554 565 2607 Vens.
626 2554 709 2607 14.
758 2581 823 2595 -
878 2553 1102 2619 Quando
1149 2556 1302 2608 hora.
1376 2555 1525 2608 Hora
1589 2553 1851 2608 vescendi
1914 2553 2020 2607 fuit

329 2640 558 2711 quando
585 2640 798 2694 dictum
848 2644 932 2694 est
961 2640 1233 2711 apostolis
1267 2658 1279 2695 :
1342 2643 1442 2707 Ite,
1477 2641 1653 2695 docete
1681 2656 1861 2696 omnes
1890 2656 2016 2707 gen-

326 2734 425 2795 tes,
450 2731 788 2798 baptizantes
818 2744 901 2783 eos
932 2731 991 2782 in
1026 2732 1239 2783 nomine
1270 2732 1453 2784 Patris
1482 2734 1533 2783 et
1559 2731 1687 2783 Filii
1708 2735 1756 2783 et
1778 2730 2018 2798 Spiritus

329 2819 506 2871 sancti
536 2816 754 2884 (Matth.
806 2817 939 2887 xvx).
983 2821 1028 2870 A
1070 2816 1311 2871 Domino
1351 2818 1505 2872 enim
1537 2818 1751 2872 dictum
1784 2822 1907 2871 est:
1952 2818 2020 2871 In

332 2908 480 2959 viam
494 2908 737 2973 gentium
765 2921 830 2959 ne
855 2905 1348 2976 abieritis;(Matth.
1384 2908 1467 2975 χ).

400 3013 613 3078 Intinge
639 3011 946 3065 buccellam.
992 3012 1154 3081 Lege,
1209 3010 1420 3065 scilicet
1448 3028 1575 3081 qua
1606 3010 1702 3065 diu
1749 3011 2023 3065 meditata

329 3113 701 3168 perseverans
731 3098 793 3152 in
821 3098 1071 3168 priorem
1122 3100 1402 3169 populum
1435 3100 1850 3154 Pharisaorum
1882 3116 2020 3153 con-

332 3176 648 3229 ditionibus
685 3177 771 3230 vel
810 3176 1213 3231 traditionibus
1257 3184 1526 3249 corrupta
1568 3179 1823 3232 nativum
1866 3195 2025 3248 sapo-

332 3279 454 3316 rem
504 3263 766 3334 perdidit.
812 3264 876 3317 In
920 3264 1025 3318 hac
1065 3264 1236 3334 tingit
1277 3266 1520 3319 Ecclesia
1546 3266 1859 3319 buccellam
1894 3307 1907 3331 ,
1966 3266 2024 3320 id

332 3356 438 3417 est,
491 3350 830 3421 mysterium
876 3351 1285 3405 incarnationis
1350 3352 1554 3406 Christi
1625 3352 1762 3407 dicit
1814 3370 1933 3408 esse
1965 3354 2023 3407 in

332 3440 693 3493 Testamento
741 3439 950 3504 Veteri,
985 3443 1042 3492 et
1080 3438 1209 3492 ideo
1241 3439 1463 3494 ﬁrmius
1507 3441 1704 3507 credit,
1730 3441 1864 3512 quia
1893 3447 2024 3495 ante

331 3528 507 3597 longe
532 3526 967 3597 praﬁguratum
1010 3528 1317 3598 cognoscit.

411 3624 570 3676 Vens.
614 3626 697 3677 16.
729 3652 799 3663 -
826 3627 901 3677 De
948 3626 1159 3678 vestris.
1212 3625 1355 3679 Nota
1400 3624 1783 3680 humilitatem
1813 3627 2025 3697 patris-

334 3709 605 3779 familias,
631 3711 733 3781 qui
762 3726 875 3764 non
905 3712 1089 3765 solum
1112 3713 1293 3783 spicas
1317 3712 1540 3767 relictas
1561 3714 2025 3771 testimoniorum

338 3794 533 3865 colligi
553 3796 851 3866 permittit,
885 3798 982 3851 sed
1016 3798 1186 3852 etiam
1214 3799 1540 3871 manipulos
1570 3800 1817 3855 scientia
1848 3802 2025 3856 ultro-

337 3900 445 3937 nea
467 3884 730 3954 largitate
760 3885 1103 3955 impertitur.

408 3984 488 4037 De
517 3985 710 4037 vestris
748 3984 998 4037 manibus
1021 3985 1292 4053 projicite,
1346 3991 1452 4039 etc.
1495 3986 1637 4050 Quia
1666 3987 1893 4056 gentilis
1921 4004 2024 4058 po-

335 4069 462 4138 puli
492 4068 886 4123 infirmitatem
921 4088 1039 4125 non
1068 4072 1323 4141 despicit,
1368 4090 1474 4128 nec
1508 4074 1777 4143 pristinos
1809 4092 2028 4131 errores

338 4156 716 4227 improperat,
779 4158 875 4212 sed
929 4159 1101 4213 studii
1132 4162 1436 4232 sagacitate
1482 4163 1553 4217 ad
1592 4164 2027 4219 aediﬁcationem

341 4244 627 4315 perducit.

414 4341 577 4393 Vens.
627 4343 710 4394 17.
745 4369 807 4380 -
844 4343 1013 4407 Quasi
1059 4344 1204 4410 ephi.
1238 4344 1380 4399 Cum
1404 4344 1465 4398 in
1494 4345 1736 4402 lectione
1765 4364 1869 4419 per
1899 4365 2030 4403 san-

342 4429 447 4479 cta
491 4425 783 4479 Trinitatis
821 4426 1236 4483 confessionem
1268 4431 1432 4485 discit
1462 4432 1798 4488 catholicam
1832 4435 2025 4491 ﬁdem.

342 4513 410 4566 In
442 4512 577 4582 ephi
608 4529 895 4583 mensura,
927 4532 1057 4586 qua
1087 4522 1200 4571 tres
1223 4519 1441 4573 modios
1462 4521 1737 4586 continet,
1772 4523 2033 4594 signatur

342 4615 461 4653 una
490 4600 805 4656 divinitatis
836 4603 1167 4672 substantia,
1200 4612 1257 4661 et
1286 4608 1464 4662 trium
1493 4626 1867 4680 personarum
1898 4630 2029 4683 pro-

341 4688 557 4758 prietas
568 4729 583 4745 .

414 4787 578 4845 Vens.
619 4791 701 4845 l8.
732 4817 802 4830 -—-
831 4792 970 4858 Quos
1004 4795 1252 4862 portans.
1300 4793 1443 4860 Quia
1488 4796 1661 4851 ﬁdem
1708 4813 1869 4853 suam
1910 4816 2031 4853 ma-

343 4874 419 4929 tri
448 4876 712 4933 Ecclesia
750 4880 1014 4935 ostendit.
1050 4882 1148 4935 Vel
1179 4882 1421 4937 Ecclesia
1464 4900 1762 4957 synagoga
1786 4887 2031 4957 gratiam

345 4979 520 5035 quam
545 4967 737 5037 sponsi
766 4968 856 5022 sui
884 4985 1120 5024 munere
1172 4972 1446 5043 percepit,
1488 4974 1751 5040 ostendit,
1801 4980 1868 5029 ut
1905 4992 2031 5030 eam

342 5059 675 5122 provocaret
705 5056 775 5110 ad
794 5056 983 5111 ﬁdem.

414 5150 585 5205 Dedit
638 5154 705 5206 ei.
775 5153 1061 5209 Eructavit
1114 5171 1211 5210 cor
1265 5173 1459 5212 meum
1504 5159 1740 5213 verbum
1787 5160 2026 5228 bonum,

341 5238 554 5293 scilicet
582 5239 652 5294 de
682 5241 1038 5310 plenitudine
1066 5245 1254 5299 cordis
1283 5246 1475 5301 cibum
1511 5248 1954 5318 pradicationis.

410 5327 758 5384 Benedictus.
819 5329 1139 5404 Synagoga,
1192 5335 1534 5405 pradicante
1593 5336 1837 5391 Ecclesia
1886 5353 2026 5408 gen-

337 5416 508 5486 tium,
552 5417 866 5473 bonitatem
913 5424 971 5474 et
1016 5423 1334 5491 potentiam
1369 5423 1594 5478 Domini
1620 5424 1928 5495 cognoscit,
1970 5430 2028 5480 et

339 5504 737 5561 fortitudinem
769 5506 857 5562 sui
882 5509 1218 5578 protectoris
1250 5526 1262 5565 :
1291 5516 1349 5564 et
1380 5512 1614 5567 tandem
1657 5512 1893 5569 veritate
1936 5530 2027 5568 co-

2115 498 2361 553 mortuis
2392 515 2565 570 quam
2594 499 2841 569 prahuit
2865 498 3022 554 vivis.

2192 588 2350 643 Vens.
2396 590 2484 641 20.
2534 618 2603 627 —
2647 586 3020 656 Propinquus.
3072 586 3373 654 Cognoscit
3415 585 3781 657 propinquum

2117 681 2302 728 mater
2320 674 2564 729 Ecclesia
2584 690 2690 744 per
2710 674 2957 743 gratuita
2986 674 3261 727 beneﬁcia
3297 674 3508 743 populo
3547 673 3783 741 gentium

2119 763 2342 830 collata,
2375 770 2432 817 et
2463 765 2658 816 auditu
2714 763 2950 816 nomine
2990 762 3321 815 recordatur
3400 762 3783 816 beneﬁciorum

2121 850 2518 920 antiquorum;
2552 852 2700 904 unde
2738 868 2750 904 :
2782 855 2978 904 .llcmor
3014 852 3104 916 fui
3156 850 3363 903 dierum
3411 852 3741 917 antiquorum
3770 892 3783 917 ,

2118 938 2409 992 meditatus
2438 954 2557 991 sum
2597 940 2653 991 in
2700 938 2945 991 omnibus
2974 937 3223 1006 operibus
3256 940 3363 991 tuis
3405 937 3574 1007 (Psal.
3629 940 3784 1007 chn).

2193 1027 2359 1080 Vens.
2391 1028 2481 1080 2l.
2514 1057 2583 1065 —
2620 1028 2881 1095 Praecepit
2910 1028 3064 1080 mihi.
3090 1026 3233 1090 Quia
3263 1025 3520 1087 Christus
3548 1026 3784 1078 omnibus

2121 1113 2191 1166 ad
2241 1129 2299 1167 se
2346 1113 2706 1168 venientibus
2753 1114 3033 1184 pracipit,
3083 1119 3148 1166 ut
3179 1113 3360 1182 magis
3389 1127 3521 1164 cum
3550 1111 3780 1165 ﬁdelibus

2121 1201 2238 1253 suis
2272 1202 2592 1270 jungantur
2628 1202 2697 1256 ad
2747 1217 2990 1255 messem
3037 1200 3347 1271 spiritualis
3378 1199 3603 1270 segetis,
3634 1216 3778 1270 quam

2122 1304 2253 1342 cum
2277 1289 2499 1354 alienis,
2532 1290 2623 1343 cui
2644 1289 3003 1360 persuasioni
3030 1290 3309 1343 consentit
3333 1304 3549 1353 socrus,
3582 1287 3783 1341 dicens:

2122 1378 2314 1431 Melius
2341 1383 2419 1431 est
2446 1377 2567 1447 ﬁlia
2600 1395 2613 1444 ;
2650 1380 2756 1432 hoc
2806 1383 2871 1431 ut
2918 1378 3137 1431 bonum
3183 1381 3240 1431 et
3286 1376 3425 1429 utile
3474 1391 3590 1429 non
3630 1379 3789 1445 potest

2125 1480 2330 1534 negare
2360 1469 2678 1537 Synagoga.

2195 1555 2356 1613 Vens.
2408 1558 2494 1609 23.
2529 1586 2597 1595 —
2645 1557 2825 1610 Donec
2856 1557 3119 1609 triticum.
3168 1555 3279 1607 Hoc
3320 1557 3421 1613 est,
3474 1552 3668 1606 tandiu
3701 1552 3791 1605 ad-

2126 1640 2301 1697 haeret
2332 1642 2660 1697 doctoribus
2680 1643 2739 1697 in
2770 1642 3143 1697 meditatione
3165 1641 3608 1712 Seripturarum,
3637 1640 3797 1693 donec

2128 1729 2342 1783 Veteris
2386 1735 2441 1783 et
2469 1731 2611 1785 Novi
2648 1730 2992 1786 Testamenti
3056 1730 3320 1784 notitiam
3351 1730 3411 1782 in
3453 1729 3596 1783 cella
3633 1728 3798 1781 cordis

2123 1818 2502 1873 reconderet:
2564 1820 2717 1874 unde
2764 1825 2993 1891 pastum
3041 1818 3248 1872 anima
3294 1816 3668 1872 sufﬁcientem
3710 1815 3799 1869 ha-

2125 1904 2304 1959 heret.

2799 1976 3021 2032 CAPUT
3049 1977 3144 2030 III.

2198 2080 2356 2133 Vens.
2391 2083 2443 2134 2.
2497 2111 2566 2120 -
2615 2081 2836 2135 Aeram.
2901 2081 3260 2152 Synagogam
3327 2079 3654 2134 Judaorum
3716 2077 3805 2132 ubi

2124 2167 2267 2237 legis
2298 2168 2581 2222 hordeum
2611 2169 2909 2223 conditum
2940 2174 3027 2223 est
3062 2185 3075 2223 :
3106 2169 3252 2222 hanc
3278 2167 3531 2222 Christus
3561 2167 3802 2231 ventilat,

2124 2256 2356 2327 quando
2415 2256 2474 2310 in
2503 2273 2634 2310 area
2682 2257 3051 2328 Evangelium
3082 2257 3419 2328 pradicans,
3461 2256 3805 2327 singulorum

2125 2344 2366 2398 consilia
2395 2348 2451 2398 et
2480 2347 2795 2400 voluntates
2824 2362 2960 2417 erga
2990 2362 3047 2399 se
3095 2346 3350 2411 triturat;
3408 2345 3603 2399 unde:
3654 2345 3804 2397 Jesus

2125 2437 2305 2486 autem
2331 2448 2439 2487 non
2464 2434 2712 2488 credebat
2734 2436 3075 2503 semetipsum
3108 2435 3206 2500 eis,
3241 2448 3302 2486 eo
3333 2432 3479 2500 quod
3501 2434 3618 2501 ipse
3644 2435 3807 2485 nosset

2125 2535 2320 2588 omnes,
2353 2525 2403 2573 et
2426 2537 2533 2575 non
2567 2526 2685 2575 erat
2740 2536 2872 2591 opus
2910 2524 2961 2575 ei
2987 2526 3044 2575 ut
3070 2523 3193 2590 quis
3232 2522 3607 2575 testimonium
3629 2520 3807 2588 perhi-

2126 2608 2269 2662 beret
2300 2608 2366 2662 de
2382 2609 2593 2663 homine
2624 2610 2814 2677 (Joan.
2850 2609 2929 2679 ιι).

2197 2699 2355 2752 Vens.
2390 2700 2443 2752 2.
2490 2729 2557 2737 —
2610 2700 2727 2755 Non
2754 2704 2819 2753 te.
2852 2698 2995 2762 Quia
3042 2698 3183 2752 ﬁdes
3240 2698 3502 2769 gentium
3563 2695 3811 2751 Ecclesia

2127 2801 2241 2839 non
2273 2790 2405 2839 ante
2433 2786 2722 2856 apparuit,
2766 2802 2939 2856 quam
2983 2786 3238 2840 Christus
3269 2785 3605 2855 mysterium
3638 2784 3809 2836 incar-

2125 2872 2376 2927 nationis
2410 2889 2528 2927 sua
2555 2873 2834 2944 implevit,
2883 2874 3111 2944 quando
3153 2873 3525 2944 corporaliter
3550 2874 3695 2926 inter
3724 2871 3815 2924 ho-

2128 2962 2312 3015 mines
2343 2960 2538 3015 vivens
2576 2962 2703 3015 cibo
2760 2978 2824 3015 ac
2848 2967 2990 3031 potu
3019 2978 3154 3016 usus
3201 2968 3305 3029 est,
3347 2966 3403 3015 et
3441 2961 3674 3015 tandem
3715 2975 3816 3012 ca-

2134 3065 2278 3103 nans
2307 3065 2438 3103 cum
2457 3050 2748 3121 discipulis
2775 3050 2890 3103 suis
2916 3051 3169 3121 corporis
3199 3055 3255 3104 et
3293 3050 3587 3119 sanguinis
3622 3048 3707 3102 sui
3732 3064 3815 3101 sa-

2133 3142 2425 3192 cramenta
2457 3139 2896 3193 communicavit
2940 3141 3040 3193 eis.
3099 3140 3338 3209 Impleto
3369 3145 3562 3192 autem
3614 3144 3815 3208 myste-

2132 3225 2217 3279 rio
2261 3225 2720 3294 dispensationis,
2780 3226 2985 3281 Christi
3027 3228 3272 3281 Ecclesia
3323 3228 3392 3282 de
3436 3226 3706 3297 gentibus
3751 3225 3813 3279 ad

2133 3314 2306 3369 ﬁdem
2337 3314 2676 3369 ﬁducialiter
2710 3315 2960 3370 accessit.

2203 3403 2370 3456 Vens.
2408 3403 2459 3456 4.
2494 3432 2564 3444 -
2609 3405 2989 3472 Discooperies,
3042 3408 3147 3459 etc.
3201 3404 3361 3468 Quod
3401 3403 3577 3458 dicit:
3628 3407 3817 3472 Agno-

2133 3506 2222 3545 sce
2262 3490 2548 3545 Christum
2578 3506 2682 3560 pro
2707 3496 2763 3544 te
2794 3507 3044 3560 passum,
3088 3499 3145 3546 et
3187 3493 3317 3547 veni
3364 3493 3570 3547 devota
3606 3496 3811 3554 mente,

2134 3579 2348 3633 discute
2388 3579 2811 3649 operimentum
2850 3580 3049 3635 littera
3098 3580 3315 3635 Veteris
3364 3579 3713 3634 Testamenti
3762 3578 3818 3631 in

2136 3684 2249 3738 quo
2279 3667 2495 3738 tegitur
2534 3673 2952 3723 sacramentum
3004 3669 3417 3724 incarnationis
3470 3668 3711 3733 Christi;
3769 3672 3822 3719 et

2135 3772 2263 3809 cum
2295 3757 2626 3827 cognoveris
2657 3757 2789 3811 inde
2817 3757 2922 3813 tibi
2957 3758 3200 3812 salutem
3230 3758 3596 3829 promissam,
3635 3755 3819 3810 humi-

2134 3844 2266 3898 liter
2312 3845 2382 3898 ad
2431 3844 2710 3899 auxilium
2757 3846 2879 3916 ejus
2923 3847 3186 3919 confuge,
3246 3852 3309 3901 ut
3366 3846 3445 3900 ibi
3491 3859 3822 3916 permaneas

2138 3932 2296 3987 omni
2332 3938 2609 4003 tempore.

2207 4022 2378 4076 Vens.
2410 4026 2463 4076 ‘7.
2494 4051 2561 4061 —-
2618 4022 2903 4077 Acervum.
2954 4023 3304 4077 Testimonia
3354 4022 3819 4093 Scripturarum;

2135 4109 2290 4163 unde
2319 4126 2331 4161 :
2366 4110 2541 4165 Filius
2572 4109 2803 4165 hominis
2833 4112 2987 4165 vadit
3016 4115 3157 4167 sicut
3176 4114 3439 4181 scriptum
3487 4115 3571 4163 est
3628 4110 3693 4163 de
3737 4109 3821 4161 illo

2138 4197 2355 4268 (Matth.
2399 4198 2567 4267 xxvx).
2628 4200 2723 4252 Vel
2767 4200 2932 4268 juxta
2958 4204 3176 4254 turmas
3203 4200 3463 4254 ﬁdelium
3496 4198 3818 4251 animarum

2056 4290 2101 4344 Ι)
2141 4300 2280 4355 quas
2310 4290 2497 4339 morte
2519 4302 2620 4339 sua
2648 4286 2718 4339 ab
2740 4286 2936 4341 inferis
2965 4289 3269 4343 revocavit.
3322 4288 3407 4342 Ad
3435 4287 3591 4340 hunc
3618 4287 3819 4339 lectum

2135 4373 2467 4445 properavit
2505 4375 2747 4429 Ecclesia
2775 4380 2831 4429 et
2860 4376 3213 4448 discooperto
3244 4378 3440 4447 pallio,
3473 4383 3581 4434 etc.

2208 4462 2369 4517 Vens.
2408 4466 2491 4517 12.
2531 4492 2601 4503 —
2642 4463 2752 4518 Sed
2798 4469 2875 4518 est
2931 4466 3072 4520 alius
3111 4482 3191 4519 me
3233 4470 3621 4536 propinquior.
3663 4472 3818 4524 Joan-

2136 4566 2237 4605 nes
2266 4549 2511 4621 Baptista
2556 4551 2655 4622 qui
2684 4551 2959 4620 iChristus
2988 4554 3318 4623 putabatur,
3348 4556 3444 4610 sed
3476 4558 3673 4626 sponsi
3721 4574 3816 4611 no-

2138 4654 2267 4692 men
2299 4654 2414 4691 non
2444 4639 2755 4709 usurpavit,
2793 4640 2900 4694 sed
2954 4640 3173 4694 Christo
3213 4643 3536 4711 reservavit,
3583 4646 3774 4699 dicens
3805 4661 3817 4697 :

2138 4727 2245 4791 Qui
2281 4726 2439 4780 habet
2472 4740 2726 4795 sponsam
2754 4742 2982 4796 sponsus
3024 4734 3122 4793 est,
3157 4740 3268 4785 etc.
3299 4730 3400 4784 Hic
3428 4732 3823 4804 propinquior,

2139 4813 2271 4884 quia
2290 4813 2349 4866 in
2379 4814 2593 4868 mundo
2640 4815 2798 4886 prior
2851 4821 3038 4870 natus.
3073 4817 3170 4870 Vel
3199 4817 3303 4871 iste
3333 4819 3715 4891 prOpinquus,
3749 4824 3825 4874 est

2136 4902 2279 4972 legis
2326 4901 2630 4973 decalogus
2694 4903 2795 4975 qui
2858 4904 3240 4976 propinquior
3286 4906 3601 4979 Synagoga
3656 4924 3824 4980 quam

2138 4990 2506 5061 Evangelium
2548 4991 2867 5056 videbatur,
2914 4992 3056 5064 quia
3098 4994 3425 5064 specialiter
3469 4996 3553 5051 illi
3616 4998 3824 5069 populo

2136 5076 2299 5131 datus
2325 5083 2381 5132 et
2408 5082 2667 5149 tempore
2694 5080 2854 5150 prior
2870 5085 2973 5135 est.

2207 5164 2369 5219 Vens.
2414 5167 2497 5219 14.
2556 5194 2627 5207 —
2656 5167 2910 5222 Surrexit
2960 5170 3146 5238 itaque
3200 5174 3509 5240 antequam.
3563 5171 3705 5236 Quia
3732 5188 3825 5225 an-

2135 5257 2366 5324 tequam
2394 5253 2573 5308 Judai
2603 5254 2863 5309 doctrina
2892 5255 3034 5326 legis
3077 5256 3285 5312 imbuti
3313 5264 3533 5313 natura
3556 5277 3674 5314 sua
3698 5260 3822 5331 jura

2135 5346 2562 5413 cognoscerent,
2624 5344 2865 5398 Ecclesia
2916 5345 3176 5414 gentium
3226 5347 3449 5403 inertia
3504 5364 3621 5403 sua
3672 5364 3819 5403 som—

2135 5428 2298 5484 nium
2338 5430 2626 5485 excutiens
2675 5431 2926 5487 diluculo
2983 5434 3266 5489 nascentis
3313 5434 3449 5490 ﬁdei
3496 5436 3819 5503 resurrexit,

2135 5520 2192 5571 et
2218 5516 2291 5571 ad
2319 5517 2527 5573 Christi
2554 5519 2798 5589 gratiam
2829 5522 3173 5593 properavit.
