3976 6178
192 306 284 356 537
884 342 890 349 ι
1324 307 1579 363 GLOSSA
1620 308 2021 364 ORDINABIA.
2062 336 2134 348 —
2176 310 2301 363 LIB.
2345 309 2556 366 RUTH.

861 430 1083 484 CAPUT
1122 431 1210 484 IV.

259 575 423 630 Vsus.
486 582 533 631 l.
574 608 648 621 —
690 580 939 635 Declina.
996 581 1140 645 Quia
1190 581 1444 635 Christus
1486 580 1697 636 Judais
1752 580 1892 636 vidit

187 662 379 733 legem
415 668 780 721 constitutam
814 668 1207 739 temporaliter
1239 685 1252 722 :
1288 673 1343 722 et
1401 668 1471 723 ad
1511 684 1569 722 se
1602 655 1886 723 declinare

181 751 396 827 jussit:
430 756 565 827 quia
621 773 746 811 eam
796 757 867 810 ad
925 756 1361 828 dispensationis
1393 774 1511 812 sua
1559 757 1893 828 mysterium

187 845 619 899 testiﬁcandum
672 845 985 900 inclinavit.
1043 846 1266 900 Aliter:
1318 847 1457 901 vidit
1499 847 1892 917 propinquum

190 934 513 1005 praterire,
581 950 712 987 cum
769 934 1133 1003 pracursoris
1190 935 1278 989 sui
1354 935 1659 989 adventum
1722 951 1893 1005 quem

190 1039 353 1077 more
388 1024 659 1076 humana
695 1022 825 1075 vita
876 1039 1179 1094 properare
1219 1024 1533 1093 conspexit,
1576 1028 1632 1077 et
1663 1023 1731 1077 ad
1763 1023 1895 1076 ofﬁ-

193 1112 345 1166 cium
386 1111 761 1181 prazcursoris
790 1110 1234 1165 misericorditer
1264 1112 1537 1165 converti.

262 1220 524 1273 Locutus.
596 1216 1009 1271 Convenienter
1073 1218 1416 1288 legisperitis
1471 1222 1691 1289 partem
1774 1219 1898 1288 agri

195 1305 403 1361 Noemi
436 1306 509 1359 ad
534 1306 844 1359 emendum
877 1305 1102 1373 obtulit,
1126 1323 1257 1360 cum
1287 1311 1506 1377 partem
1536 1306 1715 1377 plebis
1769 1322 1897 1377 qua

192 1399 516 1463 apparente
541 1394 877 1464 jam\gratia
926 1396 1220 1458 remansit,
1262 1395 1334 1449 ad
1367 1396 1721 1460 salvandum,
1773 1411 1893 1448 ma-

194 1481 393 1553 gistris
438 1482 755 1553 Synagoga
817 1483 1083 1550 ostendit,
1153 1489 1215 1537 ut
1263 1483 1657 1538 inﬁrmitatem
1736 1500 1899 1537 suam

196 1576 605 1640 agnoscerent,
657 1576 712 1624 et
767 1572 920 1641 quod
960 1571 1071 1641 ipsi
1123 1572 1449 1643 nequirent,
1513 1589 1644 1626 vero
1679 1573 1897 1627 medico

192 1659 531 1713 faciendum
565 1663 1011 1727 committerent,
1046 1662 1195 1714 unde
1236 1661 1475 1731 leprosis
1506 1661 1715 1715 dicitur
1751 1676 1763 1715 :
1797 1664 1893 1727 Ite,

200 1748 470 1802 ostendite
521 1763 614 1802 vos
654 1718 1019 1803 sacerdotibus
1066 1750 1210 1817 (Luc.
1265 1718 1418 1819 x‘vu),
1477 1755 1694 1805 etcum
1750 1718 1901 1804 irent
1932 1718 1972 1773 Β

198 1835 470 1890 mandati
503 1842 655 1890 sunt.

279 1944 448 1997 Vzns.
478 1946 529 1996 5.
554 1973 623 1983 ——
657 1945 724 1997 Ut
760 1944 1003 1998 suscites.
1053 1942 1348 2014 Signiﬁcat
1390 1959 1507 1998 non
1540 1944 1712 1998 aliam
1767 1960 1901 2015 pos-

199 2039 522 2095 sessionem
581 2032 763 2102 plebis
814 2048 988 2102 quam
1046 2033 1465 2103 copulationem
1522 2034 1782 2089 Ecclesia
1841 2036 1902 2088 in

200 2124 545 2197 conjugium
588 2120 815 2186 Christi,
872 2121 970 2191 qui
1009 2122 1299 2175 suscitavit
1340 2121 1640 2192 antiquum
1690 2139 1905 2177 nomen

201 2216 307 2272 ﬁlii
341 2214 446 2269 Dei
479 2210 633 2283 quod
672 2209 731 2263 in
765 2208 928 2264 initio
960 2210 1284 2265 habuerunt
1313 2210 1525 2277 sancti;
1580 2211 1766 2265 unde:
1808 2214 1903 2267 Vi-

202 2306 391 2359 dentes
451 2302 555 2371 ﬁlii
609 2301 736 2366 Dei,
783 2302 912 2365 etc.,
949 2303 1005 2351 et
1051 2298 1229 2352 Lucas
1259 2298 1439 2353 dicit:
1485 2300 1667 2354 Adam
1720 2299 1905 2353 tilium

204 2393 324 2457 Dei,
367 2404 543 2461 quem
576 2387 745 2441 etiam
787 2386 847 2439 in
886 2386 1192 2440 Ecclesiam
1222 2387 1479 2457 gentium
1507 2403 1611 2457 per
1662 2388 1906 2457 gratiam

206 2481 311 2535 Dei
342 2476 671 2542 suscitavit;
712 2474 911 2529 unde:
944 2474 1101 2529 Dedit
1157 2476 1230 2529 eis
1265 2480 1583 2544 potestatem
1629 2478 1771 2544 ﬁlios
1810 2477 1907 2530 Dei

202 2572 346 2638 ﬁeri,
381 2572 491 2621 etc.
530 2565 645 2618 Hoc
681 2578 891 2616 nomen
942 2562 1003 2615 in
1047 2562 1396 2631 nationibus,
1430 2564 1573 2632 legis
1604 2564 1907 2633 decalogus

205 2658 488 2712 suscitare
522 2669 635 2707 non
658 2652 867 2721 potuit.
899 2650 956 2705 Si
986 2655 1179 2704 autem
1206 2652 1313 2705 hoc
1361 2652 1427 2706 ad
1476 2652 1753 2705 Joannem
1809 2654 1907 2706 Ba-

206 2746 447 2817 ptistam
477 2739 759 2803 retuleris,
820 2738 1075 2792 invenies
1106 2755 1238 2793 eum
1277 2740 1572 2794 cedentem
1624 2740 1744 2809 juri
1773 2756 1905 2810 pro-

202 2830 573 2905 pinquitatis,
610 2834 664 2882 et
696 2828 975 2882 dicentem
1009 2844 1021 2880 :
1063 2830 1176 2895 Ego
1216 2828 1434 2897 baptizo
1478 2831 1537 2882 in
1578 2845 1723 2897 aqua
1755 2846 1768 2883 ε
1801 2844 1907 2883 me-

206 2922 332 2975 dius
388 2924 572 2973 autem
620 2922 865 2971 vestrum
906 2918 1055 2970 stetit
1112 2932 1264 2983 quem
1286 2932 1377 2970 vos
1432 2919 1691 2971 nescitis:
1749 2918 1905 2986 cujus

3592 319 3695 370 538

1920 430 1970 484 A
2008 429 2109 483 sia
2158 432 2442 503 gentium,
2502 438 2567 487 ut
2624 434 2868 503 gratiam
2935 433 3322 502 fecunditatis,
3381 450 3554 506 quam
3592 436 3695 491 ha-

2002 518 2252 573 buerunt
2272 521 2659 575 Israelitarum
2679 521 2852 591 primi
2873 528 3162 591 parentes,
3190 523 3481 594 percipiat.

2073 608 2290 663 Rachel.
2326 609 2435 678 Spe
2467 610 2708 663 interna
2739 610 3239 680 contemplationis
3260 611 3481 665 habens
3512 610 3685 664 inter-

2004 711 2135 748 nam
2195 695 2635 763 intelligentiam
2704 695 2983 752 veritatis.
3056 697 3231 763 Unde,
3284 698 3493 752 Rachel
3548 698 3703 751 bona

2003 781 2167 847 facie,
2201 786 2259 836 et
2294 782 2537 852 pulchra
2576 784 2782 852 specie,
2830 799 3001 852 quam
3052 788 3206 836 amat
3236 784 3422 837 omnis
3448 783 3541 854 pie
3585 788 3697 836 stu-

2006 871 2220 933 diosus,
2253 876 2308 925 et
2341 877 2577 942 propter
2622 873 2768 926 hanc
2797 872 2970 925 servit
3014 872 3225 937 Laban,
3280 872 3381 942 qui
3410 872 3695 941 interpre-

2006 964 2160 1012 tatur
2190 959 2495 1025 dealbatio,
2524 977 2697 1030 quam
2741 965 3072 1032 comparata
3098 961 3296 1031 gratia
3334 960 3431 1015 Dei
3462 959 3562 1031 qui
3608 960 3701 1014 di-

2006 1048 2083 1101 cit
2116 1064 2129 1101 :
2164 1047 2315 1113 Quod
2342 1051 2394 1102 si
2440 1051 2665 1114 fuerunt
2707 1055 2932 1118 peccata
2960 1056 3140 1103 vestra
3183 1052 3320 1104 sicut
3349 1051 3696 1115 Phanicium,

2007 1140 2269 1204 tanquam
2297 1137 2397 1188 nia:
2427 1136 2828 1189 dealbabuntur
2861 1139 2991 1205 (lsa.
3024 1137 3084 1207 1).

2077 1225 2251 1278 Liam.
2297 1224 2458 1278 Actio
2512 1225 2685 1294 hujus
2714 1226 2844 1278 vita
2870 1226 2932 1278 in
2979 1242 3093 1295 qua
3131 1224 3372 1278 vivimus
3408 1223 3701 1278 laboriosa

2008 1316 2094 1364 est
2124 1327 2192 1364 ex
2224 1311 2353 1376 ﬁde,
2389 1317 2444 1365 et
2474 1312 2710 1375 incerta,
2748 1330 2860 1383 quo
2892 1313 3048 1367 exitu
3090 1314 3385 1384 perveniat
3428 1312 3497 1366 ad
3543 1311 3697 1366 utili-

2008 1403 2185 1452 tatem
2219 1415 2421 1453 eorum
2451 1400 2656 1471 quibus
2681 1401 2973 1455 consulere
3002 1402 3284 1454 volumus.
3320 1402 3445 1471 Ipsa
3475 1404 3557 1453 est
3605 1399 3703 1455 Lia

2009 1488 2166 1559 prior
2203 1503 2349 1544 uxor
2392 1491 2583 1549 Jacob.
2636 1506 2765 1560 qua
2813 1489 3060 1543 inﬁrmis
3109 1491 3288 1543 oculis
3355 1490 3526 1544 fuisse
3578 1504 3700 1544 me-

2010 1583 2289 1633 moratur.

2083 1667 2243 1720 Vens.
2283 1669 2366 1719 t2.
2398 1694 2465 1706 —
2512 1667 2734 1734 Phares,
2772 1669 2876 1719 etc.
2910 1666 3019 1730 Qui
3050 1666 3280 1737 gentilis
3310 1665 3511 1737 populi
3563 1681 3702 1737 gra-

2010 1754 2148 1807 tiam
2177 1754 2380 1820 tenuit,
2425 1758 2481 1808 et
2516 1754 2573 1807 in
2618 1759 2785 1823 partu
2829 1754 3066 1809 fratrem
3104 1755 3202 1825 qui
3242 1755 3404 1824 prior
3459 1770 3695 1808 manum

2012 1842 2280 1897 emiserat
2334 1843 2641 1912 praecessit,
2678 1844 2851 1897 Israel
2878 1842 3033 1897 enim
3070 1843 3132 1897 in
3163 1859 3335 1913 opere
3366 1842 3509 1913 legis
3538 1842 3700 1912 prius

2012 1947 2247 1984 manum
2278 1930 2487 1995 emisit,
2511 1937 2567 1985 et
2596 1947 2722 1984 eam
2751 1932 3166 2001 prophetarum
3196 1935 3253 1984 et
3271 1930 3456 2001 ipsius
3495 1929 3704 1985 Christi

2013 2035 2213 2073 cruore
2244 2020 2522 2089 pollutam
2551 2019 2804 2073 retraxit.
2863 2021 3064 2073 Postea
3094 2035 3226 2073 vero
3259 2019 3506 2090 populus
3570 2034 3705 2089 gen-

2012 2107 2158 2161 tium
2212 2107 2499 2177 prorupit,
2530 2111 2590 2159 ut
2637 2112 2824 2161 essent
2877 2110 3048 2177 primi
3102 2110 3383 2162 novissimi
3422 2112 3473 2161 et
3516 2109 3702 2161 novis-

2013 2198 2138 2250 simi
2160 2197 2334 2264 primi
2381 2196 2596 2265 (Matth.
2645 2197 2754 2266 xx).
2786 2196 3034 2251 Thamar
3064 2213 3292 2268 quoque
3348 2200 3705 2250 commutans

2014 2285 2099 2337 vel
2127 2284 2447 2337 amaritudo
2477 2284 2906 2355 interpretatur.
2964 2285 3207 2339 Ecclesia
3259 2285 3411 2338 enim
3443 2284 3705 2355 gentium

2016 2376 2071 2426 et
2099 2372 2330 2426 nomine
2363 2378 2420 2426 et
2456 2373 2676 2441 habitu,
2705 2390 2834 2443 qua
2866 2373 2974 2427 fuit
3027 2373 3087 2426 in
3119 2373 3440 2427 idololatria
3469 2373 3620 2427 foeda
3649 2376 3705 2427 et

2017 2476 2229 2527 amara,
2260 2460 2320 2514 in
2344 2462 2684 2530 panitentia
2713 2464 2779 2515 tit
2807 2461 2987 2515 dulcis
3018 2466 3073 2515 et
3120 2462 3372 2531 pulchra.

2088 2549 2243 2601 Vens.
2278 2552 2358 2602 l3.
2405 2578 2471 2587 —
2524 2550 2590 2603 Ut
2646 2550 2940 2618 conciperet
2981 2554 3029 2601 et
3054 2552 3287 2617 pareret.
3333 2547 3570 2616 Semper
3600 2548 3705 2600 Ec-

2016 2636 2186 2690 clesia
2216 2636 2456 2706 Spiritus
2484 2636 2663 2690 sancti
2692 2653 2929 2690 munere
2975 2636 3332 2700 fecundatur,
3400 2638 3456 2689 et
3482 2634 3606 2688 aliis
3636 2634 3707 2687 ad

2018 2727 2200 2778 lucem
2253 2731 2590 2796 perpetuam
2658 2725 3062 2780 decedentibus
3120 2724 3215 2778 alii
3248 2723 3567 2791 succedent,
3640 2726 3706 2776 ut

2017 2813 2402 2869 Christianum
2451 2831 2667 2869 nomen
2697 2815 2756 2869 in
2811 2822 3090 2869 aternum
3125 2818 3353 2868 maneat
3408 2818 3468 2867 et
3522 2816 3706 2866 mater

2017 2903 2371 2957 sanctissima
2404 2904 2472 2957 de
2500 2920 2645 2956 nova
2700 2903 2973 2974 progenie
3030 2903 3091 2957 in
3129 2906 3415 2956 senectute
3448 2918 3549 2955 sua
3578 2917 3706 2953 con-

208 3026 316 3063 non
386 3024 507 3062 sum
564 3007 764 3074 dignus
822 3006 1022 3059 solvere
1080 3007 1317 3073 corrigia
1379 3006 1723 3059 calceamenti
1769 3007 1901 3075 ejus,
1937 3004 1978 3059 C
2016 2991 2351 3045 solationem
2386 2992 2609 3045 habeat.
2646 2993 3059 3046 Decedentibus
3089 3007 3319 3062 quoque
3369 2989 3707 3059 patriarchis

208 3098 274 3151 Et
305 3095 448 3151 alibi
479 3112 492 3148 :
528 3096 649 3162 Ego
688 3109 795 3147 non
822 3108 942 3147 sum
968 3094 1214 3149 Christus
1249 3109 1263 3146 :
1291 3094 1385 3147 sed
1408 3096 1602 3147 missus
1636 3108 1754 3147 sum
1784 3099 1909 3148 ante

208 3201 353 3240 eum.
405 3184 510 3249 Qui
542 3182 699 3236 habet
725 3196 1003 3251 sponsam,
1059 3196 1286 3250 sponsus
1335 3186 1427 3236 est.
1482 3182 1643 3236 Cedit
1680 3198 1909 3253 quoque

209 3274 304 3328 lex
367 3270 714 3338 Evangelia:
759 3272 871 3324 Lea:
927 3272 1069 3323 enim
1113 3270 1446 3325 subintravit
1506 3274 1567 3324 ut
1606 3270 1910 3324 abundaret

210 3362 493 3416 delictum.
550 3359 651 3414 Ubi
702 3363 879 3412 autem
921 3358 1221 3412 abundavit
1266 3359 1539 3423 delictum,
1570 3360 1913 3429 superabun-

211 3450 371 3503 davit
401 3452 453 3501 et
482 3449 685 3515 gratia.
734 3446 1080 3517 Reprobatio
1133 3446 1366 3517 quidem
1415 3446 1479 3500 ﬁt
1533 3446 1909 3517 praecedentis

210 3536 475 3592 mandati
549 3540 782 3606 propter
855 3534 1250 3589 inﬁrmitatem
1324 3535 1490 3605 ejus:
1558 3535 1909 3589 introductio

212 3642 348 3679 vero
385 3623 641 3679 melioris
693 3623 813 3693 spei
845 3639 948 3693 per
980 3640 1152 3695 quam
1196 3624 1587 3694 proximamus
1619 3624 1689 3677 ad
1729 3625 1907 3678 Deum

212 3714 277 3767 ﬁt
308 3730 417 3783 per
435 3715 629 3767 Jesum
657 3712 968 3768 Christum.

279 3822 450 3874 Vens.
488 3822 540 3874 8.
590 3848 660 3860 —
714 3819 943 3873 Solvere.
994 3817 1454 3872 Calceameutum
1510 3819 1773 3872 velamen
1826 3822 1912 3873 est

212 3907 647 3979 mysteriorum.
714 3908 821 3961 Lex
852 3922 983 3959 vero
1023 3906 1090 3959 de
1121 3906 1267 3975 pede
1307 3923 1410 3960 suo
1461 3908 1907 3961 calceamentum

212 3997 407 4063 solvit,
452 4001 506 4049 et
537 3995 757 4051 Christo
789 3995 964 4061 dedit,
1017 3994 1153 4063 quia
1185 3999 1539 4048 sacramenta
1587 4012 1691 4065 per
1729 3995 1910 4065 magi—

212 4092 365 4139 stros
392 4084 598 4154 populi
632 4082 994 4136 manifestare
1024 4098 1139 4136 non
1172 4083 1378 4153 potuit,
1412 4083 1509 4137 sed
1549 4084 1772 4138 Christo
1804 4084 1912 4137 hoc

213 4173 549 4229 faciendum
595 4174 922 4225 reservavit.
967 4172 1213 4226 Joannes
1265 4187 1402 4243 ergo
1455 4188 1570 4225 non
1628 4171 1753 4239 sibi,
1812 4172 1911 4225 sed

214 4261 446 4315 Christo
506 4253 955 4312 calceamentum
1014 4257 1341 4323 vindicavit,
1385 4258 1520 4328 quia
1549 4259 1655 4312 soli
1694 4259 1911 4314 Christo

216 4364 487 4418 sponsam
520 4351 843 4417 competere
897 4344 1199 4399 intellexit:
1262 4346 1415 4400 unde
1469 4345 1590 4399 ait:
1636 4348 1755 4403 Non
1796 4362 1912 4401 sum

217 4437 427 4503 dignus
448 4436 648 4489 solvere
678 4436 969 4500 corrigiam
989 4434 1332 4487 calceamenti
1355 4433 1492 4501 ejus.

290 4545 460 4597 Vens.
490 4546 541 4598 9.
578 4572 646 4582 ——
702 4544 894 4596 Testes.
931 4540 1022 4596 Sic
1048 4540 1301 4596 Christus
1330 4556 1396 4594 ex
1452 4545 1697 4611 utroque
1725 4542 1915 4595 Testa-

220 4636 423 4687 mento
455 4634 623 4684 testes
651 4629 823 4685 habet
871 4629 1233 4691 sufﬁcientes,
1268 4628 1420 4699 quod
1473 4630 1754 4700 populum
1784 4646 1920 4701 gen-

218 4720 373 4773 tium
415 4734 587 4790 quem
618 4718 921 4788 decalogus
948 4717 1066 4788 jam
1097 4716 1294 4771 ﬁnitus
1323 4717 1695 4788 spiritualiter
1722 4718 1916 4773 fecun-

216 4809 359 4863 dare
394 4824 512 4861 non
567 4807 772 4878 potuit,
806 4807 926 4878 ipse
981 4806 1197 4861 semine
1230 4806 1385 4860 verbi
1442 4807 1538 4860 Dei
1592 4807 1919 4861 fecundavit

216 4897 421 4951 omnia
468 4896 788 4967 possidens,
841 4912 969 4967 qua
1025 4895 1245 4965 priores
1312 4898 1367 4948 et
1419 4896 1761 4966 posteriores
1814 4896 1916 4950 ha-

213 4984 474 5040 buerunt
502 4984 701 5040 sancti.

295 5092 458 5145 Vens.
503 5093 586 5144 ll.
634 5121 701 5129 —
751 5092 822 5145 Et
870 5091 1120 5160 majores.
1177 5090 1352 5161 (1511).)
1398 5091 1598 5144 Decem
1628 5091 1917 5162 majorum

215 5184 360 5233 natu
418 5177 736 5233 benedictio
809 5178 1056 5232 ostendit
1104 5179 1165 5232 in
1236 5178 1470 5232 nomine
1522 5180 1650 5232 Jesu
1718 5192 1917 5233 omnes

218 5272 419 5338 gentes
448 5283 570 5321 esse
626 5266 1065 5321 benedicendas.
1098 5268 1219 5321 Iota
1274 5267 1428 5321 enim
1490 5267 1641 5337 apud
1695 5268 1917 5321 Gracos

220 5356 418 5411 decem
473 5355 777 5425 signiﬁcat,
840 5370 971 5426 qua
1026 5354 1088 5408 in
1142 5355 1376 5409 nomine
1401 5356 1530 5427 jesu
1586 5354 1773 5426 prima
1821 5355 1913 5409 lit-

222 5449 345 5499 tera
372 5447 478 5497 est.

291 5552 487 5605 Faciat
512 5551 767 5604 Dominus
804 5550 960 5603 hanc.
994 5550 1345 5620 Imprecatur
1398 5564 1671 5619 prospera
1728 5548 1916 5603 Eccle-

2020 3085 2075 3133 et
2130 3080 2426 3149 prophetis
2482 3085 2874 3133 successerunt
2924 3079 3285 3149 evangelista
3343 3083 3398 3133 et
3442 3078 3704 3148 apostoli,

2018 3168 2175 3223 unde
2211 3184 2223 3221 :
2252 3170 2356 3223 Pro
2384 3169 2632 3236 patribus
2665 3170 2771 3223 tuis
2800 3171 2920 3222 nati
2947 3172 3074 3221 sunt
3104 3167 3205 3221 tibi
3231 3168 3355 3236 ﬁlii.

2088 3258 2253 3310 Vens.
2278 3261 2362 3310 t5.
2393 3287 2462 3296 —
2482 3261 2556 3312 De
2581 3273 2726 3310 nuru
2755 3259 2914 3310 enim.
2942 3258 3128 3310 Nurus
3151 3270 3457 3325 synagoga
3477 3254 3708 3324 gentilis

2017 3344 2277 3398 Ecclesia
2309 3349 2394 3398 est
2440 3361 2569 3415 qua
2597 3344 2793 3415 nupsit
2823 3344 3043 3398 Christo
3077 3345 3146 3398 de
3204 3359 3497 3413 synagoga
3552 3348 3703 3396 nato.

2016 3432 2196 3496 Quem
2220 3431 2430 3484 scilicet
2450 3448 2553 3501 per
2580 3433 2763 3501 legem
2787 3431 3022 3501 gignere
3052 3447 3171 3485 non
3204 3431 3388 3502 potuit
3436 3445 3540 3499 per
3579 3446 3709 3500 pro-

2016 3520 2225 3592 phetia
2258 3521 2593 3590 mysterium
2643 3525 2994 3589 susceptum,
3025 3520 3130 3573 sub
3188 3519 3468 3572 velamine
3497 3518 3710 3589 ﬁgura-

2016 3614 2141 3663 tum
2190 3608 2454 3678 portabat
2484 3609 2789 3673 occultum,
2850 3614 2908 3662 et
2945 3608 3179 3661 nutricis
3210 3607 3554 3677 fungebatur
3584 3606 3709 3661 ofﬁ-

2016 3697 2121 3761 cio,
2157 3697 2293 3767 quia
2327 3696 2523 3750 matris
2557 3697 2783 3750 carebat
2816 3696 3136 3766 privilegio.

2086 3786 2257 3839 Multo
2298 3785 2399 3837 tibi
2428 3785 2634 3849 melior,
2668 3789 2775 3837 etc.
2815 3783 3239 3838 Multitudiuem
3271 3782 3484 3836 scilicet
3509 3796 3710 3835 eorum

2020 3873 2119 3943 qui
2148 3873 2207 3925 in
2254 3871 2430 3926 veteri
2460 3876 2801 3925 testamento
2834 3872 2972 3941 legis
3000 3871 3317 3925 doctrinam
3350 3869 3699 3932 nutriebant,

2020 3961 2118 4032 qui
2148 3960 2359 4013 scilicet
2388 3976 2504 4013 non
2538 3958 2906 4012 crediderunt
2930 3958 3102 4012 verbo
3135 3957 3362 4010 Domini
3392 3962 3448 4011 et
3502 3957 3713 4011 immo-

2018 4048 2280 4102 laverunt
2307 4047 2454 4101 tilios
2483 4063 2614 4099 suos
2647 4050 2703 4099 et
2722 4046 2866 4099 ﬁlias
2896 4062 3025 4099 suas
3057 4045 3377 4110 damoniis,
3407 4050 3463 4098 et
3480 4045 3711 4098 tandem

2021 4136 2305 4191 Christum
2329 4134 2656 4189 occiderunt
2684 4139 2739 4188 et
2755 4135 3040 4203 apostolos
3070 4135 3351 4204 persecuti
3381 4138 3531 4187 sunt.

2090 4226 2250 4279 Vens.
2298 4227 2377 4278 t6.
2425 4255 2494 4263 —
2523 4227 2593 4278 Et
2620 4225 2869 4277 nutricis.
2919 4222 3244 4292 Spiritualis
3297 4222 3561 4292 prosapia
3613 4237 3711 4292 ge-

1940 4318 1985 4373 D
2023 4313 2332 4368 nerationis
2382 4313 2823 4366 demonstratur.
2876 4311 3031 4366 Obed
3081 4310 3236 4365 enim
3281 4310 3508 4365 Servilis
3536 4309 3712 4362 inter-

2024 4407 2303 4474 pretatur.
2338 4402 2464 4467 Isai,
2500 4401 2559 4454 in
2602 4401 2717 4454 sole
2746 4401 3088 4455 sacrificium
3110 4401 3199 4454 vel
3230 4400 3557 4453 incensum:
3610 4397 3713 4451 Da-

2025 4492 2141 4559 vid,
2187 4507 2361 4544 manu
2390 4490 2553 4544 fortis
2585 4491 2672 4544 vel
2702 4489 3114 4544 desiderabilis.
3150 4490 3254 4555 Qui
3298 4488 3454 4543 enim
3480 4492 3711 4541 strenue

2029 4581 2143 4633 Deo
2196 4578 2390 4645 servit,
2424 4577 2767 4632 sacriﬁcium
2798 4577 2881 4630 illi
2937 4582 3166 4647 gratum
3211 4582 3265 4631 et
3312 4574 3713 4630 suavissimum

2027 4668 2219 4722 odoris
2251 4667 2549 4721 incensum
2581 4682 2684 4736 per
2717 4681 2893 4736 opera
2912 4666 3189 4719 virtutum
3220 4670 3275 4718 et
3302 4663 3574 4718 orationis
3602 4666 3715 4714 stu-

2025 4758 2183 4811 dium
2234 4756 2540 4825 impendit.
2593 4754 2796 4826 Sicque
2826 4754 3129 4807 roboratus
3183 4753 3296 4807 ﬁde
3325 4758 3381 4805 et
3409 4749 3712 4805 devotione

2025 4843 2421 4899 desiderabilis
2454 4848 2560 4909 est,
2584 4848 2640 4897 et
2662 4844 2777 4896 Deo
2807 4842 3014 4908 placet.

2096 4934 2258 4987 Vens.
2301 4936 2384 4987 17,
2416 4960 2488 4973 -
2545 4934 2763 4987 Vicina.
2794 4930 3076 4984 Calorum
3130 4928 3387 4993 virtutes,
3422 4925 3521 4997 qui
3577 4942 3714 4996 gau-

2024 5022 2163 5077 dent
2190 5021 2250 5075 in
2280 5020 2629 5075 fecunditate
2676 5017 2955 5081 Ecclesia,
2991 5022 3045 5070 et
3075 5020 3280 5069 vovant
3328 5030 3540 5069 nomen
3590 5015 3714 5085 ejus

2027 5110 2201 5175 Obed,
2262 5110 2323 5163 id
2380 5115 2484 5171 est,
2536 5107 2807 5173 serviens,
2863 5120 3037 5176 quem
3067 5120 3313 5175 superno
3342 5104 3466 5175 regi
3519 5119 3712 5158 secum

2026 5199 2240 5253 servire
2269 5198 2617 5253 desiderant.

2097 5286 2262 5345 Vens,
2307 5285 2390 5337 l8.
2436 5312 2506 5321 —
2562 5281 2671 5335 Ha
2700 5285 2843 5334 sunt.
2889 5281 3094 5333 Decem
3147 5280 3280 5331 sunt
3324 5276 3713 5348 gene'ationes

2025 5372 2133 5427 ﬁlii
2160 5372 2316 5427 Juda
2344 5386 2524 5441 usque
2555 5369 2624 5423 ad
2664 5368 2861 5422 David.
2896 5367 3053 5423 Unde
3091 5366 3387 5435 cognoscis
3438 5366 3573 5436 quia
3631 5370 3715 5420 to-

2027 5460 2139 5513 tius
2193 5458 2400 5514 divina
2456 5457 2598 5529 legis
2644 5456 2889 5510 intentio
2938 5456 3005 5510 ad
3056 5456 3341 5510 Christum
3371 5455 3572 5521 tendit,
3613 5454 3715 5525 qui

2026 5552 2192 5603 natus
2258 5551 2345 5600 est
2386 5545 2456 5600 de
2509 5545 2725 5601 semine
2787 5545 2982 5611 David,
3032 5544 3185 5598 illius
3228 5544 3538 5599 adventum
3569 5558 3713 5614 pra-
