3976 6178
247 266 353 320 539

863 265 1254 322 WALAFRIDI
1294 266 1541 321 STRABI
1581 267 1782 322 FULD.
1827 268 1899 324 Mt

2106 271 2179 324 'P.
2221 266 2397 324 PARS
2434 268 2476 322 Ι.
2516 296 2585 306 --
2623 267 3076 324 THEOLOGICA.

3638 274 3742 327 540

245 387 394 443 dicet
420 392 477 442 et
502 386 642 458 legis
695 385 1106 457 perfectionem
1137 385 1197 440 in
1244 402 1312 440 eo
1364 386 1729 440 manifestat:
1775 389 1925 444 Finis
1962 393 2007 446 Α
2037 392 2246 454 autem,
2305 392 2440 459 quia
2471 388 2726 443 Christus
2773 388 2843 443 de
2875 388 3091 444 semine
3119 390 3284 458 Iuda,
3329 391 3546 446 dictum
3607 399 3733 447 est:

239 477 382 528 enim
418 476 549 543 legis
588 475 844 530 Christus
889 474 968 531 ad
1003 475 1281 543 justitiam
1312 477 1458 529 omni
1481 475 1719 530 credenti
1757 474 1927 546 (Rom.

240 562 315 633 χ).
351 566 493 618 Ante
543 563 730 634 legem
772 579 908 633 ergo
954 562 1124 617 Jacob
1184 562 1253 616 de
1284 563 1676 618 incarnatione
1729 565 1936 619 Christi

241 651 321 706 ait
352 668 364 706 :
409 654 525 708 Non
554 654 832 719 auferetur
869 657 1137 722 sceptrum
1166 653 1232 707 de
1261 653 1440 721 Juda,
1505 657 1555 708 et
1586 653 1702 708 dum
1745 654 1811 708 de
1859 657 1938 721 fe-

242 756 385 795 more
413 741 549 810 ejus,
582 742 743 796 donec
788 744 974 798 veniat
1031 744 1128 811 qui
1156 742 1451 796 mittendus
1479 747 1576 797 est.
1627 741 1714 796 Ad
1763 743 1938 797 David

2043 480 2116 532 De
2139 478 2325 543 fructu
2353 480 2554 531 ventris
2585 479 2668 531 tui
2713 492 2912 546 ponam
2955 493 3118 547 super
3146 479 3324 534 sedem
3375 487 3544 534 tuam.
3572 482 3736 534 Patet

2045 582 2180 637 ergo
2215 566 2388 620 etiam
2418 566 2830 636 prophetarum
2879 571 2936 620 et
2963 567 3418 636 patriarcharum
3447 571 3740 625 oraculum

2043 655 2332 726 pertinere
2392 655 2465 709 ad
2506 654 2996 725 dispensationem
3084 656 3319 711 Domini
3371 658 3553 712 nostri
3613 659 3752 713 Jesu

2046 743 2275 798 Christi.

1098 983 1547 1048 HIERONYMI
1603 985 1684 1048 IN
1750 984 2033 1051 LIBROS
2092 986 2368 1051 REGUM
2433 986 2860 1052 PRIEFATIO

1164 1099 1326 1168 (Vide
1358 1101 1501 1153 inter
1530 1100 1707 1168 Opera
1730 1101 1793 1154 B.
1821 1101 2154 1169 Hieronymi,
2189 1105 2313 1154 tom.
2356 1103 2504 1168 VIII,
2537 1102 2632 1155 col.
2669 1102 2818 1170 547.)
2956 1089 2964 1102 '

1297 1330 1596 1408 LIBER
1683 1330 2056 1408 PRIMUS
2143 1331 2646 1410 SAMUELIS

1811 1491 1928 1572 qui
1981 1491 2178 1553 nobis

1670 1629 1972 1695 PRIMUS
2026 1629 2302 1696 REGUM

803 1864 1025 1919 CAPUT
1064 1864 1358 1920 PRIMUM.

307 1970 470 2024 Vaas.
537 1973 580 2024 l.
637 2001 703 2010 —
753 1972 1104 2026 Ramathaim
1150 1971 1394 2040 Sophim,
1463 1972 1528 2026 de
1576 1976 1771 2041 monte,
1822 1977 1927 2026 etc.

237 2056 443 2127 (Omc.,
499 2058 642 2113 hom.
694 2058 760 2113 de
807 2059 1050 2128 Eleana.)
1092 2057 1217 2113 Sive
1274 2059 1647 2126 Armathaim,
1680 2060 1834 2130 quod
1870 2059 1929 2114 in

237 2145 364 2200 aliis
398 2146 688 2201 codicibus
744 2147 1008 2214 habetur,
1049 2151 1181 2213 etc.,
1213 2162 1382 2217 usque
1415 2147 1490 2202 ad
1536 2147 1596 2200 in
1627 2164 1740 2219 quo
1774 2148 1931 2202 nobi-

235 2235 366 2290 litas
391 2235 652 2289 omnium
683 2235 960 2290 virtutum
988 2235 1330 2290 fructiﬁcare
1362 2235 1732 2307 dignoscitur.

309 2322 440 2391 (11).)
481 2321 582 2375 Hic
612 2322 812 2376 habuit
841 2323 982 2376 duas
1013 2339 1234 2388 uxores,
1295 2328 1424 2388 etc.,
1476 2337 1644 2392 usque
1683 2322 1757 2376 ad
1785 2323 1931 2377 hanc

236 2409 491 2464 sobolem
521 2426 586 2464 ex
611 2411 928 2465 imitatione
959 2414 1136 2466 Anna
1169 2411 1314 2465 sicut
1344 2416 1399 2464 et
1422 2411 1545 2482 ipsa
1574 2425 1821 2465 oremus.

307 2498 493 2568 (Rea,
533 2503 593 2554 in
635 2499 726 2554 tib.
761 2500 921 2568 Reg.)
970 2499 1135 2554 Prius
1159 2498 1444 2554 historica
1496 2499 1810 2570 prophetia
1840 2515 1931 2570 ge-

239 2587 461 2641 neratio
492 2587 752 2655 dicenda,
802 2593 933 2654 etc.,
977 2603 1144 2657 usque
1168 2588 1242 2642 ad
1275 2603 1402 2641 cum
1433 2603 1592 2642 soror
1647 2589 1770 2658 ejus
1797 2605 1932 2660 gau-

232 2676 393 2732 deret
423 2676 835 2731 numerositate
863 2677 1064 2747 prolis.

307 2763 590 2834 (Hmaom,
651 2765 748 2819 lib.
811 2764 876 2818 de
927 2767 1082 2822 Nom.
1147 2764 1305 2834 Heb.)
1365 2765 1568 2820 Elcana
1623 2764 1929 2836 allegorice

234 2854 517 2924 possessio
568 2853 668 2908 Dei
729 2854 829 2924 qui
875 2858 958 2909 est
1001 2854 1153 2908 ﬁlius
1205 2853 1307 2908 Dei
1371 2853 1607 2909 dicens:
1657 2858 1930 2909 Domimus

230 2943 475 3012 possedit
503 2958 627 2996 me:
669 2942 770 3014 qui
796 2942 943 2997 bene
990 2943 1076 2996 vir
1125 2959 1293 3009 unus,
1348 2959 1468 2996 non
1523 2959 1786 3010 numero,
1828 2943 1927 2998 sed

237 3030 372 3101 quia
405 3045 702 3102 nunquam
729 3035 1002 3097 mutatur,
1035 3047 1139 3084 nec
1159 3046 1192 3084 a
1223 3046 1282 3084 se
1304 3031 1465 3085 aliter
1494 3031 1738 3086 efﬁcitur
1761 3034 1926 3086 Deus.

235 3117 591 3172 Armathaim
665 3118 900 3188 Sophim
954 3119 1171 3172 excelsa
1217 3120 1305 3172 vel
1347 3119 1596 3190 specula,
1665 3119 1787 3174 hac
1845 3125 1928 3173 est
1961 3145 2026 3201 ο

236 3221 482 3277 superna
534 3205 876 3274 Jerusalem;
913 3205 982 3260 de
1033 3222 1148 3276 qua
1177 3206 1427 3273 veniens,
1482 3208 1924 3278 speculationem

233 3294 442 3357 docuit,
479 3298 535 3347 et
555 3298 736 3347 morte
766 3310 868 3347 sua
897 3294 1190 3364 possidere
1221 3294 1371 3348 fecit.

303 3381 574 3445 Jeroham,
617 3379 961 3434 misericors.

304 3469 453 3534 Eliu,
490 3468 637 3522 Deus
669 3483 852 3521 meus.

308 3557 514 3622 Thohu,
548 3555 820 3625 signatus.

300 3643 469 3712 Suph,
525 3643 841 3711 effundens,
883 3641 1020 3714 quia
1065 3659 1170 3714 per
1202 3643 1661 3700 misericordiam
1699 3646 1770 3700 ad
1823 3663 1926 3700 nos

233 3731 468 3785 veniens
513 3732 770 3802 signatus
818 3731 882 3787 in
918 3732 1182 3802 passione
1214 3732 1327 3786 ait:
1382 3737 1514 3788 Deus
1561 3750 1727 3797 meus,
1783 3739 1926 3790 Deus

229 3835 374 3874 meus
398 3821 624 3890 (Matth.
665 3823 859 3891 xxvu),
895 3821 993 3876 ubi
1015 3821 1390 3892 semetipsum
1413 3822 1748 3877 exinaniens
1779 3824 1920 3878 effu-

228 3909 328 3975 dit,
363 3910 513 3964 unde
546 3927 558 3964 :
598 3913 934 3980 Unguentum
971 3910 1199 3979 effusum
1225 3927 1412 3965 nomen
1443 3916 1595 3966 tuum
1623 3913 1809 3981 (Cant.
1855 3914 1916 3984 ι),

231 3998 476 4052 eﬁ'usum
508 4015 540 4052 a
571 3998 687 4053 suis
715 3999 1096 4054 invisibilibus
1122 3999 1191 4054 ad
1232 4005 1426 4054 nostra
1446 4000 1708 4054 visibilia.

301 4087 684 4154 Ephrathaus,
739 4086 998 4157 frugifer,
1025 4087 1182 4158 {quia
1235 4087 1398 4142 donis
1447 4088 1693 4159 Spiritus
1745 4088 1924 4142 sancti

231 4173 501 4228 abundat.
559 4175 933 4245 Ephrathaus
962 4175 1034 4229 ab
1091 4175 1337 4246 Ephrata
1395 4193 1570 4230 uxore
1603 4177 1797 4242 Daleb,
1837 4179 1922 4232 vel

232 4262 480 4332 Ephrata
525 4262 772 4329 civitate,
807 4278 936 4333 qua
983 4268 1108 4334 post
1139 4263 1289 4317 dicta
1319 4269 1403 4318 est
1436 4265 1786 4334 Bethlehem,
1833 4267 1922 4320 vel

231 4345 299 4402 ab
340 4347 608 4418 Ephraim
639 4349 720 4417 (ut
775 4349 1037 4402 nonnulli
1065 4348 1264 4417 aiunt),
1299 4349 1432 4420 quia
1460 4350 1568 4404 fuit
1597 4351 1666 4406 de
1715 4353 1920 4406 Hama-

1959 1865 2002 1920 B
2040 1866 2282 1919 cuntur?
2337 1865 2414 1919 Eo
2457 1867 2716 1936 tempore
2760 1863 3081 1919 sacerdotes
3135 1864 3366 1920 Domini
3421 1864 3557 1920 dicti
3590 1870 3745 1935 sunt,

2039 1954 2270 2025 quando
2319 1953 2756 2008 simulacrorum
2813 1953 3130 2008 sacerdotes
3171 1969 3237 2007 ex
3266 1954 3538 2008 falsorum
3608 1955 3745 2009 deo-

2039 2057 2170 2094 rum
2201 2040 2530 2096 nominibus
2559 2041 2960 2106 censebantur,
3018 2045 3083 2094 ut
3113 2041 3221 2094 hoc
3253 2041 3467 2112 insigni
3526 2043 3599 2096 ab
3628 2042 3746 2097 illis

2039 2129 2461 2184 discernantur.
2496 2129 2592 2184 His
2623 2129 2778 2183 enim
2808 2129 2994 2183 verbis
3031 2145 3232 2183 eorum
3264 2129 3424 2196 ﬁdes,
3459 2146 3575 2184 non
3605 2131 3743 2198 vita,

2038 2218 2402 2288 pradicatur,
2463 2219 2600 2290 quia
2638 2224 2693 2272 et
2748 2219 3089 2288 pravitatem
3139 2219 3476 2273 exercebant
3525 2219 3740 2290 operis,

2038 2308 2134 2361 sed
2164 2323 2280 2361 non
2310 2307 2580 2361 errabant
2617 2307 2674 2360 in
2708 2307 2818 2361 ﬁde
2849 2306 3184 2362 conditoris.

2109 2395 2308 2464 Ophni,
2344 2394 2734 2464 discalceatus,
2768 2395 2884 2448 sive
2917 2395 3140 2449 insania
3169 2395 3576 2450 conversionis.

2111 2483 2350 2538 Phinees.
2380 2483 2575 2554 (Ome...
2608 2485 2746 2538 hom.
2781 2483 2847 2537 de
2876 2485 3154 2554 Elcana.).
3185 2485 3258 2539 Os
3289 2489 3533 2552 mutum,
3589 2485 3738 2539 scri-

2037 2570 2136 2624 bas
2182 2576 2238 2625 et
2286 2571 2601 2626 Pharisaos
2645 2571 2947 2642 signiﬁcat,
3004 2577 3135 2635 etc.,
3177 2588 3344 2642 usque
3391 2574 3466 2627 ad
3526 2574 3737 2629 merito

2038 2674 2174 2729 ergo
2202 2658 2422 2713 dimissi
2454 2664 2588 2713 sunt
2619 2665 2674 2713 et
2706 2661 2820 2714 Deo
2851 2659 3127 2714 derelicti.

2107 2747 2269 2801 Vaas.
2321 2747 2478 2801 4.-
2512 2749 2673 2802 Venit
2729 2762 2853 2814 ergo
2905 2747 3018 2802 dies
3062 2753 3113 2802 et
3165 2749 3466 2802 immolauit
3512 2747 3737 2802 Elcana

2037 2834 2290 2904 deditque
2317 2836 2629 2903 Phenenna,
2679 2841 2782 2890 etc.
2846 2836 3120 2907 (HIER.,1.
3169 2836 3236 2890 de
3293 2836 3483 2890 tradit.
3548 2837 3724 2905 Heb.)

2037 2923 2134 2976 Ha
2163 2928 2374 2993 partes,
2406 2928 2588 2977 vestes
2636 2923 3058 2994 intelliguntur,
3095 2940 3223 2995 qua
3251 2924 3313 2978 in
3362 2923 3546 2977 tribus
3576 2923 3738 2977 festi-

2038 3011 2305 3065 vitatibus
2345 3013 2573 3067 Pascha
2626 3012 2910 3079 videlicet,
2977 3018 3033 3067 et
3082 3014 3476 3080 Pentecostes,
3513 3017 3570 3066 et
3621 3013 3740 3065 Ta-

2037 3099 2502 3167 bernaculorum,
2549 3102 2712 3172 juxta
2741 3117 2962 3156 morem
2993 3101 3146 3155 illius
3196 3101 3407 3172 gentis,
3438 3099 3736 3166 uxoribus,

2039 3193 2097 3242 et
2125 3189 2337 3255 liberis,
2371 3206 2436 3243 ac
2461 3190 2690 3244 famulis
2721 3191 3022 3245 dabantur.

2105 3280 2284 3332 Anna
2313 3282 2492 3331 autem
2537 3278 2690 3332 dedit
2724 3284 2938 3348 partem
2988 3295 3154 3334 unam
3200 3280 3396 3344 tristis,
3448 3275 3583 3348 quia
3613 3292 3732 3330 non

2037 3364 2282 3419 habebat
2325 3363 2474 3419 ﬁlios
2530 3365 2739 3436 quibus
2793 3367 3037 3437 amplius
3082 3367 3258 3420 daret.
3300 3366 3610 3432 Phenenna,
3669 3364 3728 3418 id

2035 3456 2118 3506 est
2147 3468 2472 3524 synagoga,
2503 3458 2554 3508 et
2580 3455 2711 3522 ﬁliis
2737 3453 2888 3508 dedit
2914 3458 3121 3523 partes,
3153 3453 3212 3507 id
3244 3457 3350 3518 est,
3385 3452 3732 3522 temporalia

2036 3540 2207 3606 bona,
2259 3541 2424 3611 juxta
2473 3541 2657 3596 illud:
2690 3543 2855 3597 Dedit
2883 3544 2959 3596 eis
3005 3541 3252 3611 regiones
3298 3542 3538 3607 gentium
3587 3542 3736 3611 (Psal

2033 3631 2159 3696 ειν).
2193 3629 2260 3682 Et
2314 3631 2451 3700 quia
2475 3629 2726 3701 primum
2775 3630 2990 3684 credita
3021 3635 3152 3683 sunt
3182 3629 3295 3683 illis
3335 3629 3563 3701 eloquia
3623 3628 3727 3683 Dei

2031 3720 2225 3783 Anna,
2262 3715 2319 3771 id
2348 3722 2452 3784 est,
2514 3717 2773 3772 Ecclesia
2825 3718 3083 3788 gentium
3116 3718 3270 3772 dedit
3294 3723 3509 3787 partem
3540 3733 3730 3783 unam,

2031 3805 2245 3858 scilicet
2275 3806 2598 3876 ingenium.
2636 3807 2786 3861 Bene
2816 3807 2913 3861 ait.

2105 3895 2318 3958 Tristis,
2393 3895 2529 3964 quia
2601 3896 2934 3949 concluserat
3007 3896 3266 3950 Dominus
3311 3895 3528 3948 vulvam
3581 3895 3720 3964 ejus,

2033 3981 2288 4035 nondum
2317 3982 2473 4036 enim
2505 3983 2809 4037 advenerat
2854 3989 3081 4054 tempus
3110 3982 3415 4037 miserendi
3466 3983 3607 4052 ejus,
3670 3987 3736 4037 ut

2028 4069 2309 4132 spirituali
2348 4071 2530 4140 gratia
2583 4071 3001 4127 fecundaretur.
3065 4072 3221 4127 Sicut
3266 4073 3576 4126 Phenenna
3607 4074 3726 4126 An-

2029 4157 2269 4222 nam,ita
2298 4174 2590 4228 synagoga
2628 4159 3010 4230 gentilitatem
3041 4159 3409 4230 despiciebat.
3470 4158 3627 4212 Multi
3657 4174 3728 4212 ex

2030 4245 2340 4316 gentilibus
2369 4247 2771 4318 Redemptoris
2810 4249 3139 4314 adventum,
3170 4253 3236 4302 ut
3264 4247 3323 4301 in
3341 4247 3456 4302 'Job
3508 4246 3732 4316 reperi-

2033 4349 2182 4399 mus,
2217 4339 2706 4404 exspectaverunt,
2741 4341 2798 4390 et
2836 4335 2971 4406 quia
3013 4336 3072 4389 in
3125 4351 3292 4407 prece
3336 4349 3734 4405 perseverave-

230 4438 331 4492 tha
355 4435 581 4490 civitate
612 4436 900 4506 Ephraim,
934 4453 1064 4507 qua
1095 4437 1197 4492 sita
1234 4442 1316 4492 est
1345 4438 1406 4493 in
1437 4444 1630 4493 monte
1660 4440 1918 4511 Sophim,
1953 4423 1995 4476 D
2035 4428 2188 4488 runt:
2222 4422 2453 4477 tandem
2483 4424 2817 4511 redemptor
2837 4424 2999 4478 ﬂenti
3019 4429 3077 4480 et
3113 4440 3230 4478 Ποῐι
3260 4422 3505 4495 capienti
3535 4423 3732 4477 Cibum

231 4524 331 4597 qui
362 4540 528 4578 mons
561 4528 644 4578 est
670 4523 731 4577 in
759 4523 914 4578 tribu
944 4524 1237 4593 Ephraim.

303 4613 520 4682 (Casa,
549 4613 609 4665 in
639 4612 734 4665 lib.
765 4613 918 4682 Reg.)
966 4612 1276 4666 Phenenna
1327 4617 1410 4667 est
1439 4629 1744 4684 synagoga,
1803 4631 1929 4686 qua

229 4701 477 4755 secunda
506 4699 757 4770 primum
794 4699 942 4754 ﬁlios
973 4701 1088 4754 Deo
1121 4716 1224 4771 per
1245 4701 1430 4771 legem
1460 4703 1792 4772 generabat,
1827 4705 1924 4758 sed

222 4789 344 4859 jam
403 4793 637 4860 propter
676 4787 1076 4843 infidelitatem
1117 4789 1425 4844 infecunda
1472 4795 1682 4846 manet.
1753 4795 1918 4846 Anna

228 4877 436 4932 sterilis
462 4876 707 4932 Ecclesia
733 4877 994 4947 gentium
1049 4894 1180 4948 qua
1234 4879 1372 4933 olim
1434 4879 1642 4933 sterilis
1673 4896 1706 4933 a
1763 4881 1924 4950 prole

227 4965 529 5034 spirituali,
561 4981 712 5020 nunc
741 4964 922 5036 gratia
950 4965 1157 5020 Christi
1186 4967 1499 5037 redempta.
1532 4971 1696 5022 Anna
1741 4969 1916 5034 enim,

231 5067 363 5121 qua
410 5052 819 5124 interpretatur
865 5052 1068 5124 gratia,
1127 5055 1241 5108 Deo
1288 5054 1436 5108 ﬁlios
1489 5071 1594 5125 per
1640 5055 1925 5127 baptisma

233 5139 511 5211 Spiritum
539 5149 798 5196 sanctum
824 5142 1032 5213 gignit.

298 5228 434 5282 Silo.
495 5229 588 5282 Est
631 5229 692 5283 in
754 5233 1124 5302 nonagesimo
1172 5230 1442 5285 milliario
1502 5231 1817 5303 Neapoleos
1863 5231 1922 5286 in

233 5316 470 5386 regione
499 5316 862 5372 Athabitana.

300 5404 458 5460 Vaas.
492 5407 543 5461 3.
576 5435 646 5446 -—
687 5406 997 5462 Sacerdotes
1028 5411 1243 5464 Domini
1291 5409 1508 5478 (Gaza,
1553 5409 1715 5479 ibid.)
1769 5409 1919 5474 Quo-

231 5494 398 5548 modo
426 5494 749 5550 sacerdotes
807 5496 1053 5562 Domini,
1097 5496 1196 5566 qui
1230 5497 1468 5551 inferius
1497 5497 1603 5551 ﬁlii
1638 5497 1819 5551 Belial
1847 5497 1922 5552 di-

2033 4511 2232 4576 Anna,
2265 4510 2714 4565 consolationem
2746 4511 3029 4579 adhibuit,
3064 4511 3256 4565 dicens
3286 4527 3299 4564 :

2113 4599 2274 4652 Vaas.
2312 4600 2364 4652 8.
2406 4629 2473 4637 —
2502 4600 2686 4666 Anna,
2722 4614 2818 4654 cur
2845 4598 2976 4668 ﬂes?
3008 4598 3210 4653 Melior
3239 4602 3324 4652 est
3352 4597 3612 4651 Ecclesia
3646 4596 3736 4650 vir

2031 4703 2188 4752 suus,
2220 4686 2276 4740 id
2309 4690 2394 4740 est
2424 4686 2702 4757 Christus,
2728 4703 2903 4758 quam
2945 4687 3142 4742 decem
3177 4686 3282 4740 ﬁlii
3322 4702 3465 4757 quos
3494 4686 3563 4740 de
3594 4702 3730 4755 syn-

2032 4790 2218 4845 agoga
2239 4775 2463 4842 edebat,
2484 4775 2583 4845 qui
2606 4772 2893 4831 Christum
2920 4777 3047 4846 plus
3069 4790 3488 4845 nonnunquam
3508 4773 3722 4844 diligit,

2029 4862 2091 4917 id
2108 4867 2191 4916 est
2215 4863 2460 4933 gratiam
2473 4865 2613 4934 ejus,
2641 4879 2816 4934 quam
2836 4865 2964 4918 illos
2990 4881 3103 4936 quo
3120 4863 3423 4917 carnaliter
3447 4861 3725 4933 pariebat,

2103 4951 2261 5005 Vens.
2327 4954 2410 5005 14.
2466 4983 2535 4991 -
2585 4955 2844 5021 Dixitque
2898 4955 2967 5008 ei.
3031 4951 3408 5023 Septuaginta
3455 4954 3541 5002 καὶ
3597 4946 3733 5002 εἶπεν

2030 5037 2161 5111 αὐτῇ
2196 5036 2480 5114 παιδάριον
2503 5039 2637 5095 Ἥλι.

2104 5147 2384 5216 Usquequo
2413 5149 2566 5202 ebria
2617 5146 2767 5203 eris?
2800 5146 2985 5202 Homo
3023 5146 3178 5202 videt
3236 5146 3296 5200 in
3352 5145 3516 5213 facie,
3578 5147 3729 5200 Deus

2031 5233 2092 5290 in
2118 5235 2304 5290 corde.
2331 5236 2456 5290 Heli
2475 5235 2796 5292 astimabat
2823 5235 3044 5291 ebriam
3071 5235 3170 5307 qui
3225 5239 3453 5290 tantum
3514 5251 3575 5289 os
3629 5233 3726 5288 in—

2031 5322 2344 5378 tuebatur:
2380 5325 2656 5379 Dominus
2712 5328 2907 5379 autem
2961 5323 3216 5396 rexpexit
3273 5323 3343 5377 ad
3401 5322 3728 5377 orationem

2028 5411 2169 5482 ejus,
2202 5411 2302 5484 qui
2327 5411 2556 5468 videbat
2583 5429 2680 5468 cor
2709 5414 2850 5484 ejus.
2905 5411 3002 5468 Hic
3033 5418 3224 5468 autem
3283 5411 3530 5467 traditur
3557 5409 3728 5465 nobis

2026 5498 2214 5554 forma
2241 5500 2444 5555 orandi
2475 5507 2540 5556 ut
2557 5517 2676 5556 non
2703 5501 2762 5556 in
2798 5501 3182 5573 multiloquio,
3213 5500 3309 5555 sed
3347 5499 3409 5554 in
3441 5515 3730 5568 compun-
