3976 6178
190 242 271 295 541

183 358 352 413 ctione
419 356 603 411 cordis
653 360 708 410 et
761 356 1038 411 effusione
1111 356 1491 427 lacrymarum
1574 374 1802 413 oremus
1838 376 1850 413 :
1884 363 1931 415 Α

183 448 304 518 quia
338 448 659 514 sacriﬁcium
715 449 817 499 Deo
874 448 1101 515 spiritus
1158 446 1570 513 contribulatus,
1620 462 1859 501 corcen-

181 538 375 600 tritum,
410 540 513 588 etc.

242 624 392 676 Vens.
432 627 511 676 l7.
554 654 621 660 —
652 623 777 675 Heli
832 625 933 688 ait,
972 622 1121 677 Vade
1178 624 1236 677 in
1262 638 1415 691 pace,
1473 628 1577 676 etc.
1629 626 1699 678 Et
1723 624 1861 677 abiit

180 713 373 776 mulier,
409 714 511 764 etc.
549 711 715 764 Vides
756 710 1013 764 mulieris
1060 710 1230 765 ﬁdem
1258 712 1286 765 ?
1349 712 1687 782 Priusquam
1721 712 1862 767 acci-

178 802 323 867 peret
352 798 504 867 quod
538 798 945 868 postulaverat,
976 799 1212 869 perinde
1268 800 1483 854 conﬁsa
1541 806 1639 863 est,
1695 800 1861 871 quasi

180 901 290 938 eam
322 887 647 955 accepisset.
696 887 759 939 In
806 901 975 940 causa
1026 892 1167 954 erat,
1224 888 1378 959 quod
1429 894 1645 965 orasset
1671 890 1852 943 multo

177 990 291 1027 cum
310 975 551 1043 fervore,
582 976 721 1028 citra
754 976 928 1028 ullam
985 975 1419 1031 haesitationem.
1456 978 1613 1031 Abiit
1660 984 1858 1049 pacato

176 1062 373 1130 animo,
415 1063 576 1133 quasi
612 1068 792 1117 totum
816 1064 1196 1134 impetrasset.
1232 1067 1470 1137 Insuper
1503 1068 1650 1120 Deus
1678 1072 1857 1121 totam

174 1150 500 1205 anxietatem
550 1152 673 1220 jam
732 1152 815 1205 illi
868 1152 1109 1206 excussit
1157 1170 1221 1207 ex
1270 1154 1484 1220 animo,
1548 1156 1857 1225 largiturus

176 1237 315 1307 quod
347 1239 599 1307 petebat.
636 1241 787 1293 Hanc
827 1239 1100 1294 feminam
1138 1241 1451 1308 imitemur,
1492 1247 1548 1296 et
1576 1243 1635 1296 in
1666 1244 1858 1297 omni-

175 1326 269 1379 bus
324 1326 727 1381 afﬂictionibus
786 1329 851 1381 ad
913 1330 1091 1382 Deum
1139 1329 1557 1399 confugiamus.
1612 1331 1668 1385 Si
1697 1330 1858 1385 nobis

180 1431 281 1469 non
305 1415 516 1469 fuerint
548 1416 722 1483 liberi,
773 1417 843 1470 ab
884 1417 984 1469 illo
1033 1418 1384 1487 postulemus
1432 1434 1573 1488 quos
1602 1419 1649 1472 si
1708 1435 1861 1473 acce-

181 1502 440 1574 perimus,
479 1504 660 1557 multa
691 1520 826 1557 cura
864 1504 1193 1571 educamus,
1230 1509 1335 1557 etc.

241 1592 394 1645 Vens.
432 1595 519 1646 l8.
552 1622 619 1632 —
680 1594 978 1661 Vultusque
1023 1594 1173 1646 illius
1198 1609 1304 1647 non
1352 1598 1479 1648 sunt
1537 1596 1772 1664 amplius
1800 1597 1858 1648 in

176 1678 377 1733 diversa
404 1683 624 1733 mutati.
684 1680 839 1750 (Rau.
874 1684 933 1735 in
993 1682 1087 1735 lib.
1150 1684 1301 1750 Reg.)
1359 1683 1489 1736 Alia
1534 1683 1854 1738 translatio:

172 1770 338 1822 Facies
363 1784 473 1823 non
524 1769 753 1823 concidit
800 1770 1058 1839 amplius,
1092 1769 1228 1841 quia
1275 1771 1589 1826 certissime
1651 1788 1710 1825 se
1738 1789 1857 1826 cre-

174 1854 305 1909 dibit
332 1855 684 1909 exauditam.

234 1944 355 2014 (In)
404 1946 781 2015 Nequaquam
843 1945 997 1999 enim
1054 1946 1297 2000 Ecclesia
1342 1964 1375 2001 a
1433 1947 1544 2001 ﬁde
1606 1952 1661 2002 et
1719 1949 1859 2003 dile-

172 2033 343 2086 ctione
396 2033 801 2104 Redemptoris
852 2033 913 2087 in
969 2034 1192 2089 diversa
1240 2036 1582 2090 declinando
1641 2042 1861 2093 mutata

176 2126 267 2174 est.

233 2210 389 2263 Vens.
428 2212 513 2263 l9.
537 2241 603 2250 —
637 2213 707 2265 Et
761 2211 1074 2266 recordatus
1148 2216 1226 2267 est
1257 2213 1373 2281 ejus
1432 2216 1705 2268 Dominus.
1732 2215 1860 2285 (In)

176 2298 306 2361 Quia
335 2300 503 2351 Anna
531 2298 837 2355 Dominum
890 2299 1090 2353 devote
1145 2301 1467 2370 postulavit,
1521 2303 1781 2373 concepit
1807 2307 1865 2357 et

176 2386 403 2455 peperit.
476 2386 568 2441 Sic
626 2386 869 2440 Ecclesia
926 2404 1031 2457 per
1109 2389 1430 2442 naturalem
1511 2389 1863 2444 intellectum

177 2489 351 2540 orans,
385 2474 724 2544 mysterium
758 2475 1167 2529 incarnationis
1226 2478 1395 2530 corde
1458 2478 1735 2548 concepit,
1766 2494 1863 2533 ore

177 2563 537 2617 confessionis
570 2564 789 2633 genuit.

238 2653 390 2705 Vens.
425 2653 517 2705 20.
552 2681 621 2690 —
688 2653 1015 2721 Vocavitque
1087 2668 1277 2706 nomen
1357 2653 1479 2721 ejus
1518 2655 1751 2710 Samuel.
1803 2655 1866 2709 Id

180 2744 253 2792 est
284 2741 449 2793 Deus.
480 2742 661 2792 Anna:
692 2739 1111 2810 primogenitus
1139 2742 1442 2811 propheta.
1494 2742 1630 2806 Quis
1658 2749 1741 2798 est
1772 2742 1866 2797 hic

178 2827 273 2880 nisi
300 2828 630 2881 Dominicus
661 2828 835 2882 homo
867 2828 895 2882 7

1302 236 1555 293 GLOSSA
1593 236 1998 292 ORDINARIA.
2038 267 2106 275 —
2148 237 2274 292 LIB.
2318 237 2339 290 Ι
2376 234 2540 289 REG.

3570 234 3673 287 542

2649 357 2871 411 CAPUT
2912 357 2977 411 II.

2040 449 2196 502 Vens.
2234 452 2281 503 1.
2314 476 2383 488 --
2430 447 2732 501 Dilatatum
2787 450 2882 499 est.
2947 446 3128 513 (ΗΑΒ.)
3156 444 3298 509 Quia
3355 462 3541 499 sermo
3570 446 3671 501 Dei

1968 554 2085 591 non
2116 541 2197 590 est
2226 535 2487 607 alligatus
2514 534 2575 589 in
2603 533 2902 605 pressaris,
2956 550 3069 587 non
3099 533 3159 587 in
3206 534 3564 604 praeconibus
3597 535 3674 589 al-

1969 626 2199 695 ligatus.

2040 713 2166 783 (11).)
2194 713 2433 775 Christo,
2467 727 2639 781 quem
2675 726 2919 780 puerum
2975 709 3340 780 amplectitur
3384 726 3556 765 senex
3585 711 3673 767 Si-

1968 816 2135 853 meon
2186 806 2243 853 et
2291 798 2581 869 cognoscit
2639 814 2912 867 magnum
2952 798 3195 851 dicens:
3245 801 3395 853 Nunc
3430 800 3669 854 dimittis

1966 904 2178 942 servum
2236 893 2413 947 tuum.
2472 890 2711 952 Domine,
2786 887 3076 941 secundum
3126 888 3344 941 verbum
3403 893 3576 954 tuum,
3612 891 3671 942 in

1960 992 2113 1045 pace.
2171 977 2310 1041 Quia
2361 976 2613 1029 viderunt
2668 977 2808 1029 oculi
2860 978 2966 1028 mei
3038 977 3280 1029 salutare
3344 981 3494 1029 tuum
3518 978 3666 1045 (Luc.

1968 1065 2046 1133 ιι).
2080 1064 2135 1119 Si
2163 1065 2383 1118 laetatus
2404 1064 2564 1117 fuero
2598 1063 2659 1116 in
2712 1063 2943 1116 salutari
2978 1064 3097 1125 Dei,
3145 1069 3279 1117 tunc
3340 1064 3671 1118 dilatabitur

1968 1170 2031 1205 os
2055 1170 2265 1207 meum.
2318 1155 2424 1207 Per
2475 1152 2906 1206 meditationem
2956 1152 3168 1206 scilicet
3222 1152 3380 1206 verbi
3422 1152 3541 1216 Dei,
3573 1169 3667 1207 ve-

1967 1242 2126 1296 nitur
2156 1242 2222 1295 ad
2255 1242 2626 1295 elevationem
2653 1241 2857 1306 cordis,
2892 1241 3077 1294 unde:
3112 1241 3179 1296 Os
3228 1247 3471 1295 nostrum
3522 1244 3671 1311 patet

1964 1331 2038 1384 ad
2068 1346 2178 1395 vos,
2206 1346 2233 1384 ο
2263 1330 2548 1395 Corinthii,
2591 1346 2680 1383 cor
2709 1334 2951 1383 nostrum
3011 1329 3304 1383 dilatatam
3335 1334 3413 1384 est
3440 1329 3517 1400 (ΙΙ
3536 1331 3659 1386 Cor.

1966 1423 2043 1489 v).
2079 1420 2153 1472 Ex
2186 1418 2483 1471 latitudine
2514 1418 2696 1471 cordis
2729 1417 3082 1471 ministratur
3129 1418 3406 1488 sapientia
3437 1418 3541 1471 ori.

2039 1508 2198 1561 Vens.
2258 1509 2310 1560 2.
2370 1536 2439 1546 -
2475 1508 2589 1560 Non
2660 1512 2735 1575 est
2778 1511 3015 1560 sanctas.
3078 1507 3283 1575 (Ras).
3334 1508 3546 1561 Prmter
3592 1510 3667 1573 te,

1968 1595 2231 1663 Domine,
2290 1594 2426 1666 quia
2463 1611 2634 1649 nemo
2665 1594 2732 1648 tit
2784 1594 2894 1647 nisi
2933 1611 2965 1647 a
2996 1599 3069 1661 te,
3114 1600 3169 1649 et
3197 1594 3244 1647 si
3291 1595 3423 1660 sint,
3455 1594 3554 1667 qui
3585 1594 3669 1649 di-

1968 1690 2175 1739 cuntur
2214 1684 2292 1738 dii
2348 1683 2534 1749 multi,
2592 1689 2648 1738 et
2702 1684 2926 1737 Domini
2976 1682 3163 1751 multi,
3224 1684 3411 1737 nullus
3478 1688 3672 1737 tamen

1971 1789 2172 1827 eorum
2212 1772 2551 1826 naturaliter
2600 1774 2684 1824 est
2736 1771 2793 1825 id
2833 1771 2987 1841 quod
3031 1772 3178 1825 Deus
3212 1777 3295 1825 est
3327 1788 3339 1837 ;
3384 1772 3520 1842 quia
3548 1772 3670 1843 ipse

1969 1867 2054 1916 est
2083 1862 2256 1927 solus,
2324 1861 2423 1932 qui
2474 1860 2596 1913 ait:
2652 1860 2775 1926 Ego
2824 1875 2942 1913 sum
2994 1863 3091 1928 qui
3143 1875 3261 1913 sum
3316 1860 3511 1924 (Emod.
3564 1859 3668 1927 in).

1970 1950 2182 2005 Umbra
2210 1948 2364 2003 enim
2403 1949 2472 2002 ad
2504 1947 2990 2018 comparationem
3023 1948 3279 2017 corporis
3302 1964 3417 2002 non
3447 1952 3550 2015 est,
3580 1948 3673 2002 vel

1968 2039 2159 2093 fumus
2186 2038 2254 2092 ad
2288 2037 2778 2107 comparationem
2836 2035 3007 2106 ignis.
3586 2040 3593 2043 ’

2044 2130 2109 2181 Ut
2137 2131 2214 2181 est
2258 2128 2532 2180 Dominus.
2592 2124 2721 2194 (11).)
2793 2124 2913 2178 Non
2971 2123 3105 2178 dicit
3188 2122 3502 2178 Dominus:
3568 2124 3673 2181 Sed

1968 2216 2149 2270 nullus
2199 2220 2276 2269 est
2340 2217 2478 2268 sicut
2542 2214 2817 2279 Dominus,
2880 2218 3107 2265 sanctus
3180 2218 3236 2266 et
3294 2213 3670 2281 sanctiﬁcans,

1962 2304 2155 2374 justus
2186 2308 2241 2357 et
2266 2302 2606 2373 justiﬁcans.

2043 2394 2204 2446 Vens.
2235 2395 2285 2446 3.
2321 2421 2389 2429 —
2418 2392 2611 2446 Nolite.
2665 2389 2977 2458 Redarguit
3004 2389 3227 2443 Iudaeos
3284 2394 3341 2443 et
3388 2390 3675 2460 sapientes

1973 2479 2182 2544 saeculi,
2246 2478 2580 2532 extollentes
2627 2493 2686 2530 se
2729 2482 2927 2531 contra
2986 2476 3276 2530 scientiam
3323 2477 3438 2542 Dei,
3512 2479 3671 2532 Salo-

1973 2582 2111 2620 mon
2145 2582 2157 2619 :
2188 2567 2405 2619 Altiora
2434 2569 2482 2618 te
2509 2581 2574 2618 ne
2605 2562 2927 2633 quaesierisf
2958 2568 3013 2617 et
3042 2564 3179 2617 alibi
3213 2580 3224 2616 :
3274 2567 3413 2618 Deus
3440 2566 3496 2618 in
3526 2567 3671 2634 certo,

1974 2659 2025 2709 et
2056 2660 2113 2709 tu
2141 2670 2305 2723 super
2364 2660 2603 2709 terram:
2646 2655 2756 2707 sint
2807 2655 2974 2721 pauci
3018 2667 3279 2707 sermones
3333 2654 3431 2706 tui.

2052 2745 2265 2809 Vetera,
2317 2747 2419 2796 etc.
2482 2742 2618 2805 Quae
2681 2741 2751 2794 ad
2826 2745 3078 2794 veterem
3117 2740 3432 2799 hominem,
3482 2739 3537 2795 id
3569 2744 3673 2806 est,

1976 2833 2262 2884 carnalem
2310 2830 2799 2883 conversationem
2866 2829 3176 2899 pertinent,
3234 2828 3529 2883 scientiam
3586 2828 3673 2881 in-

240 2919 419 2987 (ΗΑΒ.)
495 2918 724 2971 Samuel
772 2918 1077 2988 postulatio
1134 2918 1236 2973 Dei
1302 2920 1391 2973 vel
1452 2937 1664 2975 nomen
1695 2924 1817 2991 ejus
1850 2938 1862 2976 :
1899 2921 1939 2976 C
1978 2920 2209 2991 quirite,
2244 2936 2373 2990 qua:
2401 2935 2516 2971 non
2552 2924 2635 2972 est
2652 2917 2817 2971 nisia
2850 2919 2965 2971 Deo
3001 2934 3013 2971 :
3056 2916 3191 2987 quia
3221 2917 3341 2986 ipse
3382 2921 3466 2970 est
3495 2916 3674 2970 scien-

176 3013 338 3075 actor,
420 3005 636 3059 scilicet
705 3005 1013 3059 nativitatis
1070 3006 1191 3076 ejus
1271 3008 1438 3073 Deus,
1520 3008 1653 3079 quia
1682 3009 1861 3062 sterili

174 3096 344 3149 oranti
372 3094 651 3149 concessit
698 3094 903 3160 ﬁlium,
954 3094 1053 3165 qui
1109 3095 1325 3149 cunctis
1381 3096 1581 3151 diebus
1642 3097 1748 3151 sibi
1801 3097 1863 3151 in

173 3186 378 3254 templo
411 3183 747 3237 deserviret.

236 3274 358 3339 (Io.)
420 3272 669 3326 Ecclesia
719 3287 784 3325 ex
840 3270 1190 3339 nationibus,
1242 3276 1371 3339 etc.,
1430 3288 1600 3341 usque
1627 3274 1700 3327 ad
1733 3291 1863 3328 cum

171 3362 409 3430 perfecta
459 3361 572 3415 ﬁde
636 3359 1044 3414 incarnationis
1095 3360 1287 3431 junxit
1316 3377 1374 3416 se
1421 3361 1731 3431 primitivee
1763 3364 1864 3417 Ec-

172 3450 345 3503 clesia:
379 3466 445 3503 ex
468 3447 702 3503 Iudaeis.

236 3540 393 3593 Vens.
428 3541 521 3593 23.
564 3568 632 3577 -
671 3539 966 3605 Precorque
1003 3540 1064 3590 ut
1118 3539 1338 3607 impleat
1388 3540 1667 3593 Dominus.
1702 3538 1866 3604 Quod

170 3626 383 3693 vovisti,
413 3626 506 3679 vel
538 3640 705 3679 suum
740 3625 894 3695 quod
948 3625 1213 3695 promisit
1241 3642 1343 3697 per
1400 3627 1542 3693 Heli,
1576 3642 1706 3681 cum
1739 3628 1817 3681 ait
1849 3645 1862 3682 :

186 3716 285 3768 Det
312 3717 418 3770 tibi
448 3716 593 3768 Deus
648 3717 979 3783 petitionem,
1014 3719 1119 3768 etc.

231 3806 432 3857 Mansit
452 3818 577 3869 ergo
635 3803 827 3855 mulier
878 3807 926 3856 et
970 3804 1193 3856 lactavit
1249 3804 1421 3871 ﬁlium
1491 3820 1645 3858 suum
1706 3805 1866 3860 donec

169 3896 427 3945 amoveret
474 3907 593 3944 eum
639 3906 671 3943 a
726 3892 878 3945 lacte.
944 3893 1015 3944 Et
1065 3891 1325 3944 adduwit.
1383 3893 1506 3944 Non
1557 3892 1676 3945 vult
1704 3896 1868 3946 Anna

167 3994 404 4047 puerum
440 3980 646 4033 ducere
674 3979 745 4033 ad
776 3979 1011 4033 domum
1045 3979 1143 4032 Dei
1176 3983 1478 4050 antequam
1512 3981 1861 4035 ablactetur:

170 4068 293 4135 quia
320 4068 572 4121 Ecclesia
601 4068 825 4120 nullum
847 4066 920 4120 ad
979 4066 1363 4120 sacerdotium
1405 4068 1670 4137 provehit
1728 4068 1865 4121 dum

169 4155 296 4207 actis
338 4155 603 4209 infantiae
660 4154 945 4224 particeps
998 4160 1100 4222 est,
1168 4170 1282 4208 non
1345 4156 1511 4210 solidi
1559 4156 1670 4210 cibi
1698 4160 1751 4209 et
1780 4157 1867 4210 in-

168 4242 500 4312 telligentiae
534 4242 804 4313 spiritalis
844 4259 1038 4312 capax.

234 4330 517 4400 (Hii-111034.,
552 4332 644 4386 lib.
687 4332 752 4385 de
805 4332 971 4386 Trad.
1021 4332 1183 4386 Hebr.
1226 4334 1285 4385 in
1314 4332 1409 4385 lib.
1477 4331 1630 4402 Reg.)
1663 4333 1723 4386 In
1759 4334 1865 4388 He-

166 4419 312 4474 braeo
347 4437 361 4475 :
397 4420 592 4474 Medio
637 4422 854 4486 farinae,
889 4420 983 4473 sed
1014 4420 1150 4473 vitio
1198 4420 1538 4491 scriptorum
1598 4420 1867 4491 deprava-

169 4510 283 4559 tum
313 4512 420 4561 est.
460 4507 517 4561 Si
546 4508 700 4560 enim
737 4524 868 4562 cum
898 4508 1082 4561 tribus
1101 4507 1293 4561 vitulis
1342 4512 1454 4561 tres
1506 4508 1727 4562 modios
1774 4510 1866 4564 fa-

167 4594 304 4649 rina;
326 4596 541 4651 obtulit
564 4602 761 4650 contra
788 4597 975 4665 legem
1006 4596 1159 4665 fecit,
1212 4596 1273 4649 in
1322 4613 1435 4667 qua
1493 4597 1699 4652 dicitur
1728 4615 1739 4652 :
1776 4600 1865 4652 Vi-

168 4685 350 4739 tulum
376 4686 449 4739 de
482 4690 741 4740 armento
770 4702 972 4753 unum,
1002 4685 1242 4740 arietem
1263 4702 1467 4752 unum,
1497 4703 1672 4757 agnos
1699 4688 1864 4757 agni-

166 4772 314 4825 cnlos
338 4772 742 4826 immaculatos
763 4777 1002 4843 septem,
1027 4772 1087 4825 in
1107 4772 1397 4827 sacriﬁciis
1430 4790 1634 4828 eorum
1662 4774 1897 4828 simila:-

166 4860 285 4914 oleo
335 4875 664 4930 conspersa:
716 4864 829 4913 tres
907 4858 1156 4913 decimas
1216 4876 1321 4930 per
1404 4860 1660 4931 singulos
1714 4862 1866 4916 vitu-

164 4947 264 5015 los,
296 4949 445 5003 duas
475 4948 725 5002 decimas
750 4964 851 5019 per
907 4947 1168 5017 arietem,
1209 4964 1387 5003 unam
1439 4950 1719 5005 decimam
1766 4966 1869 5022 per

168 5052 399 5106 agnum.
438 5037 569 5090 Haec
624 5052 758 5089 vero
790 5035 1031 5103 decima,
1084 5052 1215 5107 pars
1283 5037 1504 5091 decima
1559 5039 1692 5109 ephi
1724 5043 1863 5094 erat.

171 5124 319 5181 Unde
341 5125 708 5196 intelligitur,
734 5125 887 5196 quod
911 5126 1115 5179 Elcana
1134 5142 1251 5180 non
1276 5127 1481 5181 obtulit
1510 5132 1621 5182 tres
1652 5129 1868 5184 modios

168 5212 387 5282 farinze,
420 5230 551 5268 cum
590 5213 773 5267 tribus
808 5213 1017 5279 vitulis,
1077 5214 1173 5268 sed
1206 5231 1414 5269 novem
1465 5216 1731 5271 decimas.

234 5304 397 5358 Vens.
434 5304 524 5356 29.
576 5331 646 5343 -
691 5304 762 5357 Et
828 5303 1211 5357 adoraverunt.
1264 5304 1465 5373 (0816.,
1522 5305 1617 5358 ubi
1651 5306 1865 5377 supra.)

172 5404 283 5443 non
313 5390 609 5445 invenitur
664 5407 826 5444 orare
873 5391 933 5444 in
962 5391 1071 5445 hoc
1125 5392 1364 5454 cantico.
1415 5397 1545 5459 etc.,
1597 5410 1765 5463 usque
1794 5396 1867 5449 ad

176 5477 218 5531 si
240 5484 441 5534 autem
475 5478 778 5547 dimiserit,
811 5479 985 5533 vincit
1003 5480 1235 5535 Amalec
1272 5480 1536 5535 inimicus
1565 5482 1686 5536 Dei.

1972 3009 2184 3062 tiarum
2235 3007 2531 3073 Dominus,
2582 3006 2643 3059 in
2672 3022 2784 3076 quo
2842 3011 2974 3059 sunt
3022 3022 3220 3058 omnes
3270 3005 3524 3059 thesauri
3577 3021 3673 3059 sa-

1974 3095 2225 3165 pientiie.

2044 3186 2168 3253 Ipsi
2190 3188 2592 3253 praeparantur.
2628 3182 2773 3246 Quia
2816 3182 3001 3237 aufert
3031 3197 3088 3235 se
3137 3197 3171 3235 a
3212 3180 3672 3252 cogitationibus,

1977 3287 2106 3342 quae
2137 3276 2269 3325 sunt
2293 3272 2417 3325 sine
2446 3272 2761 3337 intellectu,
2812 3272 2897 3325 vel
2918 3270 3027 3341 ipsi
3075 3276 3473 3339 praeparantur
3516 3269 3675 3340 cogi-

1975 3361 2239 3429 tationes,
2287 3361 2345 3414 id
2378 3366 2463 3415 est
2518 3359 2975 3413 manifestantur.
3038 3359 3235 3413 Unde:
3281 3360 3545 3414 Dominus
3572 3374 3675 3414 no-

1973 3452 2055 3503 vit
2098 3452 2443 3516 cogitationes
2501 3450 2794 3503 hominum.

2047 3539 2195 3592 Deus
2214 3541 2579 3592 scientiarum.
2598 3538 2785 3607 (Ras,
2800 3536 3120 3605 ubisupra.)
3135 3536 3275 3606 'Ipse
3286 3551 3383 3589 vos
3395 3535 3520 3598 scit,
3544 3540 3674 3602 etc.,

1975 3641 2143 3695 usque
2173 3626 2246 3679 ad
2275 3631 2330 3679 et
2359 3626 2430 3679 ab
2452 3625 2550 3678 illo
2582 3640 2698 3677 non
2728 3629 2861 3678 sunt
2890 3641 2922 3676 a
2952 3640 3067 3693 quo
3094 3623 3356 3676 homines
3393 3628 3540 3678 sunt.

2047 3716 2207 3767 Vens.
2240 3715 2291 3767 4.
2325 3745 2396 3753 -
2426 3713 2605 3783 (ΗΑΒ.)
2641 3712 2701 3765 Id
2732 3717 2834 3778 est,
2894 3710 3137 3765 intentio
3185 3728 3403 3773 eorum,
3439 3712 3540 3783 qui
3570 3710 3677 3765 sibi

1976 3807 2233 3873 potentes
2263 3818 2384 3854 esse
2435 3801 2718 3862 videntur,
2772 3804 2835 3853 ut
2891 3800 3013 3853 sine
3061 3798 3161 3853 Dei
3212 3798 3424 3852 auxilio
3482 3799 3676 3853 divina

1976 3890 2198 3961 possint
2222 3890 2460 3960 implere
2510 3888 2797 3941 mandata.

2047 3982 2117 4033 Et
2142 3980 2363 4047 infirmi.
2404 3975 2580 4045 (ΗΑΒ.)
2638 3975 2746 4038 Qui
2797 3974 2856 4027 in
2918 3974 3019 4027 Dei
3078 3974 3289 4043 pietate
3353 3975 3672 4041 conﬁdunt,

1979 4067 2219 4121 dicunt:
2268 4066 2529 4117 Miserere
2583 4066 2705 4128 mei,
2767 4066 2924 4126 Deus,
2982 4065 3236 4130 quoniam
3258 4064 3505 4131 inﬁrmus
3558 4079 3676 4118 sum

1978 4155 2149 4225 (Psal.
2183 4155 2276 4222 vn).
2310 4152 2575 4206 Inﬁrmus
2623 4155 2746 4204 erat
2794 4150 3023 4219 gentilis
3081 4151 3350 4220 populus,
3385 4151 3613 4221 quando
3642 4167 3675 4203 a

1979 4246 2315 4296 testamento
2342 4241 2441 4295 Dei
2473 4240 2712 4306 alienus,
2766 4254 2919 4292 nunc
2974 4244 3167 4291 autem
3220 4238 3558 4308 praecinctus
3589 4254 3674 4291 ro-

1976 4332 2132 4399 bore,
2192 4347 2321 4384 cum
2377 4330 2611 4383 indutus
2693 4332 2849 4381 scuto
2905 4326 3042 4381 ﬁdei
3106 4332 3163 4381 et
3237 4328 3400 4398 galea
3455 4328 3672 4394 salutis,

1978 4427 2033 4475 et
2061 4420 2246 4491 gladio
2276 4418 2531 4490 spiritus,
2587 4417 2798 4487 poterit
2836 4416 3007 4487 ignea
3061 4416 3173 4469 tela
3199 4416 3411 4471 diaboli
3458 4416 3674 4470 exstin-

1978 4524 2169 4579 guere.

2048 4598 2207 4650 Vens.
2242 4597 2294 4649 5.
2324 4624 2393 4635 ——
2441 4594 2692 4649 Saturati
2742 4596 2903 4662 prius
2957 4609 3062 4662 pro
3116 4593 3375 4661 panibus.
3448 4590 3675 4662 Repleti

1976 4686 2136 4757 prius
2162 4683 2367 4748 Judazi,
2402 4682 2613 4737 scilicet
2641 4680 2925 4751 mysteriis
2982 4681 3337 4751 eloquiorum
3388 4696 3489 4751 pro
3519 4680 3676 4750 pani-

1977 4775 2083 4829 bus
2114 4790 2171 4827 se
2216 4773 2566 4829 locaverunt,
2614 4769 2673 4822 id
2729 4773 2828 4829 est,
2879 4771 3283 4837 separaverunt
3340 4784 3372 4819 a
3402 4768 3557 4820 Deo:
3591 4768 3673 4821 vel

1978 4879 2009 4915 a
2038 4860 2281 4932 propriis
2309 4858 2539 4913 sedibus
2569 4858 2915 4921 evulserunt,
2950 4872 3020 4909 ne
3050 4854 3373 4925 reciperent
3416 4856 3671 4925 Evange-

1976 4951 2121 5006 lium
2151 4966 2327 5021 agens
2360 4950 2429 5002 de
2449 4963 2598 5018 pane
2647 4946 2746 5017 qui
2776 4945 2843 4999 de
2906 4945 3046 4998 coelo
3101 4943 3410 4997 descendit.
3451 4944 3673 5015 Repleti

1976 5039 2173 5102 iidem,
2200 5038 2299 5108 qui
2328 5041 2385 5090 et
2429 5038 2713 5106 potentes,
2744 5032 2803 5086 id
2870 5036 2954 5085 est
2999 5031 3266 5084 Israelita;
3307 5030 3513 5102 quibus
3546 5047 3672 5086 cre-

1978 5127 2096 5181 dita
2127 5131 2257 5179 sunt
2286 5123 2516 5194 eloquia
2550 5122 2669 5181 Dei.
2702 5120 2799 5173 sed
2831 5120 3048 5173 ancillm
3080 5118 3205 5180 ﬁlii,
3228 5119 3500 5175 minorati
3518 5124 3669 5189 sunt,

1978 5215 2077 5286 qui
2107 5231 2166 5268 se
2196 5214 2619 5279 subtraxerunt,
2652 5225 2755 5262 nec
2792 5208 2851 5261 in
2880 5208 3229 5263 Salvatorem
3285 5210 3671 5280 crediderunt,

1977 5303 2119 5358 etin
2150 5302 2287 5374 ipsis
2336 5300 2599 5367 panibus,
2662 5297 2719 5351 id
2776 5300 2859 5350 est
2911 5296 3118 5350 divinis
3173 5296 3415 5368 eloquiis
3448 5304 3671 5354 tantum

1976 5398 2205 5447 terrena
2236 5393 2550 5445 senserunt.
2585 5390 2791 5443 Gentes
2820 5392 3013 5440 autem
3045 5386 3252 5457 quibus
3283 5404 3394 5441 non
3426 5392 3512 5442 est
3540 5389 3673 5444 data

1976 5482 2086 5548 lex,
2113 5485 2419 5552 postquam
2446 5493 2550 5550 per
2600 5478 2819 5531 Novum
2866 5477 3293 5530 Testamentum
3338 5475 3407 5530 ad
3437 5476 3536 5531 illa
3559 5478 3673 5531 elo~
