4062 6180
322 309 425 362 343

940 307 1329 362 WALAFRIDI
1371 307 1619 362 S'I‘RABI
1660 309 1853 363 FULD.
1898 309 2059 365 MON.
2101 310 2254 366 OPP.
2297 311 2474 365 PARS
2511 310 2554 364 Ι.
2596 338 2664 348 --
2703 307 3160 365 THEOLOGICA.

3719 310 3822 364 544

314 430 452 502 quia
476 434 776 496 venerunt,
808 431 1052 484 multum
1087 431 1389 485 esuriendo
1415 435 1628 485 terram
1641 431 2012 501 transierunt,
2043 436 2086 488 A
2123 433 2287 497 Quod
2317 449 2389 486 ne
2469 431 2738 486 omnibus
2771 432 3065 502 contingat
3125 431 3398 486 Dominus
3449 433 3703 504 quotidie
3759 433 3819 486 in

309 518 443 588 quia
473 517 532 570 in
561 516 642 571 eis
673 533 792 571 non
821 522 1070 586 terrena,
1125 519 1222 572 sed
1281 518 1530 573 caelestia
1580 524 1913 590 sapuerunt.
1950 521 2013 574 In

313 607 504 662 Grieco
536 605 616 658 ita
650 621 663 658 :
695 606 847 660 Pleni
882 607 1116 675 panibus
1159 609 1420 660 minorati
1464 613 1613 676 sunt,
1644 612 1695 661 et
1722 611 2014 664 esurientes

317 696 653 750 transierunt
674 698 894 748 terram.

382 787 450 838 Et
468 784 728 850 famelici.
782 783 845 836 Id
871 787 974 849 est,
1019 782 1258 853 gentiles
1311 783 1466 855 prius
1519 785 2015 856 egentes,'panem

316 871 472 925 verbi
495 870 727 941 Deijam
751 874 997 940 gustant,
1058 871 1337 943 quoniam
1390 872 1578 926 suavis
1634 878 1737 928 est.
1797 875 2015 928 Tandiu

312 959 463 1031 pasti
491 964 624 1013 sunt
652 959 886 1015 scientia
915 961 1033 1014 Dei.

387 1059 600 1114 Sterilis
618 1059 847 1127 peperit.
898 1059 960 1110 ln
1000 1057 1322 1128 septenario
1385 1057 1721 1111 universitas
1753 1059 2016 1113 Ecclesiae

317 1145 668 1215 designatur,
715 1145 861 1199 unde
888 1151 946 1199 et
973 1147 1220 1200 Joannes
1245 1145 1439 1199 scribit
1466 1152 1686 1215 septem
1745 1147 2013 1213 ecclesiis,

317 1234 388 1289 ad
420 1233 588 1287 unius
614 1233 1031 1304 plenitudinem
1069 1251 1125 1287 se
1155 1233 1398 1288 scribere
1439 1234 1742 1288 ostendens
1770 1252 1782 1302 ;
1814 1237 1965 1289 unde
2001 1253 2012 1291 :

317 1323 600 1392 Sapientia
645 1322 937 1390 zdiﬁcavit
956 1323 1062 1377 sibi
1091 1322 1326 1388 domum,
1373 1327 1422 1375 et
1468 1323 1711 1390 suffulsit
1741 1327 2015 1379 columnas

315 1415 515 1480 septem
554 1411 734 1479 (Prov.
759 1416 852 1481 Ix).
900 1410 1116 1465 Sterilis
1161 1416 1281 1464 erat
1319 1410 1377 1463 in
1426 1411 1691 1480 gentibus
1748 1413 2014 1480 Ecclesia,

318 1503 626 1568 antequam
664 1498 769 1552 iste
818 1499 966 1554 fetus
1020 1515 1193 1570 quem
1242 1499 1529 1552 cernimus
1591 1500 1855 1555 oriretur.
1886 1502 2016 1556 Cer-

318 1585 510 1640 nimus
538 1586 712 1640 etiam
755 1590 1041 1641 terrenam
1086 1588 1400 1642 Jerusalem
1471 1589 1794 1651 fecundam,
1869 1605 2019 1642 nunc

317 1674 668 1728 inﬁrmatam
703 1691 716 1729 :
753 1675 890 1747 quia
919 1676 1249 1747 quicunque
1291 1676 1352 1730 in
1398 1692 1465 1730 ea
1494 1675 1598 1730 ﬁlii
1655 1676 1824 1730 liberi
1853 1682 2018 1732 erant

315 1762 544 1819 virtutis
573 1763 697 1834 ejus
728 1780 741 1818 :
775 1780 928 1817 nunc
959 1780 1090 1818 vero
1119 1764 1199 1818 ibi
1228 1765 1504 1835 quoniam
1561 1764 1752 1819 littera
1777 1769 1876 1827 est,
1902 1764 2019 1836 spi-

318 1851 464 1906 ritus
493 1867 609 1905 non
641 1856 761 1906 est:
795 1851 1000 1906 amissa
1029 1851 1238 1906 virtute
1287 1851 1574 1907 inﬁrmata
1608 1857 1712 1906 est.

391 1947 569 2017 (ΗΑΒ.)
627 1948 894 2003 Plurimos
966 1948 1027 2002 in
1085 1949 1320 2002 Hebraeo
1379 1955 1436 2003 et
1485 1949 1547 2003 in
1598 1950 1724 2003 LXX
1778 1948 2021 2003 habetur

316 2035 732 2106 septemJudaai
764 2037 976 2100 dicunt,
1035 2039 1187 2108 quod
1231 2042 1362 2091 nato
1420 2039 1702 2103 Samuele,
1764 2042 2020 2092 mortuus

319 2129 400 2180 est
431 2124 851 2196 primogenitus
879 2125 1030 2180 ﬁlius
1081 2127 1440 2181 Phenennee:
1475 2132 1529 2181 et
1573 2126 1811 2196 singulis
1841 2131 2020 2182 Annae

318 2212 680 2268 nascentibus
711 2213 864 2278 ﬁliis,
894 2214 1105 2284 singuli
1136 2216 1462 2268 Phenennas
1495 2220 1627 2268 sunt
1656 2214 1886 2269 mortui.
1913 2216 2019 2270 Sed

318 2299 630 2354 Phenenna
657 2301 856 2356 habuit
884 2307 1102 2370 septem
1132 2320 1143 2355 :
1195 2307 1357 2356 Anna
1416 2320 1548 2357 vero
1603 2303 1879 2374 quinque.
1912 2304 2021 2358 Sed

321 2387 542 2442 Hebraei
574 2389 715 2443 duos
745 2389 894 2442 ﬁlios
917 2390 1196 2444 Samuelis
1223 2396 1606 2445 annumeraut
1653 2395 1834 2445 Annae
1864 2392 2016 2446 ﬁliis.

393 2484 529 2555 (In.)
559 2485 843 2554 Sterilem,
875 2492 1004 2551 etc.,
1038 2504 1206 2556 usque
1257 2489 1334 2542 ad
1356 2489 1462 2543 hac
1513 2491 1636 2560 ejus
1689 2495 2021 2561 paupertate

324 2571 489 2627 ditati
518 2589 734 2628 sumus.

394 2673 553 2726 Vens.
570 2678 621 2726 7.
647 2702 709 2712 --
724 2676 1038 2743 Pauperem,
1061 2679 1166 2729 etc.
1180 2677 1207 2730 J
1213 2692 1392 2743 esum,
1408 2676 1506 2747 qui
1519 2679 1754 2747 propter
1765 2692 1867 2731 nos
1878 2692 2020 2748 pau-

324 2776 426 2830 per
453 2761 632 2815 factus
661 2767 766 2828 est,
797 2767 855 2816 et
881 2762 1024 2816 ditat
1050 2763 1317 2817 eumdem
1350 2763 1533 2834 gloria
1561 2765 2016 2819 resurrectionis.

396 2860 555 2912 Vens.
589 2863 641 2914 8.
674 2890 743 2898 —
775 2863 854 2915 De
890 2861 1132 2929 pulvere.
1174 2862 1252 2915 De
1303 2861 1666 2932 corruptione
1707 2862 2018 2930 Christum,

323 2947 522 3002 unde:
558 2949 662 3004 Nec
715 2948 875 3003 dabis
931 2955 1340 3004 sanctumtuum
1387 2950 1571 3004 videre
1625 2954 2018 3020 corruptionem

328 3035 491 3107 (Psal.
517 3038 630 3105 xv).

397 3135 464 3190 De
490 3136 734 3187 stercore.
761 3132 942 3203 (ΒΑΒ.,
999 3134 1095 3187 ubi
1147 3135 1363 3203 supra.)
1407 3135 1640 3189 Judaico
1689 3137 1926 3207 papulo,
1961 3136 2021 3189 in

325 3236 438 3291 quo
467 3236 596 3274 cum
654 3237 713 3274 se
766 3221 999 3276 dixisset
1044 3223 1345 3292 Apostolus
1392 3223 1696 3277 Ecclesiam
1755 3240 2020 3294 persecu-

323 3311 469 3375 tum,
501 3323 618 3376 quaz
642 3310 798 3374 mihi,
861 3308 1066 3379 inquit,
1123 3311 1349 3374 fuerunt
1407 3311 1578 3374 lucra,
1614 3315 1836 3380 propter
1864 3312 2019 3368 Chri-

326 3399 470 3449 stum
497 3398 767 3449 wstimavi
785 3401 1023 3450 stercora
1079 3394 1439 3467 [detrimenta]
1491 3397 1714 3468 (Philip.
1751 3399 1860 3468 ιιι).

395 3491 759 3559 Principibus.
826 3490 947 3561 (Ιο.)
1003 3491 1216 3556 Quibus
1283 3491 1537 3547 dicitur:
1591 3493 1856 3549 Sedebitis
1928 3509 2019 3548 su-

319 3596 421 3650 per
438 3579 586 3634 sedes
613 3578 910 3646 duodecim,
953 3580 1263 3649 judicantes
1297 3581 1598 3649 duodecim,
1651 3582 1820 3636 tribus
1850 3583 2020 3638 Israel

331 3669 547 3739 (Matth.
577 3665 729 3736 xxv).

389 3763 594 3820 Solium
620 3763 822 3831 gloria.
864 3764 928 3818 In
947 3763 1215 3836 aequitate
1255 3764 1434 3820 Patris
1496 3766 1765 3833 sedendo,
1801 3771 1857 3821 et
1886 3767 2021 3838 quia

331 3853 497 3907 Pater
519 3867 669 3906 omne
715 3852 991 3922 judicium
1037 3853 1189 3908 dedit
1244 3855 1400 3921 Filio,
1453 3859 1503 3907 et
1537 3855 1668 3924 quia
1722 3857 1879 3921 regni
1903 3855 2018 3923 ejus

325 3957 433 3996 non
450 3943 554 3995 erit
569 3943 694 4009 finis
721 3941 910 4010 (Joan.
945 3941 1022 4010 v).

388 4036 648 4094 Cardines
680 4041 852 4091 terra.
902 4036 1158 4101 Quatuor
1206 4036 1416 4091 scilicet
1460 4037 1645 4109 plagae
1703 4038 1925 4105 mundi,
1959 4039 2020 4093 in

327 4125 536 4196 quibus
589 4124 847 4179 dilatavit
897 4124 1093 4178 orbem
1152 4126 1429 4195 Ecclesiae,
1488 4142 1677 4196 quaea
1732 4127 1860 4182 solis
1897 4132 2021 4182 ortu

326 4228 496 4281 usque
523 4213 598 4267 ad
625 4227 868 4268 occasum
925 4214 1153 4266 laudant
1205 4228 1394 4290 nomen
1439 4214 1653 4267 Domini
1668 4212 1836 4280 (Psal.
1871 4219 2016 4278 cxu).

399 4308 643 4380 Mystice,
691 4307 1109 4378 praedicatores,
1169 4325 1342 4378 super
1393 4325 1537 4379 quos
1594 4308 1767 4375 orbis,
1819 4309 1877 4363 id
1916 4313 2016 4376 est,
2051 4330 2090 4383 ι)

329 4396 592 4458 Ecclesia,
625 4394 736 4450 ﬁde
767 4410 968 4448 eorum
998 4394 1363 4460 stabilitatur,
1388 4395 1457 4449 de
1515 4395 1723 4466 quibus
1765 4395 1971 4450 dicitur
2002 4413 2015 4450 :

327 4483 437 4538 Sub
468 4499 571 4552 quo
594 4488 910 4548 curvantur,
957 4486 1054 4551 qui
1074 4487 1297 4553 portant
1325 4483 1503 4538 orbem
1551 4483 1696 4554 (Job.
1727 4495 1820 4548 ir).

399 4581 566 4634 Vens.
610 4581 694 4635 t0.
744 4611 810 4620 —
858 4582 1142 4635 Dominum
1191 4581 1587 4646 formidabant.
1642 4580 1787 4644 Quia
1857 4579 2022 4634 inﬁr-

328 4683 488 4721 mum
546 4667 713 4722 faciet
768 4667 1155 4721 adversarium
1215 4668 1355 4738 ejus.
1411 4669 1597 4722 Potest
1631 4685 1699 4723 ex
1751 4669 2022 4740 ambiguo

329 4756 520 4811 Graeco
540 4755 804 4826 intelligi,
834 4761 890 4810 et
907 4755 1293 4810 adversarium
1317 4772 1503 4811 suum.
1555 4757 1698 4811 Cum
1727 4756 1880 4811 enim
1915 4758 2022 4810 Do-

328 4844 518 4898 minus
544 4844 836 4914 possidere
868 4860 968 4898 nos
991 4843 1212 4914 incipit,
1242 4843 1596 4898 adversarius
1625 4850 1818 4900 noster
1840 4845 2022 4916 ipsius

328 4931 438 4998 ﬁt;
485 4937 540 4986 et
582 4932 829 4987 vincitur
874 4948 908 4986 a
956 4932 1138 4997 nobis,
1179 4949 1297 4986 non
1355 4933 1569 4988 viribus
1616 4934 1841 4999 nostris,
1889 4933 2024 5005 quia

325 5019 525 5072 nonin
552 5019 759 5074 virtute
807 5020 1041 5090 propria
1084 5023 1286 5090 potens
1307 5026 1391 5074 est
1426 5021 1530 5076 vir.
1591 5024 1874 5077 Dominum
1901 5024 2025 5088 for-

328 5107 632 5162 midabant.
666 5107 988 5163 Adversarii
1015 5108 1215 5175 Judaei,
1263 5124 1434 5179 super
1462 5125 1604 5180 quos
1662 5110 1724 5164 in
1762 5109 1934 5177 caelis,
1967 5110 2024 5165 id

329 5198 415 5248 est
444 5195 714 5263 apostolis
745 5197 1019 5250 Dominus
1070 5197 1309 5261 tonavit,
1371 5198 1598 5268 quando
1645 5215 1742 5252 eos
1799 5197 2022 5265 terruit,

331 5281 659 5352 gehennam
697 5284 991 5353 minando,
1030 5283 1215 5338 minas
1267 5284 1446 5355 signis
1509 5285 1789 5341 ﬁrmando
1824 5303 1836 5339 :
1872 5285 2024 5341 unde

331 5368 501 5423 multi
552 5371 806 5424 conversi
867 5377 1019 5426 sunt.
1076 5373 1174 5427 Vel
1229 5373 1620 5428 formidabunt
1671 5373 1732 5428 in
1783 5373 2020 5444 judicio,

332 5475 505 5531 quem
569 5459 662 5513 hic
703 5460 1064 5515 adversantes
1122 5467 1611 5532 contempserunt,
1663 5479 1835 5532 super
1881 5478 2024 5532 quos

331 5547 571 5615 tonabit,
605 5548 836 5603 dicens:
891 5552 966 5604 Ite
1015 5553 1070 5604 in
1127 5553 1305 5618 ignem
1356 5557 1612 5606 aeternum
1633 5552 1852 5618 (Matth.
1875 5556 2022 5614 xxv).

2123 522 2295 589 coalis,
2329 522 2385 575 id
2416 527 2520 585 est,
2552 521 2856 591 Scripturis
2923 524 2978 574 et
3035 520 3382 586 doctoribus,
3408 525 3583 575 tonat.

2184 613 2252 666 In
2280 611 2441 664 cretis.
2469 609 2649 681 (ΗΑΒ.)
2677 609 2819 674 Quia
2850 609 3011 680 justa
3072 608 3372 662 retributio
3430 609 3622 663 futura
3653 613 3737 663 est
3766 609 3824 663 in

2123 699 2212 754 die
2238 699 2454 770 judicii,
2487 699 2584 752 sed
2614 698 2842 752 interim
2874 702 3033 752 tonat
3057 697 3127 752 de
3185 697 3431 751 nubibus
3488 698 3625 760 suis,
3685 714 3825 769 quas

2123 789 2340 860 Spiritu
2371 793 2564 841 sancto
2604 787 2866 858 implevit
2895 790 3204 858 postquam
3230 786 3401 840 ccelos
3440 785 3712 839 ascendit.

2196 879 2367 931 Fines.
2406 877 2668 929 Extrema
2724 874 2976 928 hominis
3009 891 3022 928 :
3075 874 3211 944 quia
3252 889 3369 928 non
3394 873 3825 945 judicabuntur,

2123 965 2334 1036 quaein
2361 964 2564 1018 melius
2586 965 2674 1018 vel
2727 964 2976 1018 deterius
3020 962 3208 1016 medio
3264 968 3523 1032 tempore
3569 978 3825 1016 commu-

2123 1058 2338 1120 tantur,
2367 1054 2463 1107 sed
2493 1058 2744 1107 extrema
2778 1053 2835 1106 in
2869 1052 3077 1123 quibus
3095 1049 3269 1104 fuerit
3294 1050 3577 1104 inventus.

2196 1145 2266 1196 Et
2297 1141 2470 1195 dabit.
2507 1141 2567 1194 Id
2598 1147 2694 1206 est,
2734 1140 2976 1196 Christo.

2196 1234 2511 1299 Imperium.
2547 1232 2610 1286 Id
2638 1235 2723 1285 est
2772 1230 3100 1295 Ecclesiam,
3148 1229 3336 1283 unde:
3405 1229 3554 1283 Dabo
3587 1229 3688 1282 tibi
3707 1243 3828 1295 gen-

2127 1325 2202 1375 tes
2236 1319 2601 1374 haereditatem
2633 1324 2801 1373 tuam.
2828 1319 2924 1372 Vel
2977 1317 3307 1387 imperium,
3359 1316 3414 1371 id
3447 1322 3534 1370 est
3578 1321 3825 1387 potesta-

2125 1413 2244 1462 tem
2264 1407 2581 1478 judicandi,
2615 1406 2750 1477 quia
2779 1421 2930 1460 omne
2946 1406 3224 1473 judicium
3257 1404 3576 1459 deditFilio.

2197 1499 2347 1562 Regi.
2389 1497 2569 1566 (ΗΑΒ.)
2629 1495 2948 1550 Christiano
2993 1495 3209 1565 populo
3257 1494 3349 1548 cui
3410 1493 3508 1548 dat
3558 1493 3825 1549 virtutem

2127 1585 2633 1654 regendicarnem,
2669 1589 2732 1638 ut
2785 1584 2845 1637 in
2877 1599 2944 1638 eo
2969 1583 3156 1637 vincat
3186 1582 3490 1648 mundum,
3543 1582 3644 1654 qui
3694 1599 3824 1654 pro-

2127 1679 2257 1744 pter
2288 1689 2422 1728 eum
2453 1673 2598 1728 fudit
2626 1674 2965 1743 sanguinem
3003 1688 3192 1727 suum.

2199 1764 2403 1820 Christi
2431 1764 2534 1817 sui.
2570 1762 2751 1830 (Rea,
2811 1765 2870 1816 in
2901 1761 2998 1817 lib.
3062 1762 3218 1830 Reg.)
3276 1759 3582 1815 Christiani
3609 1757 3830 1831 populi,

2129 1850 2432 1905 chrismate
2473 1850 2674 1904 uncti:
2724 1853 2913 1904 totum
2960 1854 3152 1904 tamen
3209 1865 3414 1919 corpus
3480 1865 3611 1903 cum
3647 1847 3832 1918 capite

2130 1956 2395 1994 suounus
2421 1944 2506 1994 est
2535 1939 2810 1994 Christus.
2860 1938 2995 1993 Haec
3019 1941 3179 1994 Anna
3236 1938 3603 2008 prophetavit
3651 1941 3834 1990 mater

2130 2029 2426 2092 Samuelis,
2479 2028 2537 2082 in
2588 2043 2703 2099 quo
2725 2032 2862 2082 tunc
2914 2026 3161 2098 ﬁgurata
3211 2031 3295 2080 est
3346 2025 3591 2079 mutatio
3624 2024 3832 2078 veteris

2129 2117 2448 2180 sacerdotii,
2500 2123 2556 2170 et
2611 2132 2763 2170 nunc
2821 2115 3078 2186 impleta,
3129 2113 3358 2186 quando
3412 2113 3704 2168 inﬁrmata
3751 2117 3837 2168 est

2129 2205 2393 2271 fecunda,
2427 2208 2489 2259 ut
2517 2220 2732 2258 novum
2760 2203 2997 2258 haberet
3046 2203 3255 2258 sterilis
3305 2202 3366 2256 in
3394 2201 3618 2258 Christo
3649 2217 3834 2255 sacer-

2129 2292 2368 2347 dotium.

2201 2382 2360 2434 Vens.
2415 2383 2498 2434 l2.
2551 2409 2617 2419 —
2672 2381 2811 2434 Heli.
2866 2379 2985 2450 (11).)
3038 2380 3454 2448 Interpretatur
3504 2381 3829 2442 extraneus,

2129 2470 2303 2522 aDeo
2333 2468 2487 2522 enim
2509 2467 2728 2522 alienus
2780 2473 2882 2533 est,
2947 2468 3045 2538 qui
3104 2466 3358 2521 subditos
3413 2482 3530 2520 non
3577 2465 3833 2535 corrigit.

2130 2555 2316 2626 Ophni
2345 2555 2581 2609 infamia
2611 2555 3013 2620 conversionis,
3041 2554 3247 2608 merito
3306 2558 3498 2608 autem
3549 2553 3627 2606 sic
3664 2568 3837 2606 voca-

2130 2650 2244 2709 tur,
2276 2643 2377 2714 qui
2406 2643 2594 2697 diﬂ'ert
2642 2643 2893 2697 converti
2923 2643 2985 2696 in
3024 2642 3247 2696 melius.
3298 2641 3540 2696 Phinees
3589 2641 3704 2694 oris
3734 2640 3839 2694 ob-

2131 2732 2374 2797 duratio,
2426 2731 2512 2786 vel
2544 2732 2631 2786 ori
2679 2748 2933 2802 parcens.
2992 2733 3148 2786 Duos
3197 2731 3439 2785 Phinees
3518 2730 3841 2784 sacerdotes

2129 2820 2415 2891 legimus:
2469 2821 2712 2874 alterum
2753 2821 2972 2891 justum
3033 2820 3280 2874 Eleazari
3335 2820 3542 2886 ﬁlium,
3594 2820 3842 2873 alterum

2130 2907 2434 2978 injustam,
2478 2909 2658 2963 lilium
2717 2909 2858 2963 Heli.
2899 2909 3232 2964 Sacerdotes
3265 2908 3364 2979 qui
3417 2907 3752 2962 custodiunt
3779 2923 3844 2961 os

2051 3026 2091 3080 Ο
2127 3012 2314 3062 suum,
2343 3011 2414 3049 ne
2445 3001 2608 3049 exeat
2630 2995 2766 3050 inde
2795 2995 3028 3067 aliquod
3049 3011 3308 3065 pravum,
3352 2994 3412 3048 in
3434 2994 3554 3048 ﬁlio
3587 2993 3843 3048 Eleazari

2131 3083 2450 3154 signantur.
2485 3083 2593 3148 Qui
2623 3089 2814 3138 autem
2844 3101 2906 3138 os
2952 3084 3166 3139 habent
3220 3083 3572 3148 obturatum,
3608 3081 3697 3135 vel
3727 3081 3840 3135 im-

2129 3171 2357 3242 peritia,
2410 3172 2498 3226 vel
2539 3176 2901 3242 peccatorum
2959 3170 3327 3238 conscientia,
3380 3169 3499 3224 ﬁlio
3532 3169 3655 3224 Heli
3684 3169 3838 3240 ﬁgu-

2129 3263 2352 3312 rantur.

2202 3345 2385 3415 (ΗΑΒ.)
2409 3345 2600 3400 Refert
2610 3345 2909 3416 Iosephus,
2930 3350 3062 3414 etc.,
3083 3351 3189 3400 etc.
3204 3387 3217 3414 ,
3231 3360 3398 3416 usque
3409 3346 3484 3400 ad
3495 3349 3548 3400 et
3563 3343 3837 3400 subdito-

2130 3449 2260 3488 rum
2286 3435 2455 3504 culpa
2490 3434 2607 3488 illis
2628 3434 3022 3504 imputabitur.

2201 3523 2367 3576 Vens.
2407 3525 2489 3577 19.
2517 3553 2587 3564 —-
2617 3523 2901 3577 Tunicam.
2933 3523 3148 3577 Tunica
3178 3538 3353 3594 quam
3380 3521 3620 3576 faciebat
3647 3523 3836 3589 Anna,

2129 3608 2185 3663 id
2216 3614 2300 3664 est
2327 3611 2531 3680 gratia,
2565 3616 2621 3664 et
2675 3627 2856 3681 puero
2896 3611 3188 3677 tradebat;
3238 3611 3524 3680 inceptiva
3579 3609 3842 3663 doctrina

2130 3703 2237 3762 est,
2271 3714 2385 3766 qua
2415 3697 2614 3753 ﬁdeles
2662 3699 2850 3769 prima
2895 3699 3222 3754 rudimenta
3275 3698 3581 3768 accipiunt,
3629 3697 3838 3751 unde:

2128 3785 2236 3839 Lac
2264 3787 2412 3840 vobis
2449 3791 2636 3856 potum
2665 3786 2813 3855 dedi,
2846 3801 2953 3841 non
2999 3801 3174 3840 escam
3194 3787 3252 3856 (Ι
3276 3787 3392 3842 Cor.
3460 3785 3558 3853 ιιι).
3617 3784 3840 3854 Super-

2129 3872 2424 3928 humerale
2475 3890 2605 3928 vero
2660 3874 2898 3937 lineum,
2970 3873 3286 3929 castitatem
3319 3879 3375 3927 et
3418 3872 3839 3927 continentiam

2128 3975 2258 4014 cum
2285 3961 2448 4015 bonis
2504 3962 2770 4032 operibus
2828 3963 3032 4033 signat.
3091 3961 3200 4026 Qui
3243 3961 3396 4016 enim
3456 3959 3696 4014 Domino
3721 3961 3836 4014 mi-

2128 4049 2370 4103 nistrare
2427 4051 2730 4119 desiderat,
2793 4067 3019 4106 necesse
3072 4056 3157 4104 est
3206 4055 3270 4105 ut
3315 4053 3466 4106 caste
3539 4048 3841 4103 continen-

2128 4141 2217 4191 ter
2237 4137 2407 4205 vivat,
2442 4144 2498 4192 et
2532 4139 2696 4193 bonis
2724 4139 2992 4210 operibus
3042 4155 3100 4193 se
3131 4141 3404 4193 exerceat.

2211 4228 2373 4281 Vens.
2405 4230 2493 4282 25.
2522 4259 2588 4268 —
2637 4228 2698 4283 Si
2735 4229 3060 4300 peccauerit.
3135 4228 3410 4292 (HIERON.,
3468 4224 3564 4278 ubi
3615 4224 3838 4292 supra.)

2131 4322 2258 4375 Non
2287 4335 2354 4373 eo
2417 4316 2586 4371 modo
2640 4319 2904 4386 peccatur
2959 4315 3020 4369 in
3071 4314 3280 4380 virum,
3304 4328 3418 4384 quo
3475 4316 3747 4381 peccatur
3778 4308 3840 4362 in

2131 4410 2332 4474 Deum,
2361 4406 2496 4477 quia
2516 4419 2747 4476 peccare
2801 4403 2862 4458 in
2910 4403 3118 4467 virum,
3149 4402 3207 4456 id
3255 4406 3340 4456 est
3395 4405 3594 4480 contra
3645 4398 3842 4469 proxi-

2130 4512 2310 4559 mum,
2342 4495 2522 4548 levius
2549 4498 2635 4547 est
2664 4496 2720 4546 et
2749 4491 3055 4546 venialius.
3096 4493 3161 4545 In
3194 4492 3373 4544 Deum
3402 4503 3535 4543 vero
3573 4502 3836 4558 peccare,

2130 4585 2188 4640 id
2213 4588 2298 4639 est
2342 4599 2376 4636 a
2422 4583 2578 4636 cultu
2639 4580 2763 4651 ejus
2818 4579 3123 4634 recedere:
3167 4577 3482 4648 impietatis
3535 4579 3841 4646 peccatum

2130 4677 2232 4739 est,
2265 4671 2420 4743 quod
2449 4668 2737 4724 difﬁcilius
2766 4667 3026 4738 punitur,
3059 4672 3113 4721 et
3142 4666 3359 4720 tardius
3408 4663 3738 4718 remittitur.
3777 4664 3844 4717 Et

2130 4776 2258 4814 cum
2291 4758 2419 4830 quis
2463 4757 2525 4810 in
2567 4757 2753 4810 virum
2828 4762 3044 4826 peccat,
3115 4755 3336 4824 placato
3393 4752 3516 4830 viro
3564 4751 3700 4804 facit
3728 4749 3843 4804 sibi

2115 4832 2313 4902 'Deum
2353 4844 2710 4916 placabilem.
2776 4843 2888 4899 Sed
2938 4858 3067 4897 cum
3127 4841 3256 4912 quis
3295 4841 3352 4894 in
3409 4842 3591 4894 Deum
3616 4844 3840 4909 peccat,

2132 4935 2261 5007 quis
2281 4933 2465 4988 orabit
2493 4948 2596 5005 pro
2627 4949 2694 4986 eo
2721 4931 2748 4986 ?
2778 4932 2838 4987 id
2867 4937 2972 5001 est,
2990 4946 3094 5002 per
3117 4944 3290 5000 quem
3319 4927 3428 4982 sibi
3457 4929 3636 4982 Deum
3663 4927 3837 4980 faciet

2128 5021 2495 5094 propitium?
2528 5022 2652 5076 Non
2707 5022 2863 5093 quod
2920 5019 3079 5072 nulla
3125 5016 3407 5088 speranda
3435 5015 3507 5070 sit
3551 5014 3715 5068 venia
3759 5015 3841 5068 eis

2132 5111 2233 5182 qui
2257 5111 2316 5164 in
2345 5109 2537 5165 divino
2568 5113 2804 5180 peccant
2833 5105 3021 5161 ofﬁcio
3047 5122 3058 5160 :
3094 5106 3196 5160 sed
3219 5105 3402 5175 major
3440 5109 3526 5158 est
3554 5119 3748 5174 poena,
3784 5108 3842 5157 et

2131 5200 2349 5255 tardior
2374 5199 2540 5254 venia
2566 5199 2654 5253 his
2683 5196 2860 5268 quiin
2890 5196 3061 5250 rebus
3103 5196 3216 5249 Deo
3257 5193 3489 5247 sacratis
3515 5191 3837 5257 offendunt,

2133 5305 2306 5361 quam
2337 5289 2384 5342 si
2438 5289 2610 5342 verbo
2654 5288 2737 5340 vel
2790 5285 2936 5339 facto
2992 5283 3241 5338 laeserint
3293 5282 3646 5352 proximum,
3699 5281 3839 5351 quia

2133 5383 2350 5450 quanto
2382 5377 2565 5446 major
2585 5373 2784 5445 gloria,
2832 5377 2992 5427 tanto
3046 5371 3275 5442 gravior
3320 5370 3557 5424 otl‘ensa.

2203 5465 2362 5519 Vens.
2393 5465 2481 5516 27.
2516 5489 2588 5502 —
2615 5462 2793 5515 Patris
2850 5460 2951 5524 tui,
3011 5463 3116 5512 etc.
3175 5461 3377 5522 Aaron,
3433 5457 3663 5510 scilicet.
3698 5454 3837 5518 Quis

2136 5549 2292 5605 enim
2322 5548 2466 5602 alius
2496 5547 2604 5602 fuit
2634 5546 2695 5601 in
2751 5546 3080 5617 At’gyptiaca
3117 5543 3406 5608 servitute,
3447 5540 3546 5613 qui
3604 5545 3732 5610 post
3759 5538 3837 5592 li-
