3998 6178
180 276 273 326 5ἱό
1297 267 1559 323 GLOSSA
1597 265 2003 322 ORDINARIA.
2046 298 2112 306 —
2155 269 2285 323 LIB.
2328 269 2351 322 l
2392 269 2554 324 REG.

3576 272 3677 323 546

172 397 525 452 berationem
570 393 780 448 electus
837 392 911 447 sit
952 392 1013 446 in
1072 390 1481 446 sacerdotem?
1534 390 1943 461 QuicunqueA
2055 391 2216 445 Vens.
2277 392 2363 445 '20.
2421 422 2488 431 —
2544 391 2590 445 A
2654 393 2789 445 Dan.
2845 392 2969 461 (Io.)
3026 393 3131 445 Per
3157 392 3437 446 terminos
3461 394 3677 448 Iudaeae

175 486 326 540 enim
382 500 447 538 ex
510 484 633 553 ejus
683 497 888 551 genere
933 486 1035 548 est,
1095 496 1225 534 cum
1284 479 1439 533 videt
1486 478 1870 533 sacerdotium

178 573 633 629 Christianorum
664 571 879 640 pollere
909 585 1013 639 per
1045 571 1341 631 mundum,
1385 566 1495 621 sibi
1528 572 1718 622 autem
1751 582 1872 619 esse

179 662 550 724 subtractum,
577 659 772 712 dolore
800 662 855 710 et
888 672 1128 712 maerore
1155 654 1410 709 tabescit.

242 751 407 803 Vens.
470 751 558 803 32.
607 778 676 786 —
725 747 1015 801 Emulum.
1098 746 1286 816 (ΗΑΒ.)
1357 744 1613 797 Emulus
1670 743 1877 797 domus

182 838 298 892 Heli
329 837 461 900 fuit,
508 836 728 891 Sadoch
778 835 1060 899 sacerdos,
1096 832 1211 903 qui,
1258 832 1478 902 abjecto
1530 832 1801 886 Abiathar
1848 847 1881 884 a

181 924 485 979 Salomone
506 922 908 986 sacerdotium,
943 920 1209 991 suscepit.
1247 920 1404 974 Unde
1449 919 1723 987 :Projecit
1771 919 1878 973 Sa-

184 1014 354 1066 lomon
387 1012 665 1066 Abinthar
692 1027 755 1065 ne
784 1016 916 1065 esset
958 1010 1204 1063 sacerdos
1248 1010 1479 1072 Domini,
1529 1013 1589 1059 ut
1632 1008 1879 1075 implere-

187 1106 273 1155 tur
316 1101 543 1153 verbum
587 1101 823 1165 Domini,
886 1098 1029 1168 quod
1077 1099 1282 1152 locutus
1327 1101 1410 1151 est
1460 1111 1623 1165 super
1667 1094 1882 1148 domum

188 1189 307 1242 Heli
336 1188 467 1255 (III
500 1190 627 1255 Reg.
660 1188 737 1255 ιι).

256 1277 423 1329 Vens.
459 1279 546 1329 33.
599 1307 666 1315 —
698 1278 765 1330 Ut
810 1274 1078 1343 deﬁciant.
1137 1274 1321 1344 (ΗΑΒ.)
1396 1274 1465 1327 Ut
1511 1287 1739 1342 semper
1778 1269 1883 1323 sci-

190 1366 316 1418 licet
346 1364 422 1418 sit
452 1366 522 1418 de
552 1365 721 1417 domo
761 1365 881 1417 Heli
907 1365 964 1417 in
996 1364 1167 1417 domo
1198 1362 1447 1427 Domini,
1480 1361 1580 1433 qui
1606 1361 1665 1414 in
1696 1358 1883 1430 digni-

191 1458 302 1505 tate
332 1452 635 1506 sacerdotii
670 1452 867 1505 videns
896 1452 1071 1505 alium
1099 1451 1493 1515 substitutum,
1534 1454 1590 1502 et
1620 1465 1678 1502 se
1710 1447 1885 1502 desti-

190 1545 398 1606 tutum,
433 1541 659 1594 deﬁciat
696 1541 889 1593 animo
931 1546 985 1593 et
1014 1540 1282 1594 tabescat.
1339 1538 1469 1592 Haec
1515 1542 1705 1591 autem
1758 1552 1885 1590 mu-

191 1629 326 1681 tatio
348 1629 677 1696 sacerdotii,
712 1628 772 1681 in
818 1628 1040 1682 Christo
1079 1629 1246 1697 plene
1302 1627 1587 1697 completa
1623 1631 1726 1692 est,
1760 1640 1887 1696 quae

192 1734 222 1769 a
248 1717 513 1770 Samuele
545 1718 788 1787 ﬁgurata
818 1733 830 1769 :
876 1724 1007 1786 post
1055 1716 1380 1770 Samuelem
1435 1716 1587 1768 enim
1620 1714 1887 1767 sacerdo—

191 1810 270 1858 tes
314 1805 552 1857 fuerunt
601 1805 668 1859 de
708 1820 915 1875 genere
954 1806 1166 1867 Aaron,
1216 1804 1459 1869 Sodoch,
1502 1808 1557 1857 et
1589 1803 1886 1868 Abiathar,

192 1897 244 1945 et
272 1892 370 1946 alii
405 1909 590 1962 usque
622 1893 689 1947 ad
723 1898 949 1962 tempus
982 1892 1192 1947 Christi

260 1982 424 2033 Vens.
479 1984 564 2034 35.
623 2011 692 2021 —
739 1983 807 2036 Et
868 1984 1127 2036 animum.
1176 1981 1300 2051 (11).)
1356 1982 1479 2035 Non
1528 1980 1699 2034 habet
1743 1980 1891 2032 Deus

195 2068 472 2135 animam,
531 2069 629 2123 sed
666 2069 880 2139 tropice
930 2070 1135 2123 dicitur
1186 2069 1439 2122 animam
1489 2069 1722 2133 habere,
1756 2072 1886 2131 etc.,

194 2170 359 2224 usque
390 2156 469 2209 ad
498 2156 649 2209 unde
681 2172 693 2209 :
727 2159 798 2210 Et
848 2158 1113 2224 requievit
1142 2156 1328 2209 domus
1385 2155 1554 2209 Israel
1596 2158 1721 2223 post
1774 2154 1889 2207 Do-

196 2248 399 2298 minum
424 2246 475 2315 (Ι
519 2248 649 2314 Reg.
679 2245 793 2311 v11).
1703 2284 1715 2293 .

265 2335 431 2387 Vens.
495 2336 583 2386 36.
615 2364 685 2373 -
724 2338 989 2387 Futurum
1042 2337 1137 2387 est.
1186 2332 1304 2403 (11).)
1364 2333 1487 2386 Non
1543 2330 1774 2402 proprie
1824 2330 1893 2383 de

198 2421 364 2475 domo
392 2422 518 2475 Heli
548 2422 655 2475 hoc
688 2422 913 2487 dicitur,
951 2422 1045 2475 sed
1080 2421 1147 2475 de
1179 2422 1347 2474 domo
1379 2420 1595 2488 Aaron,
1626 2419 1695 2473 de
1734 2418 1895 2489 cujus

200 2525 407 2579 genere
434 2526 613 2580 usque
638 2509 811 2563 hodie
838 2509 1076 2562 veniunt
1101 2514 1157 2562 et
1178 2512 1607 2562 convertuntur.

266 2600 591 2653 Buccellam.
647 2599 827 2667 (ΗΑΒ.)
874 2600 1037 2652 Panis
1085 2614 1241 2666 quem
1295 2614 1388 2665 ego
1444 2596 1583 2650 dabo
1627 2612 1752 2650 caro
1780 2611 1897 2649 mea

204 2694 274 2742 est
300 2704 403 2757 pro
438 2688 635 2743 mundi
662 2690 778 2741 vita
811 2690 982 2758 (Joan.
1028 2688 1123 2755 γι).
1159 2686 1301 2750 Quia
1339 2686 1561 2739 dixerat
1590 2702 1649 2739 se
1677 2684 1896 2739 dedisse

204 2778 350 2831 cibos
386 2778 591 2831 domui
638 2781 829 2830 Aaron
880 2778 949 2830 de
996 2776 1241 2829 victimis
1295 2774 1501 2828 veteris
1546 2769 1893 2839 testamenti,

205 2882 327 2936 quae
375 2866 615 2920 fuerunt
665 2866 942 2919 sacriﬁcia
981 2865 1329 2930 Iudaeorum,
1364 2863 1499 2917 dicit
1542 2880 1663 2917 esse
1699 2867 1894 2933 postu-

1980 480 2405 534 universitatem
2455 480 2635 550 plebis
2685 480 3134 549 comprehendit.
3180 481 3301 535 Dan
3348 481 3568 535 viculus
3598 487 3683 536 est

1980 567 2042 621 in
2071 573 2276 639 quarto
2329 584 2361 621 a
2402 568 2663 622 Paneade
2714 568 3006 631 milliario,
3055 568 3154 639 qui
3180 586 3359 640 usque
3400 570 3569 623 hodie
3600 569 3681 624 sic

1981 660 2213 710 vocatur
2246 673 2258 709 :
2292 656 2571 710 terminus
2601 657 2814 710 Iudaeae
2852 650 3161 727 provinciae
3192 663 3391 711 contra
3442 660 3681 728 Septen—

1982 744 2251 811 trionem,
2283 745 2353 799 de
2406 761 2519 815 quo
2563 744 2822 798 Jordanis
2869 762 3174 815 erumpens
3206 762 3238 798 a
3286 746 3412 799 loco
3452 746 3682 800 sortitus

1986 837 2071 887 est
2122 849 2359 888 nomen.
2420 835 2516 887 Jor
2566 833 2779 903 quippe
2822 833 3065 887 ﬂuvium
3099 834 3285 887 rivum
3333 834 3554 888 Hebraei
3582 851 3680 888 vo-

1986 926 2132 975 cant.
2170 922 2288 975 Dan
2316 920 2728 991 interpretatur
2756 922 3033 975 Judicium
3062 923 3147 975 vel
3184 922 3466 991 judicans.

2058 1010 2333 1065 Bersabee.
2398 1010 2456 1063 In
2501 1009 2655 1063 tribu
2712 1010 2857 1063 Juda
2912 1012 2997 1063 vel
3049 1010 3329 1064 Simeonis
3386 1015 3470 1064 est
3524 1011 3679 1064 vicus

1990 1098 2222 1168 grandis
2271 1098 2331 1151 in
2360 1098 2626 1152 vicesimo
2668 1098 2737 1151 ab
2773 1098 2994 1151 Hebron
3028 1099 3312 1164 milliario,
3345 1115 3584 1169 vergens
3615 1100 3682 1153 ad

1990 1189 2262 1241 Austrum
2297 1204 2309 1240 ε
2346 1186 2406 1240 in
2453 1202 2567 1256 quo
2618 1188 3012 1240 Romanorum
3055 1187 3308 1256 positum
3353 1193 3438 1241 est
3478 1188 3683 1258 praesi-

1994 1276 2153 1329 dium
2188 1292 2199 1328 :
2260 1291 2293 1329 a
2339 1291 2453 1345 quo
2501 1274 2838 1345 insipientes
2871 1274 3104 1328 termini
3133 1276 3343 1329 Iudaeae
3371 1276 3689 1330 tenduntur

1996 1379 2175 1434 usque
2204 1363 2277 1417 ad
2309 1364 2447 1417 Dan.
2491 1363 2602 1415 Nec
2634 1363 2827 1415 mirari
2860 1363 3031 1417 debet
3078 1364 3384 1434 quispiam,
3418 1365 3463 1417 si
3494 1365 3687 1419 civita-

1994 1457 2077 1505 tes
2105 1452 2267 1505 Judse
2299 1451 2358 1504 in
2405 1451 2559 1504 tribu
2611 1451 2891 1505 Simeonis
2943 1452 3027 1504 vel
3064 1452 3359 1522 Benjamin
3414 1454 3681 1524 reperiat.

1996 1540 2198 1593 Tribus
2230 1539 2385 1593 enim
2438 1540 2580 1593 Iuda
2629 1540 2787 1593 fortis
2832 1544 2887 1592 et
2930 1539 3200 1593 bellicosa
3231 1556 3379 1611 szepe
3426 1541 3685 1595 adversa-

1999 1627 2111 1681 rios
2144 1643 2439 1698 superans,
2487 1627 2546 1679 in
2596 1627 2859 1681 omnibus
2899 1627 3159 1681 tribubus
3189 1629 3373 1682 tenuit
3403 1630 3690 1701 principa-

1994 1720 2139 1781 tum,
2192 1717 2321 1769 ideo
2369 1716 2611 1769 aliarum
2655 1716 2910 1769 tribuum
2942 1722 3119 1769 sortes
3165 1717 3225 1770 in
3259 1717 3382 1785 ejus
3437 1719 3689 1772 funiculo

1996 1809 2420 1874 computantur,
2474 1804 2730 1875 alioquin
2762 1804 2821 1856 in
2879 1804 3066 1858 medio
3094 1805 3276 1859 tribus
3311 1805 3470 1859 Iudae
3517 1807 3689 1861 habi-

1996 1897 2143 1946 tasse
2175 1893 2500 1947 Simeonem
2533 1892 2825 1963 Scriptura
2856 1893 3203 1947 manifestat.

2672 2018 2895 2071 CAPUT
2928 2018 3015 2070 IV.

2069 2141 2226 2194 Vens.
2285 2144 2331 2193 l.
2387 2170 2454 2179 —
2494 2142 2563 2194 Et
2590 2142 2817 2205 factum.
2854 2142 3040 2207 Israel,
3095 2141 3189 2193 Vir
3234 2140 3434 2195 videns
3493 2143 3693 2211 Deum,

1996 2230 2083 2283 vel
2132 2228 2294 2282 fortis
2349 2244 2479 2282 cum
2539 2230 2668 2290 Deo,
2725 2228 2783 2281 hi
2852 2233 2984 2282 sunt
3011 2229 3331 2283 credentes.
3392 2231 3695 2285 Philistiim

1999 2316 2265 2369 cadentes
2335 2317 2539 2387 poculo
2574 2357 2588 2382 ,
2651 2316 2865 2369 scilicet
2933 2316 3221 2370 daemones
3259 2359 3275 2386 ,
3336 2318 3435 2388 qui
3494 2320 3696 2389 poculo

2000 2405 2285 2475 superbiae
2334 2405 2601 2458 inebriati
2655 2410 2711 2457 et
2768 2404 2878 2474 ipsi
2927 2404 3274 2470 ceciderunt,
3325 2410 3380 2459 et
3433 2407 3697 2461 homines

2000 2498 2322 2564 pervertere
2353 2492 2640 2546 festinant.
2677 2492 2885 2546 Contra
2916 2508 3057 2562 quos
3097 2493 3286 2559 Israel,
3324 2493 3379 2546 id
3426 2498 3509 2547 est
3549 2495 3697 2549 ﬁde-

2001 2583 2080 2635 les
2111 2597 2182 2634 ne
2230 2581 2453 2647 cedant,
2507 2581 2602 2634 sed
2649 2585 2941 2650 superent,
2999 2586 3478 2635 castrametantur
3532 2582 3699 2652 juxta

2005 2670 2250 2740 lapidem
2282 2668 2572 2738 adjutorii,
2608 2669 2662 2722 id
2697 2674 2782 2723 est
2810 2669 2995 2739 legem
3045 2668 3277 2735 Christi,
3311 2670 3407 2723 ubi
3441 2670 3606 2740 lapis,
3642 2670 3700 2725 id

2003 2764 2086 2811 est
2145 2758 2418 2825 Christus,
2454 2758 2761 2822 invenitur,
2811 2758 2880 2811 de
2928 2774 3040 2828 quo
3073 2775 3085 2811 :
3140 2759 3400 2827 Lapidem
3432 2775 3585 2827 quem
3612 2776 3697 2813 re-

2002 2845 2366 2914 probaverunt
2421 2844 2768 2911 aediﬁcantes.
2839 2844 2947 2897 Sed
3022 2844 3158 2897 dum
3225 2845 3422 2899 ﬁdeles
3474 2846 3533 2899 in
3574 2847 3699 2917 lege

205 2932 433 3008 laudem
484 2954 795 3009 buccellam
843 2954 1005 3025 panis
1051 2954 1119 3007 ad
1150 2953 1585 3012 comedendum,
1613 2932 1765 3022 quod
1810 2953 1965 3009 estC
2276 2932 2649 3025 meditantur,
2695 2937 2758 3025 Ψ
2806 2933 2985 3025 ρθιξω
3032 2932 3325 3025 ίῬῩθηίδηξ
3354 2934 3701 3003 δάλυίοτθωο

208 3042 549 3097 sacriﬁcium
578 3042 1033 3098 Christianorum
1066 3046 1121 3096 et
1151 3041 1427 3113 pabulum
1447 3040 1794 3095 animarum.

885 3184 1109 3238 CAPUT
1130 3183 1225 3237 III.

278 3311 461 3379 (Hae,
510 3311 569 3362 in
608 3308 699 3361 lib.
752 3310 899 3375 Reg.)
947 3307 1106 3361 Unde
1149 3306 1208 3360 in
1240 3306 1441 3360 diebus
1476 3304 1586 3358 illis
1619 3321 1735 3358 non
1781 3308 1907 3359 erat

208 3399 342 3452 visio
375 3397 698 3451 manifesta.
735 3398 971 3461 Propter
988 3399 1215 3466 peccata
1245 3394 1399 3448 enim
1432 3394 1631 3464 populi
1669 3396 1724 3446 et
1756 3409 1904 3463 prae-

209 3486 459 3539 latorum
488 3500 606 3537 non
636 3482 947 3553 apparebat
978 3480 1253 3535 Dominus
1284 3496 1386 3551 per
1406 3480 1653 3533 visiones
1681 3479 1767 3532 vel
1802 3494 1908 3548 per

210 3572 497 3643 angelicas
526 3568 944 3640 responsiones,
965 3568 1109 3621 sicut
1145 3567 1404 3638 patribus
1442 3565 1727 3637 apparuit.

275 3662 445 3714 Vens.
480 3662 530 3713 3.
570 3688 631 3698 —
663 3658 947 3729 {Lucet-na.
996 3656 1117 3725 (In.)
1150 3655 1288 3719 Quae
1341 3654 1573 3708 ardebat
1602 3653 1664 3706 in
1710 3652 1905 3707 taber-

206 3750 410 3803 naculo
460 3752 589 3801 ante
621 3747 807 3799 lucem
858 3744 991 3799 diei.
1048 3743 1161 3799 Sub
1195 3745 1318 3797 luce
1350 3742 1503 3796 enim
1544 3741 1658 3795 diei
1689 3740 1903 3794 exstin-

207 3838 514 3909 guebatur,
550 3834 775 3888 lucebat
802 3837 993 3887 autem
1021 3848 1200 3902 usque
1231 3831 1291 3885 in
1322 3846 1489 3884 mane
1514 3846 1527 3897 ;
1571 3830 1658 3884 vel
1688 3829 1797 3883 hoc
1826 3828 1907 3881 si-

204 3927 463 3997 gniﬁcat,
516 3924 670 3994 quod
725 3922 847 3976 Heli
899 3921 958 3975 in
999 3920 1249 3974 caecitate
1303 3922 1689 3990 permaneret,
1720 3918 1903 3972 donec

209 4015 472 4069 funditus
502 4028 632 4066 cum
662 4011 821 4082 prole
852 4025 955 4064 sua
1001 4008 1479 4078 exstingueretur,
1512 4005 1569 4061 id
1608 4011 1693 4060 est
1722 4021 1908 4060 more-

212 4109 385 4169 retur,

276 4188 513 4261 Mystice
568 4191 759 4242 autem
812 4186 1034 4241 caecitas
1088 4185 1209 4240 Heli
1256 4182 1540 4254 signiﬁcat
1597 4182 1911 4238 caecitatem

2011 3022 2342 3077 Philisthiim
2388 3026 2652 3075 venerunt
2700 3024 2757 3075 in
2807 3021 3012 3090 Aphec,
3058 3020 3114 3075 id
3167 3026 3251 3075 est
3301 3021 3551 3077 furorem
3584 3039 3700 3077 'no-

2012 3126 2167 3174 vum,
2235 3116 2370 3163 tunc
2433 3110 2569 3181 quia
2624 3108 2823 3163 ﬁdeles
2870 3109 3153 3163 immundi
3197 3110 3439 3180 Spiritus
3495 3112 3704 3166 divinis

2013 3198 2237 3269 legibus
2262 3198 2510 3267 amplius
2527 3197 2788 3251 insistere
2808 3198 3183 3267 conspiciunt,
3212 3199 3454 3270 ideoque
3483 3202 3705 3255 acriora

2016 3304 2077 3341 ac
2118 3303 2262 3342 nova
2306 3286 2619 3340 certamina
2648 3291 3009 3355 construunt,
3040 3287 3191 3341 unde
3225 3287 3286 3342 in
3342 3289 3457 3342 suis
3487 3289 3705 3344 viribus

2014 3374 2360 3429 conﬁdentes
2393 3379 2449 3428 et
2478 3376 2537 3428 in
2570 3374 2822 3428 humana
2842 3375 3123 3446 sapientia
3152 3376 3477 3446 gloriantes,
3510 3394 3575 3431 ac
3602 3394 3707 3448 per

2015 3464 2125 3517 hoc
2171 3463 2415 3534 gratiam
2461 3462 2747 3533 Evangelii
2777 3468 3224 3533 contemnentes,
3264 3465 3427 3535 quasi
3458 3470 3708 3536 quatuor

2016 3552 2218 3617 millia,
2248 3552 2533 3606 immundi
2565 3552 2795 3622 spiritus
2834 3552 2997 3606 facile
3030 3558 3423 3623 prosternunt.

2085 3643 2269 3695 Juxta
2319 3641 2574 3709 lapidem.
2619 3641 2781 3711 Lapis
2825 3640 3094 3711 adjutorii
3146 3658 3315 3713 quem
3362 3648 3562 3713 postea
3610 3644 3709 3699 Sa-

2017 3739 2169 3792 muel
2217 3738 2410 3809 posuit
2437 3738 2499 3791 in
2532 3737 2781 3807 signum,
2823 3738 3053 3808 quando
3097 3739 3353 3809 primum
3394 3740 3704 3795 auxiliatus

2020 3831 2103 3881 est
2131 3826 2184 3880 ei
2206 3826 2503 3880 Dominus.

2088 3915 2291 3983 Aphec.
2340 3912 2523 3983 (ΗΑΒ.)
2575 3912 2752 3965 Locus
2802 3916 2886 3966 est
2926 3912 3089 3981 juxta
3136 3912 3323 3967 vicum
3357 3916 3535 3969 Esron
3573 3916 3709 3970 civi-

2017 4002 2150 4056 tatis
2201 4003 2393 4068 Israel,
2444 4000 2546 4055 ubi
2601 4000 2894 4054 dimicavit
2946 4000 3077 4055 Saul
3134 4002 3195 4054 in
3243 4009 3394 4056 sorte
3447 4006 3605 4071 Aser,
3656 4010 3712 4059 et

2021 4090 2433 4159 interpretatur
2487 4089 2647 4142 furor
2698 4104 2879 4142 novus
2937 4088 3024 4142 vel
3072 4090 3549 4159 apprehendens;
3610 4092 3712 4162 qui

2021 4178 2176 4231 enim
2207 4178 2351 4232 iram
2401 4176 2629 4231 Domini
2671 4180 3024 4244 meruerunt,
3057 4177 3127 4232 ab
3158 4177 3417 4233 hostibus
3449 4194 3712 4249 compre-

209 4280 559 4355 Judazorum,
610 4276 708 4348 qui
751 4278 1091 4347 praesentem
1143 4274 1491 4328 Salvatorem
1520 4288 1636 4325 non
1667 4287 1911 4341 agnove-
1938 4292 1981 4346 ο
2020 4267 2184 4321 hensi
2214 4272 2363 4321 sunt.

216 4372 368 4433 runt,
407 4382 513 4420 nec
534 4366 815 4435 fulgorem
843 4363 1249 4417 miraculorum
1269 4362 1411 4431 ejus,
1444 4377 1548 4415 nec
1571 4359 1909 4426 doctrinam,

216 4456 395 4510 donec
419 4454 800 4508 sacerdotium
832 4468 964 4506 cum
984 4452 1197 4522 populo
1220 4455 1277 4505 et
1300 4451 1514 4521 templo
1539 4453 1907 4503 everteretur.

279 4546 449 4598 Vens.
508 4547 590 4597 ll.
644 4574 714 4582 —
789 4543 1057 4597 Tinnient.
1122 4539 1314 4610 (ΗΑΒ.)
1377 4538 1756 4593 Comminatio
1812 4537 1913 4592 Dei

215 4639 298 4687 est
318 4648 499 4704 super
530 4632 652 4685 Heli
682 4636 737 4685 et
768 4646 940 4701 super
972 4630 1211 4684 domum
1234 4629 1376 4699 ejus,
1411 4628 1548 4698 quia
1568 4627 1783 4681 scilicet
1811 4642 1913 4697 pro

213 4727 447 4792 peccata
501 4718 751 4773 ﬁliorum
807 4718 929 4773 Heli
977 4718 1310 4788 privabatur
1357 4716 1670 4771 sacerdotio
1710 4716 1913 4769 domus

214 4809 471 4875 Domini,
528 4808 682 4862 unde
743 4823 907 4862 aures
957 4805 1315 4861 audientium
1381 4802 1629 4858 tinnient
1682 4806 1913 4872 stupore

218 4898 565 4953 vehementi.

286 4988 456 5041 Vens.
504 4990 587 5040 l7.
620 5014 684 5027 —
716 4986 856 5039 Haec.
890 4982 1261 5038 Proverbium
1289 4984 1412 5035 erat
1440 4979 1592 5051 apud
1623 4978 1908 5033 Hebraeos.

217 5077 281 5129 Et
327 5082 415 5131 est
458 5090 659 5129 sensus
702 5090 715 5127 :
771 5072 828 5127 Si
882 5070 1246 5126 absconderis
1299 5068 1443 5123 mihi
1488 5066 1707 5121 malum
1760 5062 1915 5135 quod

218 5165 443 5220 locutus
483 5168 569 5218 est
596 5161 701 5217 tibi
733 5160 1011 5215 Dominus
1030 5159 1099 5214 de
1145 5174 1260 5224 me,
1311 5156 1503 5212 veniat
1549 5170 1721 5226 super
1748 5156 1920 5224 caput

218 5259 405 5309 tuum.

287 5345 452 5398 Vens.
493 5343 574 5396 18.
606 5369 675 5380 -
707 5341 776 5394 Et
804 5354 927 5393 non.
957 5338 1143 5407 (Han,
1188 5338 1245 5391 in
1274 5335 1367 5390 lib.
1416 5332 1569 5405 Reg.)
1599 5331 1744 5397 Quia
1770 5328 1917 5384 nihil

220 5448 286 5487 ex
314 5432 404 5487 his
436 5447 566 5503 quae
595 5429 818 5484 locutus
848 5431 933 5481 est
966 5425 1262 5492 Dominus,
1288 5428 1432 5489 etc.,
1462 5437 1630 5491 usque
1659 5421 1735 5476 ad
1763 5422 1918 5475 certa

224 5536 392 5575 causa
412 5518 675 5574 utilitatis
703 5532 903 5571 eorum
932 5516 1039 5572 hoc
1074 5513 1341 5569 faciebat.

2092 4357 2246 4409 Vens.
2293 4355 2345 4409 4.
2387 4384 2457 4395 -
2484 4357 2554 4411 Et
2582 4356 2838 4408 tulerunt.
2880 4353 3009 4408 Filii
3040 4354 3211 4408 Israel
3241 4355 3495 4410 tulerunt
3523 4372 3710 4409 arcam

2020 4444 2119 4499 ubi
2149 4447 2313 4514 capta
2343 4447 2443 4497 est.
2497 4444 2561 4497 Et
2587 4442 2783 4496 ﬁdeles
2839 4459 2906 4496 ex
2958 4442 3169 4498 Iudaeis
3210 4442 3322 4497 duo
3367 4449 3712 4499 testamenta

2022 4533 2094 4587 ad
2122 4537 2320 4603 gentes
2358 4532 2794 4585 transtulerunt.

2092 4621 2335 4677 Sedentis
2389 4636 2573 4689 super.
2631 4619 2843 4673 Tabula
2891 4620 3047 4674 enim
3111 4626 3234 4675 erat
3289 4638 3462 4693 super
3521 4638 3709 4686 arcam

2023 4727 2197 4782 quam
2267 4709 2645 4781 protegebant
2698 4708 2985 4763 Cherubin
3059 4710 3183 4777 alis,
3250 4710 3348 4765 ubi
3401 4711 3718 4781 apparebat

2024 4798 2297 4853 Dominus
2321 4814 2425 4867 per
2472 4797 2741 4867 angelum
2771 4801 2827 4851 et
2854 4796 3222 4868 loquebatur.
3262 4798 3548 4853 Cherubin
3592 4800 3714 4869 ple-

2023 4887 2225 4942 nitudo
2262 4886 2534 4952 scientiae,
2567 4902 2696 4957 quae
2743 4884 2803 4939 in
2848 4886 3069 4940 Christo
3100 4890 3153 4940 et
3182 4886 3241 4939 in
3272 4886 3493 4941 duobus
3539 4891 3717 4942 testa-

2024 4976 2232 5031 mentis
2272 4974 2582 5030 invenitur.

2094 5065 2254 5118 Vsns.
2290 5065 2343 5117 5.
2396 5092 2465 5104 -
2494 5063 2751 5119 Clamore.
2804 5061 3029 5116 Clamor
3070 5061 3304 5133 grandis
3350 5078 3457 5117 vox
3504 5064 3716 5133 praedi-

2026 5158 2283 5207 catorum
2324 5152 2593 5206 roborata
2642 5150 2927 5204 miraculis
2972 5166 3039 5203 ex
3091 5150 3315 5207 duobus
3362 5153 3585 5223 prolata
3634 5159 3718 5207 te-

2028 5240 2343 5296 stamentis.

2101 5332 2166 5383 Et
2210 5329 2511 5398 personuit.
2547 5330 2591 5382 A
2638 5342 2772 5381 voce
2814 5326 3237 5398 praedicationis
3280 5329 3567 5400 sapientes
3612 5346 3723 5385 sae-

2029 5417 2163 5479 culi,
2229 5417 2518 5471 daemones
2568 5432 2798 5487 quoque
2844 5415 3256 5486 ingemuerunt
3327 5418 3620 5474 credentes
3668 5436 3725 5473 se

2031 5521 2307 5576 superari.
