4062 6180
384 287 481 338 547

1007 286 1406 342 WALAFRIDI
1445 287 1686 342 STRABI
1729 288 1928 344 FULD.
1971 289 2131 344 MON.
2171 288 2321 344 OPP.
2365 290 2539 346 PARS
2577 291 2622 344 ἰ.
2665 319 2733 328 -
2770 291 3223 349 THEOLOGICA.

3777 299 3874 352 548

449 409 612 463 Vens.
656 410 707 463 8.
762 437 834 450 —
863 409 946 462 De
973 424 1154 464 manu.
1189 409 1368 464 Judaei
1408 426 1590 464 unum
1639 412 1820 465 Deum
1859 411 2072 480 colunt,
2102 415 2141 468 A
2184 411 2298 466 illis
2342 413 2516 467 etiam
2565 413 2889 470 nolentibus
2949 415 3177 482 cadunt,
3229 415 3363 487 quia
3409 419 3578 471 omnis
3625 433 3750 472 caro
3793 421 3871 485 fe-

382 497 479 551 sed
505 501 701 568 gentos
733 514 835 551 suo
864 513 1018 551 more
1051 498 1391 568 loquuntur.

2183 517 2330 556 num.
2387 504 2533 555 Arca
2563 507 2760 557 autem
2809 507 3004 558 manet
3051 505 3107 558 in
3145 509 3444 573 aeternum,
3479 522 3742 561 securum
3772 509 3870 561 sci-

453 588 617 640 Vens.
662 590 744 640 11.
787 616 854 626 -
909 579 990 640 Et,
1012 602 1164 640 arca.
1223 588 1367 640 Arca
1398 587 1468 641 ab
1516 587 1856 658 alienigenis
1909 593 2074 658 capta
2183 589 2315 643 licet
2362 595 2769 646 testamentum
2823 593 2988 663 regni
3044 594 3338 662 caelorum,
3393 595 3493 648 ubi
3532 600 3617 649 est
3643 596 3870 651 verbum

380 679 783 730 testamentum
813 675 880 728 ad
913 679 1113 744 gentes
1143 674 1522 729 transiturum
1554 676 1851 746 signiﬁcat.

449 764 612 816 Vens.
667 765 748 816 13.
809 793 877 801 -
917 764 1186 831 Cumque.
1242 763 1428 835 (ΗΑΒ.)
1479 765 1606 841 Ilaec
1660 764 1939 835 Josephus
1992 765 2072 819 ita

377 851 570 916 refert,
604 856 732 918 etc.,
765 867 934 919 usque
963 851 1042 908 ad
1085 868 1149 906 ex
1182 852 1352 906 domo
1403 853 1653 907 Eleazari
1695 854 1882 909 denuo
1915 870 2069 908 rece-

378 943 605 1011 perunt.

444 1028 614 1080 Vens.
654 1029 736 1081 18.
766 1057 837 1070 —-
868 1028 1085 1083 Cecidit.
1123 1030 1188 1083 Et
1219 1033 1419 1083 ruente
1451 1029 1574 1083 Heli
1605 1029 1674 1084 de
1718 1029 1856 1084 sella
1885 1029 2072 1101 ponti-

2186 676 2285 730 Dei
2313 677 2372 730 in
2401 682 2702 733 aeternum.

2253 764 2414 817 Vens.
2466 766 2519 818 8.
2575 796 2644 804 —
2674 767 3137 822 Circumducatur.
3186 768 3256 822 Ut
3285 768 3335 822 si
3366 785 3716 842 quocunque
3764 777 3870 839 eat,

2179 852 2471 920 percussio
2539 853 2861 923 comitetur,
2910 855 3153 909 sciamus
3197 858 3332 911 'esse
3387 858 3618 928 plagam
3673 877 3707 913 a
3765 862 3872 914 Deo

2182 941 2334 1009 quod
2383 942 2674 996 voluntate
2719 943 2817 997 Dei
2864 943 3104 997 consilio
3160 959 3362 998 eorum
3418 952 3605 1001 actum
3656 952 3759 1015 est,
3815 955 3873 1003 ut

2180 1027 2350 1098 plaga
2395 1031 2714 1085 communis
2773 1037 2939 1099 esset,
2995 1032 3270 1103 quoniam
3326 1035 3495 1105 culpa
3549 1038 3869 1093 communis

376 1115 495 1169 ﬁcis
538 1115 697 1169 sedes
728 1122 985 1170 remanet
1028 1133 1221 1184 vacua,
1271 1123 1327 1171 et
1358 1118 1540 1189 gloria
1586 1118 1947 1172 sacerdotum
1988 1123 2072 1173 est
2181 1118 2319 1167 erat.

306 1212 309 1214 ’
376 1203 668 1258 exstincta.

444 1293 720 1346 Mortuus.
782 1291 1020 1345 Moritur
1071 1292 1240 1357 Heli,‘
1273 1293 1598 1348 moriuntur
1652 1297 1709 1348 et
1755 1292 1878 1357 ﬁlii,
1934 1293 2071 1365 quia

369 1379 556 1434 deﬁcit
581 1379 950 1450 pontiﬁcatus
974 1396 1102 1434 cum
1135 1381 1452 1435 sacerdotio
1479 1381 1676 1436 veteri.

443 1470 603 1522 Vens.
641 1471 724 1523 19.
780 1499 848 1508 —
904 1471 1068 1524 Uxor.
1108 1471 1255 1523 Uxor
1288 1470 1592 1524 sacerdotis
1653 1487 1766 1524 non
1817 1477 1946 1525 ante
1978 1472 2065 1526 in-

369 1557 542 1623 teriit,
579 1574 750 1628 quam
785 1557 966 1610 virum
1011 1559 1275 1628 peperit;
1337 1575 1440 1612 nec
1483 1575 1779 1630 synagoga
1826 1577 1892 1613 ex
1941 1565 2065 1614 toto

369 1646 591 1700 interiit
645 1651 951 1717 antequam
1007 1647 1297 1718 primitivo
1357 1648 1590 1701 ecclesia
1639 1659 1766 1719 quze
1827 1665 1892 1702 ex
1944 1648 2067 1719 ipsa

372 1740 494 1790 erat
523 1735 775 1789 credidit.

441 1821 602 1876 Vens.
672 1824 759 1875 20.
826 1852 895 1861 —
942 1825 1002 1877 In
1049 1825 1188 1892 ipso.
1237 1824 1498 1879 Evidenti
1545 1825 1710 1894 signo
1763 1825 2065 1896 ﬁguratur,

371 1909 506 1980 quia
541 1910 817 1963 exstincto
864 1911 1075 1964 carnali
1108 1912 1422 1966 sacerdotio
1447 1913 1798 1978 Judzeorum,
1841 1915 2062 1968 exstin-

369 1997 568 2067 guitur
606 1998 850 2052 carnalis
895 2015 1185 2070 synagoga
1217 2016 1344 2070 quas
1375 2001 1428 2055 ei
1471 2002 1774 2055 carnaliter
1811 2002 2064 2058 adhaere-

368 2084 483 2138 bat.

438 2175 515 2229 Ne
579 2175 789 2228 timeas.
869 2175 1174 2229 Credentes
1249 2193 1599 2247 synagogam
1673 2178 2060 2243 consolantur,

369 2261 465 2315 scd
521 2261 828 2332 desperans
877 2263 1116 2317 minime
1165 2264 1586 2332 animadvertit,
1649 2282 1753 2320 nec
1809 2267 2062 2320 sobolem

368 2367 578 2404 novam
623 2351 862 2422 deputat
889 2352 1110 2421 gloriae,
1161 2355 1256 2408 sed
1291 2354 1647 2424 ignominiae.
1692 2355 1850 2410 Unde
1879 2355 2065 2426 sequi-

367 2442 461 2492 tur
484 2456 497 2493 :

439 2527 596 2581 Vens.
628 2529 716 2582 2t.
747 2559 815 2567 —
844 2530 915 2583 Et
937 2531 1170 2583 vocavit.
1217 2529 1466 2598 Cabhod,
1520 2530 1732 2601 gloria;
1789 2532 2056 2600 Icabhod,

366 2615 567 2670 cecidit
597 2617 798 2686 gloria.
853 2617 1148 2670 Translata
1179 2621 1261 2670 est
1306 2617 1459 2670 enim
1491 2618 1674 2687 gloria
1701 2623 1864 2688 capta
1909 2633 2057 2683 arca,

361 2704 515 2758 unde
545 2721 558 2758 :
591 2704 960 2774 Aufereturta
986 2706 1136 2760 vobis
1165 2721 1389 2775 regnum
1420 2709 1532 2775 Dei,
1575 2712 1626 2762 et
1661 2707 1885 2762 dabitur
1913 2708 2062 2774 genti

360 2794 593 2857 facienti
610 2795 821 2860 fructus
850 2795 986 2863 ejus.

1044 2937 1268 2991 CAPUT
1309 2937 1368 2990 V.

433 3051 594 3104 Vens.
638 3053 684 3104 1.
727 3081 797 3090 -
831 3050 1013 3122 (ΒΑΒ.,
1048 3051 1142 3105 ubi
1179 3051 1395 3121 supra.)
1440 3051 1575 3115 Quae
1615 3055 1672 3105 et
1697 3051 1901 3119 Asdor,
1939 3067 2054 3104 una

360 3138 429 3192 de
479 3138 734 3209 quinque
784 3139 1023 3194 urbibus
1068 3141 1523 3207 Palestinorum,
1557 3140 1782 3194 decreta
1819 3140 2050 3209 quidem

359 3226 535 3281 tribui
564 3227 744 3292 Iudae,
787 3227 885 3281 sed
934 3243 1051 3281 non
1088 3233 1328 3294 retenta,
1363 3229 1499 3299 quia
1538 3244 1654 3282 non
1683 3227 1874 3298 potuit
1910 3227 2052 3282 indi-

358 3330 534 3385 genas
587 3314 897 3384 expellere.
955 3317 1368 3385 Interpretatur
1427 3320 1617 3369 autem
1683 3317 1827 3383 ignis
1869 3318 2052 3384 patris

361 3401 444 3455 vel
497 3401 846 3455 incendium.
906 3402 1054 3454 Bene
1111 3406 1298 3455 autem
1348 3402 1427 3455 sic
1470 3407 1701 3456 vocatur
1750 3403 1907 3456 locus
1951 3403 2052 3457 ubi

357 3494 477 3545 erat
507 3490 726 3544 idolum
770 3490 992 3560 Dagon,
1027 3490 1163 3560 quia
1209 3491 1487 3545 adventus
1539 3506 1683 3544 arcae
1714 3490 1775 3544 in
1810 3495 2050 3546 Azotum

357 3582 478 3632 erat
524 3577 855 3631 incendium
896 3578 1110 3632 diaboli
1139 3577 1320 3648 patris
1369 3578 1632 3632 omnium
1679 3578 2046 3632 inimicorum

354 3667 442 3720 vel
469 3666 822 3736 iniquorum.
862 3668 1077 3736 Dagon,
1111 3666 1209 3737 qui
1241 3667 1652 3736 interpretatur
1669 3669 1840 3736 piscis
1873 3669 2049 3720 tristi-

356 3756 466 3820 tiae,
527 3754 813 3824 signiﬁcat
865 3753 1157 3808 diabolum
1205 3753 1304 3824 qui
1351 3754 1410 3808 in
1461 3755 1605 3808 mari
1655 3755 1826 3824 hujus
1857 3755 2050 3809 saeculi

355 3843 588 3898 devorat
634 3845 977 3912 peccatores,
1027 3842 1127 3913 qui
1158 3847 1214 3897 et
1251 3843 1311 3896 in
1342 3843 1445 3897 Job
1480 3842 1790 3898 Leviathan
1825 3847 1881 3897 et
1911 3843 2046 3897 Bee-

353 3931 517 3985 moth
547 3934 912 4000 nuncupatur
942 3931 1092 3998 (Job.
1120 3930 1227 4001 xL).

421 4024 678 4074 Azotum.
725 4021 900 4074 Locus
930 4025 1015 4073 est
1044 4018 1104 4073 in
1148 4036 1262 4091 quo
1301 4019 1495 4090 posuit
1524 4019 1752 4074 Samuel
1801 4018 2048 4090 lapidem

351 4106 399 4178 (Ι
423 4110 554 4175 Reg.
598 4109 718 4177 vn),
750 4107 894 4161 sicut
921 4107 983 4161 in
1015 4107 1387 4179 sequentibus
1418 4108 1864 4163 demonstratur.

421 4196 582 4251 Vens.
617 4197 669 4250 4.
723 4226 793 4235 -
847 4197 1057 4264 Caput.
1104 4197 1379 4267 Superbia
1419 4197 1648 4264 diaboli,
1693 4197 1792 4268 qui
1823 4200 1908 4252 est
1934 4196 2046 4251 ini-

349 4282 498 4337 tium
529 4282 716 4337 omnis
744 4282 960 4352 peccati
1000 4282 1188 4352 (Eccie.
1226 4282 1300 4352 x).

420 4373 612 4441 Super.
695 4370 877 4440 (ΗΔΒ.)
956 4371 1154 4425 Finem
1213 4371 1563 4442 praeﬁnitum
1620 4370 1922 4442 signiﬁcat,
1983 4371 2044 4424 in

350 4475 465 4532 quo
499 4463 746 4514 cessaret
777 4457 1123 4514 idololatria.
1174 4458 1373 4513 Limen
1404 4459 1561 4513 enim
1588 4458 1720 4513 ﬁnis
1759 4464 1844 4514 est
1873 4460 2041 4513 itine-

349 4564 447 4603 1'13.

417 4637 575 4690 Vens.
619 4639 670 4689 5.
702 4663 774 4674 —
815 4634 1078 4689 Truncus.
1137 4635 1382 4688 Dorsum
1427 4639 1652 4689 tantum
1698 4634 2044 4689 invenerunt

344 4725 537 4780 fractis
584 4723 853 4779 omnibus
899 4722 1192 4789 membris,
1243 4724 1398 4794 quod
1464 4723 1803 4778 idololatria;
1846 4724 2042 4795 fugam

345 4814 633 4884 exprimit.
659 4813 768 4878 Qui
797 4812 952 4867 enim
983 4811 1150 4882 fugit,
1184 4812 1419 4866 dorsum
1450 4813 1548 4867 dat
1571 4813 1816 4884 fuganti,
1849 4813 1999 4867 unde
2025 4829 2037 4866 :

347 4903 611 4968 Quoniam
626 4917 792 4971 pones
815 4916 901 4957 eos
930 4901 1152 4955 dorsum
1192 4902 1353 4969 (Psal.
1381 4903 1490 4971 xx).

419 4991 578 5044 Vens.
629 4995 681 5043 7.
716 5020 785 5030 —-
812 4992 884 5044 Et
922 5004 1042 5058 per.
1099 4987 1206 5053 Qui
1259 4992 1666 5043 testamentum
1707 4989 1807 5043 Dei
1858 4988 2042 5042 susci-

345 5077 516 5147 piunt
543 5083 600 5132 et
627 5078 947 5147 posteriora
975 5078 1147 5148 hujus
1177 5077 1307 5132 vitae
1331 5078 1597 5148 diligunt,
1630 5093 1698 5131 ex
1727 5078 1866 5148 ipsis
1888 5078 2040 5147 juste

345 5165 408 5218 in
464 5166 780 5235 posteriora
833 5166 1258 5234 cruciabuntur,
1314 5182 1443 5236 quae
1500 5166 1710 5221 debent
1759 5166 2040 5220 aestimare

347 5253 494 5307 sicut
550 5258 815 5309 stercora.
876 5253 984 5318 Qui
1052 5253 1208 5308 enim
1262 5259 1672 5308 testamentum
1728 5253 1825 5308 Dei
1879 5270 2040 5308 assu-

348 5347 534 5404 munt,
579 5344 633 5394 et
672 5341 734 5394 in
780 5341 1099 5411 posteriora
1125 5341 1512 5412 respicientes,
1554 5341 1734 5396 veteri
1773 5357 1831 5395 se
1877 5341 2038 5396 vani-

343 5433 459 5484 tate
498 5444 617 5484 non
659 5433 893 5495 exuunt,
945 5429 1160 5484 similes
1209 5435 1344 5484 sunt
1381 5429 1464 5485 eis
1505 5429 1606 5500 qui
1644 5445 1832 5484 arcam
1865 5433 2038 5484 testa-

346 5517 524 5572 menti
568 5517 730 5588 juxta
768 5516 924 5572 idola
971 5533 1074 5571 sua
1117 5523 1454 5588 posuerunt.
1488 5519 1552 5573 Et
1578 5525 1769 5574 vetera
1797 5519 2032 5589 quidem

2853 1240 3079 1296 CAPUT
3111 1243 3197 1296 VI.

2249 1365 2406 1419 Vens.
2465 1367 2514 1420 5.
2567 1367 2811 1435 Quinque
2850 1381 2984 1422 auos
3021 1383 3231 1435 aureos,
3290 1370 3402 1423 etc.
3452 1369 3635 1439 (ΗΑΒ.)
3686 1370 3862 1434 Quin-

2180 1467 2293 1522 que
2342 1451 2442 1505 ani
2482 1453 2662 1519 aurei,
2719 1458 2845 1520 etc.,
2896 1469 3069 1523 usque
3115 1454 3189 1508 ad
3243 1459 3329 1508 est
3358 1455 3586 1510 tristitia
3634 1473 3768 1512 vera
3812 1465 3864 1514 et

2178 1541 2444 1595 sterilitas
2474 1547 2767 1612 perpetua.
3239 1547 3244 1553 ’

2249 1630 2409 1683 Vens.
2446 1634 2494 1684 7.
2553 1661 2621 1669 —
2674 1631 3016 1684 Plaustrum.
3070 1631 3215 1686 Crux
3246 1631 3474 1699 Christi,
3536 1649 3665 1688 arca
3711 1651 3863 1688 sacra

2097 1701 2138 1755 Β
2175 1716 2486 1787 Scriptura.

2250 1807 2404 1859 Duas
2450 1821 2659 1860 vaccas.
2697 1807 2844 1875 (Ism.
2880 1807 2896 1877 )
2953 1807 3145 1861 Vaccae
3195 1824 3386 1861 arcam
3422 1813 3706 1880 gestantes
3736 1827 3862 1864 san-

2176 1899 2293 1948 ctos
2323 1895 2666 1964 signiﬁcant,
2701 1895 2801 1966 qui
2847 1897 3051 1949 saeculo
3093 1897 3448 1964 renuntiant,
3499 1898 3598 1968 qui
3642 1899 3863 1954 nullum

2176 1983 2366 2037 delicti
2423 1989 2719 2037 traxerunt
2759 1984 2987 2054 jugum.
3039 1984 3196 2038 Sicut
3234 1986 3389 2039 enim
3443 2002 3625 2041 vaccae
3669 1988 3864 2042 vitulo-

2172 2087 2301 2124 rum
2350 2071 2556 2125 aﬁ'ectu
2603 2089 2637 2126 a
2679 2079 2830 2126 recto
2884 2073 3088 2127 itinere
3127 2089 3244 2127 non
3293 2075 3539 2143 deviant,
3577 2075 3656 2129 sic
3685 2077 3862 2129 sancti

2172 2165 2360 2230 patres
2391 2160 2490 2213 tali
2517 2160 2719 2214 aﬁ‘ectu
2751 2177 2784 2214 a
2809 2161 2960 2214 bono
2980 2163 3276 2232 proposito
3306 2179 3422 2216 non
3452 2164 3792 2218 exorbitant.

2242 2249 2400 2301 Vens.
2447 2251 2547 2302 ~12.
2597 2277 2669 2288 —
2723 2249 2853 2313 Qum
2898 2249 3066 2315 ducit,
3121 2257 3234 2306 etc.
3273 2251 3457 2320 (ΗΑΒ.)
3498 2253 3599 2306 Via
3653 2253 3862 2306 scilicet

2168 2335 2326 2405 regia
2354 2341 2553 2390 euntes
2588 2337 2936 2403 Bethsames,
2978 2337 3032 2391 id
3067 2343 3169 2408 est,
3201 2339 3261 2393 in
3293 2340 3530 2395 domum
3564 2341 3718 2407 solis,
3749 2358 3856 2395 cce-

2168 2425 2371 2479 lestem
2424 2425 2638 2479 scilicet
2692 2426 3006 2480 Jerusalem
3041 2467 3056 2494 ,
3124 2427 3223 2482 ubi
3278 2443 3504 2499 semper
3565 2430 3717 2483 lucet
3779 2430 3856 2484 sol

2161 2513 2418 2584 justitiae.

2239 2603 2565 2657 Bethsames.
2621 2602 2754 2673 (Ιυ.)
2787 2603 2994 2658 Civitas
3045 2609 3131 2657 est
3179 2605 3541 2659 sacerdotalis
3595 2606 3656 2661 in
3704 2609 3858 2662 tribu

2171 2692 2486 2762 Benjamin,
2545 2707 2674 2762 quae
2703 2708 2886 2762 usque
2916 2692 3084 2745 hodie
3117 2697 3465 2747 monstratur
3494 2694 3561 2747 de
3592 2695 3857 2750 Eleuthe-

2167 2779 2354 2848 ropoli
2391 2779 2762 2849 pergentibus
2794 2779 3131 2850 Nicopolim,
3177 2781 3236 2834 in
3272 2784 3336 2836 10
3367 2783 3631 2837 milliaria
3661 2791 3862 2838 contra

2166 2865 2456 2920 Orientem
2491 2881 2504 2919 :
2539 2867 2715 2920 altera
2745 2867 3071 2921 Bethsames
3117 2873 3206 2923 est
3251 2869 3310 2922 in
3341 2870 3497 2924 tribu
3528 2871 3857 2942 Nephthali,

2085 2984 2124 3040 ρ
2163 2954 2224 3008 in
2255 2971 2369 3025 qua
2398 2970 2763 3025 permansere
2803 2957 3050 3011 cultores
3078 2957 3323 3029 antiqui.

2234 3043 2395 3096 Vens.
2450 3045 2531 3097 13.
2577 3072 2646 3083 -
2701 3047 2765 3098 Et
2817 3059 2923 3098 non
2971 3043 3130 3114 (11).).
3188 3045 3252 3099 Id
3303 3049 3405 3111 est,
3464 3061 3569 3100 nec
3618 3049 3857 3103 extolle-

2162 3130 2372 3184 bantur
2399 3130 2711 3200 prosperis,
2762 3135 2892 3197 etc.,
2925 3146 3093 3201 usque
3124 3132 3198 3186 ad
3231 3133 3302 3186 sit
3327 3133 3386 3186 in
3416 3133 3555 3188 ﬂetu
3581 3134 3850 3191 remissa.

2230 3219 2554 3273 Bethsames.
2601 3220 2814 3272 Domus
2861 3221 3012 3276 solis.
3047 3222 3176 3274 Haec
3231 3226 3316 3276 est
3366 3222 3610 3276 Ecclesia
3658 3239 3691 3276 a
3739 3225 3859 3277 sole

2156 3307 2384 3376 justitiae
2442 3307 2745 3362 illustrata.
2803 3308 3174 3363 Bethsamitas
3225 3309 3287 3364 in
3339 3311 3483 3365 valle
3567 3311 3860 3367 frumenta

2160 3399 2395 3461 metere,
2447 3401 2533 3449 est
2579 3396 2834 3450 doctores
2887 3397 3146 3452 Ecclesiae
3195 3415 3484 3452 annonam
3532 3401 3690 3454 verbi
3753 3401 3856 3455 Dei

2156 3483 2216 3537 in
2264 3483 2587 3538 humilitate
2637 3489 2897 3539 tractare.
2965 3487 3126 3557 Lapis
3174 3487 3235 3540 in
3289 3503 3426 3558 agro
3464 3490 3653 3554 Josue,
3687 3489 3855 3544 Chri-

2157 3577 2274 3626 stus
2322 3573 2379 3627 in
2433 3573 2676 3627 Ecclesia
2724 3590 2844 3628 sua.
2906 3575 3083 3646 Ligna
3128 3575 3385 3645 plaustri,
3437 3593 3575 3631 crux
3619 3578 3851 3634 Christi.

2155 3661 2358 3714 Vaccas
2404 3677 2576 3732 super
2632 3662 2886 3733 lapidem
2936 3663 3256 3729 immolare,
3313 3669 3397 3718 est
3461 3681 3766 3720 conversos
3823 3683 3856 3721 a

2157 3749 2362 3802 saeculo
2391 3749 2452 3803 in
2483 3750 2688 3804 Christi
2720 3751 3038 3806 imitatione
3061 3752 3422 3808 mortiﬁcare.

2228 3839 2393 3892 Vens.
2432 3841 2514 3892 17.
2558 3868 2628 3878 -
2662 3840 2864 3895 Azotus
2907 3857 3098 3896 unum.
3161 3842 3438 3912 (HleRoN.,
3489 3843 3587 3897 ubi
3633 3846 3853 3916 supra.)

2155 3925 2417 3998 Quinque
2447 3944 2588 3982 auos
2619 3933 2674 3981 et
2722 3929 2978 4000 quinque
3023 3945 3233 3996 mures,
3289 3931 3546 4003 quinque
3596 3932 3857 3988 civitates

2157 4014 2457 4070 dederunt.
2517 4016 2774 4088 Reliquas
2844 4024 3038 4072 autem
3107 4017 3361 4073 civitates
3425 4020 3855 4090 provinciarum

2157 4107 2214 4158 et
2261 4104 2412 4158 villae
2470 4120 2599 4175 quae
2653 4111 2815 4159 erant
2863 4106 3079 4178 absque
3131 4123 3321 4174 muro,
3379 4123 3568 4162 mures
3597 4113 3851 4170 tantum‘.

2155 4192 2355 4247 unde:
2408 4193 2501 4247 Ab
2555 4193 2686 4247 urbe
2739 4200 2958 4250 murata
2986 4211 3155 4265 usque
3207 4195 3282 4250 ad
3331 4199 3519 4252 villam
3565 4214 3685 4268 qua
3733 4205 3856 4256 erat

2081 4302 2124 4355 ι)
2156 4282 2358 4350 absque
2385 4298 2556 4347 muro,
2591 4287 2699 4336 etc.

2228 4371 2390 4425 Vens.
2465 4373 2548 4425 18.
2605 4371 2765 4426 Abel.
2822 4371 3030 4427 Civitas
3091 4377 3176 4428 est
3230 4373 3291 4428 in
3346 4375 3592 4430 termino
3649 4377 3849 4444 Israel,

2155 4473 2284 4528 quae
2332 4462 2466 4514 ante
2516 4459 2844 4513 Bethsames
2890 4464 3105 4529 vocata,
3166 4477 3319 4516 nunc
3365 4469 3598 4518 vocatur
3660 4465 3848 4520 Abel:

2152 4547 2242 4600 vel
2304 4551 2537 4618 propter
2579 4548 2799 4602 luctum
2851 4565 3024 4619 super
3069 4550 3203 4603 viris
3262 4551 3701 4607 Bethsamitibus
3770 4551 3852 4606 ibi

2151 4635 2388 4703 factum,
2442 4637 2530 4690 vel
2559 4641 2797 4706 propter
2834 4637 3262 4693 distinctionem
3309 4641 3550 4695 civitatis
3597 4659 3630 4695 a
3683 4642 3854 4695 Beth-

2152 4739 2334 4789 maca,
2385 4723 2454 4778 de
2501 4740 2614 4794 qua
2660 4725 2994 4781 exclamavit
3040 4728 3251 4781 mulier
3280 4729 3507 4798 sapiens
3537 4730 3608 4784 ad
3649 4729 3795 4784 Joab
3835 4746 3848 4783 :

2153 4814 2260 4881 Qui
2288 4814 2646 4880 interrogant,
2669 4815 3010 4882 interrogant
3032 4818 3091 4869 in
3119 4817 3299 4870 Abela
3329 4817 3400 4887 (Il
3421 4820 3548 4886 Reg.
3574 4819 3698 4887 xx).

2225 4901 2384 4955 Vens.
2455 4903 2545 4956 19.
2593 4933 2662 4941 -
2698 4903 2991 4965 Percussit,
3041 4907 3144 4957 etc.
3179 4903 3287 4968 Qui
3326 4921 3457 4959 cum
3507 4921 3625 4960 non
3656 4910 3854 4962 essent

2155 4989 2382 5057 Levitae,
2440 4990 2562 5044 ausi
2593 4995 2727 5044 sunt
2771 4991 2963 5045 videre
2990 5007 3206 5046 arcam.
3248 4994 3364 5047 Hoc
3405 5009 3474 5047 ne
3523 5000 3849 5064 pateretur,

2152 5077 2211 5130 in
2249 5078 2434 5133 Exodo
2478 5080 2740 5149 populus
2775 5081 2946 5151 longe
2996 5080 3199 5150 stabat,
3233 5082 3387 5136 solus
3417 5082 3628 5152 Moyses
3658 5101 3855 5138 ascen-

2151 5164 2231 5219 dit
2259 5166 2328 5220 ad
2370 5166 2696 5221 Dominum.
2731 5167 3027 5233 Percussit,
3056 5174 3162 5224 etc.
3198 5167 3477 5238 (HIEBON.)
3509 5171 3574 5224 In
3605 5171 3851 5225 Hebraeo

2151 5254 2435 5308 habetur:
2468 5257 2539 5310 Et
2570 5258 2842 5324 percussit
2879 5255 2948 5310 de
2966 5257 3166 5326 populo
3195 5260 3543 5326 septuaginta
3569 5261 3714 5313 viros
3752 5275 3766 5312 :
3801 5264 3854 5314 et

2153 5345 2555 5412 quinquaginta
2573 5343 2752 5397 millia
2769 5345 2935 5411 viros,
2966 5344 3330 5415 septuaginta
3350 5346 3522 5412 viros,
3547 5346 3777 5416 judices

2225 5431 2527 5502 (SEPTUAG)
2577 5432 2814 5486 Hebrmo
2856 5431 3076 5502 dicunt,
3119 5433 3262 5487 nulli
3308 5433 3515 5489 licebat
3561 5435 3850 5490 detectam

2150 5518 2341 5572 videre
2373 5535 2561 5574 arcam
2596 5519 2708 5575 nisi
2747 5520 3010 5590 pontiﬁci
3042 5536 3056 5575 :
3100 5521 3358 5592 percussi
3405 5538 3541 5593 ergo
3590 5529 3746 5586 sunt,
3777 5540 3850 5578 eo
