3998 6178
150 308 233 358 549
1244 298 1500 353 GLOSSA
1541 298 1945 354 ORDINABIA.
1987 329 2054 339 —
2096 299 2222 354 LIB.
2266 300 2287 354 I
2329 298 2486 355 ΠΕΟ.
3519 309 3621 363 550

144 427 273 499 quod
314 424 531 496 indigni
587 426 794 491 essent,
851 422 939 476 vel
996 420 1231 491 indigne
1279 421 1663 488 accessissent,
1717 421 1881 477 velA
1988 422 2150 476 Vens.
2215 425 2297 476 ll.
2364 451 2433 461 —
2479 420 2737 475 Betchar.
2810 421 2936 492 (10.)
2996 424 3209 477 Domus
3278 426 3617 495 agnitionis,

145 533 241 571 non
270 514 642 569 custodissent
671 528 879 567 arcam.

201 607 350 658 Vens.
440 606 525 656 2t.
606 632 674 642 -—
738 604 1125 667 Miserumque.
1207 598 1381 667 (ΗΑΒ.)
1444 599 1809 671 Significatur

144 692 412 747 translatio
466 691 788 745 testamenti
838 676 1062 744 Do'mini
1109 705 1142 741 a
1191 687 1403 741 Judazis
1458 689 1528 743 ad
1586 693 1804 758 gentes,

146 783 259 853 quia
286 797 413 835 cum
441 779 521 833 illi
551 779 763 833 carnali
789 776 1148 833 observantia
1178 780 1348 846 atque
1393 777 1808 831 Pharisaeorum

146 869 619 941 superstitionibus
650 870 835 939 legem
864 867 1159 930 foedarent,
1204 865 1409 919 Christi
1449 871 1505 919 et
1555 866 1806 936 discipu-

145 960 308 1013 lorum
357 958 479 1028 ejus
535 957 853 1011 doctrinam
902 958 1339 1019 recusaverunt;
1388 953 1587 1007 unde:
1646 953 1809 1007 Vobis

144 1048 393 1117 oportebat
416 1048 655 1115 primum
686 1046 833 1112 loqui
861 1044 1079 1096 verbum
1119 1043 1237 1105 Dei,
1270 1040 1363 1093 sed
1402 1043 1532 1108 quia
1559 1040 1811 1106 indignos

143 1151 217 1190 vos
237 1135 545 1203 iudicastis,
575 1149 687 1187 ecce
707 1134 1068 1186 convertimur
1092 1129 1166 1181 ad
1196 1134 1376 1195 gentes
1405 1129 1547 1198 (Act.
1584 1131 1698 1199 xv).

200 1222 599 1280 Cariathiarim.
660 1221 784 1291 (11).)
845 1221 1260 1288 Interpretatur
1310 1217 1443 1270 villa
1515 1217 1805 1282 silvarum,

143 1313 200 1367 de
228 1328 334 1383 qua
385 1310 595 1364 dicitur
630 1325 643 1362 :
676 1312 847 1363 Donec
895 1309 1163 1361 inveniam
1210 1305 1379 1357 locum
1432 1306 1681 1374 Domino,
1734 1310 1811 1358 ta-

144 1402 465 1455 bernaculum
523 1399 635 1452 Deo
715 1397 899 1451 Jacob.
982 1398 1108 1450 Ecce
1183 1393 1494 1448 audivimus
1559 1410 1675 1448 eam
1754 1395 1812 1447 in

142 1491 385 1559 Ephrata,
460 1489 762 1540 invenimus
838 1500 955 1538 eam
1014 1486 1071 1537 in
1125 1483 1330 1549 campis
1413 1483 1563 1536 silva
1638 1483 1809 1551 (Psal.

142 1581 317 1647 cxxxr).
381 1577 560 1631 Locus
617 1575 768 1628 enim
820 1572 1047 1626 Domini
1105 1578 1190 1625 est
1242 1573 1669 1626 tabernaculum
1719 1588 1813 1641 pe-

142 1666 290 1720 ctoris
322 1664 628 1719 Christiani
683 1661 901 1733 populi.
954 1661 1158 1715 Civitas
1202 1662 1355 1715 enim
1405 1661 1697 1724 silvarum,
1753 1660 1809 1713 id

1914 511 2003 564 vel
2037 511 2241 565 domus
2284 510 2438 579 agni.

1994 601 2158 653 Vens.
2198 602 2281 653 1‘2.
2314 628 2383 639 —
2412 601 2483 653 Et
2505 601 2689 667 posuit
2719 615 2854 653 eum.
2889 600 3015 654 Alia
3047 600 3220 655 editio
3254 617 3267 654 :
3305 604 3449 656 inter
3488 606 3617 658 Ma-

1916 689 2115 757 sphath
2162 703 2355 742 novam
2383 692 2433 741 et
2470 693 2696 741 veterem
2735 693 2784 742 et
2828 692 3038 743 vocavit
3081 706 3270 743 nomen
3316 692 3432 759 ejus
3473 692 3620 746 Abe-

1916 792 2104 837 nezer,
2138 777 2223 829 vel
2263 776 2604 843 Abongener,
2646 776 2707 829 id
2735 781 2815 830 est
2846 778 2989 846 lapis
3037 777 3322 845 adjutorii.
3379 780 3508 834 Haec
3538 785 3623 835 est

1917 864 2193 918 medietas
2237 864 2559 927 Salvatoris,
2611 881 2713 935 per
2759 882 2933 935 quam
2984 867 3400 921 transeundum
3452 873 3538 923 est
3588 885 3621 922 a

1919 953 2215 1022 Masphath
2272 953 2451 1007 veteri
2498 953 2567 1007 ad
2617 969 2843 1020 novam,
2902 954 2955 1007 id
3015 959 3102 1008 est
3158 956 3229 1008 ab
3296 956 3620 1014 intentione

1919 1040 2053 1110 quia
2098 1044 2453 1109 exspectatur
2509 1040 2568 1094 in
2616 1042 2828 1095 carnali
2878 1058 3055 1112 regno
3109 1043 3404 1097 beatitudo
3454 1044 3619 1113 falsa,

1917 1129 1988 1181 ad
2035 1128 2415 1182 intentionem
2476 1146 2590 1199 qua
2647 1146 2751 1199 per
2798 1131 3016 1185 Novum
3060 1133 3483 1186 Testamentum
3516 1149 3619 1186 ex-

1919 1222 2207 1287 spectatur
2261 1218 2321 1270 in
2379 1233 2556 1287 regno
2604 1219 2877 1273 caelorum
2924 1220 3215 1273 beatitudo
3270 1236 3423 1288 vera,
3507 1237 3621 1291 qua

1919 1304 2196 1374 quoniam
2226 1306 2369 1359 nihil
2423 1310 2478 1359 et
2530 1307 2735 1360 melius
2793 1308 3085 1378 hucusque
3142 1308 3378 1378 adjuvat
3442 1310 3613 1363 Deus.

1923 1390 2221 1460 Masphath
2281 1393 2524 1449 intentio
2591 1396 2926 1449 sedentium.
3011 1396 3176 1466 Lapis
3242 1397 3393 1450 inter
3474 1397 3617 1463 haec,

1921 1478 2177 1534 Christus
2218 1481 2368 1535 inter
2412 1482 2792 1538 intentionem
2852 1486 3069 1538 Veteris
3126 1485 3497 1551 Testamenti,
3562 1490 3621 1538 et

1924 1568 2208 1640 Evangelii
2264 1572 2730 1641 praedicationem
2810 1574 3083 1643 positus:
3164 1575 3309 1643 lapis
3387 1578 3622 1644 propter

1922 1655 2254 1712 ﬁrmitatem
2290 1660 2577 1730 adjutorii,
2612 1662 2749 1731 quia
2800 1678 2932 1714 suos
2962 1669 3157 1715 contra
3203 1663 3491 1716 dmmones
3523 1662 3621 1715 ad-

142 1759 213 1806 est
255 1758 561 1807 conventus
608 1751 887 1823 gentium,
946 1755 1033 1803 est
1086 1750 1238 1803 locus
1296 1754 1460 1819 aptus
1515 1748 1585 1801 ad
1630 1746 1811 1799 susci-
1847 1744 1884 1757 υ
1918 1744 2081 1813 juvat
2109 1746 2465 1801 dimicantes.

141 1842 384 1910 pieudam
419 1856 630 1893 arcam.
667 1839 725 1891 ln
772 1838 942 1891 domo
973 1837 1310 1903 Aminadab,
1370 1835 1470 1905 qui
1525 1835 1807 1905 interpre-

142 1934 318 1983 tatur:
354 1935 521 1999 pater
569 1944 727 1981 meus
786 1931 1153 1996 spontaneus,
1194 1930 1249 1979 et
1277 1924 1462 1978 dicere
1512 1928 1694 1994 potest
1726 1938 1815 1976 vo-

140 2018 361 2070 luntarie
394 2017 608 2069 scilicet
644 2014 767 2068 tibi.

200 2106 312 2174 (ῐο.)
356 2104 778 2169 Cariathiarim,
834 2102 1028 2155 civitas
1084 2107 1167 2155 est
1241 2102 1511 2163 saltuum,
1578 2114 1695 2151 una
1746 2098 1814 2151 de

141 2194 351 2247 urbibus
381 2192 829 2247 Gabaonitarum
881 2192 1176 2260 pertinens
1232 2190 1299 2244 ad
1350 2189 1562 2242 tribum
1631 2186 1813 2250 Judaa,

143 2298 273 2335 nono
314 2280 583 2335 milliario
630 2280 895 2333 euntibus
925 2279 995 2332 ab
1046 2278 1161 2332 Elia
1195 2277 1507 2347 Diospolim
1544 2293 1556 2329 :
1613 2276 1681 2329 de
1712 2275 1817 2327 hac

142 2370 231 2423 fuit
259 2371 412 2424 Urias
442 2369 727 2440 propheta
780 2382 952 2437 quem
997 2367 1279 2421 interfecit
1328 2364 1583 2420 Joachim
1628 2363 1689 2416 in
1734 2364 1818 2416 Je-

142 2459 381 2525 rusalem,
417 2458 569 2511 sicut
595 2455 788 2510 scribit
814 2455 1106 2509 Jeremias.

787 2589 1007 2643 CAPUT
1036 2588 1148 2642 VII.

200 2713 342 2766 Vens.
388 2717 437 2767 l.
491 2742 560 2751 -—
609 2712 821 2765 Gabaa.
883 2711 1064 2779 (ΗΑΒ.)
1126 2708 1295 2763 Collis
1367 2706 1575 2761 animm
1631 2706 1817 2760 humi-

144 2798 279 2862 lium,
310 2799 507 2853 unde:
562 2799 878 2867 Suscipiunt
934 2803 1133 2851 montes
1174 2812 1365 2865 pacem
1414 2797 1633 2865 populo,
1683 2798 1814 2861 ete.,

145 2885 192 2939 id
234 2892 311 2940 est
338 2892 565 2941 montes
612 2886 859 2956 majores
897 2885 1103 2938 anima:
1159 2884 1326 2937 colles
1375 2882 1645 2936 minores.
1707 2880 1818 2934 Seu

1993 1835 2281 1902 Hucusque
2310 1836 2637 1890 auaritiatus.
2673 1836 2817 1900 Quia
2847 1837 2946 1907 qui
2976 1838 3082 1891 hos
3104 1839 3383 1891 terminos
3434 1844 3621 1892 trans-

1923 1923 2170 1978 cendunt
2202 1930 2267 1977 ut
2290 1924 2568 1989 haeretici,
2594 1925 2867 1979 auxilium
2904 1928 3002 1980 Dei
3028 1943 3139 1980 non
3163 1932 3475 1981 merentur.

1994 2011 2157 2064 Vens.
2213 2012 2294 2064 14.
2346 2042 2414 2051 -
2468 2013 2738 2081 Eratque.
2798 2014 3049 2067 Christus
3102 2020 3185 2068 est
3245 2020 3441 2068 nostra
3491 2032 3620 2086 pax,

1925 2098 2025 2169 qui
2062 2099 2195 2153 fecit
2221 2104 2465 2169 utraque
2496 2116 2698 2168 unum,
2749 2118 2850 2172 per
2879 2118 3051 2173 quem
3109 2102 3243 2157 facti
3289 2110 3420 2157 sunt
3448 2120 3623 2175 prope

1926 2188 2027 2258 qui
2057 2192 2220 2241 erant
2250 2188 2440 2257 longe.

1996 2277 2156 2330 Vens.
2188 2278 2275 2329 26.
2312 2308 2379 2317 —
2414 2277 2667 2343 Galgala.
2714 2277 2920 2333 Civitas
2961 2283 3045 2332 est
3078 2279 3175 2332 ubi
3226 2281 3397 2334 Josue
3428 2296 3619 2351 popu-

1924 2365 2047 2418 lum
2104 2364 2353 2419 secundo
2402 2366 2776 2433 circumcidit,
2825 2372 2881 2420 et
2920 2368 3133 2420 Pascha
3183 2369 3507 2435 celebravit,
3567 2375 3624 2423 et

1926 2453 2227 2507 deﬁciente
2274 2470 2505 2521 manna,
2542 2456 2713 2508 Israel
2772 2471 2908 2508 usus
2938 2460 3020 2508 est
3066 2456 3308 2525 panibus
3364 2457 3622 2517 triticeis.

1928 2542 2024 2597 ubi
2055 2546 2110 2595 et
2152 2542 2372 2612 lapides
2404 2548 2537 2596 sunt
2583 2543 2842 2596 translati
2874 2543 2942 2596 de
2975 2544 3135 2597 alveo
3176 2544 3459 2611 Iordanis,
3519 2545 3619 2599 ubi

1925 2630 2356 2684 tabernaculum
2409 2631 2721 2686 testimonii
2785 2633 2965 2686 multo
3005 2639 3263 2704 tempore
3319 2633 3444 2687 fuit.
3492 2633 3624 2686 Haec

1927 2718 2128 2771 cecidit
2157 2718 2217 2771 in
2261 2724 2473 2773 sortem
2506 2720 2667 2773 Iudae
2703 2736 2717 2773 :
2750 2724 2805 2773 et
2858 2737 3038 2792 usque
3076 2722 3246 2775 hodie
3304 2722 3625 2776 ostenditur

1926 2804 2085 2858 locus
2118 2805 2176 2858 in
2208 2808 2457 2861 secundo
2484 2823 2517 2859 a
2547 2808 2769 2862 Iericho
2802 2810 3069 2863 milliario
3100 2810 3432 2864 hominibus
3471 2810 3623 2864 illius

1926 2892 2179 2963 regionis
2210 2895 2585 2949 venerandus.
2618 2896 2726 2950 Sed
2752 2898 2915 2967 juxta
2946 2898 3145 2953 Bethel
3176 2898 3411 2968 quidam
3450 2898 3623 2953 aliam

146 2974 293 3028 etiam
344 2976 555 3042 Gabaa,
606 2974 1015 3043 interpretatur
1050 2971 1390 3039 sublimitas,
1448 2970 1544 3024 ubi
1586 2970 1815 3023 Eleazar
1848 2986 1888 3042 ρ
1927 2982 2214 3051 Galgalam
2248 2981 2628 3051 suspicantur,

145 3064 377 3118 sacerdos
409 3063 805 3117 constituitur.

198 3155 539 3207 Eleazarum.
620 3152 740 3221 (Ιο.)
820 3150 920 3204 Dei
989 3146 1358 3219 adjutorium.
1406 3148 1555 3200 Bene
1628 3149 1818 3199 autem

141 3241 224 3310 qui
262 3242 365 3295 hoc
411 3240 653 3295 nomine
692 3243 942 3303 vocatur,
994 3237 1064 3290 ad
1119 3251 1307 3289 arcam
1368 3234 1591 3289 Domini
1638 3238 1821 3288 custo-

140 3329 383 3385 diendam
436 3329 690 3399 eligitur,
726 3327 860 3398 quia
899 3325 1076 3380 sancti
1127 3325 1233 3377 viri
1271 3324 1551 3395 quidquid
1608 3322 1822 3376 habent

137 3417 274 3484 boni,
331 3420 442 3473 Deo
497 3418 834 3481 attribuunt,
890 3431 1006 3468 non
1055 3412 1180 3467 sibi.
1226 3412 1426 3466 Unde:
1480 3412 1820 3478 Sufﬁcientia

138 3511 309 3562 nostra
363 3524 431 3561 eae
491 3510 597 3560 Deo
652 3511 747 3569 est,
800 3506 897 3572 qui
947 3502 1163 3556 idoneos
1207 3503 1337 3567 fecit
1394 3516 1485 3555 nos
1542 3502 1819 3554 ministros

139 3596 255 3647 Novi
281 3596 611 3649 Testamenti
635 3594 726 3651 (II
746 3594 862 3648 Cor.
900 3592 999 3659 III).

199 3687 345 3740 Vens.
374 3689 429 3739 2.
467 3716 534 3724 —
566 3686 761 3738 Annus
806 3683 1090 3736 vicesilnus
1152 3682 1290 3745 erat,
1350 3678 1579 3748 quando
1634 3677 1818 3749 septi-

141 3789 220 3826 mo
255 3790 400 3827 anno
449 3772 619 3843 regni
646 3772 778 3826 Saul
818 3771 989 3824 allata
1029 3772 1114 3822 est
1150 3767 1209 3820 in
1266 3772 1449 3820 castra
1504 3766 1574 3821 de
1629 3766 1819 3821 Caria-

140 3860 371 3915 thiarim.

196 3950 381 4003 Annus
450 3951 586 4002 vice.
648 3946 841 4017 (ΗΑΒ.)
907 3942 1055 3999 Νοη’
1110 3945 1188 3998 ita
1244 3942 1651 4012 intelligndum
1710 3946 1815 4006 est,

139 4041 249 4103 ete.,
281 4053 451 4108 usque
482 4037 558 4090 ad
606 4036 741 4107 quia
770 4035 929 4088 nulla
976 4034 1213 4088 societas
1262 4033 1403 4086 lucis
1433 4031 1497 4085 ad
1529 4031 1812 4085 tenebras.

198 4128 356 4181 Vens.
404 4130 457 4180 6.
492 4156 561 4164 —
612 4124 925 4193 Masphath.
976 4122 1182 4177 Civitas
1235 4124 1321 4175 est
1371 4120 1431 4173 in
1461 4120 1615 4173 tribu
1672 4119 1817 4173 Juda

134 4214 276 4282 juxta
305 4213 728 4271 Cariathiarim.

196 4304 366 4373 (ΗΑΒ.)
458 4301 783 4371 Masphalh.

136 4392 222 4460 tio,
261 4398 394 4461 ete.,
455 4406 627 4460 usque
684 4389 759 4442 ad
812 4392 868 4441 et
912 4387 984 4441 ad
1032 4400 1285 4441 amorem
1326 4385 1525 4458 patrias
1569 4386 1813 4440 caelestis

136 4481 365 4535 intentos
393 4496 517 4534 esse
549 4476 914 4549 perspexerit.

192 4570 624 4636 Hauseruntque
675 4582 895 4635 aquam,
953 4569 1058 4619 etc.
1108 4565 1179 4619 Ut
1227 4563 1374 4617 sicut
1430 4579 1580 4634 aqua
1635 4562 1814 4617 effusa

133 4673 234 4711 non
262 4660 429 4725 redit,
460 4658 541 4710 sic
573 4672 677 4709 nec
715 4655 823 4725 ipsi
849 4653 1103 4707 redirent
1131 4653 1197 4707 ad
1231 4652 1629 4706 idololatriam.

194 4747 346 4801 Vens.
380 4750 433 4800 9.
471 4775 541 4784 —
588 4746 807 4809 Agnum
854 4744 1160 4796 luctantem.
1193 4743 1391 4810 Agnus
1429 4741 1653 4794 oblatus
1704 4755 1810 4809 pro

129 4837 327 4905 populo
373 4834 481 4888 Dei
524 4832 813 4885 victoriam
843 4834 1091 4900 praestat,
1136 4845 1240 4899 per
1270 4828 1597 4899 passionem
1650 4828 1808 4882 Chri-

132 4923 190 4976 sti
224 4924 585 4979 daamonibus
625 4920 928 4991 superatis,
959 4936 1070 4989 pax
1101 4919 1229 4973 data
1269 4922 1354 4971 est
1382 4918 1664 4972 ﬁdelibus.

190 5015 359 5084 (ΗΑΒ.)
435 5013 807 5066 Innocentem
883 5008 1058 5061 vitam
1144 5006 1276 5077 igne
1353 5006 1643 5060 charitatis
1713 5021 1811 5060 ac-

132 5117 356 5157 causam.

190 5192 362 5262 (ΗΑΒ.)
396 5191 545 5245 Cum
577 5203 679 5259 per
734 5184 1136 5256 praedicatores
1188 5183 1479 5255 Evangelii
1536 5182 1810 5238 Dominus

132 5278 349 5347 intonat,
376 5278 667 5350 spiritales
695 5275 886 5329 hostes
936 5273 995 5326 in
1026 5274 1221 5344 fugam
1265 5276 1678 5326 convertuntur
1716 5288 1809 5326 co-

134 5382 233 5422 ram
263 5368 458 5432 Israel,
495 5366 551 5419 id
599 5368 682 5419 est
719 5363 930 5434 populo
970 5361 1089 5428 Dei,
1126 5364 1182 5416 et
1235 5364 1658 5431 persequuntur
1714 5375 1810 5413 eos

134 5470 287 5525 usque
314 5458 375 5510 in
417 5456 658 5509 domum
689 5450 1032 5523 agnitionis:
1064 5464 1382 5521 usquequo,
1424 5448 1636 5503 scilicet
1691 5464 1811 5503 om-

137 5543 207 5597 nis
236 5561 395 5600 error
423 5545 795 5613 expurgetur,
822 5544 882 5594 et
913 5540 1057 5593 Deus
1088 5554 1221 5593 vere
1250 5541 1649 5609 cognoscatur.

2001 3069 2231 3139 Galgala
2260 3070 2672 3140 interpretatur
2699 3072 2974 3125 volutatio
3005 3072 3092 3125 vel
3147 3072 3437 3127 revelatio.
3474 3074 3624 3128 Bene

1929 3172 2065 3226 ergo
2102 3156 2381 3227 propheta
2438 3158 2499 3211 in
2528 3159 2722 3212 Bethel
2752 3164 2808 3213 et
2836 3160 2895 3212 in
2923 3160 3176 3231 Galgala,
3205 3165 3261 3214 et
3319 3161 3618 3231 Masphath

1922 3244 2200 3313 judicavit
2229 3246 2422 3311 Israel,
2457 3251 2515 3301 et
2540 3251 2828 3302 revertens
2858 3247 2920 3301 in
2962 3248 3240 3302 Ramatha
3267 3248 3330 3302 in
3386 3250 3625 3303 domum

1928 3349 2091 3387 suam
2117 3333 2395 3404 judicavit
2424 3335 2505 3389 ibi
2533 3337 2730 3403 Israel;
2766 3341 2821 3390 et
2867 3336 3167 3390 aediﬁcavit
3192 3336 3273 3392 ibi
3302 3338 3478 3391 altare
3510 3340 3625 3393 Do—

1928 3422 2107 3489 mino,
2150 3424 2475 3493 exemplum
2524 3424 2783 3479 tribuens
2817 3424 3097 3494 judicium
3128 3442 3249 3479 esse
3300 3425 3623 3481 faciendum

1927 3510 1989 3564 in
2018 3511 2190 3565 domo
2230 3512 2346 3576 Dei,
2383 3528 2499 3565 non
2528 3512 2832 3567 indiscrete
2865 3515 2951 3567 vel
2983 3512 3249 3567 malivola
3279 3520 3492 3581 mente,
3524 3516 3623 3570 sed

1927 3599 2239 3653 secundum
2270 3601 2423 3671 quod
2456 3601 2747 3671 Scriptura
2796 3602 3148 3670 revelaverit,
3213 3606 3269 3656 et
3302 3602 3621 3657 intentione

1927 3688 2075 3741 bona
2108 3692 2165 3741 et
2202 3704 2396 3743 amore
2434 3689 2708 3759 fraterno,
2742 3694 2798 3743 et
2855 3690 2934 3744 sic
2967 3706 3085 3745 esse
3126 3692 3527 3746 revertendum
3560 3692 3621 3746 in

1926 3775 2204 3830 Ramatha
2243 3777 2303 3830 in
2333 3777 2569 3831 domum
2618 3784 2892 3844 nostram,
2924 3778 2984 3832 id
3010 3782 3113 3844 est,
3164 3780 3234 3833 ad
3264 3779 3489 3834 interna
3519 3796 3621 3850 pe-

1925 3864 2116 3929 ctoris,
2147 3868 2213 3917 ut
2240 3880 2504 3919 vacemus
2544 3865 3035 3935 contemplationi,
3084 3870 3137 3919 et
3168 3866 3228 3919 in
3269 3867 3435 3920 altari
3483 3868 3621 3922 ﬁdei

1926 3956 2115 4021 gratas
2145 3951 2357 4006 hostias
2387 3952 2577 4021 operis
2608 3959 2663 4005 et
2682 3952 2933 4006 veritatis
2960 3952 3286 4006 offeramus.

1995 4041 2155 4093 Vens.
2217 4043 2301 4093 l7.
2356 4070 2418 4080 —
2462 4040 2776 4108 Ediﬁcavit
2822 4042 2984 4094 etiam
3021 4040 3120 4107 ibi,
3160 4045 3265 4094 etc.
3316 4042 3423 4096 Lex
3467 4059 3616 4113 pree-

1926 4128 2094 4197 cepit,
2127 4144 2242 4181 non
2269 4128 2534 4183 aediﬁcari
2565 4130 2761 4195 altare,
2784 4128 2894 4182 nisi
2936 4129 3046 4182 ubi
3078 4129 3353 4183 Dominus
3405 4130 3611 4201 elegis-

1926 4220 2043 4282 set;
2100 4216 2198 4270 sed
2247 4232 2318 4271 ne
2364 4217 2729 4272 immolarent
2776 4217 2883 4272 diis
2933 4218 3247 4273 construxit
3294 4220 3490 4285 altare,
3552 4220 3612 4274 in

876 4299 1225 4369 Speculatio,
1286 4298 1377 4352 vel
1460 4297 1811 4367 contempla-
1844 4307 1888 4360 D
1928 4320 2042 4374 quo
2073 4320 2188 4359 non
2215 4306 2672 4377 reprehenditur.

2574 4447 2800 4503 CAPUT
2840 4449 2961 4503 VIII

1994 4568 2156 4622 Vens.
2199 4571 2246 4622 l.
2296 4598 2365 4607 —
2408 4570 2630 4624 Pactum
2675 4575 2771 4639 est,
2822 4577 2952 4639 ete.,
2998 4574 3180 4642 posuit
3222 4571 3386 4643 ﬁlios.
3429 4572 3610 4644 (ΗΑΒ.,

1921 4658 1981 4710 in
2022 4656 2116 4710 lib.
2148 4659 2303 4725 Reg.,
2344 4662 2481 4711 tom.
2523 4659 2616 4730 II.)
2652 4658 2798 4723 Quia
2828 4661 3143 4715 secundum
3192 4661 3502 4731 Josephum
3529 4663 3611 4717 al-

1920 4748 2107 4797 terum
2177 4743 2238 4797 in
2306 4745 2660 4815 Bethlehem,
2728 4748 2973 4801 alterum
3014 4747 3075 4802 in
3150 4748 3427 4802 Bersabee
3505 4765 3607 4819 po-

1922 4832 2051 4886 suit.

1996 4922 2153 4975 Vens.
2185 4924 2240 4976 2.
2299 4953 2368 4961 —
2397 4923 2564 4979 Abia.
2601 4922 2719 4993 ([0.)
2755 4926 2940 4991 Pater,
2983 4923 3270 4992 dominus,
3311 4926 3400 4980 vel
3450 4930 3612 4998 pater

1920 5010 2046 5065 fuit.
2102 5012 2249 5065 Bene
2297 5026 2432 5083 ergo
2478 5012 2576 5083 qui
2626 5012 2686 5065 in
2712 5012 2976 5067 inchoata
3019 5013 3252 5083 justitia
3306 5030 3422 5069 non
3478 5032 3610 5086 per-

1920 5103 2271 5167 manserunt,
2329 5104 2385 5153 et
2439 5100 2839 5169 paternitatem
2912 5099 3141 5155 Domini
3218 5102 3608 5172 neglexerunt.

1922 5182 2049 5237 Fuit
2078 5184 2226 5237 Deus
2259 5184 2347 5237 vel
2387 5184 2554 5237 Pater
2590 5184 2719 5250 fuit,
2752 5184 3035 5239 nominati
3066 5190 3217 5253 sunt,
3272 5193 3338 5241 ut
3390 5189 3610 5260 signiﬁ-

1919 5277 2121 5325 centur
2145 5272 2487 5343 paternitate
2510 5273 2609 5327 Dei
2636 5273 2880 5343 indigni.

1988 5361 2145 5415 Vens.
2196 5364 2247 5416 3.
2298 5392 2363 5401 ——
2397 5364 2466 5415 Et
2507 5377 2613 5416 non
2659 5363 3091 5418 ambulaverunt.
3146 5364 3291 5429 Quia
3328 5381 3433 5435 pro
3482 5383 3608 5421 mu-

1918 5464 2053 5503 nere
2082 5448 2481 5519 opprimebant
2527 5450 2835 5521 justitiam,
2885 5453 2955 5508 ad
3007 5454 3204 5525 epulas
3249 5456 3611 5529 pretiosaque

1919 5538 2177 5593 convivia
2207 5537 2577 5595 declinantes.
