4062 6180
357 277 453 326 551

1025 388 1248 443 CAPUT
1286 387 1372 442 IX.

432 519 595 572 Vens.
641 520 695 572 2.
755 545 823 556 —
881 513 1148 568 Vocabula
1187 513 1337 568 Saul.
1403 511 1582 581 (Rara,
1655 512 1716 564 in
1759 508 1854 563 lib.
1904 511 2057 575 Beg.,

361 611 499 662 tom.
532 607 627 676 Il.)
680 603 812 659 Saul
860 602 960 672 qui
994 601 1214 656 oﬁ'enso
1247 602 1361 678 Deo
1405 600 1588 654 factus
1619 603 1703 652 est
1744 614 1844 651 rex
1892 612 2063 667 super

363 694 559 764 Israel,
591 698 719 760 etc.,
750 707 920 761 usque
947 690 1022 744 ad
1051 693 1108 744 et
1136 689 1204 744 de
1229 688 1451 761 [placito
1477 687 1840 742 turbulentus
1885 687 2062 740 factus

369 786 474 836 est.

433 868 562 940 (10.)
593 868 737 932 Quia
773 867 907 922 Saul
937 866 1126 919 asinas
1155 865 1334 936 patris
1375 863 1462 918 sui
1507 878 1770 934 quarens
1809 860 1965 914 venit
1993 859 2064 914 ad

365 958 705 1030 prophetam
737 973 767 1009 a
806 972 919 1027 quo
966 959 1172 1008 unctus
1223 959 1327 1020 est,
1369 952 1656 1024 signiﬁcat
1699 950 1853 1021 quod
1902 947 2064 1003 Juda

366 1045 665 1100 stultitiam
688 1042 928 1098 carnalis
959 1059 1157 1096 sensus
1187 1047 1510 1112 sequentes,
1561 1055 1663 1111 per
1693 1052 1913 1092 errores
1960 1036 2066 1090 de-
2140 1083 2145 1088 .

371 1133 488 1187 vios
519 1135 716 1187 luxum
763 1132 962 1186 mundi
993 1131 1368 1202 perquirunt;
1402 1129 1592 1182 asinus
1645 1127 1799 1180 enim
1831 1126 2065 1180 brutum

370 1227 428 1276 et
455 1221 809 1276 luxuriosum
841 1219 1054 1273 animal
1084 1221 1185 1272 est.
1220 1218 1286 1271 Et
1337 1217 1406 1272 ad
1455 1215 1793 1286 prophetam
1832 1211 2064 1266 venien-

369 1315 476 1376 tes,
509 1311 568 1364 id
601 1314 707 1375 est,
742 1310 953 1372 Mosen,
1001 1307 1243 1361 audiunt
1288 1305 1476 1359 asinas
1508 1320 1627 1358 esse
1674 1303 1954 1367 inventas,
2007 1299 2063 1354 id

364 1404 469 1465 est,
503 1400 655 1453 bona
682 1403 849 1451 terra
881 1395 988 1450 sibi
1027 1412 1146 1449 esse
1177 1394 1388 1458 debita,
1421 1410 1454 1447 a
1493 1409 1606 1464 quo
1635 1391 1808 1446 etiam
1838 1388 2064 1444 unctio-

367 1487 456 1542 nis
506 1488 697 1541 oleum
746 1491 803 1539 et
863 1484 1025 1554 regni
1074 1482 1524 1554 gubernaculum
1582 1479 1958 1551 promittitur,
2009 1477 2067 1530 in

371 1575 580 1647 quibus
638 1575 706 1628 ad
755 1579 983 1644 tempus
1030 1572 1232 1626 fratres
1279 1588 1412 1625 suos
1470 1571 1538 1624 de
1590 1585 1763 1622 manu
1809 1565 2068 1621 hostium

370 1664 675 1735 eriperent.

441 1752 564 1822 (11).)
596 1751 926 1805 Secundum
956 1748 1255 1820 prasentis
1283 1747 1414 1800 vita
1434 1746 1745 1817 justitiam.

448 1840 572 1911 (11).)
611 1842 725 1894 Hoc
753 1839 934 1908 magis
968 1838 1036 1892 ad
1070 1837 1354 1892 Christum
1402 1835 1666 1906 pertinet,
1695 1833 1762 1887 de
1795 1848 1908 1904 quo
1935 1830 2071 1885 dici-

372 1935 466 1984 tur
499 1946 513 1983 :
549 1932 681 1984 Ecce
719 1943 857 1997 puer
909 1941 1052 1980 meus
1102 1927 1292 1979 electus
1333 1940 1486 1992 quem
1527 1925 1660 1990 elegi
1702 1924 1837 1992 (Isa.
1897 1921 2066 1988 xLIv).

377 2023 443 2076 Et
471 2019 610 2074 alibi
640 2035 653 2072 :
689 2018 818 2083 Quis
847 2017 1044 2072 similis
1069 2017 1179 2069 Deo
1208 2017 1267 2069 in
1293 2015 1433 2083 ﬁliis
1465 2015 1568 2068 Dei
1599 2013 1778 2083 (Psal.
1814 2011 2070 2080 Lxxxvi)?

445 2109 694 2165 Stateris.
726 2106 912 2161 Stater
954 2104 1123 2158 siclus
1153 2108 1237 2158 est
1278 2103 1378 2174 qui
1408 2103 1579 2157 habet
1605 2101 1808 2172 viginti
1835 2099 2067 2170 lobolos,

375 2198 432 2252 id
459 2201 559 2264 est,
595 2193 861 2249 denarios
888 2193 1106 2247 decem.

448 2285 610 2338 Vens.
639 2287 692 2336 7.
742 2310 810 2320 -—
838 2283 1031 2335 Demus
1089 2281 1307 2333 homini.
1357 2277 1624 2342 Quamvis
1679 2276 1813 2331 dare
1877 2275 2075 2329 decre-

378 2371 582 2436 verint,
612 2386 729 2424 non
750 2368 992 2438 legimus
1026 2367 1180 2438 quod
1210 2367 1440 2421 Samuel
1471 2364 1770 2435 acceperit,
1802 2363 1849 2416 si
1879 2367 2072 2417 tamen

377 2459 704 2530 accepisset,
739 2473 853 2511 non
882 2459 1247 2527 reputaretur
1272 2454 1336 2508 in
1365 2453 1736 2508 divinationis
1765 2451 2074 2522 pramium

380 2550 477 2605 sed
507 2549 568 2602 in
596 2547 893 2618 propheta
926 2543 1300 2615 stipendium.

453 2638 613 2690 Vens.
661 2637 712 2689 9.
758 2663 825 2674 —-
877 2633 1015 2689 Olim
1057 2634 1114 2685 in
1169 2631 1355 2685 Israel.
1411 2631 1478 2684 Ut
1512 2629 1591 2683 ait
1619 2627 1788 2696 Beda,
1820 2642 1938 2681 non
1986 2625 2075 2680 hi-

381 2722 784 2795 storiographi,
807 2722 903 2776 sed
938 2720 1045 2774 Esd
1056 2737 1131 2774 ra
1152 2719 1326 2772 verba
1355 2722 1504 2772 sunt.
1900 2771 1909 2779 I

461 2813 675 2868 Videris.
712 2810 922 2864 Dicitur
947 2808 1250 2880 propheta,
1294 2807 1428 2878 quia
1457 2822 1560 2877 per
1610 2803 1889 2874 Spiritum
1929 2818 2077 2873 pra-

384 2899 569 2955 noscit
596 2899 803 2953 futura.

455 2990 616 3042 Vnas.
654 2990 738 3041 ll.
784 3016 854 3028 —
895 2987 1122 3052 Clivum,
1157 2988 1286 3050 etc.,
1319 2982 1648 3052 egredientes
1697 2981 1771 3036 ad
1820 2982 2074 3035 haurien-

385 3079 513 3132 dam
543 3091 764 3146 aquam.
790 3075 977 3130 Clivus
1009 3090 1270 3128 ascensus
1306 3071 1515 3127 montis
1547 3071 1860 3124 ﬂuxuosus.

456 3167 619 3218 Vens.
691 3166 772 3218 l6.
819 3194 885 3203 —
933 3165 1006 3218 Et
1050 3177 1218 3231 unges
1269 3177 1384 3215 eum
1434 3161 1640 3214 ducem.
1686 3159 1819 3214 Saul
1879 3162 2079 3210 unctus

392 3253 676 3308 Christum
709 3251 1013 3321 signiﬁcat,
1069 3251 1169 3321 qui
1199 3254 1255 3303 et
1309 3249 1428 3319 ipse
1459 3247 1714 3302 Christus
1759 3246 2080 3317 appellatus

393 3346 506 3408 est;
535 3340 708 3406 unde,
741 3340 916 3405 Quare
944 3354 1058 3394 non
1088 3339 1558 3408 timuistﬁmittere
1587 3350 1807 3390 manum
1835 3337 1894 3388 in
1918 3335 2080 3390 Chri-

391 3435 535 3484 stum
563 3430 776 3482 Domini
816 3429 894 3495 (II
924 3427 1062 3492 Reg.
1095 3425 1175 3496 1)?

465 3518 629 3570 Vens.
675 3518 758 3570 19.
796 3545 864 3554 -
919 3515 1115 3570 Omnia
1145 3529 1282 3583 qua.
1318 3513 1502 3585 (ΗΑΒ.)
1553 3500 1816 3567 Τι’δάιιηί
1863 3508 2085 3564 Hebrai

395 3605 567 3660 fuisse
607 3605 667 3658 in
717 3603 884 3658 corde
927 3603 1081 3670 Saul,
1126 3607 1262 3673 quta
1306 3618 1404 3656 rex
1453 3605 1600 3656 esset
1650 3601 1896 3666 futurus,
1955 3615 2085 3652 cum

396 3691 624 3746 vidisset
651 3705 755 3760 per
783 3689 967 3743 visum
1000 3705 1059 3742 se
1087 3689 1149 3742 in
1169 3688 1375 3742 vertice
1402 3687 1622 3742 arboris
1664 3687 1870 3758 palma
1923 3685 2088 3739 collo-

399 3779 536 3846 cari,
568 3779 723 3850 quod
742 3782 826 3832 est
850 3777 1077 3847 signum
1099 3776 1413 3848 regnaturi.

471 3868 632 3922 Vens.
667 3868 755 3920 22.
789 3895 858 3906 —
887 3866 1180 3920 Assumens
1225 3867 1324 3918 ita.
1366 3863 1529 3928 Quod
1579 3861 1807 3917 Samuel
1859 3859 2089 3914 Saulem

401 3955 463 4009 in
507 3956 790 4010 excelsum
855 3954 1036 4020 duxit,
1090 3953 1463 4008 refectionem
1533 3950 1755 4017 tribuit,
1811 3946 2092 4018 signiﬁcat

397 4043 706 4116 prophetas
737 4043 1021 4114 populum
1053 4041 1423 4095 Hebraorum
1451 4038 1712 4094 doctrina
1768 4053 1870 4090 sua
1903 4035 1973 4089 ad
2008 4035 2089 4088 al-

401 4133 551 4188 tiora
606 4135 1002 4202 provocantes,
1082 4133 1144 4183 ut
1199 4128 1436 4183 scientia
1488 4125 1774 4198 spirituali
1826 4124 2089 4190 refectus,

402 4222 467 4277 in
494 4221 742 4276 culmine
789 4220 1069 4274 virtutum
1129 4218 1418 4285 consistat,
1486 4233 1592 4272 nec
1662 4213 1954 4269 relabatur
2021 4212 2093 4266 ad

403 4310 560 4365 vitia.

483 4396 819 4454 Triclinium.
853 4396 1236 4461 Coenaculum,
1270 4413 1303 4449 a
1351 4394 1530 4449 tribus
1583 4391 1800 4448 lectulis
1847 4391 2098 4446 discum-

409 4487 691 4543 bentium.

482 4577 644 4630 Vens.
684 4575 774 4630 24.
817 4602 891 4615 —
918 4577 993 4628 De
1035 4572 1336 4638 industria,
1368 4571 1428 4626 id
1459 4574 1562 4638 est,
1595 4569 1664 4624 de
1716 4566 2097 4631 Providentia,

410 4665 579 4720 datur
604 4662 870 4734 intelligi,
903 4661 1057 4733 quod
1079 4662 1202 4732 jam
1229 4659 1576 4726 comederat,
1602 4659 1733 4712 licet
1761 4673 1880 4711 non
1909 4657 2099 4726 plene,

415 4751 552 4824 quia
568 4751 855 4805 revelante
888 4748 1132 4804 Domino
1163 4747 1317 4819 quod
1344 4747 1565 4802 veniret
1594 4745 1747 4810 Saul,
1782 4743 2105 4798 convivium

416 4841 658 4897 dilatum
685 4842 787 4894 est.

487 4930 649 4984 Vaas.
708 4931 797 4983 27.
843 4956 903 4968 -—
955 4927 1192 4994 Cumque
1227 4923 1624 4980 descenderent.
1681 4919 2110 4976 Descenderunt

406 5016 489 5071 'de
517 5017 756 5078 excelso,
791 5020 853 5069 ut
881 5014 941 5068 in
985 5013 1181 5085 aliquo
1221 5011 1515 5068 secretiori
1545 5012 1876 5082 loqueretur
1921 5007 1991 5061 de
2017 5020 2108 5059 re-

419 5121 532 5175 gno
563 5109 619 5159 et
642 5107 889 5174 ungeret
910 5118 1063 5158 eum.

1097 5224 1321 5279 CAPUT
1353 5225 1416 5278 X.

494 5335 659 5390 Vnus.
709 5337 756 5387 l.
816 5361 886 5375 -
945 5334 1088 5388 Tulit
1140 5336 1338 5387 autem.
1417 5329 1708 5384 Lenticula
1768 5343 1864 5381 vas
1944 5325 2116 5379 ﬁctile

423 5421 904 5494 quadrangulum,
963 5421 1022 5475 in
1055 5423 1228 5476 latere
1259 5419 1475 5476 habens
1528 5418 1786 5472 foramen
1816 5431 1921 5486 per
1961 5412 2116 5485 quod

424 5509 705 5580 fragilitas
725 5509 885 5580 regni
909 5508 1261 5578 designatur.

1104 266 1499 323 WALAFRIDI
1541 262 1786 320 STRABI
1824 261 2025 318 FULD.
2069 258 2234 332 ΜΘΝ.
2271 260 2446 315 PARS
2483 260 2526 313 Ι.
2569 289 2636 298 μ-
2675 257 3142 314 THEOLOGICA.

2079 382 2126 436 A
2235 383 2394 436 Vens.
2435 384 2487 436 6.
2521 413 2586 421 —
2612 384 2682 436 Et
2709 379 3056 450 prophetabis
3086 393 3206 434 cum
3253 381 3347 433 eis.
3379 377 3593 432 Judais
3620 379 3844 432 tradunt

2168 485 2301 525 eum
2323 471 2690 542 prophetasse
2721 469 2790 524 de
2821 468 3013 522 futuro
3036 469 3265 534 saeculo,
3290 467 3358 521 de
3389 467 3510 536 Gog
3566 471 3620 520 et
3641 467 3848 535 Magog,

2171 561 2240 614 de
2269 560 2523 630 pramiis
2537 559 2824 630 justorum
2857 561 2914 611 et
2946 556 3128 626 panis
3155 557 3460 610 malorum.

2241 649 2403 703 Vens.
2435 653 2486 702 7.
2527 679 2592 688 —
2623 645 2848 712 Quando
2887 660 3034 714 ergo.
3069 643 3243 708 Quasi
3267 642 3358 698 his
3387 641 3567 712 signis
3587 657 3745 695 nosse
3765 657 3853 710 po-

2171 735 2307 789 teris
2336 735 2484 806 quod
2519 736 2667 789 Deus
2704 739 2760 788 te
2791 747 2986 802 regem
3016 730 3135 785 fore
3166 728 3360 784 voluit.
3397 728 3530 783 Ideo
3570 727 3630 782 in
3676 726 3851 795 omni:

2171 823 2278 877 bus
2306 822 2573 892 regaliter
2605 837 2730 890 age,
2763 819 2900 890 quia
2929 816 3205 872 Dominus
3229 821 3414 870 tecum
3445 819 3546 870 est.

2243 913 2412 967 Vens.
2449 913 2498 965 8.
2535 941 2601 949 —
2631 907 2847 978 Septem
2897 906 3117 974 diebus,
3176 904 3520 959 subauditur
3559 904 3620 957 in
3667 919 3851 957 conse-

2173 999 2422 1053 cratione
2485 997 2650 1068 regni
2707 995 2812 1061 tui,
2885 995 3032 1048 sicut
3088 994 3149 1048 in
3203 992 3631 1048 consecratione
3683 1007 3853 1046 sacer-

2173 1089 2372 1143 dotum
2401 1092 2620 1157 septem
2653 1084 2855 1140 diebus
2875 1083 3260 1137 offerebantur
3289 1081 3556 1135 victima.

2247 1176 2410 1230 Vens.
2445 1176 2529 1228 10.
2563 1204 2630 1213 —
2681 1175 2751 1227 Et
2780 1176 3057 1226 venerunt.
3113 1169 3406 1241 Signiﬁcat
3463 1169 3615 1240 quod
3658 1167 3853 1223 Judais

2177 1263 2372 1318 omnia
2401 1278 2530 1334 qua
2583 1261 2800 1331 Moyses
2861 1265 2916 1314 et
2962 1259 3260 1330 propheta
3299 1257 3705 1328 pradixerant,
3743 1271 3852 1309 eve-

2175 1356 2407 1407 nerunt.
2461 1351 2574 1421 lpsi
2629 1366 2759 1404 vero
2810 1349 2984 1403 libros
3031 1347 3172 1418 legis
3229 1352 3287 1400 et
3329 1347 3738 1416 prophetarum
3777 1349 3852 1397 te-

2177 1445 2394 1504 nentes,
2449 1440 2706 1493 divinare
2755 1437 3042 1501 videntur,
3094 1451 3223 1488 cum
3254 1434 3444 1488 futura
3477 1433 3742 1503 mysteria
3792 1431 3855 1485 de

2178 1529 2399 1586 Christo
2449 1533 2506 1582 et
2554 1527 2800 1581 Ecclesia
2843 1526 2904 1578 in
2953 1525 3037 1579 eis
3093 1523 3301 1594 scripta
3341 1521 3716 1593 pronuntiare
3762 1536 3855 1573 no-

2180 1623 2431 1672 scuntur.

2250 1708 2408 1759 Vens.
2446 1707 2529 1758 l2.
2571 1732 2640 1742 —
2670 1703 2909 1770 thuis.
2953 1699 3125 1765 Quasi
3154 1699 3282 1770 quis
3329 1697 3536 1768 majori
3566 1697 3667 1752 iilo
3695 1697 3752 1750 in
3780 1695 3857 1750 di-

2179 1794 2394 1865 gnitate
2426 1797 2482 1846 et
2514 1789 2831 1861 sapientia?
2870 1791 3062 1843 Potest
3114 1803 3250 1858 ergo
3302 1791 3574 1856 tanquam
3623 1790 3780 1854 pater
3810 1787 3862 1836 ct

2179 1882 2451 1952 magister
2485 1880 2631 1933 inter
2657 1878 2964 1948 prOphetas
2997 1875 3229 1930 versari.
3261 1877 3331 1930 Et
3353 1877 3476 1942 quis
3507 1879 3667 1942 pater
3693 1887 3861 1927 eorum

2180 1971 2237 2025 id
2269 1974 2353 2023 est
2376 1967 2806 2038 prophetarum,
2841 1964 3180 2018 subauditur
3209 1962 3320 2016 nisi
3353 1965 3515 2016 Deus.

2249 2058 2497 2129 Mystice,
2549 2055 2798 2109 seniores
2866 2053 3060 2121 Israel,
3109 2051 3408 2121 reprobato
3457 2049 3737 2114 Samuele,
3780 2063 3860 2101 re-

2180 2164 2309 2218 gem
2359 2145 2466 2200 sibi
2514 2143 2819 2214 petierunt,
2872 2146 2927 2194 et
2979 2140 3188 2196 Scriba
3248 2155 3379 2192 cum
3428 2137 3748 2203 Pharisais,
3783 2153 3862 2189 re-

2180 2236 2345 2307 pulso
2395 2233 2615 2289 Christo
2657 2247 2792 2284 vero
2862 2229 3174 2295 sacerdote,
3261 2229 3697 2281 clamaverunt:
3753 2226 3863 2281 Non

2183 2323 2435 2376 habemus
2488 2336 2665 2388 regem
2719 2320 2834 2373 nisi
2880 2319 3139 2374 Caesarem
3180 2315 3357 2387 (Joan.
3391 2316 3526 2386 xxx),
3559 2315 3715 2370 unde
3770 2314 3865 2368 Sa-

2182 2410 2321 2464 muel
2358 2409 2806 2476 interpretatur:
2842 2420 3054 2458 nomen
3083 2403 3206 2472 ejus
3255 2403 3402 2456 Deus
3452 2402 3604 2464 Saul,
3667 2399 3866 2470 petitus

2185 2499 2298 2552 sive
2320 2494 2534 2568 petitio,
2569 2494 2670 2564 qui
2699 2510 2732 2547 a
2751 2493 2964 2563 populo
2995 2496 3079 2544 est
3097 2491 3438 2561 postulatus,
3469 2489 3777 2543 Barrabbas
3797 2486 3870 2540 in-

2183 2584 2474 2653 telligitur.
2520 2582 2608 2637 Cis
2638 2582 2815 2635 durus
2863 2580 2952 2633 vel
2984 2595 3245 2648 vomens;
3287 2578 3467 2639 Abiel,
3527 2581 3691 2647 pater
3717 2590 3869 2630 meus

2188 2676 2356 2740 Deus,
2385 2671 2568 2726 Judai
2617 2669 2768 2724 enim
2818 2667 2947 2722 duri
3001 2672 3056 2721 et
3084 2670 3381 2721 vomentes
3427 2667 3608 2719 Deum
3654 2667 3870 2719 Patrem

2188 2760 2531 2826 conﬁtendo,
2567 2758 2772 2813 Filium
2801 2761 3047 2826 negant;
3069 2755 3166 2809 sed
3198 2755 3298 2826 qui
3326 2759 3499 2824 negat
3527 2753 3752 2816 Filium,
3784 2767 3875 2804 ne-

2190 2856 2286 2922 gat
2318 2855 2373 2904 et
2397 2851 2619 2903 Patrem
2661 2845 2760 2916 qui
2792 2843 2950 2898 misit
2971 2859 3102 2897 eum
3127 2843 3184 2914 (I
3223 2845 3378 2897 Joan.
3412 2842 3490 2911 ιι).
3525 2841 3659 2896 Saul
3691 2840 3872 2894 asinas

2117 2946 2155 3001 C
2189 2940 2367 3013 patris
2405 2951 2688 3008 quarens,
2730 2934 2791 2987 in
2836 2948 3012 3002 regno
3053 2936 3380 3001 assumptus
3418 2935 3523 2984 est.
3565 2929 3819 2983 Salvator
3847 2943 3878 2980 a

2187 3031 2351 3084 Patre
2391 3025 2598 3079 missus
2638 3023 2704 3077 ad
2755 3038 2886 3075 oves
2944 3036 3074 3091 qua
3117 3018 3410 3090 perierant
3457 3017 3667 3072 domus
3688 3015 3875 3084 Israel,

2189 3132 2359 3188 super
2383 3117 2650 3168 cunctum
2696 3110 2976 3180 populum
3023 3108 3083 3161 in
3137 3122 3329 3178 regem
3379 3106 3722 3159 constitutus
3777 3106 3873 3156 est.

2187 3208 2291 3262 Tot
2319 3204 2473 3258 enim
2505 3205 2636 3255 sunt
2657 3199 2833 3252 asina
2869 3202 3010 3268 quot
3034 3213 3188 3250 oves.
3217 3195 3348 3250 Saul
3388 3194 3604 3264 accepit
3633 3207 3873 3256 armum,

2189 3299 2245 3350 et
2269 3292 2525 3349 Christus
2543 3287 2933 3359 principatum
2965 3285 3337 3351 (Matthxxv).
3363 3282 3496 3337 Saul
3521 3299 3554 3335 a
3613 3279 3874 3334 Samuele

2192 3389 2248 3438 et
2281 3385 2505 3446 unctus,
2548 3383 2606 3431 et
2656 3375 2994 3446 Unigenitus
3027 3389 3061 3427 a
3091 3377 3251 3443 patre
3283 3369 3565 3442 spirituali
3615 3369 3878 3423 unctione

2193 3471 2497 3526 delibutus.
2537 3465 2620 3519 Ab
2650 3465 2890 3518 humero
2924 3461 3058 3516 Saul
3088 3458 3570 3531 supereminebat,
3602 3457 3742 3528 quia
3788 3471 3877 3509 ca-

2194 3563 2298 3631 put
2328 3560 2585 3611 nostrum
2616 3568 2789 3624 super
2820 3567 2925 3605 nos
2956 3553 3039 3604 est
3065 3548 3321 3604 Christus
3352 3549 3398 3618 (Ι
3419 3549 3536 3604 Cor.
3574 3546 3674 3616 χι).

2871 3691 3096 3747 CAPUT
3133 3691 3222 3744 XI.

2273 3825 2426 3877 Vens.
2467 3825 2513 3874 l.
2554 3848 2624 3861 —
2665 3817 2838 3888 (ΗΑΒ).
2885 3815 3051 3870 Jabes
3096 3829 3293 3868 sensus
3329 3829 3342 3866 :
3401 3811 3614 3866 Galaad
3662 3823 3884 3864 acervus

2199 3907 2532 3967 testimonii.
2554 3908 2720 3974 Naas,
2743 3905 2799 3958 id
2817 3907 2900 3957 est
2917 3917 3168 3973 serpens,
3193 3899 3403 3954 scilicet
3422 3898 3688 3954 diabolus
3707 3912 3888 3952 ascen-

2201 4000 2285 4055 dit
2310 4002 2506 4052 contra
2534 4010 2764 4050 sensum
2788 3990 3106 4047 testimonii
3134 3989 3440 4060 Scriptura
3471 3987 3784 4042 eruditum.

2272 4087 2431 4140 Vens.
2461 4086 2515 4137 2.
2547 4113 2616 4123 —
2645 4084 2712 4136 Et
2742 4077 3038 4149 respondit.
3073 4077 3290 4130 Bellum
3320 4075 3486 4142 Naas,
3529 4073 3749 4128 bellum
3777 4072 3888 4126 ha-

2201 4175 2512 4230 reticorum
2590 4172 2785 4224 contra
2861 4164 3164 4220 Ecclesiam
3235 4161 3535 4233 signiﬁcat.
3618 4162 3766 4216 Naas
3819 4159 3892 4212 in-

2122 4279 2164 4332 Ι)
2201 4263 2548 4335 terpretatur
2577 4271 2832 4328 serpens,
2872 4256 3121 4309 Ammon
3166 4250 3550 4320 comprimens
3596 4251 3686 4304 vel
3726 4263 3927 4303 coan-.

2203 4357 2457 4424 gustans,
2505 4348 2592 4402 vel
2635 4345 2881 4417 populus
2921 4341 3199 4396 mceroris.
3228 4339 3393 4394 Jabes
3426 4338 3742 4402 exsiccata;
3789 4336 3892 4389 Ga-

2204 4441 2331 4497 laad
2381 4452 2613 4493 acervus
2665 4429 3014 4498 testimonii;
3064 4430 3209 4483 Naas
3267 4443 3405 4498 ergo
3461 4425 3750 4496 signiﬁcat
3779 4437 3892 4477 ser-

2205 4533 2438 4602 pentem
2470 4525 2796 4594 antiquum,
2855 4519 2954 4592 qui
2987 4521 3071 4573 est
3107 4517 3373 4588 princeps
3414 4514 3891 4574 Ammonitarum,

2210 4599 2268 4674 id
2299 4621 2383 4672 est
2409 4611 2833 4670 hareticoruni.
2867 4609 2968 4662 Hic
3012 4610 3098 4660 est
3123 4604 3277 4659 enim
3327 4603 3577 4674 populus
3609 4599 3893 4664 maroris,

2213 4707 2313 4779 qui
2342 4720 2457 4759 non
2496 4702 2669 4757 habet
2697 4698 2970 4770 gaudium
2997 4694 3240 4765 Spiritus
3279 4692 3478 4757 sancti,
3526 4691 3627 4762 qui
3661 4684 3902 4760 disponit

2198 4795 2394 4852 'foedus
2433 4807 2562 4846 cum
2593 4788 2808 4860 populo
2841 4783 3120 4851 Ecclesia,
3148 4786 3215 4835 ut
3241 4786 3402 4836 eruat
3440 4782 3638 4834 oculos
3660 4779 3902 4837 dextrOS,

2216 4884 2400 4937 visum
2430 4879 2643 4934 scilicet
2700 4892 2851 4931 sana
2883 4872 3215 4928 orthodoxa
3263 4869 3417 4924 ﬁdei.
3459 4868 3769 4924 Sinistrum
3820 4878 3901 4917 re-

2215 4971 2429 5042 linquit
2455 4967 2705 5031 oculum,
2735 4969 2801 5020 ut
2846 4962 3058 5017 scilicet
3089 4975 3264 5031 prava
3293 4963 3518 5012 tantum
3542 4957 3771 5011 sentiat.
3805 4950 3907 5007 Sed

2217 5075 2380 5115 mens
2409 5055 2666 5112 ﬁdelium
2715 5051 2992 5108 exsiccata
3021 5065 3054 5103 a
3107 5047 3268 5102 sorde
3314 5045 3607 5112 vitiorum,
3653 5052 3910 5097 acervum

2219 5145 2554 5213 testimonii,
2592 5143 2652 5198 id
2691 5147 2794 5210 est,
2844 5138 3108 5194 scientias
3161 5139 3369 5190 sancta
3425 5135 3731 5205 Scriptura
3779 5141 3908 5183 con-

2223 5235 2390 5308 gerit,
2421 5233 2629 5305 quibus
2654 5229 2894 5285 viriliter
2919 5227 3144 5282 resistat
3177 5223 3350 5279 hosti.

2294 5299 2462 5376 Vnns:
2494 5323 2546 5376 8.
2581 5351 2647 5360 —
2689 5321 2752 5374 In
2780 5317 2995 5374 Bezech.
3021 5315 3210 5386 (Rau,
3250 5315 3309 5367 in
3329 5311 3424 5366 lib.
3455 5311 3610 5380 Reg.,
3650 5311 3793 5362 tom.
3826 5299 3912 5369 II.)

2226 5413 2394 5479 Urbe,
2431 5410 2643 5464 scilicet
2678 5405 3056 5472 Adonibezec,
3087 5407 3217 5470 etc.,
3251 5415 3419 5470 usque
3459 5398 3534 5453 ad
3571 5412 3675 5468 per
3728 5396 3910 5448 totum

2234 5501 2435 5553 orbem
2469 5496 2712 5552 Ecclesia
2739 5493 3044 5549 diffundat.
