3998 6178
148 290 231 340 553
1274 292 1526 348 CLOSSA
1565 292 1965 350 ORDINARIA.
2009 323 2077 336 —
2114 298 2242 353 LIB.
2285 299 2309 353 Ι
2358 300 2517 356 REG.

3513 319 3618 372 554

198 409 346 462 Vens.
384 412 463 462 Η.
494 438 563 449 -
603 410 845 479 Dispersi
871 414 1014 466 sunt.
1084 410 1227 476 Quia
1273 416 1642 485 congregatio
1672 434 1805 487 pra-
1832 417 1879 471 Δ
1918 419 2106 473 vertit.
2147 422 2415 493 Armiger
2443 426 2565 494 ejus
2597 427 2982 496 spiritualium
3036 433 3319 506 discipuli,
3368 439 3469 509 qui
3498 457 3616 495 non

140 512 337 562 vorum,
369 496 657 550 charitatis
699 503 754 551 et
786 498 921 553 ﬁdei
984 500 1205 555 unitate
1242 518 1356 556 non
1406 505 1690 573 jungitur,
1723 507 1811 561 ab-
1922 521 2022 574 per
2050 508 2241 576 plana,
2273 512 2369 565 sed
2411 514 2587 567 ardua
2612 515 2720 569 iter
2749 518 3030 589 arripiunt
3065 539 3077 577 :
3112 496 3247 594 quia
3299 496 3617 584 sacerdotes

138 585 351 638 invicem
404 584 748 639 dissensione
796 594 1139 658 separatur;
1201 590 1397 644 unde:
1442 594 1664 647 Inimici
1704 597 1804 662 tui,
1918 594 2175 650 hostibus
2238 601 2520 655 contraire
2590 584 2904 675 nequeunt,
2964 609 3011 662 si
3063 584 3178 666 non
3244 630 3347 684 per
3403 621 3613 672 arctam

140 674 346 740 Domine,
398 673 651 742 peribunt
679 678 729 729 et
784 675 1164 744 dispergentur
1215 678 1389 749 (Psal.
1427 680 1553 749 χει).
1914 682 2065 737 viam
2118 686 2461 756 gradientes,
2508 673 3016 767 inter'utrumque
3073 673 3523 771 Testamentum,
3559 712 3616 760 et

774 799 999 855 CAPUT
1074 803 1188 857 ΧΠ.
1914 770 2064 825 inter
2101 789 2372 845 prospera
2400 782 2456 830 et
2503 779 2754 847 adversa,
2802 784 2965 853 quasi
2997 786 3135 840 duos
3184 791 3445 859 scopulos
3474 792 3613 847 dex-

770 907 804 950 k
857 908 1030 950 triti“.
1096 908 1278 950 mn”
1323 909 1592 950 annmﬁn
1650 911 1805 950 Μηί-
1913 862 2300 934 tralaavaque,
2360 865 2652 933 incedunt,
2704 875 2760 924 et
2818 872 2888 925 ad
2944 874 3056 928 alta
3111 880 3613 950 contemplationis

192 903 336 956 Vens.
374 906 457 957 I7.
484 932 553 943 —
617 906 804 959 Messis
857 908 1044 961 tritici.
1096 908 1278 978 (ΗΑΒ.)
1323 909 1592 965 Collectio
1649 911 1767 966 scili

192 991 441 1040 tuentilis
466 994 664 1040 nonuli
694 994 762 1040 ad
793 994 984 1040 ﬁdem-

1942 903 2300 934 ...ηυν-.ι1υν,
2362 903 2652 933 ιμυυυυυι,
2704 903 2760 924 σι
2818 903 2888 925 au
2944 903 3056 928 σιισ.
3111 903 3611 950 υυυιυωριᾱιιοῐιιε

1939 956 2034 1004 oto
2064 951 2242 1005 animi
2271 952 2402 1007 nisu
2429 958 2831 1012 conscendunt.
2882 960 3150 1017 Jouathas
3180 980 3295 1020 nou
3348 967 3457 1022 nisi
3483 985 3611 1040 pro-

134 996 203 1044 cet
218 991 441 1060 gentilis
465 994 665 1062 populi
694 994 764 1047 ad
792 994 985 1048 ﬁdem.

196 1041 436 1060 ,ομ----η
465 1041 665 1062 πνικ-
695 1041 764 1091 —.-
792 1041 985 1048 —-—v-—~
1152 1083 1161 1094 '
1910 1044 2141 1093 vocatus
2190 1041 2261 1095 ad
2310 1042 2498 1096 hostes
2543 1046 2789 1101 transit:
2859 1050 2957 1120 qui
3023 1054 3283 1108 catholici
3342 1057 3610 1113 adversus

196 1080 357 1134 Voces.
387 1079 448 1133 Id
478 1085 581 1153 est,
615 1086 869 1136 tonitrua
925 1086 980 1137 et
1009 1084 1249 1153 pluvnas.
1300 1085 1425 1139 Non
1449 1092 1533 1141 est
1562 1104 1800 1144 consue-
1910 1126 2206 1153 ιωηηη,
2238 1145 2350 1153 ,η-
2401 1134 2675 1153 --_.__.,,
3221 1147 3229 1153 .
3357 1145 3368 1153 .
3406 1145 3418 1153 .
3525 1147 3535 1153 .

132 1174 148 1220 ἰ
202 1120 357 1134 """"
387 1120 448 1133 “‘
478 1120 581 1178 “3’”
619 1120 869 1136 “'“"“‘“
925 1120 980 1137 "'
1004 1120 1249 1201 _*",“”‘“"
1300 1120 1425 1139 “‘"‘
1449 1120 1533 1141 ‘m
1562 1120 1800 1144 w"°“°'
1910 1126 2208 1183 haereticos
2238 1145 2355 1184 non
2397 1134 2820 1189 contentionem
2879 1147 3257 1211 commovent,
3312 1145 3422 1199 nisi
3451 1147 3609 1217 prius

152 1166 247 1221 udo
274 1168 482 1222 Iudaeae
508 1185 568 1222 in
609 1175 865 1241 tempore
896 1177 1108 1226 aestatis
1162 1173 1382 1243 pluere.
1912 1216 1977 1243 Μ,
2035 1221 2315 1243 ηηιηη,
2362 1228 2737 1243 unum,“
2969 1228 3003 1243 ..
3372 1233 3384 1243 .

1910 1216 1977 1269 ad
2033 1221 2318 1271 certamen
2362 1228 2755 1289 provocentur.
2820 1226 3091 1281 Jonathas
3169 1247 3304 1302 ergo
3369 1216 3606 1307 inagro

769 1295 994 1349 CAPUT
1078 1296 1212 1349 XIII.
1908 1305 2145 1359 culturae
2172 1306 2359 1360 hostes
2383 1310 2692 1378 prosternit
2723 1328 2735 1365 ε
2770 1318 2825 1366 et
2856 1314 3112 1371 doctores
3143 1318 3202 1373 in
3233 1295 3605 1381 meditatione

1910 1392 2215 1463 Scriptura:
2249 1396 2543 1450 haereticos
2574 1399 2828 1455 vincunt.

1984 1491 2136 1544 Vens.
2218 1494 2303 1545 '27.
2388 1495 2553 1548 Porro
2620 1497 2915 1552 Jonathas.
2991 1499 3277 1558 Columbae
3365 1508 3598 1566 donum.

1910 1578 2007 1630 Hic
2038 1593 2136 1631 eos
2166 1579 2448 1650 signiﬁcat
2475 1582 2595 1652 qui,
2629 1590 2857 1654 accepta
2888 1587 3129 1657 Spiritus
3167 1595 3347 1649 sancti
3393 1599 3598 1667 gratia,

1828 1699 1868 1753 Β
1910 1666 2108 1720 mundi
2134 1673 2339 1737 parant
2369 1685 2638 1738 spernere
2678 1671 2987 1729 illecebras.
3054 1678 3175 1732 Non
3229 1681 3382 1736 enim
3408 1666 3602 1755 potest

186 1398 330 1452 Vcas.
370 1403 515 1452 1.-
575 1400 741 1454 Filius
791 1404 953 1455 unius
1009 1404 1163 1465 anni,
1198 1406 1300 1457 etc.
1351 1403 1535 1475 (ΗΑΒ.)
1564 1405 1669 1458 Per
1698 1421 1798 1459 an-

127 1486 495 1557 ticipationem
552 1488 686 1542 dicit
716 1490 782 1542 de
822 1490 1078 1544 Isbosetli
1108 1491 1227 1544 ﬁlio
1281 1491 1435 1560 Saul,
1469 1496 1555 1546 ctc
1585 1534 1597 1558 ,
1631 1509 1800 1563 usque

125 1574 187 1626 ad
214 1578 401 1629 etnon
434 1580 553 1630 toto
585 1581 842 1648 tempore
872 1578 1002 1633 vita:
1052 1596 1167 1633 sum
1211 1580 1491 1651 populum
1516 1581 1799 1652 judicavc-

123 1668 195 1715 rat
222 1668 277 1715 ut
306 1664 423 1718 alii.

177 1751 322 1805 Vsus.
349 1755 401 1806 2.
440 1784 506 1792 —
539 1754 744 1810 Gabaa.
779 1755 898 1824 ([0,)
935 1756 1075 1810 Urbs
1107 1760 1191 1809 est
1214 1756 1451 1811 Phiuees
1483 1756 1588 1811 ﬁlii
1627 1758 1789 1813 Elea-

115 1839 375 1906 zari,etc.,
437 1857 606 1911 usque
634 1843 709 1897 ad
765 1843 868 1896 viri
920 1860 1049 1897 cum
1094 1844 1225 1898 Saul
1285 1851 1645 1900 remanentes
1690 1864 1787 1901 ca-

114 1926 283 1981 tholici
312 1928 536 1984 Christo
594 1929 838 1985 ﬁrmiter
897 1932 1273 1986 adhaerentes.

171 2015 314 2069 Vens.
374 2019 427 2070 6.
486 2048 554 2056 -—
613 2018 1024 2073 Absconderunt
1072 2036 1127 2074 se
1211 2022 1269 2073 in
1317 2022 1604 2089 speluncis.
1662 2022 1788 2093 (Io)

110 2102 382 2157 Absconsis
404 2104 636 2169 scilicet,
670 2111 799 2172 etc.,
834 2123 1005 2177 usque
1030 2107 1105 2161 ad
1156 2109 1515 2163 sociaveruut
1548 2127 1605 2164 se
1654 2127 1784 2165 cum

112 2191 210 2244 suis
236 2192 289 2246 in
318 2193 542 2263 prtelio.

168 2280 419 2336 Vsas.l3.
452 2312 523 2320 —
583 2281 761 2337 Stulte
813 2285 993 2351 egisti,
1024 2299 1136 2339 nec.
1199 2286 1314 2354 (10.)
1378 2287 1611 2342 Videtur
1669 2288 1788 2360 qui-

114 2367 319 2423 busdam
374 2370 510 2425 Saul
564 2369 989 2443 inculpabiliter
1054 2373 1418 2441 sacriﬁcasse,
1454 2382 1583 2443 etc.,
1616 2394 1785 2447 usque

114 2455 243 2509 adet
293 2457 423 2512 ideo
490 2459 694 2513 merito
742 2460 1006 2531 culpatur
1068 2466 1125 2515 et
1172 2463 1428 2518 stultitiae
1498 2467 1777 2537 arguitur.

164 2544 298 2608 Quod
324 2549 374 2600 si
400 2562 510 2601 non
538 2547 773 2612 fecisses.
812 2549 998 2616 (Ecca.
1060 2550 1118 2603 in
1148 2550 1243 2603 lib.
1298 2552 1437 2619 Reg.
1508 2569 1576 2607 cx
1609 2556 1775 2625 Aug.)

116 2628 211 2683 Non
239 2632 312 2685 sic
339 2632 736 2704 accipiendum
765 2638 849 2687 est
900 2635 1062 2705 quasi
1118 2637 1394 2690 Dominus
1451 2638 1680 2693 Saulem
1712 2641 1773 2695 in

115 2724 352 2775 aternum
383 2721 674 2792 paraverit
704 2728 1099 2791 regnaturum,
1160 2730 1215 2777 et
1244 2725 1349 2778 hoc
1380 2726 1632 2782 noluerit
1661 2745 1777 2783 ser-

116 2821 218 2861 vare
244 2810 500 2879 peccanti
529 2826 541 2863 :
572 2810 782 2864 sciebat
841 2811 996 2864 enim
1052 2816 1439 2883 peccaturum.
1501 2816 1607 2870 Sed
1635 2833 1777 2886 prae-

1904 1759 2101 1808 contra
2153 1757 2471 1827 allopliylos
2516 1758 2858 1828 spirituales,
2916 1762 2971 1816 id
3029 1770 3114 1818 est
3169 1767 3478 1840 daemones,
3513 1775 3596 1828 vi-

1898 1840 2082 1895 riliter
2107 1858 2384 1913 pugnare,
2417 1845 2517 1916 qui
2547 1848 2749 1903 mundi
2775 1850 3135 1908 dulcedinem
3192 1859 3371 1913 nescit
3425 1861 3595 1917 decli-

1898 1946 2037 1984 nare
2055 1974 2064 1983 .

1965 2030 2274 2083 Itiuminati
2300 2035 2445 2085 sunt.
2530 2032 2689 2098 (ΗΑΒ.
2742 2049 2809 2088 ex
2868 2036 3068 2109 Euch.)
3104 2040 3229 2095 Non
3283 2042 3351 2096 ad
3404 2044 3594 2101 viden-

1894 2116 2055 2185 dum,
2109 2121 2240 2185 etc.,
2283 2133 2453 2188 usque
2515 2120 2590 2173 ad
2624 2126 2682 2175 et
2726 2122 2992 2179 fraternis
3045 2128 3401 2185 orationibus
3441 2133 3593 2189 indi-

1894 2202 2050 2258 gere.

1964 2284 2126 2337 Vaas.
2161 2286 2248 2339 33.
2312 2314 2381 2324 —
2451 2286 2691 2355 Populus
2736 2298 3006 2357 peccasset
3031 2297 3258 2351 Domino
3320 2302 3593 2358 comedens

1892 2371 2073 2442 (ΗΑΒ.)
2100 2373 2361 2426 Peccasse
2386 2374 2647 2443 Domino,
2704 2382 2830 2442 etc.,
2882 2394 3051 2447 usque
3087 2383 3162 2435 ad
3212 2390 3267 2438 et
3296 2402 3426 2443 cum
3458 2406 3585 2444 san-

1892 2460 2066 2531 guine
2100 2461 2433 2515 comedisse.

1961 2559 2120 2612 Vens.
2158 2559 2242 2613 34.
2302 2588 2371 2597 —-
2444 2558 2653 2615 Occidit
2711 2578 2874 2632 super
2926 2566 3095 2633 istud,
3180 2574 3284 2625 etc.
3323 2573 3391 2627 Ut
3446 2573 3585 2629 ﬂuat

1887 2645 2116 2716 sanguis
2147 2647 2216 2700 ad
2249 2652 2479 2701 terram.
2520 2649 2611 2702 Vel
2640 2651 2885 2705 comedit
2924 2668 3054 2706 cum
3113 2656 3411 2726 sanguine,
3449 2660 3586 2730 quia

1886 2738 2018 2787 ante
2086 2733 2426 2787 sacriﬁcium
2510 2738 2897 2806 vespertinum
2984 2742 3370 2814 comederunt,
3428 2748 3581 2817 quod

1884 2826 2012 2892 post
2050 2825 2295 2891 stragem
2331 2838 2464 2875 usus
2499 2828 2621 2877 erat
2643 2825 2768 2878 ﬁeri
2820 2832 2951 2879 ante
2983 2827 3193 2883 cibum.
3264 2832 3361 2886 Vel
3382 2833 3444 2888 in
3472 2835 3581 2890 hoc

110 2904 379 2956 paraverat
428 2914 675 2968 regnum
739 2900 883 2969 ejus,
934 2899 991 2953 in
1042 2916 1157 2971 quo
1213 2907 1359 2956 esset
1402 2903 1585 2974 ﬁgura
1611 2905 1773 2976 regni
1811 2976 1845 2987 Α
1882 2914 2258 2980 peccaverunt
2291 2909 2373 2980 (ut
2419 2911 2601 2980 placet
2656 2913 3016 2985 quibusdam)
3067 2918 3221 2987 quod
3251 2920 3323 2974 ad
3372 2923 3582 2978 ostium

105 2985 291 3051 aeterni,
349 2987 506 3041 unde
564 2986 783 3042 addidit
815 3003 828 3041 :
861 2990 931 3043 Et
988 3004 1127 3042 nunc
1181 3004 1405 3056 regnum
1461 2996 1611 3045 tuum
1668 3008 1776 3046 non
1806 2976 1846 3031 (δ
1883 2976 2234 3051 tabernaculi
2266 2997 2522 3052 victimas
2556 3016 2685 3053 suas
2714 3017 2829 3055 non
2859 3002 3162 3061 duxerunt.

100 3073 240 3128 stabit
269 3076 390 3131 tibi.
428 3076 601 3130 Stetit
627 3091 762 3147 ergo
789 3081 845 3130 et
888 3077 1057 3131 stabit
1088 3079 1242 3148 quod
1301 3079 1359 3132 in
1410 3079 1507 3133 illo
1557 3080 1771 3151 signiﬁ-

102 3166 260 3215 catum
280 3169 400 3233 est;
436 3164 538 3218 sed
557 3179 673 3217 non
704 3163 836 3218 huic
865 3165 1055 3231 stabit,
1122 3165 1257 3237 quia
1312 3181 1427 3220 non
1482 3167 1669 3223 fuerat
1688 3184 1774 3223 re-

98 3254 345 3317 gnaturus
374 3252 434 3306 in
467 3257 747 3306 aeternum
778 3269 792 3319 ;
820 3268 924 3306 nec
946 3253 1252 3325 progenies
1274 3256 1396 3324 ejus
1431 3275 1446 3322 ;
1475 3261 1537 3310 ut
1565 3259 1765 3311 saltem

97 3345 469 3409 perposteros,
503 3341 645 3394 alter
692 3341 855 3395 alteri
908 3342 1294 3409 succedentes,
1350 3342 1637 3399 videretur
1668 3345 1771 3402 im-

96 3426 217 3493 pleri
234 3428 378 3498 quod
403 3430 624 3483 dictum
645 3433 728 3482 est
770 3428 827 3482 in
860 3434 1161 3483 internum.

155 3514 298 3569 Vens.
340 3517 423 3570 14.
466 3546 537 3556 -
590 3516 695 3571 Sed
740 3532 1101 3587 nequaquam.
1154 3517 1501 3587 Reprobatio
1564 3520 1763 3587 Saulis,

96 3599 277 3656 ablatio
306 3604 474 3675 regni
506 3604 853 3658 Judzeorum.
884 3605 1056 3659 David
1087 3604 1139 3659 ei
1169 3611 1474 3676 superstes,
1509 3608 1766 3663 Christus

93 3691 277 3759 populo
320 3693 654 3747 Judzeorum
723 3708 1102 3749 successurus.

151 3779 393 3842 Quaesivit
422 3780 550 3835 sibi.
589 3781 711 3834 Non
751 3781 913 3851 quasi
942 3781 1039 3834 ubi
1094 3780 1166 3836 sit
1197 3781 1471 3852 nesciens,
1533 3785 1628 3839 sed
1660 3802 1765 3856 per

94 3863 350 3923 hominem
384 3884 548 3923 more
595 3869 893 3922 hominum
952 3869 1228 3940 loquitur,
1290 3870 1426 3941 quia
1482 3876 1538 3926 et
1569 3872 1647 3927 sic
1679 3874 1761 3928 lo-

95 3957 284 4021 queudo
314 3974 419 4012 nos
451 3958 678 4029 quaerit.
706 3959 828 4012 Non
859 3959 1045 4012 solum
1097 3959 1250 4013 enim
1283 3960 1396 4013 Deo
1455 3961 1626 4029 Patri,
1661 3963 1759 4017 sed

94 4039 175 4108 ipsi
233 4062 465 4117 quoque
528 4046 851 4117 Unigenito,
905 4047 1005 4118 qui
1068 4047 1222 4101 venit
1291 4064 1547 4118 quaerere
1607 4051 1757 4121 quod

93 4130 320 4200 perierat,
350 4134 433 4187 sic
484 4134 605 4204 jam
662 4150 779 4188 non
834 4150 1059 4188 eramus
1112 4136 1273 4188 utin
1322 4136 1446 4206 ipso
1507 4154 1757 4193 essemus

92 4217 221 4274 electi
247 4226 376 4276 ante
402 4222 607 4276 mundi
657 4223 1134 4277 constitutionem.
1171 4223 1400 4287 Quaeret
1453 4241 1589 4295 ergo
1619 4226 1747 4294 sibi,

91 4304 235 4363 dixit:
308 4327 483 4365 suum
548 4311 799 4374 habebit,
864 4311 1015 4366 unde
1046 4313 1105 4365 in
1156 4312 1353 4366 Latina
1382 4312 1581 4384 lingua
1644 4316 1752 4370 hoc

89 4395 291 4453 verbum
320 4398 530 4469 accipit
561 4400 1048 4470 praepositionem,
1110 4404 1166 4453 et
1229 4399 1707 4472 acquiriﬁdicitur
1742 4424 1757 4471 ;

89 4485 213 4550 quod
253 4487 388 4541 satis
439 4493 702 4557 apertum
752 4495 855 4543 est.
939 4486 1073 4542 Sine
1122 4488 1526 4559 praepositione
1584 4491 1754 4545 etiam

89 4586 310 4640 quaerere
342 4576 689 4647 intelligitur
714 4576 1043 4649 jacquirere,
1094 4593 1159 4630 ex
1211 4594 1326 4648 quo
1367 4577 1526 4632 lucra
1549 4594 1754 4634 vocan-

85 4664 161 4712 tur
178 4669 441 4732 quaestus.

144 4750 319 4806 Virum
334 4754 508 4821 juxta
550 4768 656 4808 cor.
711 4752 884 4808 David
914 4752 1216 4824 signiﬁcat,
1273 4754 1362 4808 vel
1400 4752 1593 4824 ipsum
1633 4772 1753 4809 me-

82 4820 347 4894 diatoremi
365 4840 508 4895 Novi
529 4840 895 4908 Testamenti,
938 4820 1037 4912 qui
1058 4820 1443 4912 hgurabatur—
1460 4843 1520 4897 in
1575 4843 1752 4898 chris-

84 4927 284 4981 matein
345 4944 464 4998 quo
520 4932 723 4981 unctus
771 4932 853 4981 est
886 4928 1076 4996 David,
1138 4933 1195 4983 et
1254 4928 1558 4999 progenies
1607 4930 1747 5001 ejus.

85 5010 238 5085 litae.)
316 5016 589 5070 Diabolus
645 5032 876 5088 quoque
927 5033 1032 5087 per
1060 5032 1335 5088 paganos,
1399 5022 1539 5085 etc.,
1583 5034 1749 5089 usque

86 5097 139 5149 ad
162 5102 249 5155 sed
265 5102 518 5158 futuram
558 5104 925 5176 inquirimus.

724 5247 947 5302 CAPUT
981 5247 1116 5302 XIV.

141 5343 279 5401 Vm.
314 5352 364 5404 I.
396 5379 469 5389 —
512 5351 795 5405 Jonathas.
858 5351 1148 5406 Columba:
1209 5349 1447 5405 donum.
1502 5349 1569 5405 Ili
1619 5354 1752 5406 sunt

93 5432 165 5497 qui
188 5435 330 5491 dono
359 5437 607 5508 Spiritus
636 5439 815 5493 sancti
872 5439 1188 5511 replentur,
1249 5454 1353 5511 per
1383 5454 1527 5510 quos
1552 5437 1750 5495 Domi-

98 5529 174 5570 nus
198 5520 590 5599 hereticorum
620 5530 931 5581 conventus
958 5527 1216 5599 dissipat,
1252 5531 1422 5598 atque
1458 5525 1518 5581 in
1548 5525 1741 5597 fugam

365 5597 642 5662 PATROL.
697 5599 879 5663 CXIII

1954 3096 2024 3148 Et
2054 3093 2378 3148 occiderunt.
2408 3094 2623 3149 Occisio
2655 3097 2992 3154 animalium
3041 3106 3124 3155 est
3177 3103 3478 3176 baptisma,
3520 3109 3581 3165 in

1884 3197 2000 3253 quo
2033 3185 2191 3236 vetus
2211 3182 2382 3236 homo
2414 3184 2671 3239 moritur.
2716 3187 2923 3256 Ingens
2975 3205 3194 3260 saxum,
3227 3210 3399 3264 super
3423 3199 3579 3268 quod

1879 3269 2053 3324 ﬁebat
2081 3270 2306 3329 occisio.
2331 3270 2469 3325 ﬁdes
2524 3276 2626 3339 est,
2659 3273 2779 3327 sine
2812 3292 2926 3346 qua
2968 3294 3084 3331 non
3116 3281 3359 3335 moritur
3411 3293 3574 3342 vetus

1875 3359 2067 3413 homo.
2122 3358 2377 3413 Mactatio
2460 3359 2518 3412 in
2576 3365 2747 3428 terra,
2792 3362 3195 3422 haereticorum
3268 3370 3573 3443 baptisma.

1881 3448 2054 3518 Cujus
2083 3447 2425 3518 sanguinem
2480 3450 2811 3521 comedunt,
2865 3455 3097 3524 quando
3149 3458 3361 3530 absque
3409 3465 3575 3533 puri-

1874 3536 2136 3591 ﬁcatione
2167 3542 2531 3606 peccatorum
2558 3538 2666 3592 sibi
2695 3539 2838 3593 lotos
2896 3550 3229 3615 aggregant.
3292 3549 3421 3604 Haec
3448 3553 3571 3607 ani-

1875 3622 2045 3676 malia
2074 3624 2143 3677 de
2177 3622 2514 3678 Philisthzeis
2544 3630 2707 3695 capta
2741 3627 3064 3699 signiﬁcant
3112 3640 3209 3688 aut
3234 3636 3303 3691 de
3334 3638 3532 3695 hazreti
3555 3673 3568 3682 -

1873 3711 1951 3764 eis
1981 3711 2261 3778 reductos,
2295 3716 2392 3766 aut
2424 3712 2492 3767 de
2514 3714 2827 3783 gentilitate
2858 3734 3198 3775 conversos:
3228 3723 3356 3778 illos
3385 3726 3565 3798 impe-

1870 3800 1965 3853 riti
2014 3798 2410 3870 rebaptizant;
2471 3799 2626 3868 istos,
2685 3802 2852 3857 aliter
2918 3822 3093 3876 quam
3130 3811 3373 3867 Ecclesia
3396 3817 3569 3872 tradit

1869 3887 2179 3959 baptizant.
2224 3888 2375 3951 Quos
2431 3887 2896 3945 Christus‘velut
2960 3893 3093 3948 Saul
3149 3896 3205 3949 in
3293 3900 3405 3954 ﬁde
3464 3920 3568 3958 sua

1867 3975 2032 4047 quasi
2060 3990 2230 4044 super
2258 3990 2454 4028 saxum
2483 3975 2695 4045 grande
2725 3977 3062 4033 occidendos
3110 3982 3281 4038 boves
3327 3992 3384 4041 et
3413 4005 3563 4057 oves,

1865 4063 1926 4119 id
1956 4068 2039 4117 est
2060 4061 2470 4116 indiﬁ'erentias
2500 4062 2799 4118 hominum
2831 4065 3109 4137 baptizari
3127 4074 3420 4144 praecepit.

1938 4161 2098 4213 Vens.
2134 4161 2217 4213 35.
2268 4188 2337 4197 -
2392 4160 2535 4213 Tunc
2585 4162 2824 4228 primum
2874 4166 3030 4233 coepit
3074 4166 3342 4236 aediﬁcare
3384 4174 3558 4230 altare

1866 4251 2104 4317 Domino,
2164 4252 2268 4301 etc.
2345 4246 2489 4311 Quia
2544 4248 2878 4304 obedienter
2935 4257 2991 4307 et
3047 4260 3217 4311 recte.
3291 4258 3563 4331 Superius

1869 4354 2001 4390 vero
2056 4353 2187 4391 cum
2242 4336 2563 4405 increpatus
2612 4341 2695 4391 est
2751 4354 2785 4391 a
2841 4339 3122 4411 Samuele,
3181 4360 3293 4400 non
3357 4349 3564 4405 dicitur

1866 4425 2173 4479 mdiﬁcasse
2208 4423 2468 4490 Domino,
2501 4424 2634 4495 quia
2663 4426 3064 4484 inobedienter
3109 4433 3428 4492 aediﬁcavit.

1936 4523 2096 4577 Vens.
2130 4524 2216 4575 38.
2249 4551 2319 4561 —
2351 4522 2633 4590 Applicate
2659 4524 2760 4578 huc
2790 4527 3066 4582 universos
3093 4533 3319 4596 angulos
3344 4537 3556 4605 populi.

1863 4612 2113 4681 Angulos
2140 4610 2337 4680 populi
2401 4610 2685 4681 principes
2745 4619 2924 4680 vocat,
2992 4617 3201 4687 quibus
3259 4620 3393 4677 hinc
3422 4624 3557 4680 inde

1860 4698 2060 4769 populi
2090 4703 2363 4768 tauquam
2394 4698 2611 4768 angelis
2646 4701 2893 4769 parietes
2921 4704 3311 4765 adhmrebant.

1934 4795 2204 4849 Vaas.4~’i.
2236 4795 2447 4849 -Ηωο
2485 4797 2677 4861 faciat.
2718 4798 3111 4855 Juramentum
3166 4804 3554 4879 Hebraeorum,

1860 4884 2013 4955 quod
2069 4899 2175 4953 per
2231 4882 2581 4937 contrarium
2640 4882 2996 4955 intelligitur,
3058 4891 3221 4958 quasi
3295 4894 3553 4954 diceret;

1860 4973 2067 5027 Malum
2100 4971 2257 5042 quod
2286 4970 2386 5024 tibi
2416 4971 2677 5038 debetur,
2714 4974 2856 5027 mihi
2895 4974 3232 5047 imputetur,
3282 4982 3329 5035 si
3359 4989 3413 5038 te
3439 5002 3554 5041 non

1858 5058 2217 5113 interfecero.

1929 5154 2093 5208 Vens.
2123 5154 2212 5207 45.
2241 5181 2308 5192 -
2340 5152 2444 5218 Qui
2473 5153 2622 5218 fecit.
2684 5152 2920 5207 Multum
2978 5165 3223 5225 prosunt
3271 5166 3555 5222 transacta

1856 5241 2028 5298 bona.
2060 5240 2178 5295 Nisi
2206 5241 2362 5295 enim
2399 5240 2682 5294 Jonathan
2715 5242 3005 5311 praeterita
3045 5244 3197 5301 bona
3243 5250 3545 5324 juvissent,

1857 5329 2223 5385 imminentia
2284 5329 2576 5387 malanon
2632 5329 2918 5385 evasisset.
2952 5333 3075 5388 Non
3104 5337 3257 5393 enim
3302 5340 3552 5413 injustus

1857 5419 2008 5474 Deus
2036 5422 2102 5473 ut
2124 5416 2486 5472 obliviscatur
2510 5415 2815 5472 bonorum.

2940 5604 3019 5662 18
