4062 6180
418 283 520 334 555

1127 399 1349 454 CAPUT
1378 399 1486 452 XV.

490 493 651 546 Vens.
690 494 737 545 t.
767 519 830 530 -—
863 491 933 545 Et
957 489 1123 554 dixit,
1157 493 1261 541 etc.
1320 489 1530 553 Bovem,
1563 490 1666 539 etc.
1703 485 1882 555 (ΗΑΒ.
1931 487 1990 538 in
2011 485 2106 539 lib.

413 585 566 649 Reg.,
609 586 746 636 tom.
779 580 872 649 ΙΙ.)
903 579 1036 632 Ideo
1061 577 1226 647 jubet
1254 575 1527 628 Dominus
1556 573 1818 627 demoliri
1849 574 2110 643 jumenta

415 669 660 730 Amalec,
711 669 842 731 etc.,
898 680 1067 733 usque
1122 662 1196 716 ad
1230 660 1735 716 subsannationem
1777 660 1874 714 Dei
1897 660 1957 714 in
1995 675 2107 714 cm-

413 755 532 809 lum
563 755 942 825 projecerunt.

483 844 644 896 VERS.
678 844 728 896 6.
753 872 818 881 —
853 839 1164 894 DimitSaui
1193 839 1390 894 Cinaeo.
1421 837 1548 909 (In)
1589 837 1815 892 Cinaaus
1870 837 1992 908 ipse
2022 843 2108 893 est

409 930 603 984 Jethro
632 935 908 1000 cognatus
942 926 1099 992 Mosi,
1142 931 1271 995 etc.,
1328 941 1497 994 usque
1550 926 1625 980 ad
1679 926 2110 982 multitudinem

413 1018 636 1088 popuﬁ.

479 1106 637 1160 Vens.
708 1107 790 1158 lt.
853 1134 918 1142 —
971 1101 1189 1158 Pamitet
1238 1118 1339 1158 me.
1393 1101 1583 1170 (Gneo.
1647 1105 1706 1157 in
1781 1105 1881 1156 lib.
1948 1104 2106 1172 Reg.)

411 1194 523 1247 Hac
547 1191 938 1263 increpatione
985 1190 1250 1261 superbia
1302 1189 1454 1259 regis
1499 1191 1786 1260 abjicitur,
1839 1196 1972 1258 etc.,
2012 1207 2110 1246 us-

411 1299 512 1352 que
541 1281 615 1335 ad
638 1285 702 1335 ut
730 1281 797 1334 ad
820 1279 1038 1350 majora
1059 1282 1114 1333 et
1166 1295 1393 1350 semper
1440 1295 1506 1333 ex
1554 1279 1879 1334 humilitate
1911 1297 2112 1334 ascen-

417 1371 640 1426 damus.

482 1460 642 1512 Vens.
679 1461 762 1512 l7.
817 1485 885 1496 —-
949 1457 1134 1511 Nonne
1184 1470 1320 1509 cum.
1385 1456 1594 1523 (Casa,
1656 1456 1754 1510 lib.
1788 1473 1950 1510 xxxrv
1999 1459 2110 1517 Mo-

409 1549 540 1615 ral.,
599 1551 655 1600 et
708 1545 855 1615 apud
919 1543 1112 1612 Euch.)
1173 1544 1446 1597 Parvulus
1491 1548 1575 1596 est
1627 1543 1686 1596 in
1742 1545 1922 1598 oculis
1973 1545 2110 1612 suis,

409 1641 549 1702 etc.,
579 1651 745 1704 usque
798 1632 871 1685 ad
925 1632 1119 1685 unde:
1164 1635 1356 1686 Ducem
1411 1637 1458 1685 te
1535 1635 1949 1698 constituerunt,
1999 1635 2113 1688 noli

409 1726 616 1788 extolli,
648 1723 742 1777 sed
769 1727 876 1776 esto
907 1723 1067 1788 quasi
1095 1736 1233 1773 unus
1259 1736 1326 1774 ea:
1355 1722 1484 1775 illis.

482 1815 638 1866 Vens.
698 1815 786 1865 22.
832 1839 901 1852 --
945 1810 1133 1862 Melior
1163 1813 1257 1875 est,
1313 1815 1418 1862 etc.
1454 1809 1613 1876 (Ras.
1674 1811 1732 1862 in
1796 1809 1890 1864 lib.
1953 1812 2111 1879 Reg.)

412 1899 555 1964 Quia
574 1915 678 1968 per
702 1897 955 1954 victimas
1003 1896 1190 1947 aliena
1242 1910 1391 1959 caro,
1454 1901 1584 1961 etc.,
1619 1910 1786 1964 usque
1833 1895 1907 1949 ad
1964 1897 2114 1950 Pau—

411 1990 499 2042 lus
540 1991 732 2040 autem
770 1985 1036 2039 audacter
1091 1982 1270 2036 dicit:
1331 1987 1444 2052 Ego
1500 2000 1606 2038 non
1661 1987 1835 2039 solum
1864 1987 2030 2053 ligari
2056 1989 2116 2040 in

409 2077 724 2140 Jerusalem,
781 2074 875 2128 sed
932 2074 1093 2126 etiam
1149 2073 1290 2125 mori
1358 2078 1586 2140 paratus
1640 2088 1760 2128 sum
1807 2074 2112 2146 (Act.xx1).

478 2166 640 2217 Vens.
673 2165 761 2217 26.
797 2193 868 2202 —
903 2163 1022 2218 Non
1071 2165 1332 2214 revertar.
1396 2161 1524 2231 (10.)
1573 2161 1699 2215 Alia
1757 2161 1951 2229 editio,
1979 2167 2116 2234 etc.,

409 2268 577 2321 usque
596 2251 669 2305 ad
691 2251 781 2304 hic
812 2251 1065 2304 minatur
1087 2251 1142 2300 et
1176 2263 1289 2300 non
1321 2253 1634 2318 permanet.

484 2342 640 2394 Vens.
676 2343 763 2393 27.
796 2369 865 2378 —-
897 2339 989 2392 Ille
1017 2338 1213 2390 autem.
1253 2336 1408 2390 Sicut
1458 2337 1517 2390 in
1569 2337 1832 2406 passione
1890 2333 2118 2391 Domini

417 2428 667 2501 pontifex
697 2427 1099 2481 vestimentum
1138 2426 1320 2492 scidit,
1363 2425 1440 2490 ita
1473 2430 1529 2478 et
1582 2424 1713 2479 Saul
1742 2431 1952 2480 vestem
1985 2441 2116 2497 pro-

413 2519 622 2590 pheta.
698 2519 803 2570 Per
858 2522 1162 2587 utramque
1227 2514 1380 2568 enim
1449 2518 1804 2583 potestatem,
1867 2515 2116 2584 regalem

413 2607 627 2661 scilicet
657 2610 714 2658 et
771 2605 1198 2670 sacerdotalem,
1260 2602 1450 2656 scissio
1499 2602 1646 2655 facta
1703 2606 1979 2655 monstrat
2020 2617 2117 2654 re—

413 2710 592 2765 gnum
634 2693 962 2748 Judaaorum
1018 2697 1070 2746 et
1125 2690 1508 2745 sacerdotium
1568 2695 1715 2743 stare
1774 2706 1885 2743 non
1930 2704 2116 2759 posse,

409 2783 544 2854 quia
573 2797 772 2835 verum
808 2796 1002 2858 regem
1032 2785 1090 2834 et
1128 2779 1499 2844 sacerdotem,
1551 2776 1608 2832 id
1661 2781 1743 2831 est
1795 2777 2106 2843 Christum,

411 2871 714 2924 noluerant
742 2869 1018 2938 recipere.

1043 274 1440 330 WALAFRIDI
1479 273 1726 330 STRABI
1766 272 1963 327 FULD.
2006 241 2167 326 MDN.
2207 270 2360 327 OPP.
2401 268 2598 326 PARS.
2637 269 2680 324 Ι.
2723 298 2792 308 -
2829 266 3292 324 THEOLOGICA.

3799 266 3894 318 556

2131 401 2177 452 A
2215 396 2500 464 Diabolus,
2541 396 2673 450 licet
2722 393 3090 448 afflictionem
3139 392 3427 463 justorum
3484 407 3710 462 semper
3738 407 3898 463 appe-

2220 490 2318 550 tat,
2362 490 2491 553 etc.,
2513 500 2683 554 usque
2709 484 2783 538 ad
2815 488 3061 554 potestas
3115 481 3227 536 nisi
3259 499 3290 536 a
3320 483 3436 536 Deo
3461 496 3579 535 non
3603 485 3707 534 est.

2290 575 2454 628 Vens.
2491 576 2569 628 l6.
2613 603 2674 612 -—
2702 574 2962 630 Scientem
2988 573 3238 640 psallere,
3273 575 3376 624 etc.
3413 571 3572 639 (Ras.
3623 585 3689 622 ex
3717 568 3899 637 Euch.)

2220 661 2354 714 Erat
2386 661 2554 716 David
2583 661 2817 715 canticis
2858 660 3088 713 musicae
3149 658 3426 724 eruditus,
3488 663 3616 724 etc.,
3648 672 3812 725 usque
3837 655 3902 710 ad

2219 748 2384 818 quasi
2404 748 2706 802 dulcedine
2762 748 2993 802 citharas
3051 746 3349 800 locutionis
3399 750 3611 800 nostrae
3637 743 3902 814 tranquil-

2219 837 2376 890 litate
2408 839 2726 890 revocetur.

2343 925 2503 980 Vens.
2587 927 2677 978 23.
2736 953 2806 962 —
2859 921 3285 990 Refocillabatur
3337 921 3490 976 Saul.
3551 921 3696 975 Ante
3765 919 3905 974 enim

2220 1013 2527 1068 vexabatur
2553 1029 2583 1064 a
2612 1011 2901 1065 daemonio
2951 1025 3133 1082 usque
3191 1011 3260 1064 ad
3319 1008 3774 1062 suffocationem.
3802 1011 3904 1062 Re-

2221 1101 2330 1156 fert
2398 1099 2627 1154 Boetius
2673 1099 3084 1169 philosophum
3124 1097 3432 1168 quemdam
3477 1101 3625 1152 tactu
3686 1097 3904 1152 cithara:

2223 1189 2574 1245 daemonium
2596 1188 2666 1242 ab
2696 1188 2925 1242 obsesso
2955 1203 3192 1258 corpore
3224 1185 3532 1258 pepulisse.

2853 1331 3078 1385 CAPUT
3142 1329 3304 1384 XVII.

2293 1459 2456 1511 Vens.
2486 1461 2534 1511 Ι.
2561 1487 2628 1496 -—
2660 1457 3072 1523 Congregantes.
3106 1455 3263 1524 (ΗΑΒ.
3322 1455 3382 1508 in
3411 1454 3504 1508 lib.
3533 1452 3695 1525 Reg.)
3723 1454 3904 1508 Azeca.

2226 1546 2430 1601 Civitas
2459 1549 2543 1598 est
2558 1543 3086 1599 Chananazorumin
3117 1541 3504 1597 tribuludaad
3537 1557 3710 1612 quam
3745 1558 3908 1612 usque

2223 1637 2552 1704 persecutus
2611 1637 2694 1685 est
2731 1633 2899 1686 Josue
2955 1631 3208 1702 quinque
3266 1646 3450 1700 reges,
3502 1634 3558 1684 et
3589 1630 3758 1684 hodie
3790 1632 3910 1684 villa

2225 1727 2454 1776 vocatur
2484 1723 2662 1774 Azeca
2695 1720 2843 1773 inter
2892 1718 3373 1789 Eleutheropolim
3427 1722 3484 1772 et
3523 1718 3763 1785 Heliam,
3794 1736 3909 1790 quae

2221 1811 2631 1880 interpretatur
2658 1808 2930 1876 fortitudo
2954 1813 3007 1862 et
3058 1807 3328 1876 decipula.

2297 1900 2582 1952 Dommim.
2616 1897 2780 1950 Vicus
2813 1901 2899 1949 est
2936 1896 2995 1948 in
3044 1895 3197 1948 tribu
3225 1895 3370 1948 Juda
3414 1893 3475 1947 in
3515 1893 3728 1948 ﬁnibus
3763 1896 3913 1948 Eleu-

2223 1986 2556 2056 theropolis,
2587 1986 2800 2040 distans
2829 1985 2897 2038 ab
2929 2001 2990 2038 ea
3045 1989 3260 2056 septem
3319 1987 3375 2037 et
3417 1983 3620 2055 viginti
3667 1984 3911 2037 milliari-

2223 2076 2331 2130 bus
2365 2074 2651 2129 Dommim
2720 2073 3131 2141 interpretatur
3189 2073 3458 2126 silentium
3507 2072 3594 2125 vel
3640 2073 3915 2140 gaudium.

2294 2163 2456 2217 Vaas.
2491 2166 2542 2215 2.
2584 2160 2653 2202 '—
2710 2162 3038 2214 Terebinthi.
3082 2160 3460 2215 Terebinthus
3513 2165 3600 2214 est
3651 2161 3713 2214 in
3744 2161 3915 2216 Sichi-

2224 2251 2347 2312 mis,
2381 2251 2485 2304 sub
2514 2266 2629 2321 qua
2659 2247 2953 2303 abscondit
2980 2249 3150 2302 Jacob
3193 2249 3344 2302 idola
3376 2249 3536 2317 juxta
3599 2250 3910 2321 Neapolim.

2297 2341 2455 2392 Vens.
2484 2339 2536 2392 4.
2568 2368 2636 2378 -
2668 2339 2921 2407 Spurius.
2945 2337 3087 2401 Quia
3114 2336 3355 2408 ignobili
3375 2341 3558 2406 patre,
3583 2343 3767 2392 matre
3793 2353 3914 2392 vero

2225 2428 2408 2483 nobili
2439 2432 2606 2480 natus
2623 2431 2763 2480 erat.

2298 2517 2456 2569 Vens.
2512 2518 2595 2570 12.
2647 2545 2716 2554 -
2764 2515 2888 2570 Octo
2942 2516 3103 2584 ﬁlios.
3142 2516 3426 2586 (Ηιειιοδιη
3485 2518 3674 2583 quaest.
3739 2514 3914 2579 Hebr.,

2225 2610 2362 2659 tom.
2398 2604 2513 2672 ΙΙΙ.)
2543 2604 2610 2658 lu
2660 2603 3141 2673 Paralipomenon
3194 2608 3416 2658 tantum
3473 2607 3688 2672 septem
3724 2601 3920 2655 dicun-

2229 2696 2345 2761 tur,
2378 2699 2508 2760 etc.,
2536 2709 2706 2761 usque
2734 2693 2810 2747 ad
2861 2693 3084 2747 Nathan
3140 2690 3372 2764 quoque
3427 2691 3769 2763 prophetam
3797 2690 3926 2745 dicit

2228 2782 2481 2837 Isidorus
2515 2783 2584 2836 de
2604 2781 2930 2836 Gabaonitis
2958 2782 3156 2838 fuisse.

2298 2872 2456 2924 Vens.
2485 2870 2562 2923 14,
2590 2900 2659 2910 -
2689 2870 2882 2924 David.
2918 2871 2984 2924 Et
3037 2876 3264 2924 octavus
3319 2869 3420 2940 qui
3449 2869 3508 2923 in
3551 2884 3730 2938 regno
3766 2866 3924 2936 eligi-

484 2959 641 3029 (ΗΑΒ.
679 2974 745 3011 ex
799 2956 966 3028 Aug.)
993 2957 1100 3010 Iste
1149 2956 1238 3009 cui
1272 2955 1430 3022 dixit,
1495 2959 1580 3008 etc
1611 2996 1626 3015 .
1671 2969 1840 3023 usque
1890 2953 1965 3008 ad
2008 2969 2121 3007 non
2157 2980 2198 3036 ο
2235 2965 2345 3022 tnr,
2383 2959 2475 3012 hic
2504 2962 2586 3012 est
2616 2959 2892 3023 Christus,
2930 2959 3028 3028 qui
3082 2961 3423 3027 semetipsum
3459 2959 3789 3020 exinanivit,
3820 2958 3928 3022 for—

414 3048 732 3102 secundum
762 3046 999 3100 humani
1033 3044 1258 3116 generis
1289 3059 1464 3099 unam
1519 3043 1894 3114 eamdemque
1946 3047 2118 3096 natu-

419 3150 564 3188 ram.

490 3225 652 3277 Vens.
712 3224 798 3276 28.
843 3251 911 3261 --
959 3219 1148 3276 Scidit.
1208 3217 1476 3284 Quamvis
1539 3220 1734 3287 postea
1797 3215 2120 3286 regnaverit

422 3309 797 3383 quadraginta
820 3307 1000 3371 annis,
1037 3306 1132 3360 sed
1165 3311 1299 3360 tunc
1378 3303 1700 3375 promeruit
1752 3309 1816 3358 ut
1865 3322 1895 3357 a
1945 3304 2119 3374 stirpe

423 3415 525 3452 sua
554 3395 926 3456 scinderetur,
963 3397 1018 3446 et
1050 3391 1375 3446 traderetur
1401 3389 1645 3454 meliori,
1703 3388 1761 3443 id
1792 3394 1898 3458 est,
1922 3389 2117 3456 David,

424 3492 480 3540 et
507 3502 540 3539 a
566 3484 721 3548 Saul,
755 3481 809 3536 id
843 3487 943 3542 est,
988 3480 1200 3534 Judzris
1255 3479 1512 3533 aufertur
1562 3494 1825 3548 regnum,
1856 3482 1913 3532 et
1940 3477 2121 3531 tradi—

424 3581 518 3629 tur
563 3571 805 3626 Christo.
870 3568 1114 3639 Corrigit
1159 3583 1352 3636 regem
1399 3565 1468 3619 de
1525 3565 1935 3630 inobedientia,
1987 3565 2123 3637 quia

426 3660 760 3716 mandatum
788 3657 1016 3712 Domini
1048 3672 1163 3710 non
1194 3654 1470 3726 implevit,
1517 3659 1575 3709 et
1625 3654 1888 3723 praedicit
1943 3653 2121 3708 amis—

425 3750 641 3804 sionem
674 3747 856 3818 regni.
900 3745 1094 3800 Merito
1120 3749 1311 3798 autem
1343 3758 1585 3813 regnum
1643 3743 1851 3812 perdit,
1909 3743 2006 3815 qui
2044 3747 2124 3798 te—

426 3853 562 3892 nere
625 3835 821 3889 nescit.
882 3834 981 3887 Ille
1039 3837 1230 3886 autem
1286 3832 1433 3885 bene
1478 3830 1646 3901 regit,
1698 3830 1795 3900 qui
1865 3829 2124 3901 superior

428 3924 622 3981 obedit
652 3928 709 3978 et
764 3921 1132 3976 inferioribus
1169 3919 1566 3974 auctoritatem
1615 3936 1774 3973 suam
1805 3919 2118 3989 anteponit.

496 4015 657 4068 Vens.
691 4014 778 4067 33.
807 4042 871 4050 —
911 4013 970 4065 Et
996 4012 1053 4063 in
1108 4011 1311 4076 frusta.
1345 4008 1486 4063 Cum
1546 4009 1744 4078 legunt
1797 4007 2027 4079 quidam
2064 4007 2124 4061 in

427 4099 752 4170 Scripturis,
784 4098 936 4170 quod
962 4096 1139 4151 sancti
1165 4097 1311 4150 nulli
1338 4095 1589 4150 hostium
1648 4100 1902 4166 parcant,
1929 4097 2124 4149 dicunt

430 4206 527 4244 eos
557 4187 832 4253 crudeles,
864 4202 968 4240 nec
997 4185 1329 4255 intelligunt
1359 4185 1418 4238 in
1450 4184 1538 4238 his
1569 4185 1752 4238 verbis
1783 4183 2123 4238 obumbrata

430 4276 739 4347 mysteria:
802 4279 866 4328 ut
937 4279 1277 4344 pugnantes,
1351 4273 1579 4339 scilicet,
1673 4273 1940 4327 adversus
1989 4272 2124 4325 vitia

430 4367 654 4420 nullum
682 4363 908 4434 penitus
940 4363 1359 4431 relinquamus.
1401 4359 1462 4415 Si
1521 4359 1673 4414 enim
1704 4360 2129 4431 pepercerimus

431 4453 790 4525 reputabitur
817 4449 1061 4505 nobisin
1094 4450 1342 4519 culpam,
1377 4449 1522 4502 sicut
1565 4448 1740 4515 Sauli,
1802 4449 1902 4519 qui
1932 4464 2128 4518 regem

431 4543 660 4598 Amalec
693 4541 880 4594 vivum
915 4538 1234 4592 reservavit.
1268 4537 1457 4592 Sancti
1481 4553 1635 4602 vero,
1675 4535 1823 4590 sicut
1877 4536 2126 4605 Samuel,

431 4632 656 4686 nullum
685 4633 979 4700 peccatum
1009 4627 1306 4682 dimittunt
1338 4624 1711 4694 impunitum.

1106 4714 1326 4768 CAPUT
1344 4713 1481 4769 XVI.

504 4810 666 4863 Vens.
699 4812 760 4863 7.
813 4837 882 4846 —
929 4807 1006 4861 Ne
1075 4804 1356 4872 respicias.
1415 4800 1780 4872 Reprobatis'
1821 4800 2132 4871 majoribus

434 4897 566 4952 ﬁliis
593 4895 700 4950 Isai
725 4893 1000 4949 minimus
1023 4892 1092 4945 ad
1150 4905 1392 4960 regnum
1443 4888 1696 4959 eligitur,
1756 4890 1895 4960 quia
1941 4893 2130 4959 spreto

434 4985 666 5041 Iudaico
695 4982 1028 5048 sacerdotio,
1098 4986 1155 5034 et
1187 4995 1362 5049 regno
1424 4978 1632 5050 prioris
1670 4978 1893 5048 populi,
1961 4977 2129 5033 Chri-

438 5078 558 5128 stus
597 5077 770 5142 caput
823 5069 1060 5125 minoris
1114 5066 1334 5138 populi,
1369 5083 1467 5121 rex
1510 5071 1566 5121 et
1629 5066 1892 5121 sacerdos
1951 5065 2129 5120 factus

441 5165 542 5217 est.

510 5249 672 5302 Vens.
701 5251 785 5302 Η.
841 5276 910 5288 -
954 5244 1235 5301 Parvulas.
1295 5244 1376 5298 De
1427 5241 1616 5296 ofﬁcio
1643 5257 1917 5312 pecorum
1949 5241 2129 5298 factus

440 5340 525 5390 est
553 5335 727 5389 David
772 5349 871 5388 rex
935 5333 1286 5388 hominum:
1337 5330 1593 5386 Christus
1643 5335 1837 5384 autem
1886 5329 1956 5384 ab
1994 5330 2129 5383 ovili

437 5423 686 5481 Iudaica;
733 5421 914 5494 plebis
967 5421 1039 5476 ad
1082 5435 1322 5491 regnum
1383 5419 1640 5491 gentium
1716 5418 2023 5472 translatus
2046 5421 2132 5472 est

443 5513 661 5585 (6386.,
716 5511 860 5566 lib.i
903 5511 1123 5577 Moral.,
1167 5523 1292 5578 cap.
1351 5509 1413 5575 6;
1469 5505 1570 5562 lib.
1619 5521 1771 5568 xvui,
1861 5521 1986 5577 cap.
2046 5507 2126 5577 6.)

2225 3064 2370 3104 mam
2400 3048 2546 3102 servi
2566 3049 2833 3115 accipiens
2862 3047 3087 3116 (Philip.
3134 3047 3218 3117 ιι),
3254 3045 3390 3117 quia
3440 3051 3497 3098 et
3533 3060 3636 3115 per
3689 3043 3926 3114 gloriam

2227 3134 2658 3190 resurrectionis
2690 3149 2930 3204 regnum
2960 3134 3018 3187 in
3049 3134 3313 3203 gentibus
3363 3133 3601 3202 adeptus
3651 3138 3759 3186 est.

2297 3225 2457 3279 Vens.
2477 3226 2563 3276 2t.
2601 3253 2669 3261 ——
2700 3223 2996 3276 Diremerat
3039 3224 3180 3276 enim
3233 3224 3399 3275 aciem
3428 3221 3627 3288 Israel,
3687 3220 3784 3275 sed
3813 3221 3928 3275 Phi-

2229 3314 2477 3367 listhiim.
2503 3313 2702 3382 Pugna
2733 3309 3201 3364 Philisthinorum
3237 3315 3432 3364 contra
3491 3309 3687 3377 Israel,
3739 3325 3928 3380 pugna

2231 3401 2561 3455 dmmonum
2599 3405 2797 3453 contra
2853 3399 3152 3452 Ecclesiam
3214 3398 3392 3469 accipi
3442 3404 3650 3468 potest.
3711 3397 3926 3452 Goliath

2228 3505 2360 3542 vero
2388 3488 2712 3558 superbiam
2745 3487 2957 3541 diaboli
2982 3487 3267 3558 signiﬁcat
3299 3503 3312 3540 :
3337 3503 3508 3557 quam
3531 3487 3728 3552 David,
3763 3486 3820 3540 id
3849 3490 3929 3539 est

2231 3576 2508 3645 Christus,
2538 3576 2814 3646 singulari
2841 3576 3151 3630 certamine
3180 3576 3485 3646 prostravit
3539 3579 3596 3628 et
3651 3575 3925 3645 populum

2232 3665 2332 3719 Dei
2357 3665 2583 3735 eripuit,
2616 3665 2722 3728 Qui
2754 3665 2980 3719 leonem
3013 3669 3069 3719 et
3113 3678 3313 3718 ursum
3370 3664 3609 3732 necavit,
3637 3664 3926 3718 diabolum

2232 3753 2446 3808 scilicet
2471 3757 2528 3807 et
2557 3753 2994 3821 Antichristum,
3043 3754 3290 3806 alterum
3327 3769 3476 3806 nunc
3531 3751 3929 3806 latenterinsi-

2232 3841 2508 3906 diantem,
2543 3841 2783 3894 alterum
2816 3845 3011 3910 postea
3043 3841 3343 3895 manifeste
3383 3840 3738 3894 saevientem.
3795 3842 3929 3894 Pro-

2232 3929 2452 3984 vocavit
2502 3929 2772 3997 superbia
2838 3927 3247 3996 humilitatem,
3305 3927 3565 3982 diabolus
3615 3928 3925 3983 Christum.

2231 4018 2461 4089 Accepit
2488 4033 2648 4071 arma
2697 4017 2901 4072 bellica
2933 4017 3108 4072 David
3147 4032 3276 4088 quae
3305 4033 3410 4088 pro
3459 4022 3626 4071 aetate
3678 4023 3738 4072 et
3767 4032 3932 4089 parva

2233 4109 2446 4158 statura
2464 4108 2687 4173 portare
2727 4119 2840 4156 non
2889 4103 3097 4174 potuit,
3129 4109 3184 4158 et
3235 4104 3461 4174 abjecit.
3517 4106 3754 4175 Accepit
3774 4105 3934 4176 quin-

2233 4209 2344 4263 que
2402 4191 2620 4261 lapides
2642 4192 2710 4245 de
2749 4190 2987 4245 ﬂumine
3020 4196 3076 4244 et
3102 4191 3293 4262 posuit
3315 4193 3375 4245 in
3428 4208 3557 4246 vase
3605 4192 3886 4262 pastorali
3916 4208 3928 4244 :

2236 4281 2326 4334 his
2355 4285 2607 4334 armatus
2650 4279 2804 4333 vicit.
2827 4279 2919 4334 Sic
2974 4279 3226 4334 Christus
3272 4285 3526 4351 tempore
3575 4281 3934 4336 revelationis

2241 4366 2381 4420 Novi
2405 4367 2750 4420 Testameuti
2798 4366 3158 4421 insinuanda:
3209 4379 3266 4422 et
3314 4370 3790 4425 commendandae
3816 4385 3935 4440 gra-

2236 4453 2350 4521 tiae,
2381 4453 2646 4524 deposuit
2673 4455 2992 4524 corporalia
3014 4461 3366 4510 sacramenta
3423 4457 3584 4527 legis,
3653 4475 3788 4530 quae
3822 4473 3934 4512 non

2237 4545 2370 4594 sunt
2401 4540 2667 4610 imposita
2695 4541 2981 4610 gentibus,
3015 4559 3144 4614 qua:
3196 4543 3252 4598 in
3286 4547 3456 4598 veteri
3522 4547 3652 4614 lege
3687 4548 3935 4618 legimus

2237 4631 2294 4682 et
2322 4644 2436 4682 non
2480 4628 2862 4695 observamus,
2913 4630 3011 4683 sed
3059 4631 3126 4684 ad
3172 4630 3424 4702 aliquam
3456 4633 3936 4704 signiﬁcationem

2236 4716 2534 4786 praemissa
2564 4721 2620 4770 et
2649 4717 2834 4788 posita
2861 4717 3237 4790 intelligimus
3269 4738 3283 4774 :
3340 4721 3462 4776 haec
3502 4723 3771 4792 deposuit
3809 4729 3936 4777 tan-

2237 4819 2411 4874 quam
2439 4820 2610 4858 onera
2631 4804 2791 4876 legis,
2826 4810 2884 4859 et
2911 4806 3114 4876 .msam
3143 4807 3328 4878 legem
3373 4809 3609 4879 accepit.
3674 4809 3938 4880 Quinque

2238 4890 2392 4943 enim
2423 4890 2660 4961 lapides,
2693 4892 2948 4964 quinque
3001 4893 3175 4948 libros
3202 4894 3339 4949 Mosi
3387 4895 3733 4966 signiﬁcant.
3794 4895 3941 4950 Tulit

2238 4981 2495 5050 quinque
2524 4979 2741 5050 lapides
2807 4981 2876 5034 de
2932 4981 3191 5049 ﬂumine,
3224 4983 3285 5038 id
3323 4989 3408 5038 est
3435 4985 3504 5038 de
3555 4984 3661 5039 hoc
3711 4985 3935 5039 seculo.

2240 5066 2472 5121 Labitur
2501 5068 2654 5122 enim
2686 5069 2926 5122 mortale
2989 5071 3281 5125 sarculum.
3328 5071 3505 5126 Erant
3568 5078 3850 5143 tanquam
3883 5073 3937 5125 in

2238 5155 2474 5209 ﬂumine
2495 5155 2713 5226 lapides
2762 5156 2824 5210 in
2878 5157 3066 5227 primo
3117 5159 3357 5228 populo.
3411 5160 3535 5214 Illic
3563 5161 3862 5223 vacabant,
3887 5164 3940 5212 et

2236 5242 2379 5296 nihil
2401 5243 2727 5313 proderant.
2759 5245 3056 5300 Transibat
3108 5263 3281 5317 supra
3322 5247 3547 5301 ﬂuvius.
3602 5248 3712 5303 Sed
3769 5246 3940 5302 David

2237 5331 2456 5401 accepit
2484 5331 2750 5402 gratiam,
2785 5337 2848 5387 ut
2889 5334 2981 5388 lex
3034 5340 3180 5390 esset
3228 5334 3387 5390 utilis
3438 5352 3566 5406 quae
3599 5336 3724 5390 sine
3759 5334 3941 5406 gratia

2235 5418 2466 5490 impleri
2487 5436 2605 5476 non
2628 5424 2834 5490 potest.
2877 5422 3161 5478 Plenitudo
3210 5424 3366 5478 enim
3407 5425 3541 5491 legis
3585 5424 3834 5479 charitas
3863 5425 3941 5477 est

2236 5509 2406 5578 (Rom.
2463 5510 2609 5579 XIII).
2643 5509 2787 5583 Quia
2843 5525 2980 5582 ergo
3034 5513 3218 5583 legem
3278 5512 3462 5584 gratia
3488 5512 3626 5568 facit
3676 5510 3936 5583 impleri,
