4062 6180
166 266 257 315 557

161 467 503 537 gratuitum;
545 466 641 520 ubi
671 470 1018 541 vero_mater
1045 482 1159 519 non
1196 466 1403 537 quaerit
1431 466 1704 536 accipere,
1752 469 1850 523 sed

161 555 310 615 dare.
338 555 513 625 gratis
543 555 657 620 dat,
688 558 745 607 et
770 554 1167 607 constristatur
1204 555 1251 607 si
1283 554 1428 608 desit
1458 555 1556 625 qui
1589 555 1847 626 accipiat.

163 644 423 698 Ostendit
455 642 627 697 David
660 644 847 712 legem
887 642 1009 695 sine
1040 643 1222 713 gratia
1252 643 1475 713 operari
1508 658 1625 696 non
1653 660 1849 713 posse;

162 747 284 785 cum
318 731 449 785 illos
470 731 725 802 quinque
758 730 997 800 lapides,
1030 731 1238 801 quibus
1268 730 1627 801 signiﬁcatur
1655 733 1741 786 lex
1791 732 1851 786 in

162 820 414 891 quinque
444 820 625 883 libris,
679 819 1024 890 conjungere
1075 819 1275 874 volens
1308 819 1528 890 gratiae,
1578 820 1769 890 posuit
1794 821 1853 875 in

162 925 284 963 vase
318 908 613 980 pastorali,
643 924 757 979 quo
784 908 868 961 lac
915 908 1132 962 solebat
1174 908 1441 978 mulgeri.
1474 908 1570 962 His
1600 913 1853 962 armatus

160 996 438 1067 processit
468 1000 664 1049 contra
694 996 1023 1066 superbum.
1056 996 1210 1050 Tulit
1241 995 1492 1066 lapidem
1538 1012 1740 1061 unum,
1800 1000 1853 1050 et

160 1086 363 1156 dejecit
390 1100 591 1148 unum,
621 1084 679 1137 in
704 1085 891 1138 fronte
919 1085 1202 1153 percussit
1229 1089 1284 1138 et
1306 1084 1508 1138 cecidit
1537 1101 1601 1138 ex
1630 1102 1696 1139 eo
1729 1086 1851 1138 loco

159 1174 408 1244 corporis
455 1173 550 1227 ubi
609 1173 837 1242 signum
884 1172 1090 1226 Christi
1137 1188 1254 1226 non
1314 1172 1528 1226 habuit.
1591 1173 1852 1244 Quinque

158 1263 391 1334 accepit,
429 1278 608 1316 unum
646 1260 821 1315 misit.
867 1261 1132 1332 Quinque
1188 1260 1319 1314 libri
1361 1261 1524 1315 electi
1556 1266 1710 1328 sunt,
1756 1260 1852 1315 sed

155 1351 343 1405 unitas
400 1351 590 1405 vincit.
646 1350 901 1404 Plnitudo
958 1366 1092 1420 ergo
1162 1350 1295 1417 legis
1347 1351 1610 1415 Charitas,
1662 1354 1726 1403 ut
1773 1350 1857 1403 ait

155 1440 474 1510 Apostolus.
523 1440 849 1507 Sufferentes
895 1440 1124 1492 invicem
1189 1440 1245 1491 in
1278 1438 1580 1503 dilectione,
1631 1439 1855 1492 solliciti

153 1543 372 1581 servare
414 1530 673 1581 unitatem
704 1528 946 1595 Spiritus
991 1529 1049 1580 in
1088 1526 1301 1580 vinculo
1343 1528 1495 1594 pacis
1548 1526 1716 1596 (Eph.
1755 1526 1849 1597 1v).

154 1615 252 1669 Illo
300 1615 543 1685 dejecto,
602 1614 857 1683 gladium
914 1614 1170 1679 abstulit,
1224 1618 1397 1682 caput
1461 1612 1544 1665 illi
1593 1612 1847 1666 abscidit.

154 1702 410 1757 Christus
455 1703 742 1757 diabolum
778 1703 847 1755 de
887 1703 1002 1755 suis
1046 1700 1320 1755 membris
1351 1700 1575 1766 occidit,
1611 1701 1840 1771 quando

152 1793 524 1846 crediderunt.
553 1791 728 1862 magi,
759 1806 907 1861 quos
938 1791 1031 1844 ille
1065 1790 1119 1843 in
1168 1806 1339 1843 manu
1391 1790 1653 1852 habebat,
1691 1794 1747 1844 et
1783 1791 1852 1843 de

151 1882 362 1952 quibus
416 1880 555 1933 alios
618 1880 958 1945 trucidabat,
995 1882 1386 1932 convertentes
1441 1878 1665 1948 linguas
1724 1894 1856 1931 suas

150 1974 347 2022 contra
395 1968 708 2035 diabolum,
758 1973 814 2021 et
861 1968 938 2020 sic
973 1967 1148 2022 Golite
1189 1966 1376 2036 gladio
1416 1982 1517 2018 suo
1557 1970 1727 2035 caput
1758 1966 1856 2020 ab-

154 2057 453 2111 scinditur.

220 2147 391 2199 Vsas.
436 2146 524 2199 28.
572 2173 640 2185 —
692 2145 832 2199 Novi
875 2143 1186 2211 superbiam
1230 2147 1399 2208 tuam,
1456 2145 1506 2194 et
1552 2143 1855 2209 nequitiam

154 2235 327 2288 cordis
358 2238 461 2299 tui,
494 2236 643 2302 quia.
678 2232 863 2303 (ΗΑΒ.)
919 2232 1147 2287 Putabat
1185 2232 1243 2285 in
1276 2250 1341 2285 eo
1395 2236 1682 2286 tumorem
1715 2248 1854 2301 pro-

157 2331 281 2394 pter
324 2323 606 2377 Samuelis
639 2322 988 2387 unctionem,
1067 2321 1227 2392 quasi
1297 2336 1361 2374 ex
1430 2337 1495 2374 ea
1555 2320 1850 2374 audaciam

160 2411 513 2482 sumpsisset,
564 2414 621 2464 et
694 2409 934 2463 timebat
983 2425 1053 2462 ne
1116 2409 1161 2461 si
1223 2408 1673 2478 congrederetur
1719 2424 1846 2462 cum

160 2500 491 2554 Philisthaao
560 2498 994 2552 interﬁceretur.
1060 2497 1217 2551 Unde
1275 2498 1483 2559 subdit,
1537 2500 1598 2550 ut
1642 2497 1853 2552 videres

158 2591 406 2657 praelium
437 2587 779 2651 descendisti,
822 2587 877 2640 id
907 2590 1010 2651 est,
1065 2585 1125 2639 in
1146 2586 1254 2640 hoc
1280 2587 1560 2655 superbus
1589 2601 1850 2656 appares,

160 2678 305 2747 quod
353 2692 485 2730 cum
539 2692 651 2729 non
708 2675 920 2728 habeas
982 2675 1457 2728 consuetudinem
1520 2674 1847 2743 praeliandi,

155 2774 304 2820 actus
333 2765 519 2835 praelii
551 2762 711 2833 quasi
746 2762 909 2816 miles
947 2762 1264 2815 sciscitaris.

220 2856 385 2908 Vsus.
420 2856 505 2907 29.
539 2882 599 2892 -
634 2850 898 2919 Nunquid
925 2866 1032 2904 non
1058 2849 1317 2903 verbum?
1362 2848 1491 2919 (ID.)
1545 2848 1717 2913 Quasi
1760 2848 1849 2903 di-

151 2950 328 3009 ceret,
362 2948 466 3005 est,
501 2941 636 3011 quia
665 2956 779 2993 non
837 2943 921 2992 est
950 2939 1212 2992 voluntas
1259 2936 1580 3007 praeliandi,
1641 2938 1738 2992 sed
1790 2942 1849 2991 ut
1879 2973 1918 3029 Ο

151 3032 356 3085 scirem
408 3028 564 3100 quod
608 3026 949 3081 nesciebam.
1010 3025 1319 3093 Audagiam
1387 3028 1582 3078 tamen
1656 3041 1722 3079 ex
1775 3042 1843 3079 eo

149 3123 496 3190 sumpserat,
550 3117 703 3188 quod
736 3115 1013 3186 Spiritum
1045 3118 1302 3168 sanctum
1359 3117 1691 3184 acceperat;
1747 3129 1847 3167 ex-

147 3213 351 3277 pertus
390 3204 665 3260 auxilium
721 3204 821 3257 Dei
851 3204 911 3256 in
937 3202 1103 3256 leone
1134 3206 1191 3255 et
1234 3217 1390 3269 urso,
1423 3206 1479 3254 et
1504 3200 1623 3255 ideo
1670 3201 1848 3254 auda-

148 3303 272 3350 cter
300 3311 361 3349 se
388 3292 597 3348 obtulit
633 3292 701 3346 ad
746 3291 1037 3362 singulare
1095 3295 1406 3355 certamen,
1448 3304 1563 3343 non
1608 3292 1727 3342 tam
1761 3286 1848 3340 vi-

150 3385 352 3439 ctoriae
406 3381 665 3451 cupidus,
725 3396 840 3451 qua
894 3380 1048 3433 ultor
1094 3377 1580 3449 blasphemiarum
1639 3376 1739 3431 Dei
1795 3380 1853 3430 et

148 3472 504 3544 iujuriarum
530 3467 748 3539 populi.

220 3560 389 3612 Vens.
418 3558 507 3611 41.
540 3585 611 3596 -
648 3556 767 3610 Ibat
796 3558 994 3608 autem.
1045 3553 1204 3625 (Ras.
1238 3554 1298 3607 in
1347 3551 1442 3606 lib.
1497 3549 1649 3621 Reg.)
1699 3550 1849 3604 Alle-

146 3648 370 3718 gorice,
404 3644 721 3699 Philisthaai
779 3643 1093 3709 daemones,
1157 3646 1263 3695 etc.
1318 3654 1495 3710 usque
1550 3639 1625 3695 ad
1684 3638 1853 3710 quasi

132 3736 373 3790 elatum
401 3733 621 3788 Goliam
652 3731 840 3802 gladio
871 3747 972 3784 suo
998 3730 1355 3784 detruncant.

220 3825 388 3877 Vens.
424 3825 512 3875 51.
544 3849 615 3861 -
655 3823 725 3875 Et
757 3821 900 3874 tulit.
937 3819 1089 3888 (Ras.
1139 3835 1207 3872 ex
1238 3817 1430 3886 Greg.)
1477 3815 1574 3871 Vir
1622 3831 1852 3887 quoque

152 3910 471 3966 catholicus
488 3909 709 3979 colligit
730 3907 1129 3962 testimonium
1159 3906 1490 3976 Scripturae,
1522 3908 1655 3971 etc.,
1684 3919 1852 3973 usque

154 4001 227 4055 ad
255 3999 563 4055 haereticos
586 3998 701 4051 suis
729 3996 1028 4051 sententiis
1058 3994 1356 4049 vincimus.
1760 3984 1774 3995 ’

224 4092 441 4159 Caput.
472 4086 645 4141 David
674 4090 842 4157 caput
872 4083 1187 4139 Philisthaei
1233 4082 1369 4137 tulit
1415 4080 1477 4135 in
1513 4080 1852 4150 Jerusalem,

157 4183 217 4231 ut
246 4181 497 4233 terreret
512 4192 630 4241 eos,
664 4189 964 4228 murorum
993 4171 1261 4225 ﬁrmitate
1288 4174 1346 4224 et
1373 4168 1673 4223 altitudine
1702 4167 1856 4221 insu-

1253 260 1507 317 GLOSSA
1544 260 1950 319 0RDINARIA.
1990 293 2060 303 —
2099 263 2227 318 LIB.
2269 263 2292 318 I
2332 261 2491 318 REG.

165 376 563 447 signiﬁcantur
589 376 741 430 enim
772 376 955 446 gratia
981 377 1146 444 lacte,
1171 377 1276 431 hoc
1305 381 1391 431 est
1414 377 1568 431 enim
1599 378 1660 433 in
1684 395 1853 434 carne
1881 384 1927 436 Α

3556 261 3659 314 558

2039 382 2200 451 (Ras.
2234 384 2294 435 in
2319 382 2411 435 lib.
2436 380 2595 450 Reg.)
2619 380 2888 435 Jonathas
2908 380 3104 435 dilexit
3132 380 3310 435 David
3342 398 3360 435 :
3381 379 3470 434 vir
3500 381 3655 436 vide-

1963 469 2094 523 licet
2143 469 2444 523 bellicosus
2494 469 2766 539 juvenem
2831 473 3026 538 aptum
3094 469 3322 540 pugnis.
3375 470 3650 524 Jonathas

1961 557 2243 628 signiﬁcat
2272 575 2366 611 eos
2396 558 2495 628 qui
2517 557 2585 611 de
2622 557 2837 611 Iudaeis
2869 556 2929 611 in
2960 558 3247 612 Christum
3289 557 3655 612 crediderunt

1961 652 2038 713 et,
2083 652 2350 717 percepta
2396 646 2580 717 gratia
2622 645 2871 717 Spiritus
2913 646 3112 710 sancti,
3152 663 3256 717 pro
3310 647 3533 701 Christo
3564 663 3656 700 re-

1960 734 2104 789 lictis
2155 735 2422 789 omnibus
2474 736 2664 806 ipsum
2723 734 2901 788 secuti
2975 739 3125 788 sunt.
3187 734 3340 789 Unde
3412 735 3652 788 Petrus:

1960 824 2092 878 Ecce
2113 838 2209 878 nos
2239 825 2556 892 reliquimus
2599 826 2779 877 omnia
2805 828 2855 876 et
2902 825 3071 876 secuti
3119 836 3307 876 sumus
3346 826 3394 875 te
3425 822 3655 891 (Matth.

1960 909 2095 980 xxx).
2122 910 2212 964 Sic
2236 910 2392 964 enim
2421 912 2694 965 Jonathas
2723 910 2877 965 dedit
2910 909 3084 963 David
3113 909 3451 963 vestimenta
3483 926 3585 963 sua
3623 926 3657 964 a

1960 997 2152 1051 tunica
2181 1013 2363 1068 usque
2411 998 2481 1052 ad
2511 998 2784 1063 balteum,
2818 1012 2947 1050 cum
2976 996 3269 1050 credentes
3300 996 3496 1051 omnia
3527 1013 3655 1068 quae

1959 1086 2300 1151 habuerant,
2322 1086 2382 1138 in
2413 1085 2618 1139 Christi
2654 1086 2949 1139 servitium
2984 1086 3370 1140 contulerunt.

2032 1176 2189 1228 Vens.
2221 1179 2272 1227 7.
2301 1203 2370 1213 —-
2409 1175 2689 1227 Percussit
2727 1174 2884 1235 Saul,
2918 1178 3022 1226 etc.
3077 1174 3192 1226 Hoc
3241 1173 3349 1226 fuit
3405 1171 3655 1227 semina-

1962 1262 2111 1316 rium
2160 1262 2279 1316 odii
2328 1267 2521 1315 contra
2558 1261 2751 1315 David.
2796 1262 2884 1315 Sic
2921 1261 3103 1315 Judaei
3152 1262 3446 1315 audientes
3488 1262 3654 1315 Chri-

1962 1357 2113 1406 stum
2145 1366 2317 1421 quem
2360 1350 2777 1413 crucitixerant,
2823 1350 2883 1403 in
2926 1349 3174 1404 ecclesiis
3233 1350 3552 1420 praedicari,
3597 1355 3655 1404 et

1961 1439 2257 1493 victoriam
2296 1454 2409 1507 qua
2439 1438 2663 1490 hostem
2691 1437 2996 1507 antiquum
3024 1437 3154 1491 vicit
3185 1443 3240 1491 et
3268 1438 3561 1492 credentes
3594 1437 3652 1491 in

1963 1529 2129 1582 laude
2161 1528 2282 1596 ejus
2316 1526 2610 1597 gratulari,
2644 1526 2889 1595 graviter
2920 1527 3192 1579 tulerunt.

2032 1615 2164 1669 Saul
2184 1615 2350 1668 mille.
2380 1614 2602 1667 Scilicet
2630 1631 2726 1667 eos
2753 1614 2849 1683 qui
2872 1614 3154 1683 fugientes
3185 1612 3350 1667 occisi
3392 1616 3543 1668 sunt.

2038 1702 2223 1757 David
2251 1703 2429 1756 decem
2458 1704 2648 1758 millia.
2688 1702 2911 1755 Scilicet
2940 1702 3335 1756 Philisthasum
3373 1702 3493 1773 qui,
3537 1719 3651 1757 uno

1968 1791 2206 1861 dejecto,
2242 1807 2440 1845 omnes
2471 1791 2528 1844 in
2552 1791 2747 1861 fugam
2786 1790 2955 1845 misit.

2038 1881 2199 1935 Vens.
2250 1883 2331 1934 10.
2370 1910 2438 1919 —
2489 1882 2838 1947 Tenebatque.
2898 1878 2987 1934 Sic
3042 1877 3389 1949 praedicante
3436 1877 3654 1932 Christo

1969 1968 2360 2038 Evangelium,
2390 1968 2570 2023 Judaei
2599 1968 2953 2021 conabantur
2983 1972 3227 2020 mortem
3268 1967 3498 2020 inferre.
3548 1966 3654 2021 Sed

1966 2054 2103 2109 dum
2125 2056 2218 2109 ille
2232 2056 2302 2109 ad
2320 2056 2563 2111 salutem
2606 2057 2864 2126 gentium
2889 2055 3118 2121 secedit,
3147 2060 3370 2109 tantum
3406 2070 3654 2109 nocuere

1964 2157 2198 2211 seipsos.

2036 2231 2197 2284 Vsus.
2232 2234 2313 2285 l7.
2344 2261 2414 2270 —
2456 2231 2743 2299 Dixitque.
2780 2231 2931 2299 (Ism.
2984 2232 3044 2283 in
3074 2231 3167 2284 lib.
3198 2233 3349 2297 Reg.,
3408 2236 3548 2285 tom.
3586 2232 3648 2285 V.

1962 2333 2084 2388 cap.
2143 2318 2243 2386 tl.)
2293 2318 2423 2372 Saul
2489 2318 2724 2372 callidus
2783 2318 3083 2371 simulator
3137 2318 3356 2371 studuit
3419 2318 3655 2387 alligare

1965 2406 2137 2460 David
2195 2407 2398 2461 Michol
2464 2406 2596 2460 ﬁliae
2652 2422 2787 2471 suae,
2830 2410 2962 2473 etc.,
3014 2419 3182 2474 usque
3222 2404 3297 2459 ad
3344 2405 3649 2459 locutionis

1961 2495 2379 2565 tranquillitate
2414 2500 2725 2549 revocetur.

2032 2588 2194 2641 Vaas.
2228 2590 2315 2642 27.
2345 2619 2413 2626 —
2446 2589 2730 2652 Percussit,
2765 2588 2896 2648 etc.,
2929 2590 2980 2639 et
2999 2586 3203 2652 attulit,
3221 2589 3327 2639 etc.
3353 2584 3534 2654 (ΗΑΒ.)
3564 2583 3655 2640 Sic

1963 2675 2216 2730 Christus
2268 2676 2429 2746 prius
2458 2676 2520 2728 in
2572 2675 2838 2745 gentibus
2882 2673 3220 2727 clariﬁcatus
3266 2678 3372 2740 est,
3422 2673 3651 2743 quando

1962 2760 2321 2831 Synagogam
2352 2760 2458 2815 sibi
2497 2761 2807 2831 c0pularet,
2862 2764 2919 2813 et
2954 2759 3114 2830 prius
3143 2758 3204 2813 in
3248 2759 3516 2830 gentibus
3546 2760 3652 2812 im-

1959 2850 2301 2904 munditiam
2327 2848 2584 2902 resecuit.
2619 2848 2750 2904 Cum
2780 2846 2931 2901 enim
2956 2847 3235 2916 plenitudo
3277 2850 3519 2919 gentium
3564 2850 3657 2903 in-

1960 2941 2206 3007 traverit,
2239 2943 2362 2993 tunc
2392 2940 2563 2993 omnis
2593 2938 2763 2992 Israel
2789 2938 2972 2991 salvus
2996 2939 3089 3005 ﬁet
3116 2937 3293 3008 (Rom.
3326 2937 3422 3006 xx).

2597 3080 2822 3134 CAPUT
2861 3079 2993 3134 XIX.

1958 3236 1975 3252 ο
2052 3205 2213 3259 Vsus.
2265 3205 2317 3258 3.
2355 3232 2422 3242 -—
2462 3205 2525 3257 In
2567 3218 2721 3272 agro,
2779 3207 2886 3257 etc.
2928 3203 3051 3267 Quo
3106 3201 3438 3256 consolandi
3485 3218 3655 3257 causa

1960 3292 2154 3346 venire
2209 3295 2597 3356 consueverat,
2667 3289 2769 3345 ubi
2832 3290 3009 3344 occidi
3076 3289 3255 3344 David
3320 3290 3651 3345 condictum

1960 3380 2166 3435 fuerat.

2032 3469 2193 3522 Vens.
2234 3471 2319 3523 11.
2350 3497 2419 3508 -
2470 3468 2627 3522 Misit
2660 3480 2803 3534 ergo.
2838 3466 3019 3537 (ΗΑΒ.)
3068 3467 3183 3520 Hoc
3214 3481 3331 3520 non
3387 3466 3458 3521 ad
3513 3482 3646 3520 cru.-

1958 3573 2083 3611 cem
2114 3555 2344 3622 Christi,
2378 3555 2474 3609 sed
2496 3555 2566 3609 ad
2601 3554 2927 3625 passionem
2975 3553 3248 3625 pertinet,
3301 3558 3433 3622 etc.,
3482 3570 3654 3625 usque

1962 3645 2036 3701 ad
2062 3644 2226 3716 quasi
2250 3648 2602 3715 peccatorem
2636 3648 3082 3713 persequuntur.

2033 3734 2187 3787 Vars.
2224 3734 2308 3786 l3.
2340 3760 2409 3771 —
2456 3732 2671 3787 Pellem.
2722 3731 2859 3785 Inde
2887 3729 3157 3800 pulvillns
3216 3734 3486 3785 consutus
3541 3730 3655 3786 fuit

1964 3821 2084 3892 qui,
2127 3818 2369 3873 intonsis
2400 3819 2555 3890 pilis,
2603 3822 2773 3889 caput
2817 3817 3060 3872 involuti
3105 3814 3355 3872 hominis
3384 3817 3447 3871 in
3506 3820 3653 3874 lecto

1963 3909 2326 3965 mentiretur.

2033 3998 2196 4051 Vaas.
2230 3998 2314 4050 18.
2352 4023 2413 4033 -
2444 3994 2519 4047 In
2548 3992 2835 4047 Ramatha.
2860 3990 3068 4046 Civitas
3098 3991 3282 4046 Saulis
3309 3996 3393 4046 est
3417 3992 3479 4047 in
3497 3993 3651 4048 tribu

1966 4083 2261 4155 Beujamin
2284 4083 2345 4136 in
2366 4086 2519 4135 sexto
2546 4078 2814 4133 milliario
2846 4079 2914 4133 ab
2946 4078 3106 4133 Helia
3135 4079 3208 4133 ad
3237 4081 3654 4149 septentriona-

1964 4174 2080 4227 lem
2110 4172 2339 4241 plagam
2370 4172 2566 4223 contra
2596 4165 2807 4229 Bethel,
2843 4165 2955 4220 alia
2998 4166 3279 4222 Ramatha
3324 4173 3409 4223 est
3442 4169 3502 4222 in
3548 4169 3653 4223 tri-

152 4266 447 4335 perabiles
472 4280 531 4317 se
562 4279 682 4317 esse
720 4263 980 4328 ﬁdentes,
1011 4265 1074 4315 ut
1102 4276 1216 4314 non
1264 4257 1649 4314 discrederent
1693 4272 1752 4311 se
1781 4256 1853 4311 ab
1884 4280 1925 4333 ι)
1963 4261 2037 4316 bu
2062 4264 2220 4315 Aser.
2272 4260 2418 4312 Bene
2447 4252 2797 4309 conveniunt
2851 4254 2970 4309 haec
3000 4255 3240 4308 nomina
3289 4256 3459 4311 rebus
3482 4257 3656 4326 gestis

154 4354 252 4408 iUo
286 4353 602 4407 vincendos
630 4367 768 4405 esse.

224 4443 399 4496 Vens.
434 4444 523 4495 55.
556 4470 623 4479 -
656 4442 727 4493 De
770 4453 899 4506 qua.
954 4435 1138 4504 (Auo.)
1189 4434 1355 4510 Quod
1384 4432 1518 4488 Saul
1559 4436 1615 4487 et
1668 4432 1860 4487 Abner

152 4530 435 4601 ignorant
470 4527 647 4582 David
678 4527 825 4597 apud
858 4542 954 4579 eos
980 4524 1195 4579 diutius
1222 4526 1662 4587 commoratum,
1720 4520 1855 4575 fecit

150 4619 365 4684 barba,
394 4633 523 4688 qua:
555 4613 903 4669 adolescenti
940 4615 1192 4665 creverat
1219 4611 1355 4665 dum
1404 4610 1607 4663 absens
1656 4608 1858 4662 fuerat.

233 4708 417 4763 Vivit.
454 4706 639 4772 (Rau)
674 4703 813 4757 Huic
842 4700 1030 4755 simile
1087 4703 1173 4753 est
1202 4697 1383 4752 illud:
1427 4696 1714 4752 Benedimit
1742 4698 1863 4753 Na-

153 4796 291 4850 both
326 4796 443 4848 Deo
472 4798 522 4846 et
551 4795 685 4860 regi.
721 4792 864 4857 Quia
902 4804 1009 4843 non
1060 4790 1214 4842 vivat
1256 4788 1443 4841 anima
1490 4790 1608 4852 tua,
1656 4800 1778 4851 rem,
1814 4784 1866 4839 si

151 4888 310 4953 novi,
342 4883 433 4936 vel
483 4881 709 4935 videam
760 4884 1001 4933 mortem
1050 4880 1209 4931 tuam
1240 4875 1285 4928 si
1312 4874 1463 4929 novi.
1517 4874 1579 4930 Si
1631 4888 1863 4943 quoque

156 4972 503 5045 conjunctio
560 4968 869 5039 aliquando
918 4982 1024 5037 pro
1071 4982 1179 5021 non
1244 4963 1498 5035 ponitur,
1556 4962 1868 5016 secundum

158 5063 312 5118 illud
358 5078 373 5115 :
425 5061 488 5116 Si
530 5058 832 5112 introibant
888 5059 947 5110 in
981 5056 1221 5124 requiem
1266 5068 1439 5107 meam
1483 5051 1656 5121 (Psal.
1712 5050 1864 5120 xcn),

161 5153 219 5206 id
250 5155 364 5213 est,
422 5165 541 5203 non
582 5145 927 5213 introibunt,
976 5142 1129 5199 unde
1157 5145 1315 5214 patet
1372 5140 1451 5194 sic
1506 5137 1759 5209 exponi:
1812 5138 1872 5193 Si

159 5244 317 5309 novi,
354 5237 415 5293 id
454 5243 541 5293 est
568 5252 687 5291 non
718 5234 873 5301 novi,

798 5375 1024 5432 CAPUT
1061 5373 1253 5431 XVIII.

238 5508 417 5562 Vaas.
459 5507 509 5559 1.
544 5532 613 5545 -
642 5504 712 5557 Et
740 5502 948 5569 factum
969 5502 1083 5572 δεδι,
1108 5501 1241 5564 etc.,
1268 5496 1320 5551 et
1347 5492 1563 5561 dilewit,
1588 5494 1693 5547 etc.

1965 4350 2123 4421 ipsis,
2156 4347 2292 4418 quia
2308 4346 2718 4417 prophetarum
2750 4344 2902 4397 dicta
2931 4349 2988 4398 et
3011 4344 3409 4399 celsitudinem
3446 4346 3659 4401 habent

1967 4438 2217 4493 scientiae
2247 4442 2301 4490 et
2326 4438 2681 4488 venustatem
2710 4432 3077 4503 eloquentiae.

2040 4528 2201 4580 Vsus.
2230 4526 2418 4578 21-22.
2447 4552 2514 4562 —
2542 4524 2695 4579 Misit
2726 4523 2933 4588 tertios,
2975 4526 3105 4587 etc.,
3132 4521 3308 4587 Abiit,
3340 4526 3445 4576 etc.
3477 4522 3660 4593 (ΗΑΒ.)

1970 4608 2101 4663 Saul
2132 4621 2361 4677 quoque
2400 4607 2457 4658 et
2494 4603 2683 4657 nuntii
2731 4604 2856 4675 ejus
2901 4604 3129 4658 Judaeos
3175 4605 3520 4675 signiﬁcant,
3561 4606 3662 4676 qui

1971 4696 2105 4750 dum
2135 4691 2421 4748 adversari
2451 4691 2669 4746 Christo
2709 4692 2968 4761 cupiunt,
3001 4692 3213 4746 habent
3241 4692 3301 4746 in
3347 4709 3444 4747 ore
3478 4710 3660 4748 sacra-

1974 4787 2166 4839 menta
2194 4780 2339 4850 legis
2369 4784 2425 4834 et
2454 4780 2864 4849 prophetarum
2913 4780 2982 4833 ad
3010 4779 3215 4833 Christi
3244 4780 3660 4849 testimonium,

1974 4878 2188 4927 etcum
2238 4868 2482 4923 Ecclesia
2531 4868 2698 4938 quasi
2747 4883 2876 4922 cum
2920 4867 3213 4937 prophetis
3242 4868 3311 4922 de
3360 4868 3666 4938 Scripturis

1976 4958 2293 5028 disputant,
2343 4955 2487 5009 sicut
2540 4955 2625 5008 illi
2689 4971 2819 5008 cum
2868 4954 3162 5025 prophetis
3211 4956 3659 5026 prophetabant.

2046 5047 2217 5100 Vsus.
2260 5045 2349 5098 24.
2383 5042 2853 5115 -—Prophetavit.
2909 5042 3005 5095 Isti
3061 5042 3356 5112 prophetae
3414 5046 3669 5117 religiosi

1977 5134 2085 5189 viri
2116 5138 2300 5199 erant,
2329 5132 2463 5186 dicti
2492 5130 2790 5199 Nazareni,
2830 5130 2931 5200 qui
2962 5146 3077 5184 non
3120 5130 3394 5186 bibebant
3445 5135 3667 5203 vinum,

1981 5230 2038 5279 et
2066 5222 2342 5277 vacabant
2370 5234 2596 5288 semper
2626 5222 2891 5271 canentes
2920 5217 3163 5288 hymnos
3192 5224 3251 5273 et
3277 5221 3548 5290 psalmos.

2052 5311 2263 5368 Nudus.
2292 5310 2358 5363 Et
2383 5306 2566 5362 Judaei
2590 5305 2704 5360 ﬁde
2734 5310 2903 5376 atque
2926 5307 3242 5361 sacerdotio
3274 5313 3329 5362 et
3352 5325 3529 5381 regno
3573 5327 3674 5366 nu-

1986 5397 2122 5465 dati,
2154 5400 2339 5469 legem
2373 5400 2429 5449 et
2451 5394 2765 5466 prophetas
2789 5393 2851 5448 in
2882 5409 2980 5448 ore
3011 5393 3246 5450 habent.

2056 5489 2200 5544 Num
2251 5490 2303 5540 et
2357 5484 2532 5540 Saul.
2612 5482 2983 5538 Proverbium
3014 5483 3221 5538 dicitur
3251 5486 3405 5554 quod
3462 5486 3523 5541 in
3580 5504 3677 5542 ore
