4062 6180
381 261 482 311 33239

981 252 1370 306 WALAFRIDI
1409 248 1654 305 STRABI
1697 248 1891 303 FULD.
1939 248 2094 303 MON.
2149 243 2306 304 OPP.
2353 249 2524 303 PARS
2573 249 2613 303 I.
2657 277 2726 303 -.-—
2765 248 3214 304 TIIEOLOGICA.
3760 255 3854 305 £360

383 376 744 450 loquentium
776 389 924 446 Si!th
955 377 1228 426 versatur.
1265 369 1402 424 Mira
1432 369 1588 422 enim
1635 384 1726 421 res
1748 367 2072 445 videbatur,
2106 366 2155 422 A
2194 367 2255 420 in
2306 367 2583 438 angustiis
2623 367 2934 434 constituti,
2977 374 3080 422 etc.
3130 368 3345 432 Quibus
3371 369 3583 424 scilicet
3613 371 3725 425 ait:
3762 374 3860 426 Ve-

384 467 676 522 hominem
732 469 848 516 tam
900 459 1203 532 profanum
1248 458 1610 527 prophetare.
1666 456 1731 508 Et
1786 472 1888 509 nos
1946 471 2075 509 cum

382 554 590 608 inscios
645 553 906 606 videmus
980 549 1205 610 docere,
1266 551 1419 599 recte
1498 545 1760 608 dicimus,
1825 547 1969 599 Num
2027 549 2076 598 et

384 643 515 698 Saul
546 644 688 693 inter
713 639 1044 708 prophetas?

457 728 636 800 (ΗΑΒ.)
668 727 870 796 Magna
909 724 1149 796 quaestio
1199 723 1290 776 liic
1344 722 1542 787 oritur,
1608 725 1738 786 etc.,
1791 735 1959 788 usque
2003 721 2076 774 ad

386 817 479 871 sed
512 815 796 883 regalibus
829 817 1046 866 tantum
1082 809 1518 878 intelligendum
1545 813 1647 862 est.

455 903 580 973 (10.)
632 903 774 955 Item
829 900 1125 971 quaeritur,
1184 904 1315 966 etc.,
1370 912 1543 964 usque
1580 897 1653 948 ad
1696 901 1910 966 quanto
1965 896 2076 949 illis

383 993 548 1046 donis
581 1006 693 1044 non
726 990 870 1043 bene
891 988 977 1042 usi
1007 993 1159 1041 sunt.

1061 1127 1284 1182 CAPUT
1315 1127 1416 1179 ΧΧ.

457 1255 620 1308 Vens.
649 1257 700 1306 3.
735 1281 803 1290 —
837 1253 947 1306 Uno
1009 1255 1234 1304 tantum.
1273 1249 1452 1318 (ΗΑΒ.)
1484 1249 1730 1303 Gradum
1764 1253 1926 1302 vocat
1972 1263 2071 1318 pa-

386 1343 606 1407 rietem,
642 1355 755 1409 quo
780 1339 969 1391 medio
1002 1339 1148 1390 inter
1177 1353 1234 1390 se
1275 1342 1331 1389 et
1359 1338 1571 1401 hostes,
1603 1352 1709 1406 per
1751 1335 1957 1390 domus
1990 1335 2074 1389 fe-

386 1433 637 1483 nestram
667 1427 862 1486 evasit.
895 1426 990 1479 ubi
1022 1429 1186 1478 erant
1207 1425 1550 1478 obsidentes.

457 1519 613 1569 Vens.
663 1520 746 1570 l6.
786 1545 854 1554 —
904 1518 972 1568 Et
1019 1515 1322 1581 requisivit.
1369 1514 1499 1582 (ID.)
1531 1512 1816 1581 Prolepsis
1869 1516 1972 1578 est,
2018 1510 2076 1564 id

2183 460 2300 510 nite
2331 457 2405 510 ad
2428 473 2528 522 me,
2552 471 2727 511 omnes
2761 460 2858 525 qui
2886 457 3118 512 laborati
3147 463 3196 511 et
3241 461 3450 512 onerati
3467 462 3617 524 estis,
3675 467 3724 514 et
3776 477 3858 528 ego

2185 547 2427 612 reﬁciam
2445 561 2542 599 vos
2571 546 2788 615 (Matth.
2814 546 2914 614 χι).

2256 633 2414 687 Vens.
2446 635 2498 686 2.
2543 661 2601 672 —
2638 633 2785 686 [Ere
2839 636 3034 688 alieno.
3069 633 3190 704 (10.)
3242 635 3426 689 Censu
3474 635 3686 690 scilicet
3738 653 3855 707 pec-

2184 723 2440 774 catorum
2492 736 2665 791 quem
2717 721 2942 775 diabolo
3001 723 3354 791 persolvunt,
3414 723 3548 777 dum
3599 723 3862 778 exhibent

2184 810 2443 864 membra
2473 810 2683 864 servire
2731 809 3020 880 iniquitati
3069 811 3138 864 ad
3187 811 3585 882 iniquitatem;
3644 826 3859 865 necesse

2184 903 2268 950 est
2325 902 2387 950 ut
2442 899 2582 951 tales
2638 897 2700 950 in
2756 897 3140 952 amaritudine
3221 899 3399 952 animi
3470 899 3854 969 paenitentiam

2184 989 2374 1055 agant,
2429 990 2484 1038 et
2538 985 2605 1038 ad
2669 985 2838 1038 David
2905 986 3155 1054 veniant,
3211 986 3268 1040 id
3311 992 3416 1051 est,
3474 987 3542 1040 ad
3583 986 3856 1041 Christum

2182 1073 2397 1126 cunctis
2436 1073 2700 1142 gentibus
2748 1073 3155 1142 desideratum,
3206 1079 3271 1127 ut
3315 1074 3416 1127 Iiat
3471 1091 3671 1129 eorum
3713 1075 3855 1146 prin-

2183 1177 2331 1231 ceps.
2386 1163 2516 1230 Ipse
2559 1165 2637 1215 est
2673 1164 2810 1214 enim
2845 1161 3022 1230 judea:
3061 1161 3306 1216 vivorum
3353 1168 3404 1217 et
3425 1169 3773 1229 mortuorum,
3817 1169 3860 1216 et

2181 1251 2433 1318 princeps
2461 1251 2612 1318 pacis
2643 1250 2798 1317 cujus
2823 1265 2928 1304 non
2953 1252 3056 1303 erit
3082 1253 3230 1319 ﬁnis.

2259 1339 2417 1392 Vnus.
2452 1340 2500 1391 5.
2535 1368 2604 1378 —
2634 1338 2898 1406 Dixitque
2933 1338 3077 1391 Gad.
3112 1338 3236 1410 (ID.)
3297 1339 3372 1392 De
3402 1338 3709 1409 improviso
3757 1340 3862 1395 Gad

2184 1425 2498 1481 inducitur.
2534 1427 2698 1479 Nulla
2718 1427 2870 1480 enim
2887 1427 3174 1480 titmentio
3197 1427 3318 1497 ejus
3332 1427 3388 1480 in
3405 1427 3863 1497 praecedentibus,

2187 1515 2332 1568 sicut
2354 1521 2411 1568 et
2442 1515 2604 1582 Elias,
2638 1515 2736 1568 ubi
2772 1515 2981 1569 dicitur
3007 1532 3020 1568 :
3050 1518 3117 1570 Et
3147 1515 3296 1570 dixit
3318 1519 3471 1571 Elius
3507 1517 3773 1572 Thesbites
3806 1517 3867 1570 de

387 1611 492 1669 est,
524 1603 875 1673 anticipatio,
903 1608 1030 1667 etc.,
1081 1617 1248 1670 usque
1278 1601 1355 1655 ad
1413 1600 1511 1654 sed
1562 1601 1801 1654 Domino
1833 1616 1936 1670 pro
1977 1600 2074 1653 illo
2106 1638 2148 1693 Β
2189 1604 2586 1658 habitatoribus
2621 1603 2835 1659 Galaad
2907 1606 3004 1672 (III
3042 1607 3179 1673 Reg.
3231 1609 3380 1672 xvii).
3430 1607 3502 1659 Ex
3547 1621 3644 1660 ore
3703 1605 3871 1676 igitur

391 1693 729 1746 vindicante.

460 1782 622 1834 Vens.
660 1785 742 1832 l7.
770 1807 840 1818 —
869 1781 936 1832 Et
964 1777 1201 1830 addidit.
1239 1775 1364 1846 (ln.)
1410 1777 1477 1830 Ut
1523 1793 1554 1829 a
1593 1775 1912 1846 perditione
1965 1775 2076 1828 ini-

389 1870 669 1922 micorum
718 1867 890 1922 David
919 1865 1316 1919 ostenderetur
1354 1864 1647 1928 immunis,
1682 1864 1816 1934 quia
1871 1865 2079 1935 dilige-

387 1959 483 2010 bat
513 1972 646 2010 eum
677 1955 987 2008 secundum
1025 1956 1209 2022 legem
1242 1952 1358 2006 Dei.
1393 1952 1500 2016 Qui
1555 1953 1660 2006 etsi
1691 1958 1868 2006 morte
1925 1969 2076 2022 pra:-

386 2049 586 2098 ventus
663 2057 904 2112 regnum
963 2047 1255 2094 terrenum
1310 2056 1439 2093 cum
1491 2056 1557 2093 eo
1617 2041 1765 2095 sicut
1813 2042 2080 2110 sperabat

387 2133 594 2186 habere
654 2147 772 2184 non
831 2129 1037 2199 potuit,
1097 2130 1313 2199 absque
1361 2130 1480 2182 ulla
1534 2129 1888 2183 dubitatione
1915 2129 2080 2199 regni

386 2220 627 2274 caelestis
680 2219 1028 2271 consortium
1089 2233 1218 2270 cum
1271 2233 1338 2269 eo
1387 2233 1555 2287 quem
1613 2233 1718 2286 pro
1776 2218 2078 2270 virtutibus

388 2308 688 2378 diligebat,
719 2322 846 2359 cum
881 2311 1027 2359 esset
1059 2310 1113 2358 et
1141 2305 1258 2374 ipse
1291 2305 1396 2368 vir,
1427 2305 1703 2358 virtutum
1733 2305 1969 2373 accepit.

461 2395 768 2463 Nunquid:
830 2393 994 2464 quasi
1079 2395 1246 2458 dicat,
1300 2396 1469 2445 Amas
1529 2392 1824 2446 inimicum
1880 2409 2074 2446 meum

393 2483 698 2536 adversans
749 2482 912 2545 mihi,
938 2481 996 2534 in
1040 2497 1154 2550 quo
1181 2479 1435 2532 ostendis
1467 2481 1791 2533 adulterino
1823 2487 2081 2534 teconce-

387 2578 549 2641 ptum
602 2570 927 2624 concubitu.
993 2570 1131 2622 Nam
1191 2567 1444 2635 legitime
1474 2568 1592 2620 nati
1650 2569 1858 2622 arctius
1887 2574 2080 2622 amant

387 2665 594 2731 patres.

454 2748 636 2817 (ΗΑΒ.)
693 2745 841 2809 Quid
898 2749 982 2798 est
1035 2744 1187 2813 quod
1261 2745 1533 2797 Joiiatlias
1601 2746 1794 2798 volens
1851 2760 2074 2798 servare

388 2836 579 2902 David,
623 2840 754 2898 etc.,
787 2848 955 2900 usque
989 2832 1062 2884 ad
1105 2833 1203 2885 sed
1235 2848 1406 2902 quem
1440 2833 1616 2888 Moses
1660 2840 1718 2886 et
1776 2835 2074 2904 propheta:

387 2925 768 2994 prredixerant
794 2920 1111 2991 ignorabat.

1041 3045 1265 3098 CAPUT
1295 3045 1422 3106 XXI.

463 3175 616 3225 Vens.
664 3174 710 3222 l.
749 3199 814 3207 —
858 3169 1197 3222 Achimelech
1240 3168 1419 3238 (ΗΑΒ.)
1473 3171 1533 3223 Id
1568 3174 1669 3235 est,
1714 3169 1893 3235 frater
1933 3185 2083 3224 meus

387 3277 502 3326 retr,
539 3264 668 3319 etc.,
707 3271 876 3323 usque
917 3256 990 3308 ad
1019 3256 1262 3325 apostoli
1293 3273 1323 3309 a
1371 3257 1707 3326 contagione
1750 3259 2078 3311 Judaaorum

391 3349 502 3402 iide
535 3344 866 3400 sanctiﬁcati
896 3350 1046 3397 sunt.

465 3437 626 3488 Vens.
679 3437 731 3487 5.
771 3461 837 3472 —
907 3434 1010 3486 Via
1049 3433 1172 3500 (lo)
1209 3432 1270 3484 In
1324 3432 1580 3496 Hebraeo,
1640 3437 1771 3494 etc.,
1812 3447 1980 3500 usque
2009 3433 2084 3485 ad

393 3529 447 3578 et
475 3522 726 3593 periculo
759 3520 891 3572 vita:
922 3525 1166 3587 urgente
1200 3535 1315 3572 non
1351 3525 1671 3573 vesceretur
1700 3519 1800 3573 eis.

463 3613 627 3663 Vens.
675 3612 726 3662 6.
779 3638 846 3650 —
891 3608 1049 3662 Dedit
1102 3623 1244 3673 ergo.
1307 3607 1426 3676 (10.)
1482 3607 1766 3670 Quantum
1819 3609 1886 3662 ad
1943 3624 2082 3678 pro-

391 3699 646 3770 phetiam
679 3697 948 3768 pertinet,
983 3700 1113 3761 etc.,
1143 3711 1311 3763 usque
1339 3696 1414 3749 ad
1443 3697 1594 3749 unde
1632 3713 1644 3749 :
1675 3699 1740 3749 Si
1766 3712 1845 3750 me
1901 3712 2081 3764 perse-

391 3789 504 3840 cuti
531 3789 675 3852 sunt,
707 3789 759 3839 et
787 3799 882 3837 vos
907 3793 1300 3852 persequentur
1331 3785 1506 3851 (Joan.
1540 3786 1651 3852 xv).

464 3875 626 3926 Vens.
680 3876 730 3925 7.
763 3901 832 3912 -—
869 3874 930 3926 In
970 3872 1314 3924 tabernaculo
1345 3874 1576 3926 Domini.
1613 3873 1792 3942 (ΗΑΒ.)
1844 3874 1906 3926 In
1935 3872 2076 3927 Heb.

391 3963 635 4028 obligata
683 3963 736 4013 in
783 3965 1065 4028 conspectu
1116 3962 1372 4023 Domini,,
1425 3960 1568 4014 forte
1629 3961 1778 4014 enim
1828 3965 2077 4028 voverat,

390 4051 522 4121 quia
545 4048 980 4118 aliquotdicbus
1011 4048 1068 4100 in
1089 4047 1454 4101 tabernaculo
1508 4048 1729 4101 Domini
1754 4055 2078 4102 moraretur

393 4136 448 4183 et
487 4134 706 4182 vae-aret
739 4128 1110 4180 orationibus.

469 4221 600 4284 Docg
658 4218 952 4269 Idumaeas.
1012 4215 1136 4283 (Ιυ.)
1211 4213 1317 4277 Qui
1386 4215 1755 4276 camelorum,
1839 4215 1892 4268 id
1970 4220 2072 4282 est,

397 4305 734 4360 infructuosi
764 4303 954 4373 gregis
988 4308 1043 4355 et
1075 4303 1314 4355 tortuosi
1361 4311 1551 4356 custos
1581 4309 1722 4368 erat,
1754 4308 1882 4368 etc.,
1910 4319 2080 4372 usque

391 4393 466 4446 ad
524 4392 658 4463 quia
717 4407 886 4444 nemo
946 4394 1133 4460 potest
1191 4404 1392 4442 nocere
1451 4390 1672 4444 Christo
1722 4390 2079 4443 sacerdotum

391 4480 656 4553 principi,
685 4481 782 4547 qui
804 4481 974 4532 victor
1000 4476 1153 4531 caelos
1184 4476 1444 4530 ascendit.

461 4572 616 4640 (Ras.
674 4584 741 4620 ex
801 4567 948 4631 ISID.)
1009 4565 1177 4618 Acbis
1236 4565 1665 4633 interpretatur,
1723 4571 1852 4631 etc.,
1912 4581 2080 4634 usque

391 4659 465 4714 ad
497 4658 652 4711 intus
681 4655 870 4711 divina
901 4656 1098 4717 virtus,
1124 4659 1400 4722 tanquam
1431 4653 1605 4707 barba
1637 4654 1864 4708 latebat.

1026 4811 1248 4864 CAPUT
1287 4811 1442 4865 XXII.

463 4941 628 4994 Vens.
667 4941 720 4991 l.
759 4967 807 4975 —
877 4934 1028 5000 Quod
1076 4950 1213 4987 cum.
1279 4934 1461 5002 (Ras)
1518 4933 1870 5004 Signiﬁcavit
1926 4937 2077 5006 quod

391 5027 737 5096 Redemptor
766 5029 980 5089 noster,
1039 5025 1268 5091 peracta
1300 5022 1569 5090 passione
1597 5028 1651 5076 et
1684 5022 2076 5093 redemptione

389 5114 624 5168 humani
652 5110 896 5182 generis,
948 5110 1017 5162 de
1073 5107 1377 5161 Israelitica
1407 5108 1571 5178 plebe
1622 5108 1682 5162 in
1727 5109 1911 5163 Judaei
1957 5112 2074 5181 pri-

388 5217 549 5255 mum
581 5199 883 5251 Ecclesiam
916 5195 1239 5260 collocavit,
1285 5196 1352 5248 de
1386 5212 1500 5266 qua
1555 5200 1610 5248 et
1637 5211 1866 5250 carnem
1919 5214 2074 5251 sum-

387 5288 518 5359 psit.
554 5285 656 5340 Ubi
685 5286 884 5337 fratres
915 5283 1055 5352 ejus,
1081 5282 1134 5336 id
1170 5288 1272 5349 est,
1330 5282 1572 5351 apostoli
1631 5288 1688 5337 et
1715 5283 1918 5338 domus
1964 5302 2069 5355 pa-

389 5377 490 5429 tris
520 5375 664 5442 ojus,
691 5372 748 5425 id
781 5376 885 5436 est,
917 5371 1015 5440 qui
1055 5371 1418 5424 crediderunt
1445 5385 1508 5423 ex
1539 5370 1766 5436 Judaeis,
1800 5377 2078 5426 venerunt

389 5464 457 5516 ad
489 5462 672 5525 illum,
727 5463 786 5513 et
815 5462 1203 5512 convenerunt
1250 5457 1316 5512 ad
1350 5474 1480 5512 eum
1521 5473 1722 5513 omnes
1769 5459 1869 5530 qui
1909 5465 2073 5515 erant

2193 1691 2421 1745 Domini
2453 1692 2567 1746 Gad
2603 1693 2880 1762 propheta
2913 1692 3052 1746 dixit
3080 1694 3146 1747 ad
3189 1693 3382 1756 David,
3421 1701 3484 1746 ut
3523 1710 3635 1748 non
3687 1709 3868 1748 mora-

2189 1785 2348 1836 retur
2394 1780 2544 1833 inter
2588 1786 2786 1850 gentes
2843 1781 2902 1834 in
2951 1787 3102 1834 terra
3155 1783 3398 1851 polluta,
3448 1782 3546 1836 sed
3576 1783 3636 1836 in
3665 1787 3869 1836 terram

2187 1869 2345 1923 Judae
2375 1869 2590 1936 redeat,
2623 1869 2720 1922 ubi
2740 1869 2899 1939 juxta
2941 1870 3290 1924 voluntatem
3341 1871 3568 1925 Domini
3606 1887 3864 1941 persecu-

2192 1959 2405 2012 tionem
2435 1958 2728 2012 sustineat.

2811 2064 3036 2118 CAPUT
3075 2065 3257 2118 XXIII.

2259 2155 2418 2208 Vaas.
2484 2156 2566 2206 ll.
2629 2183 2697 2191 —
2752 2152 3064 2208 Descendet.
3135 2153 3316 2221 (ΗΑΒ.)
3374 2152 3432 2207 Si
3509 2153 3601 2207 hic
3658 2154 3874 2207 steteris

2189 2242 2490 2296 descendet
2547 2241 2701 2309 Saul,
2761 2245 2816 2294 et
2854 2240 3083 2294 tradent
3122 2245 3178 2294 te
3208 2241 3313 2294 viri
3365 2241 3533 2296 Ceilaa
3584 2242 3645 2295 in
3674 2259 3874 2296 manus

2189 2331 2347 2400 ejus:
2409 2346 2546 2400 ergo
2581 2331 2935 2384 voluntatem
2967 2345 3167 2383 eorum
3214 2330 3502 2384 indicavit.
3540 2331 3654 2384 Viri
3684 2338 3873 2386 autem

2190 2418 2354 2470 Ceilaa
2402 2415 2612 2486 ingrati
2674 2416 2962 2470 beneﬁciis
3016 2416 3207 2477 David,
3265 2433 3408 2488 quos
3484 2419 3554 2472 de
3613 2420 3876 2473 manibus

2187 2504 2656 2558 Philisthinorum
2704 2504 2982 2569 liberavit,
3015 2505 3346 2559 Judaaorum
3378 2506 3772 2562 inﬁdelitatem
3805 2508 3874 2560 si-

2187 2593 2464 2663 gnificant
2507 2596 2564 2646 et
2615 2593 3057 2646 inconstantiam
3090 2594 3189 2664 qui
3231 2595 3596 2666 Redemptori
3653 2613 3759 2650 suo
3794 2597 3875 2650 in-

2190 2681 2336 2752 grati
2368 2681 2520 2751 apud
2553 2681 2746 2734 saeculi
2775 2686 3081 2750 potestates
3109 2682 3472 2738 insidiantur.
3505 2684 3656 2738 Ceila
3688 2690 3878 2740 autem

2190 2771 2599 2840 interpretatur
2617 2769 2691 2822 ad
2737 2769 2971 2836 fundam
2994 2772 3166 2837 jacta,
3203 2771 3288 2824 vel
3339 2772 3596 2826 excellens
3643 2775 3878 2828 sibimet.

2191 2860 2252 2913 In
2283 2860 2515 2912 circuitu
2565 2859 2724 2926 impii
2759 2858 3039 2912 ambulant
3072 2858 3250 2927 (Psal.
3298 2859 3394 2929 ιι).
3433 2861 3514 2925 Et,
3560 2861 3774 2916 Stultus
3825 2868 3882 2916 ut

2107 2941 2148 2998 C
2189 2948 2320 3002 luna
2347 2951 2594 3001 mutatur
2631 2947 2821 3014 (Eccli.
2856 2949 3048 3016 xxvii).

2261 3037 2422 3090 Vens.
2452 3036 2534 3089 14.
2563 3065 2629 3073 -
2661 3035 2818 3103 Ziph.
2853 3034 3038 3104 (ΗΑΒ.)
3075 3036 3234 3106 Apud
3266 3051 3324 3090 se
3356 3036 3673 3092 latitantem
3706 3039 3881 3093 David

2189 3123 2346 3178 Sauli
2376 3121 2770 3192 prodiderunt,
2803 3127 3003 3176 etcum
3037 3137 3106 3175 eo
3138 3123 3207 3177 de
3239 3129 3420 3177 morte
3451 3124 3573 3194 ejus
3602 3131 3881 3180 tractave-

2111 3256 2124 3270 .
2189 3216 2341 3266 runt.
2369 3210 2582 3282 Ζίριιωὶ
2611 3215 2802 3264 autem
2830 3213 3072 3278 ﬂorentes
3098 3212 3185 3265 vel
3205 3214 3567 3278 germinantes
3598 3214 3884 3286 interpre-

2188 3303 2401 3365 tantur,
2452 3301 2510 3351 et
2541 3296 2864 3368 signiﬁcant
2902 3314 2996 3351 eos
3023 3299 3247 3353 Judazos
3302 3299 3402 3370 qui
3433 3301 3632 3356 ﬂorem
3667 3302 3881 3356 terreni

2190 3388 2354 3458 regni
2425 3390 2961 3457 appetentesgcum
3027 3388 3381 3458 principibus
3428 3390 3546 3443 suis
3594 3391 3665 3445 de
3744 3407 3881 3445 nece

2191 3474 2400 3528 Christi
2440 3480 2839 3542 tractaverunt,
2897 3476 3182 3546 quomodo
3215 3493 3344 3530 cum
3377 3494 3479 3548 per
3533 3479 3879 3550 discipulum

2190 3582 2356 3618 suum
2398 3565 2683 3634 perditum
2717 3565 3228 3636 apprehenderent,
3262 3572 3319 3620 et
3347 3567 3578 3637 prtesidi
3607 3570 3676 3622 ad
3711 3570 3884 3623 inter-

2191 3653 2497 3707 ﬁciendum
2544 3653 2864 3720 traderent;
2901 3659 2958 3707 et
3014 3653 3280 3708 ﬂorentes
3337 3655 3528 3708 saeculi
3586 3656 3880 3711 Christum

2190 3739 2248 3793 in
2273 3740 2564 3807 membris,
2593 3745 2905 3810 potestates
2931 3740 3144 3794 scilicet
3167 3742 3337 3811 hujus
3367 3743 3566 3796 mundi
3595 3745 3877 3814 produnt.

2809 3848 3032 3902 CAPUT
3071 3848 3246 3904 XXIV.

2262 3937 2420 3990 νεεδ.
2453 3937 2506 3990 4.
2539 3965 2607 3974 -
2628 3938 2867 4005 Eratque
2885 3936 2982 4004 ibi,
3017 3941 3118 3990 etc.
3153 3936 3312 4006 (ΗΑΒ.
3345 3954 3409 3991 ex
3443 3937 3639 4009 Euch.)
3674 3940 3792 3993 Rex
3820 3945 3886 3992 ex

2189 4024 2513 4095 improvisis
2559 4030 2823 4095 exceptus
2865 4024 3105 4091 insidiis,
3138 4031 3264 4092 etc.,
3319 4041 3487 4096 usque
3539 4027 3614 4080 ad
3643 4028 3727 4081 ait
3778 4027 3886 4082 Sa-

2190 4113 2343 4167 muel
2376 4130 2388 4166 :
2423 4115 2643 4181 Dirupit
2673 4115 2929 4167 Dominus
2965 4129 3188 4181 regnum
3228 4117 3394 4170 Israel
3439 4116 3504 4169 de
3550 4132 3722 4169 manu
3755 4123 3877 4170 tua.

2263 4203 2470 4270 (Gneo,
2504 4202 2721 4266 Moral.,
2753 4205 2892 4255 tom.
2925 4201 3016 4272 II.)
3066 4201 3209 4266 Quid
3241 4219 3343 4273 per
3392 4203 3543 4265 Saul.
3575 4203 3690 4259 nisi
3750 4205 3886 4258 mali

2188 4289 2478 4344 rectores?
2509 4292 2639 4356 etc.,
2684 4303 2850 4358 usque
2871 4289 2957 4358 Lad
3001 4291 3150 4344 unde
3181 4292 3395 4362 Moyses
3426 4308 3555 4346 cum
3587 4299 3795 4347 contra
3828 4310 3887 4346 se

2190 4383 2246 4433 et
2273 4381 2461 4432 Aaron
2494 4377 2772 4447 populum
2818 4379 3094 4449 conqueri
3147 4380 3530 4450 cognovisset,
3598 4381 3728 4436 ait:
3777 4383 3886 4437 Nos

2189 4469 2329 4520 enim
2359 4465 2493 4534 quid
2515 4481 2698 4520 sumus
2724 4466 2927 4537 (Exod.
2959 4466 3116 4536 xvr)?

2266 4556 2436 4620 Vivit,
2473 4560 2576 4607 etc.
2609 4554 2889 4607 Defectiva
2915 4553 3118 4609 littera-
3148 4555 3424 4626 .losephus
3468 4557 3702 4628 supplet
3737 4575 3752 4612 :
3786 4559 3887 4629 qui

2188 4646 2350 4696 erant
2405 4657 2536 4696 cum
2585 4659 2651 4696 eo
2709 4643 3130 4713 redarguebant
3188 4660 3340 4698 eum.
3400 4644 3672 4699 Servabat
3729 4649 3889 4702 enim

2187 4729 2484 4784 inimicum
2516 4730 2614 4801 qui
2645 4730 2869 4784 volebat
2899 4731 3086 4786 delere
3127 4747 3281 4799 eum,
3317 4737 3373 4786 et
3402 4732 3618 4788 sedavit
3639 4751 3764 4801 eos,
3801 4735 3889 4790 di-

2187 4833 2347 4872 cens:
2388 4821 2534 4874 Vivit
2564 4822 2838 4886 Dominus,
2875 4824 2980 4874 etc.

2824 4926 3050 4980 CAPUT
3088 4925 3237 4980 XXV.

2259 5015 2419 5069 Vens.
2451 5017 2498 5068 l.
2564 5045 2627 5052 —
2662 5015 2901 5068 Pharan.
2957 5015 3118 5084 (Ras.
3153 5017 3211 5068 in
3237 5015 3331 5069 lib.
3363 5017 3527 5083 Reg.,
3583 5021 3726 5073 tom.
3795 5019 3893 5089 II.)

2184 5102 2469 5173 Oppidum
2509 5108 2591 5154 est
2645 5101 2704 5155 in
2748 5101 2956 5156 Arabia
3001 5103 3249 5157 vicinum
3308 5103 3628 5170 Saracenis,
3686 5107 3795 5177 qui
3831 5109 3891 5161 in

2186 5193 2492 5246 solitudine
2511 5198 2671 5246 erant
2701 5210 2714 5246 :
2750 5209 2854 5263 per
2880 5193 2984 5246 hoc
3016 5194 3362 5248 transierunt
3391 5194 3493 5248 Iilii
3520 5195 3718 5261 Israel,
3754 5211 3891 5251 cum

2186 5281 2256 5335 de
2285 5287 2476 5334 monte
2505 5280 2661 5334 Sinai
2712 5287 2895 5335 castra
2929 5281 3262 5336 movissent.
3323 5283 3415 5337 Est
3443 5287 3634 5337 autem
3678 5292 3892 5340 contra

2184 5367 2490 5421 australem
2517 5368 2766 5438 plagam,
2791 5373 2848 5426 et
2875 5368 3048 5423 distat
3075 5369 3146 5424 ab
3175 5369 3336 5424 Haila
3360 5375 3554 5424 contra
3581 5371 3888 5429 Orientem

2183 5463 2389 5517 itinere
2426 5463 2648 5517 dierum
2691 5462 2886 5519 trium.
2921 5464 2985 5518 In
3037 5464 3256 5520 deserto
3305 5465 3528 5520 Pharan
3585 5475 3888 5523 memorat
