3998 6178
177 332 250 383 Titii
1247 333 1500 388 GLOSSA
1539 335 1937 391 OlilllNARlA.
1977 366 2045 375 —
2087 338 2219 391 LIB.
2264 338 2286 390 l
2325 337 2479 391 RBG.
3525 342 3630 395 562

173 450 412 520 Scriptura
464 449 747 504 habitasse
792 452 1107 518 lsmaelem,
1142 470 1173 507 a
1222 470 1336 525 quo
1382 457 1676 512 lsmaelitae
1719 458 1817 529 qui
1847 463 1889 515 A
1932 460 2151 513 Hebraei
2185 459 2436 525 tradunt,
2468 459 2784 529 jejuuando
2817 465 2871 513 et
2903 460 3120 513 orando
3151 477 3182 514 a
3232 462 3347 515 Deo
3394 463 3624 532 peteba-

172 554 294 593 nunc
322 537 572 591 Saraceni
622 538 909 593 dicuntur.
964 540 1229 611 Legimus
1276 549 1331 597 et
1379 545 1824 600 Chodorlaomor
1934 554 2026 602 tur
2058 549 2401 602 oraculum:
2460 555 2515 601 et
2562 549 2708 601 Deus
2765 548 2874 601 illis
2931 565 3034 618 per
3062 550 3287 604 somnia
3336 551 3626 606 revelabat

171 626 471 699 percussisse
503 642 598 680 eos
630 626 728 697 qui
758 633 921 682 erant
950 628 1005 682 in
1039 629 1261 683 deserto
1297 632 1536 687 Pharan.
1930 638 2141 701 futura,
2167 636 2322 707 quod
2342 636 2471 691 Saul
2506 636 2700 689 fecisse
2733 654 2847 689 non
2881 637 3111 707 legitur.
3630 642 3633 657 '

226 717 360 768 Vsus.
409 718 460 770 3.
516 745 575 755 —-
636 718 831 783 Nabal,
884 722 988 771 etc.
1052 719 1236 788 (Rite,
1295 722 1451 789 ibid.)
1513 722 1606 775 Vir
1645 724 1822 777 durus
1999 727 2180 792 Neque
2222 740 2320 793 per
2380 724 2696 778 sacerdotes.
2761 724 2901 793 (1ο.)
2954 726 3016 777 In
3068 724 3234 777 Hebr.
3295 727 3473 793 Neque
3528 743 3627 795 per

172 810 215 857 et
246 803 526 874 pessimus,
562 808 647 858 etc
678 847 693 870 ,
733 821 902 875 usque
931 807 1005 860 ad
1036 808 1229 861 unde:
1285 810 1564 864 Gaudium
1612 814 1715 866 erit
1763 816 1821 867 in
1931 824 2103 873 ams:
2138 816 2302 877 urim,
2364 813 2420 865 id
2472 817 2557 865 est
2610 813 2949 877 doctrinam,
3011 828 3199 882 neque
3257 829 3357 882 per
3414 815 3621 883 ephod,

171 893 265 946 calo
290 907 439 961 super
462 908 566 947 uno
592 898 864 963 peccatore
887 898 1262 964 penitentiam
1293 903 1488 964 agente
1516 901 1666 965 (Luc.
1709 900 1817 970 xv).
1930 902 2144 954 scilicet
2198 900 2353 971 quod
2383 901 2641 953 sacerdos
2681 902 2916 977 gerebat
2963 900 3020 953 in
3081 906 3326 970 pectore,
3378 900 3438 954 in
3469 904 3622 972 quod

223 983 363 1033 Vens.
427 983 509 1035 18.
573 1012 643 1021 —
697 984 849 1038 Sata.
904 984 1099 1038 Satum
1158 990 1242 1038 est
1297 1002 1476 1055 genus
1538 1004 1821 1043 mensura:
1929 989 2204 1058 scriptum
2235 994 2398 1043 erat:
2436 988 2692 1041 doctrina
2724 995 2780 1041 et
2812 988 3030 1040 veritas.

176 1067 436 1121 continens
461 1068 721 1123 modium
744 1075 799 1123 et
819 1071 1007 1125 semis.
1032 1073 1261 1126 Polenta
1288 1079 1372 1127 est
1402 1076 1821 1130 accuratissima
2002 1077 2167 1128 Vens.
2213 1078 2269 1128 9.
2317 1103 2384 1113 —
2433 1076 2635 1140 Magos.
2696 1074 2839 1142 Magi
2890 1079 3130 1127 utuntur
3185 1074 3464 1144 sanguine
3512 1076 3621 1128 liu—

166 1156 333 1209 farina.
382 1157 493 1209 L'va
558 1174 723 1227 passa
761 1159 969 1213 dicitur
1016 1177 1144 1230 qua:
1183 1162 1516 1232 priusquam
1570 1169 1821 1217 matnre-
1930 1178 2123 1228 mano,
2186 1167 2241 1216 et
2288 1168 2548 1215 contactu
2583 1167 2941 1215 mortuorum
2976 1163 3033 1215 in
3068 1163 3357 1215 maleficiis
3390 1168 3444 1216 et
3476 1164 3617 1216 divi-

165 1246 258 1295 seat
282 1243 346 1296 ad
398 1244 573 1297 solem
616 1246 712 1299 diu
756 1248 1088 1316 exsiccatur,
1125 1256 1181 1302 et
1227 1250 1306 1303 sic
1336 1256 1612 1305 servatur.
1670 1253 1819 1305 Mas-
1929 1250 2259 1303 nationibus
2291 1250 2452 1302 arioli
2484 1249 2614 1302 solis
2657 1249 2859 1314 verbis,
2911 1248 2967 1301 id
3002 1255 3085 1301 est
3133 1249 3619 1303 incantationibus

162 1347 233 1382 sas
252 1330 574 1395 caricarum,
613 1334 664 1387 id
698 1339 795 1397 est,
831 1336 1104 1408 ligaturas
1145 1338 1213 1391 de
1244 1339 1520 1393 fructibus
1554 1340 1814 1393 ﬁcorum'
1928 1337 2205 1391 divinant.
2250 1338 2485 1406 Pythius
2526 1337 2734 1389 dicitur
2762 1337 2963 1404 Apollo
3014 1338 3218 1389 harum
3251 1336 3460 1390 artium
3499 1339 3618 1390 cul-

220 1421 358 1473 Vens.
385 1423 471 1475 29.
506 1451 574 1461 —-
607 1425 727 1477 Erit
758 1427 959 1489 anima,
994 1431 1100 1479 etc.
1136 1428 1315 1495 (RAB.,
1350 1444 1412 1481 ex
1449 1429 1645 1499 Euch.)
1680 1428 1818 1483 l’ul-
1928 1430 2032 1490 tor,
2063 1441 2093 1476 a
2139 1441 2253 1494 quo
2286 1424 2657 1493 Pylhonissaz,
2700 1424 2754 1477 id
2786 1430 2869 1476 est
2895 1423 3070 1477 divini
3105 1441 3116 1476 :
3158 1424 3259 1476 hos
3298 1424 3428 1477 Saul
3456 1424 3617 1494 quasi

161 1508 408 1562 cherrima
444 1512 901 1581 comparatione,
936 1518 1065 1580 etc.,
1113 1530 1283 1584 usque
1312 1517 1386 1569 ad
1425 1517 1510 1570 vel
1544 1517 1613 1570 de
1646 1517 1816 1571 rebus
1927 1513 2045 1565 zelo
2102 1512 2245 1581 legis
2306 1511 2532 1577 delevit,
2593 1511 2749 1581 quia,
2798 1516 2872 1580 .ut
2927 1511 3107 1576 aiunt,
3167 1529 3200 1564 a
3260 1512 3617 1566 daemonibus

159 1597 390 1651 humanis
419 1598 596 1652 ablati
618 1606 769 1655 sunt.
1925 1600 2102 1653 coacti
2145 1599 2316 1652 David
2348 1615 2541 1667 regem
2575 1615 2693 1651 esse
2724 1598 2981 1651 futurum
3011 1598 3503 1668 praeconabantur.

217 1686 369 1741 Vsus.
416 1690 481 1742 37
532 1717 600 1729 —
651 1690 789 1744 Cum
853 1690 1178 1759 digessisset.
1233 1690 1461 1761 (GREG.)
1512 1692 1817 1746 Iracundos
1852 1740 1890 1761 η
2002 1690 2159 1742 Vens.
2224 1692 2303 1742 ll.
2367 1717 2430 1727 —
2492 1688 2657 1753 Quem
2713 1688 3001 1741 suscitabo.
3053 1688 3240 1757 (Auc.,
3307 1692 3462 1757 epist.
3541 1689 3616 1742 ad

160 1775 333 1829 melius
364 1776 721 1847 corrigimus,
756 1778 801 1831 si
832 1779 890 1832 in
937 1781 1059 1850 ipsa
1097 1780 1198 1833 ira
1229 1780 1609 1834 commotione
1642 1780 1812 1834 decli-
1853 1775 1891 1793 ”
1930 1775 2361 1846 Simplicianum,
2396 1780 2531 1829 tom.
2567 1777 2662 1843 Il.)
2712 1775 2930 1839 Quan‘is
2968 1780 3161 1829 utrum
3206 1778 3456 1846 potuerit
3485 1793 3614 1830 ma-

160 1879 360 1931 nemus;
393 1866 709 1935 perturbati
736 1868 909 1929 enim,
943 1868 1075 1939 quid
1102 1868 1355 1934 audiant,
1396 1869 1682 1939 ignorant.
1706 1870 1813 1924 Sed
1924 1866 2113 1933 lignus
2163 1864 2394 1934 spiritus
2460 1863 2703 1917 excitare
2752 1863 3003 1917 animam
3048 1864 3208 1933 justi,
3266 1868 3394 1930 etc.,
3448 1881 3614 1934 usque

158 1967 265 2005 cum
317 1969 347 2006 a
413 1970 473 2007 se
529 1956 787 2019 redeunt,
846 1962 1005 2010 tanto
1071 1957 1343 2011 libentius
1405 1959 1814 2011 exhortationis
1924 1954 1997 2008 ad
2057 1958 2117 2007 ut
2185 1953 2254 2005 ad
2302 1957 2523 2021 'parem
2581 1952 2972 2005 conditionem
3044 1952 3241 2006 mortis
3312 1953 3609 2019 referatur,

158 2042 303 2095 verba
346 2042 650 2113 recipiunt,
698 2051 910 2115 quanto
932 2062 990 2099 se
1022 2047 1387 2117 tranquillius
1415 2047 1644 2101 tolerari
1678 2065 1814 2101 eru-
1924 2041 2074 2112 quod
2127 2045 2365 2109 uterque
2422 2038 2814 2093 liomo'fuerit
2857 2042 2913 2091 et
2960 2038 3107 2091 mori
3164 2040 3437 2108 potuerit,
3490 2041 3610 2109 jam

155 2128 374 2184 bescunt.
431 2132 605 2186 Menti
661 2140 852 2187 autem
904 2134 1095 2188 furore
1151 2135 1322 2189 ebrias
1371 2151 1541 2188 omne
1592 2140 1811 2189 rectum
1924 2134 2186 2183 mortuus
2216 2134 2457 2181 mortem
2488 2127 2613 2180 vivo
2645 2126 3073 2195 prrenuntiavit'.

157 2218 283 2287 quod
339 2219 566 2287 dicitur,
621 2238 948 2291 perversum
1006 2224 1276 2277 videtur:
1335 2225 1483 2277 unde
1532 2228 1589 2277 et
1636 2224 1809 2277 Nabal
2559 2250 2783 2303 CAPUT
2822 2250 2975 2303 XXIX

156 2305 286 2379 ebrio
313 2309 536 2378 culpam
567 2326 728 2363 suam
767 2310 988 2381 Abigail
1021 2311 1382 2365 laudabiliter
1410 2312 1602 2377 tacuit,
1638 2327 1811 2382 quam

158 2392 342 2464 digesto
389 2397 524 2450 vino
580 2398 941 2453 laudabiliter
988 2400 1145 2453 dixit.
1198 2401 1405 2453 Malum
1455 2400 1609 2453 enim
1658 2399 1811 2471 quod

156 2482 333 2538 fecerat
362 2501 569 2539 nocere
598 2488 801 2557 potuit,
836 2489 971 2558 quia
1003 2489 1194 2542 ebrius
1224 2481 1337 2541 no'n
1364 2489 1594 2542 audivit.
1724 2548 1738 2566 5

210 2572 354 2626 Vens.
412 2575 503 2627 44.
561 2604 629 2613 -—
683 2574 865 2629 Phalti
918 2578 1048 2644 ﬁlio.
1127 2578 1314 2647 (ΗΑΒ.)
1368 2576 1522 2630 Sicut
1578 2577 1813 2630 tradunt

1994 2357 2155 2411 Vens.
2189 2361 2240 2409 5.
2293 2386 2359 2395 —
2390 2357 2661 2409 Percussit
2690 2355 2838 2409 Saul.
2890 2353 3214 2407 Invidentes
3253 2353 3449 2423 gloriae
3507 2356 3612 2407 Da-

1921 2444 2015 2498 vid
2048 2445 2209 2497 aiunt
2253 2458 2382 2495 eum
2429 2458 2709 2511 pugnasse
2741 2445 2963 2495 tantum
3016 2441 3074 2492 in
3123 2440 3317 2493 decem
3365 2439 3617 2493 millibus

1922 2532 2085 2603 quasi
2144 2531 2382 2585 minoris
2441 2531 2731 2600 potentias.
2807 2530 2933 2583 Saul
2992 2532 3183 2581 autem
3242 2528 3301 2580 in
3357 2527 3613 2580 millibus

1923 2620 2085 2691 quasi
2132 2618 2668 2683 innumerabilibus,
2724 2633 2829 2670 nec
2879 2616 3097 2669 addunt
3154 2620 3293 2685 quot
3337 2614 3617 2685 percussit

1921 2707 2242 2760 invidentes
2292 2707 2523 2759 illorum
2558 2705 2736 2769 laudi,
2791 2705 2875 2757 vel
2927 2719 2997 2756 ne
3046 2720 3175 2756 suos
3207 2708 3505 2757 terrerent.
3549 2705 3615 2756 In

1922 2795 2321 2849 vetustissimis
2377 2793 2535 2847 libris
2576 2809 2690 2846 non
2722 2792 2965 2845 habetur
2994 2791 3247 2844 millibus
3282 2808 3294 2844 :
3348 2791 3442 2844 sed
3491 2796 3613 2843 lan-

1924 2900 2095 2953 quam
2125 2884 2289 2947 mille,
2325 2882 2394 2934 de
2424 2881 2599 2934 decem
2654 2881 2827 2933 millia
2862 2883 3107 2932 tantum.

2559 2986 2783 3041 CAPUT
2822 2987 2966 3039 XXX.

158 2659 361 2727 Hebrzei,
401 2678 523 2716 non
556 2663 820 2734 cognovit
846 2679 970 2716 eam
1018 2664 1218 2726 Phalti,
1257 2665 1392 2735 quia
1431 2664 1477 2716 si
1515 2664 1810 2734 cognovis-

158 2755 239 2814 set,
268 2751 428 2805 David
471 2756 676 2821 postea
720 2768 836 2805 non
889 2753 1197 2822 recepisset
1225 2768 1371 2819 eam,
1424 2752 1558 2823 quia
1596 2755 1652 2805 in
1688 2755 1810 2822 lege

159 2839 482 2906 prohibetur.
549 2841 735 2894 Phalti
786 2841 939 2894 enim
980 2843 1045 2895 de
1091 2842 1294 2896 Gallim
1326 2846 1467 2909 erat,
1516 2841 1570 2895 id
1623 2846 1705 2895 est
1740 2841 1809 2895 de

156 2928 517 2993 mundatione,
552 2929 607 2983 id
634 2937 715 2983 est
742 2930 811 2984 de
849 2931 993 3000 lege.
1058 2930 1216 3001 Legis
1260 2930 1413 2983 enim
1466 2930 1662 2984 doctor
1693 2937 1814 2984 erat

155 3014 209 3067 de
232 3017 468 3084 Baurim,
497 3017 555 3072 id
587 3022 668 3071 est
694 3018 762 3072 de
796 3019 1000 3081 electis,
1038 3019 1265 3089 quando
1301 3018 1500 3072 Michol
1534 3019 1583 3071 ei
1615 3018 1805 3075 datur.
1842 3017 1881 3073 C

152 3104 307 3158 Phalti
345 3106 503 3160 enim
555 3108 765 3160 vadens
803 3107 1028 3173 dicitur,
1062 3107 1289 3177 quando
1321 3106 1604 3172 aufertur;
1641 3107 1790 3160 Phal‘

1996 3097 2155 3149 Vens.
2224 3098 2266 3148 l.
2308 3124 2364 3132 ——
2422 3095 2666 3160 Cumque
2723 3092 3058 3145 Amalecitw.
3108 3091 3325 3158 (Guec.,
3358 3090 3457 3143 lib.
3491 3106 3615 3143 χχιι

148 3191 247 3258 tie],
287 3194 339 3248 id
396 3201 483 3249 est
541 3196 784 3250 evadens
811 3213 841 3250 a
904 3198 1018 3250 Deo
1050 3197 1256 3250 dicitur
1289 3212 1301 3249 :
1352 3196 1485 3266 quia
1516 3195 1786 3250 custodivi

1996 3185 2139 3251 irai.)
2191 3181 2678 3237 Considerandum
2734 3184 2817 3233 est
2867 3179 3003 3248 quid
3053 3178 3123 3231 sit
3172 3178 3326 3248 quod
3390 3178 3613 3231 Amale-

146 3298 255 3336 eum
288 3300 355 3338 ne
386 3290 655 3355 tangeret
706 3301 851 3345 eam,
907 3301 979 3339 ne
1014 3286 1173 3338 ﬁeret
1213 3290 1595 3354 transgressor
1626 3284 1763 3353 legis
1797 3301 1809 3351 ;
1921 3272 2049 3328 citae
2078 3271 2296 3341 Siceleg
2344 3269 2625 3323 invadunt
2673 3273 2728 3322 et
2782 3268 3031 3336 praedam
3074 3266 3325 3335 capiunt,
3359 3271 3487 3330 etc.,
3520 3281 3611 3319 us-

146 3376 314 3426 tamen
364 3352 593 3427 secutus
650 3380 732 3427 est
781 3390 905 3428 eam
938 3374 1169 3443 plorans
1200 3352 1395 3443 usque
1430 3372 1652 3426 Baurim
1692 3352 1812 3442 prae
1922 3378 2022 3431 quc
2056 3360 2129 3414 ad
2161 3375 2304 3430 quos
2334 3356 2716 3443 communiter
2748 3354 2998 3409 mundus
3028 3353 3237 3406 habere
3267 3352 3539 3421 deSPeXit-

145 3461 348 3529 gaudio,
384 3462 524 3533 quia
553 3478 669 3516 ηοη
702 3438 967 3531 tetigera}
990 3477 1136 3514 eam.
1285 3438 1302 3443 ’
1696 3438 1712 3442 ’
1995 3449 2153 3502 Vsus.
2206 3450 2292 3501 21.
2343 3475 2413 3486 —
2461 3438 2846 3501 Substite‘runt.
2874 3441 3113 3494 Ducenti
3155 3441 3287 3494 lassi
3338 3441 3465 3507 viri,
3517 3442 3615 3511 qui

746 3529 971 3623 CAPUT
1017 3569 1192 3622 xxv].
1921 3553 2050 3590 cum
2080 3535 2313 3589 sarcinis
2344 3541 2477 3587 sunt
2529 3532 2727 3599 relicti,
2772 3530 3097 3623 signiﬁcant
3126 3529 3383 3583 inﬁrmos
3424 3530 3610 3583 Eccle-

204 3673 239 3720 ν
678 3674 697 3689 ,
753 3617 858 3623 *ω
889 3617 918 3621 ”
943 3617 959 3621 ’
1284 3676 1293 3686 .
1707 3675 1716 3685 ,
1923 3625 2042 3692 δία»,
2089 3623 2188 3695 qui
2228 3640 2357 3676 eum
2389 3621 2759 3691 spritualibus
2800 3618 2933 3671 viris
2976 3633 3202 3671 currere
3234 3621 3526 3687 nequeunt
3555 3617 3614 3670 in

243 3689 352 3726 eas.
388 3677 496 3728 1-5,
532 3702 604 3713 -
642 3674 721 3727 Lt
757 3679 1035 3728 venerunt.
1088 3674 1311 3728 Zinhaez.
1360 3679 1489 3728 etc..
1535 3677 1813 3727 Dormien-
1962 3711 1969 3719 ι
2136 3711 2147 3728 ι
2196 3710 2310 3728 μς,
2359 3710 2390 3728 ,ε
2416 3710 2524 3728 .__-
2564 3707 2769 3728 LL”.
2799 3710 2845 3728 ,ι
2885 3722 3021 3728 η.--
3060 3705 3272 3728 Lm“...
3317 3708 3536 3728 ---..-...
3585 3721 3610 3728 ._

210 3690 352 3726 VLRS.
388 3690 496 3728 1-0.
532 3702 604 3713 —
636 3690 721 3774 Im
757 3690 1035 3773 uenerunt,
1088 3690 1311 3742 Lipliaez.
1360 3690 1489 3740 etc.,
1535 3690 1813 3727 Um'm'm’
1924 3690 2151 3773 ἡδέες-(1
2185 3710 2321 3778 quia
2358 3690 2531 3762 tidem
2564 3707 2773 3761 habent
2796 3710 2851 3758 et
2880 3722 3024 3774 opus
3059 3705 3276 3757 bonum
3316 3708 3557 3769 servant,
3583 3721 3617 3756 a

146 3765 249 3823 tem,
288 3768 392 3815 etc.
430 3764 591 3830 (Rau.
626 3778 683 3815 in
730 3762 824 3816 lib.
876 3765 1028 3830 Beg.,
1076 3767 1215 3814 tom.
1260 3762 1353 3827 ll.)
1390 3763 1816 3831 Persequuntur
1924 3797 2144 3831 Μινώα
2190 3796 2485 3831 mmmmm
2544 3793 2914 3831 ιηωίηηδίηςε
2958 3808 3082 3831 mm
3122 3791 3381 3831 “Nam”:
3413 3790 3612 3831 ηηηρί-

146 3790 249 3823 εειιι,
284 3790 392 3861 etc.
430 3790 591 3860 inuis.
627 3790 683 3815 ιιι
730 3790 824 3816 ιιυ.
876 3790 1028 3830 ησυη
1082 3790 1215 3814 ιυω.
1260 3790 1813 3858 ιι.).ι“υιιδυι1ιιυυ¹νυξ
1924 3797 2144 3853 Christo
2189 3796 2489 3866 praemium
2542 3793 2914 3861 beatitudinis
2958 3808 3085 3845 ειιῐιι
3120 3791 3381 3860 perfectis
3413 3790 3612 3861 praeci-

144 3848 295 3897 Judipi
349 3852 665 3897 Christum-
728 3856 858 3897 etc--
925 3864 1096 3897 11.80118
1146 3849 1220 3897 ad
1280 3850 1637 3897 altitudinem
1690 3850 1816 3897 cmli
1968 3886 1977 3894 .
2072 3890 2080 3897 .

169 3850 297 3903 udazi
349 3851 666 3956 C‘hristum,
728 3856 858 3913 etc.,
925 3864 1096 3917 uSque
1146 3849 1220 3903 ad
1280 3849 1638 3902 altitudinem
1690 3849 1816 3902 caeli
1925 3849 2106 3956 Ilum.

148 3939 469 3992 conscendit.
1929 3939 1941 3956 ι
2552 3969 2774 4022 CAPUT
2814 3968 2987 4021 XXXI.

741 4026 963 4079 CAPUT
1002 4026 1204 4079 XXVII.

206 4131 350 4185 Vens.
407 4134 462 4185 8.
517 4162 588 4171 —
650 4133 906 4199 Agebant
946 4131 1165 4200 praedas
1225 4132 1290 4186 de
1350 4134 1599 4195 Gessuri,
1658 4138 1706 4185 et
1753 4132 1818 4184 de

147 4219 298 4286 Gerzi,
348 4226 459 4276 etc.
499 4222 783 4289 (HlERON,
827 4225 1015 4290 quaest.
1051 4221 1212 4274 Hebr.
1259 4222 1316 4273 in
1364 4220 1515 4290 Reg.)
1572 4220 1638 4272 lli
1684 4220 1818 4288 pagi

147 4321 240 4360 non
270 4316 430 4364 erant
469 4311 580 4364 sub
611 4315 888 4381 potestate
921 4310 1108 4364 Achis.
1161 4309 1404 4364 Habitati
1450 4309 1506 4362 in
1532 4314 1679 4361 terra
1710 4325 1807 4360 an-
1845 4295 1887 4347 Ῐ)

148 4396 363 4465 tiquitus
431 4398 728 4463 dicuntur,
799 4398 936 4468 quia
993 4399 1171 4469 quieti
1231 4403 1285 4451 et
1346 4399 1528 4451 securi
1583 4396 1816 4451 liabitati

147 4483 363 4551 fuerant,
389 4492 449 4540 et
478 4486 699 4540 nullius
730 4485 908 4539 hostis
947 4486 1371 4555 deprecationes
1401 4486 1674 4555 perpessi.

1999 4088 2152 4140 Vens.
2196 4090 2246 4139 2.
2301 4114 2367 4123 —
2423 4086 2802 4137 Percusserunt
2847 4080 3132 4133 Jonathan
3188 4081 3296 4131 etc.
3347 4078 3504 4146 (ΗΑΒ.
3558 4080 3616 4128 in

1926 4176 2019 4229 lib.
2070 4177 2204 4241 Reg.
2253 4177 2390 4225 tom.
2442 4172 2537 4239 Il.)
2585 4167 2884 4233 Jonathan,
2918 4165 3226 4231 Abinadab,
3275 4170 3418 4230 etc.,
3451 4179 3617 4232 usque

1926 4264 1999 4316 ad
2024 4277 2150 4314 cum
2182 4260 2312 4313 ﬁliis
2352 4258 2581 4327 periret.

1997 4352 2154 4421 Vens.
2197 4349 2248 4401 4.
2300 4377 2357 4385 -
2413 4346 2671 4413 Arripuit
2712 4346 2916 4413 itaque.
2962 4341 3159 4397 Gladio
3188 4357 3303 4411 quo
3332 4339 3613 4393 Amaleci-

1930 4439 1998 4493 tis
2042 4442 2237 4491 contra
2266 4439 2616 4505 praeceptum
2666 4432 2763 4485 Dei
2794 4431 3066 4501 pepercit,
3116 4430 3319 4482 merito
3369 4428 3613 4497 seipsum

1930 4526 2135 4581 occidit
2170 4541 2181 4577 :
2215 4524 2293 4577 sic
2315 4523 2413 4594 qui
2446 4526 2726 4591 potestate
2756 4537 2858 4590 pro
2901 4518 3195 4573 communi
3244 4515 3485 4569 utilitate
3524 4530 3616 4567 ac-

724 4600 949 4654 CAPUT
983 4600 1217 4653 xxvm-
1928 4620 2111 4685 cepta.
2143 4618 2241 4666 aut
2274 4628 2391 4665 non
2442 4610 2621 4664 utitur
2666 4614 2764 4663 aut
2808 4608 3079 4673 abutitur,
3114 4624 3213 4658 suo
3258 4622 3316 4658 se
3349 4604 3620 4656 nimirum

202 4708 351 4761 Vens.
414 4711 465 4762 3.
536 4737 605 4747 —
657 4708 873 4762 Samuel
924 4712 1119 4761 autem.
1178 4708 1355 4773 (ΗΑΒ)
1398 4708 1455 4759 in
1502 4706 1595 4759 lib.
1659 4706 1820 4772 Reg.,
1930 4703 2119 4773 gladio
2171 4700 2442 4763 confodit,
2476 4704 2531 4751 et
2561 4714 2676 4768 quo
2728 4697 2795 4750 ab
2843 4698 2999 4750 hoste
3043 4694 3273 4748 defendi
3320 4693 3616 4757 debuerat,

148 4799 263 4849 tom.
319 4797 417 4860 II.)
496 4795 731 4850 Samuel
792 4794 1053 4864 superius
1105 4800 1364 4848 mortuus
1406 4792 1658 4863 legitur:
1725 4792 1819 4843 sed
1931 4793 2148 4845 hostem
2192 4789 2385 4859 potius
2418 4789 2592 4857 juvat.

147 4898 293 4937 causa
321 4884 737 4938 resureetiouis
787 4884 909 4953 ejus
949 4882 1249 4953 repetitur,
1295 4882 1362 4936 ad
1391 4881 1817 4935 damnationem
2004 4881 2165 4932 Vnus.
2205 4882 2287 4931 ll.
2350 4907 2418 4915 —
2448 4876 2812 4929 Habitutores.
2862 4872 3008 4934 Quos
3071 4869 3201 4921 Saul
3242 4867 3313 4919 ab
3357 4866 3617 4918 adversa-

148 4969 326 5037 Saulis,
372 4973 477 5045 qui
537 4972 738 5026 relicto
794 4973 933 5033 Deo,
994 4976 1195 5025 contra
1244 4970 1452 5040 legem.
1510 4971 1821 5039 pythonem
1931 4968 2030 5021 riis
2056 4966 2400 5026 defenderat,
2430 4962 2755 5032 rependunt
2786 4960 2937 5029 quod
2970 4960 3227 5025 possunt.
3258 4954 3369 5007 Nos
3397 4968 3624 5045 quoque

150 5038 474 5116 consulebat.
1310 5038 1330 5040 —
1378 5094 1399 5107 .
1518 5038 1521 5039 ν
1936 5054 2323 5108 benefactores
2355 5056 2578 5104 nostros
2620 5047 2809 5118 gladio
2852 5048 3045 5115 peccat
3066 5045 3410 5111 peremptos,
3436 5038 3624 5108 quoad

207 5149 356 5206 Vsus.
409 5154 464 5206 6.
514 5179 587 5191 ——
634 5149 1019 5218 Consuluitque
1074 5149 1390 5202 Dominum.
1445 5144 1622 5219 (ΗΑΒ.)
1674 5143 1828 5197 Sicut
1936 5158 2305 5213 possumus,a
2340 5138 2809 5194 Pliilisthinorum
2840 5130 3147 5204 opprobrio
3177 5128 3510 5199 eripiamus.
