4062 6180
419 294 522 347 563

1029 290 1425 346 WALAFRIDI
1462 290 1709 347 STRABI
1750 288 1953 346 FULD.
1998 289 2162 345 MON.
2203 289 2353 346 OPP.
2394 289 2570 346 PARS
2607 291 2648 345 l.
2689 320 2760 331 —
2796 292 3253 350 THEOLOGICA.

3791 303 3884 356 564

1324 587 1671 675 LIBER
1727 585 2358 676 SECUNDUS
2443 589 3043 692 SAMUELIS,

1997 761 2115 843 qui
2161 761 2360 826 nobis

1797 910 2208 979 SECUNDUS
2273 911 2572 982 REGUM.

987 1222 1214 1276 CAPUT
1247 1223 1544 1278 PRIMUM.

501 1345 664 1400 Vens.
690 1347 745 1400 2.
779 1374 843 1385 —
871 1346 1158 1416 Apparuit
1196 1347 1349 1401 homo
1385 1349 1601 1402 veniens
1639 1347 1706 1401 de
1733 1349 1929 1402 castris
1962 1348 2113 1416 Saul,

423 1437 526 1487 etc.
563 1433 749 1504 (ΗΑΒ.)
781 1432 945 1488 Hunc
995 1433 1156 1487 aiunt
1215 1435 1434 1488 Hebmi
1482 1434 1668 1489 ﬁiium
1716 1435 1889 1489 fuisse
1937 1436 2112 1505 Doeg,

419 1521 761 1576 Amalecites
791 1521 944 1574 enim
985 1526 1042 1574 et
1085 1521 1371 1576 Idumams
1420 1539 1599 1576 unum
1632 1527 1736 1586 est,
1786 1523 1920 1593 quia
1964 1523 2116 1577 ﬁlius

420 1609 844 1680 primogenitus
881 1611 1027 1664 Esau
1056 1611 1296 1681 Eliphan
1345 1610 1472 1677 fuit,
1495 1616 1550 1664 et
1577 1611 1748 1681 hujus
1778 1610 1931 1665 ﬁlius
1951 1614 2116 1665 Ama-

420 1699 523 1753 lec.
559 1697 832 1751 Diadema
873 1701 1062 1751 autem
1095 1703 1153 1752 et
1177 1698 1462 1752 armillam
1487 1715 1521 1752 a
1549 1703 1709 1769 patre
1741 1699 2115 1754 commenda-

418 1790 536 1841 tam
558 1786 790 1840 habeat.

491 1876 652 1928 Vens.
698 1875 780 1926 15.
827 1903 890 1914 -
944 1873 1240 1940 Accedens,
1296 1879 1404 1930 etc.
1453 1873 1652 1930 Omnis
1707 1874 1806 1946 qui
1851 1875 2114 1946 proximo

418 1959 781 2013 machinatur
834 1961 1070 2030 malum,
1139 1963 1227 2015 vel
1293 1962 1362 2016 de
1411 1962 1532 2033 ejus
1587 1965 1801 2035 gaudet
1853 1964 2112 2032 interitu,

411 2047 584 2118 justas
605 2048 999 2103 retributionis
1027 2065 1256 2121 pcenam
1289 2067 1320 2104 a
1343 2051 1534 2121 judice
1555 2069 1808 2123 superno
1837 2058 2112 2109 meretur.

420 2134 534 2199 Qui
558 2137 702 2189 enim
741 2135 885 2201 fodit
918 2137 1160 2204 foveam,
1207 2138 1403 2192 incidit
1449 2141 1511 2191 in
1554 2154 1671 2194 eam
1713 2138 1891 2210 (Prov.
1940 2140 2113 2212 xxvx).

423 2223 508 2288 Et,
555 2222 624 2277 Os
655 2222 801 2291 quod
843 2225 1106 2278 mentitur
1153 2226 1348 2280 occidit
1390 2228 1630 2280 animam
1682 2226 1833 2297 (Sap.
1868 2227 1908 2299 ι)
1958 2243 1973 2282 :
2024 2228 2115 2282 hic

431 2313 622 2364 autem
653 2311 1041 2366 mentiebatur
1059 2329 1180 2367 sese
1205 2313 1431 2368 Saulem
1462 2314 1747 2368 occidisse.

490 2399 652 2455 Vsus.
718 2402 801 2454 18.
853 2430 923 2441 -
964 2403 1153 2456 Filios.
1208 2401 1332 2456 Filii
1381 2403 1526 2457 Iuda
1574 2403 1679 2456 ﬁlii
1717 2403 2110 2471 confessionis,

419 2503 564 2558 quos
621 2503 788 2542 verus
860 2489 1034 2543 David
1094 2490 1217 2544 vult
1282 2506 1418 2545 arcu
1482 2489 1788 2562 Scriptura:
1869 2494 2105 2561 muniri,
2138 2493 2182 2551 B

417 2591 490 2630 ne
548 2592 652 2647 per
698 2575 1080 2648 ignorantiam
1118 2577 1180 2632 in
1236 2584 1542 2650 conspectu
1608 2580 1936 2635 daemonum
1993 2599 2114 2637 suc-

414 2665 704 2719 cumbaut.

487 2755 714 2806 Arcum.
777 2753 933 2822 (ΗΑΒ.
989 2755 1051 2807 in
1106 2754 1181 2807 lib
1236 2754 1387 2824 Reg.)
1439 2753 1586 2820 Quia
1646 2755 1992 2813 Philisthiim
2022 2774 2110 2812 sa-

415 2838 634 2910 gittarii
685 2845 837 2907 sunt,
885 2857 1001 2912 qua
1048 2847 1167 2896 arte
1222 2841 1355 2897 Saul
1398 2843 1818 2910 interfecerant,
1851 2847 2111 2902 eamdem

413 2926 552 2981 belli
589 2930 770 2980 artem
813 2929 933 2982 vult
968 2945 1064 2983 eos
1111 2930 1346 2997 discere,
1394 2931 1481 2984 vel
1522 2932 1794 3004 praecepit
1832 2938 1895 2987 ut
1948 2951 2111 3005 reges

412 3015 557 3071 Juda
623 3015 893 3071 docerent
955 3017 1375 3087 fortitudinem,
1443 3024 1508 3072 ut
1561 3020 1741 3074 fortes
1789 3022 2002 3077 scilicet
2055 3029 2112 3078 et

411 3102 623 3157 intenti
674 3109 864 3159 essent
907 3105 968 3159 in
1022 3105 1231 3162 timore
1282 3107 1530 3174 Domini,
1577 3125 1650 3162 ne
1695 3109 1950 3180 perirent
1995 3111 2110 3166 sic-

417 3195 482 3245 ut
509 3191 659 3246 Saul.

485 3280 549 3332 In
577 3279 731 3333 libro.
779 3280 960 3350 (Rau,
1010 3281 1106 3334 ubi
1139 3282 1351 3351 supra.)
1406 3284 1642 3350 Legitur,
1689 3285 1798 3352 vel,
1847 3289 2108 3356 scriptum

385 3352 398 3356 h
417 3371 513 3420 est.
551 3367 709 3420 Hunc
740 3367 953 3421 librum
983 3385 1269 3438 nusquam
1318 3370 1562 3440 reperiri
1606 3379 1950 3443 asseverant,
1999 3374 2106 3428 sic-

415 3457 482 3507 ut
533 3453 741 3507 librum
799 3454 1086 3508 bellorum
1128 3455 1377 3523 Domini,
1430 3462 1562 3523 etc.,
1616 3473 1785 3528 usque
1831 3462 1906 3515 ad
1963 3479 2105 3532 quo-

414 3541 583 3594 modo
613 3541 746 3595 Saul
777 3543 1047 3597 recedens
1095 3560 1126 3597 a
1155 3543 1359 3598 timore
1407 3545 1634 3600 Domini
1681 3564 1786 3617 per
1830 3549 2103 3605 obedien-

414 3628 552 3682 tiam
582 3629 770 3700 periit.

484 3725 792 3794 Considera,
845 3727 1042 3782 Israel.
1094 3727 1210 3799 (Ιο.)
1276 3728 1384 3793 Qui
1427 3732 1774 3801 remansisti,
1823 3750 1929 3805 pro
1988 3752 2098 3807 qua

413 3813 578 3884 culpa
610 3813 891 3869 interfecti
939 3820 1090 3886 sunt,
1123 3823 1180 3871 et
1208 3833 1465 3888 praecave
1497 3836 1567 3874 ne
1614 3826 1671 3876 et
1703 3827 1766 3876 tu
1791 3821 1850 3876 in
1888 3824 2098 3879 scelere

413 3919 611 3957 eorum
643 3920 862 3975 pereas.

485 4000 644 4055 Vens.
663 4001 752 4054 20.
768 4032 834 4041 —
856 4001 1015 4058 Geth.
1036 4003 1327 4074 Torcular,
1346 4004 1559 4060 scilicet
1580 4007 1954 4077 Hierusalem,
1976 4025 2104 4082 quae

411 4087 614 4141 occidit
666 4088 973 4159 prophetas
1021 4093 1238 4160 (Matth.
1292 4094 1467 4164 xxm),
1527 4095 1619 4148 cui
1673 4113 1828 4151 mors
1874 4098 2100 4152 Domini

411 4179 468 4228 et
503 4177 890 4246 apostolorum
916 4178 975 4232 in
1029 4180 1281 4234 derisum
1312 4181 1439 4244 fuit,
1465 4187 1524 4237 et
1571 4185 1644 4239 ob
1696 4185 1802 4240 hoc
1831 4187 2102 4257 praecepit

409 4279 577 4317 verus
611 4265 784 4320 David
816 4281 886 4319 ne
907 4266 1098 4336 passio
1126 4284 1228 4322 sua
1248 4269 1361 4326 illis
1386 4273 1779 4328 annuntietur.

482 4361 643 4415 Vnus.
702 4365 791 4416 21.
841 4392 910 4404 -
942 4365 1143 4419 Montes
1185 4367 1402 4430 Gelboe,
1451 4371 1555 4423 etc.
1593 4370 1712 4439 (11).)
1769 4371 1881 4426 Alii
1925 4374 2100 4428 excel-

409 4447 476 4515 si,
533 4449 688 4519 quia,
754 4451 985 4517 scilicet,
1045 4469 1081 4506 ο
1128 4453 1281 4520 Saul,
1312 4455 1716 4524 ginobedientia
1769 4465 1868 4514 tua
1933 4463 2136 4534 quasi

407 4536 744 4591 idodolatria
773 4538 835 4593 in
865 4539 1099 4594 excelsis
1129 4547 1390 4611 reputate
1437 4550 1540 4612 est,
1591 4546 1725 4617 quia
1762 4550 1942 4604 scelus
1971 4552 2094 4606 ido-

407 4626 672 4680 lolatriee‘-
688 4629 774 4680 est
818 4627 971 4682 nolle
1010 4629 1384 4699 acquiescere.
1433 4635 1644 4710 Mpntes
1696 4637 1902 4692 Gelboe
1931 4641 2093 4695 uber-

406 4713 541 4768 rimi
597 4719 728 4769 ante
784 4716 1246 4772 maledictionem
1295 4719 1544 4788 fuerunt,
1613 4739 1756 4794 quos
1818 4726 2093 4784 hactenus

404 4803 792 4857 maledictioni
839 4804 1132 4876 subjacere
1183 4806 1396 4876 ferunt,
1447 4825 1551 4864 nec
1599 4827 1849 4884 unquam
1893 4817 2090 4886 pluere

402 4889 484 4944 ibi
514 4896 811 4946 testantur.

475 4988 591 5043 Rex
640 4993 696 5044 et
734 4990 1015 5062 propheta
1047 4991 1239 5058 David,
1287 4995 1385 5067 qui
1433 4998 1891 5066 persecutoribus
1937 5005 2089 5059 mala

401 5090 516 5129 nou
550 5077 814 5146 reddidit,
869 5095 997 5134 cum
1050 5080 1180 5135 Saul
1213 5087 1272 5136 et
1311 5084 1554 5139 Jonatha
1594 5085 1744 5142 bello
1793 5089 2088 5144 occubuis-

399 5167 526 5217 sent
557 5163 614 5218 in
638 5166 1043 5223 lamentatione
1069 5186 1169 5224 sua
1197 5170 1407 5226 Gelhoe
1441 5174 1730 5230 montibus
1760 5177 2083 5235 maledicit:

396 5253 605 5307 Montes
645 5254 852 5324 Gelboe,
897 5271 994 5313 nec
1022 5273 1133 5326 ros,
1165 5264 1297 5325 etc.,
1335 5276 1504 5331 usque
1556 5262 1632 5317 ad
1665 5267 1723 5317 et
1757 5264 1949 5319 divina
2001 5267 2084 5322 vis

397 5341 742 5396 sententiam
769 5344 1156 5400 maledicentis
1202 5347 1478 5418 implevit.
1529 5351 1728 5423 Itaque
1772 5369 1877 5423 pro
1909 5355 2082 5426 regia:

394 5427 550 5481 necis
569 5432 888 5498 spectaculo
917 5448 1148 5503 pcenam
1179 5435 1462 5492 elementa
1491 5439 1798 5496 solverunt.

2142 1225 2189 1279 Α
2224 1224 2301 1278 ad
2328 1225 2429 1296 qui
2475 1227 2624 1298 apud
2681 1245 2740 1283 se
2788 1234 3034 1286 mortem
3082 1233 3236 1305 regis
3279 1235 3566 1306 suscipere
3615 1236 3889 1309 iniquitate

2225 1313 2488 1383 exigente
2519 1317 2880 1373 meruissent.

2296 1403 2458 1458 Vens.
2516 1409 2602 1460 22.
2659 1437 2722 1448 —
2780 1409 2831 1464 A
2885 1413 3152 1479 sanguine
3198 1416 3625 1480 interfectorum.
3677 1415 3892 1486 Sanguis

2224 1493 2280 1544 et
2308 1492 2482 1562 adeps
2529 1494 2703 1548 robur
2755 1503 3030 1566 praestant
3073 1501 3320 1570 corpori,
3354 1502 3434 1556 ita
3487 1503 3571 1557 illi
3620 1504 3889 1558 fortitudi-

2223 1593 2357 1632 nem
2406 1580 2617 1636 dabant
2674 1584 2965 1654 subjectis,
3019 1603 3052 1639 a
3105 1589 3311 1658 quibus
3357 1590 3491 1645 Saul
3538 1597 3595 1646 et
3650 1594 3892 1647 Jonatlias

2222 1667 2508 1724 interfecti
2561 1679 2692 1728 sunt
2733 1674 2897 1743 quasi
2955 1691 3070 1729 non
3127 1693 3161 1730 a
3197 1679 3444 1734 rusticis.
3495 1681 3593 1734 Vel
3649 1682 3724 1736 ita
3776 1681 3890 1736 Saul

2220 1758 2560 1827 reprobatus
2617 1765 2702 1814 est
2749 1777 2784 1815 a
2838 1764 2974 1830 Deo,
3041 1769 3096 1818 et
3152 1767 3224 1821 ab
3276 1767 3688 1823 incircumcisis
3728 1769 3894 1823 viliter

2221 1843 2576 1914 interfectus,
2637 1853 2909 1920 tanquam
2963 1869 3076 1907 non
3128 1860 3275 1909 esset.
3320 1862 3525 1912 unctus
3571 1859 3717 1920 oleo,
3774 1875 3890 1929 pro-

2220 1938 2349 2004 pter
2403 1937 2743 2008 sanguinem
2792 1940 3241 2010 interfectorum,
3290 1945 3504 2000 scilicet
3553 1947 3894 2018 septuaginta

2222 2022 2479 2094 quinque
2509 2028 2870 2082 sacerdotum
2894 2031 2992 2100 qui
3028 2032 3268 2086 Domino
3300 2033 3530 2104 adipem
3584 2036 3889 2101 adolebant,

2221 2126 2368 2183 quos
2399 2112 2661 2168 innoxios
2681 2116 2851 2186 jussit
2881 2118 3010 2172 Saul
3043 2114 3307 2176 interﬁci.

2293 2199 2530 2268 Sagitta.
2561 2203 2844 2258 Jonathan
2880 2210 2936 2259 et
2982 2205 3110 2260 Saul
3147 2207 3443 2263 bellicosos
3486 2214 3545 2265 et
3570 2209 3894 2265 fortissimos

2223 2285 2507 2355 signiticet
2535 2289 2731 2358 fuisse,
2763 2297 2819 2347 et
2857 2294 3052 2349 laudat
3080 2296 3142 2350 in
3189 2297 3270 2352 eis
3318 2297 3582 2353 decorem
3625 2299 3817 2354 formae
3845 2305 3896 2354 et

2221 2375 2604 2430 constantiam
2626 2379 2823 2434 animi.

2291 2462 2476 2534 (ΗΑΒ.)
2506 2465 2836 2536 Allegorice.
2881 2469 3014 2524 Pius
3047 2471 3326 2542 propheta
3373 2474 3548 2529 David
3584 2475 3896 2547 [ﬁguraliter

2226 2551 2395 2606 deflet
2423 2553 2555 2607 Saul
2609 2560 2663 2610 et
2701 2558 3003 2626 Jonathan,
3065 2564 3194 2628 etc.,
3257 2577 3425 2631 usque
3471 2564 3545 2617 ad
3601 2582 3672 2618 ne
3702 2564 3895 2618 iterum

2222 2639 2608 2711 ignominioso
2641 2647 2912 2716 superati,
2944 2648 3222 2717 gaudium
3252 2649 3498 2704 inimicis
3523 2651 3751 2706 faciant.

2895 2786 3121 2842 CAPUT
3160 2789 3226 2843 ΙΙ.

2291 2887 2453 2941 Vens.
2492 2890 2538 2942 1.
2594 2917 2664 2929 -
2717 2891 2906 2958 Igitur
2957 2898 3100 2961 post.
3163 2895 3347 2968 (ΗΑΒ.)
3408 2899 3676 2954 Ascensio
3737 2899 3905 2954 David

2219 2990 2350 3029 cum
2405 2975 2629 3031 duabus
2657 2978 2932 3032 uxoribus
2959 2981 3018 3034 in
3055 2983 3280 3036 Hebron
3315 2985 3598 3055 signiﬁcat
3630 3004 3904 3042 convoca-

2217 3063 2434 3117 tionem
2465 3064 2709 3118 duorum
2741 3069 3091 3136 populorum
3122 3071 3182 3124 in
3225 3073 3523 3128 Ecclesiam
3551 3077 3900 3130 catholicam.

2217 3151 2447 3205 Hebron
2506 3153 2662 3206 enim
2715 3153 3126 3226 interpretatur
3167 3161 3493 3232 conjugium.
3543 3164 3674 3218 Sola
3719 3171 3902 3218 autem

2217 3240 2482 3307 Ecclesia,
2529 3242 2770 3296 ccelestis
2805 3245 2956 3315 regis
2991 3262 3198 3315 sponsa
3229 3255 3331 3304 est.
3371 3252 3505 3304 llluc
3541 3253 3701 3307 duxit
3739 3252 3902 3307 David

2215 3326 2472 3398 singulos
2497 3329 2646 3383 viros
2701 3347 2832 3386 cum
2883 3333 3052 3387 domo
3077 3351 3200 3402 sua,
3224 3337 3360 3408 quia
3384 3339 3596 3410 singuli
3628 3341 3826 3396 ﬁdeles
3845 3343 3902 3396 in

2214 3415 2372 3470 illam
2428 3417 2753 3474 societatem
2804 3436 2906 3489 per
2953 3424 3239 3494 Evangelii
3270 3428 3734 3496 praedicationem
3765 3447 3901 3485 cou—

2213 3508 2504 3573 vocantur,
2550 3507 2646 3560 ubi
2678 3523 2794 3562 non
2817 3515 2903 3564 est
2929 3510 3216 3567 distinctio
3247 3515 3426 3569 Judaei
3457 3522 3513 3570 et
3536 3520 3737 3574 Graeci.

2283 3591 2447 3646 Vens.
2505 3594 2556 3647 4.
2609 3623 2677 3636 --
2728 3597 3122 3668 Veneruntque.
3184 3601 3309 3673 (10.)
3359 3605 3500 3668 Quia
3546 3607 3809 3678 superbis
3844 3612 3898 3661 et

2211 3681 2700 3751 contemptoribus
2726 3685 2968 3755 gratiam
3002 3688 3103 3743 Dei
3128 3693 3527 3758 spernentibus
3561 3697 3726 3750 electi
3758 3698 3902 3750 fama

2129 3774 2171 3833 α
2209 3768 2630 3837 praedicationis
2671 3775 2727 3825 et
2765 3773 3039 3830 virtutum
3095 3779 3283 3834 studio
3331 3782 3683 3838 confitentur
3738 3785 3895 3841 Chri-

2213 3861 2364 3910 stum
2393 3873 2588 3928 regem
2621 3875 2742 3915 esse
2772 3861 2833 3915 in
2881 3866 3093 3934 populo
3132 3884 3259 3936 suo,
3305 3869 3396 3923 cui
3433 3870 3566 3926 data
3592 3879 3678 3928 est
3722 3872 3901 3928 omnis

2210 3949 2458 4014 potestas
2487 3947 2548 4000 in
2573 3949 2713 4003 caelo
2752 3955 2808 4003 et
2832 3950 2892 4006 in
2918 3957 3089 4008 terra.

2280 4034 2444 4089 Vens.
2498 4039 2550 4090 5.
2605 4066 2668 4078 —
2715 4041 2993 4109 Dixitque.
3056 4042 3234 4115 (11).)
3283 4045 3655 4119 Redemptori
3710 4054 3900 4104 nostro

2209 4123 2456 4177 multum
2496 4124 2698 4193 placet,
2728 4127 2830 4197 qui
2871 4145 3043 4200 opera
3074 4132 3356 4188 malorum
3404 4137 3500 4206 qui
3554 4137 3614 4192 in
3659 4138 3902 4210 peccatis

2207 4212 2424 4265 mortui
2464 4219 2613 4280 sunt,
2643 4215 2919 4271 oblivioni
2950 4220 3123 4275 tradit
3153 4222 3500 4291 damnando,
3541 4243 3650 4281 nec
3680 4244 3747 4281 ea
3777 4241 3902 4298 qua:

2207 4299 2448 4354 Domino
2471 4301 2798 4372 'displicent
2824 4306 3098 4372 imitatur,
3129 4310 3228 4364 sed
3257 4327 3384 4382 quae
3414 4317 3694 4388 praecepit
3721 4317 3900 4370 facere

2205 4388 2553 4444 recordatur.

2277 4477 2445 4531 Vnus.
2500 4481 2553 4533 8.
2601 4508 2672 4520 -
2728 4481 2985 4538 Isboseth.
3039 4483 3204 4554 (Ῑο.)
3255 4487 3361 4552 Qui
3393 4489 3818 4562 interpretatur
3843 4495 3903 4562 ﬁ-

2204 4564 2312 4618 lius
2355 4568 2705 4634 confusionis,
2737 4570 2930 4625 Abner
2959 4573 3266 4629 auxiliante
3292 4579 3308 4646 (
3336 4577 3435 4648 qui
3485 4579 3901 4651 interpretatur

2198 4655 2381 4721 patris
2404 4654 2668 4726 lucerna)
2715 4659 2980 4728 regnavit
3025 4677 3198 4731 super
3235 4665 3564 4721 universum
3611 4669 3812 4734 Israel,
3847 4672 3902 4721 et

2199 4740 2320 4794 sola
2348 4741 2549 4797 domus
2595 4744 2738 4798 Juda
2769 4747 3117 4817 sequebatur
3143 4751 3341 4822 David,
3398 4755 3532 4825 quia
3589 4757 3730 4810 solis
3785 4773 3904 4810 cre-

2199 4827 2466 4884 dentibus
2499 4834 2556 4885 et
2584 4849 2715 4888 vere
2736 4835 3139 4892 conﬁtentibus
3169 4842 3541 4912 sequentibus
3579 4845 3898 4912 Christum,

2197 4915 2258 4970 in
2307 4919 2529 4974 caeteris
2574 4937 2736 4976 error
2774 4924 3124 4980 confusionis
3154 4931 3432 5000 regnavit,
3462 4932 3696 4988 diabolo
3729 4935 3898 4988 insti-

2197 5011 2366 5077 gante
2397 5007 2497 5078 qui
2525 5010 2886 5082 transﬁgurat
2913 5028 2970 5068 se
2999 5017 3058 5069 in
3087 5019 3340 5088 angelum
3360 5021 3495 5074 lucis
3525 5022 3602 5088 (II
3635 5024 3770 5077 Cor.
3799 5021 3896 5092 xi).

2271 5095 2667 5152 Cirwmdumit.
2700 5101 2764 5153 In
2797 5101 2932 5157 Heb.
2966 5103 3173 5159 dicitur
3205 5122 3218 5160 :
3257 5108 3531 5163 Tradumit
3552 5125 3676 5164 cum
3698 5113 3760 5165 in
3775 5111 3901 5164 Ma-

2196 5183 2443 5239 hanaiim
2473 5196 2703 5254 aiam,
2746 5191 2898 5260 quod
2942 5191 3354 5262 interpretatur
3400 5203 3601 5265 castra,
3637 5198 3900 5254 traduxit

2195 5271 2406 5327 scilicet
2432 5275 2581 5328 ultra
2606 5277 2931 5344 Iordanem,
2965 5285 3022 5334 et
3051 5281 3111 5335 in
3135 5284 3332 5336 castris
3349 5300 3544 5356 regem
3571 5288 3891 5341 constituit.

2260 5359 2418 5415 Vens.
2479 5366 2565 5417 Η.
2597 5393 2668 5405 --
2694 5367 2766 5420 Et
2790 5369 2926 5433 fuit.
2966 5369 3123 5440 (Ras.
3165 5374 3225 5425 in
3255 5372 3350 5427 lib.
3401 5376 3555 5443 Reg.,
3600 5379 3748 5430 tom.
3797 5374 3891 5443 II)

2195 5448 2346 5502 Bene
2394 5448 2554 5518 dixit,
2609 5454 2760 5521 quod
2806 5455 2976 5511 David
3022 5462 3240 5530 septem
3289 5461 3452 5515 anuis
3495 5467 3551 5516 et
3580 5478 3681 5516 sex
3731 5479 3893 5516 men-

465 5513 656 5586 (ΒΑΒ.)
711 5517 857 5583 Quid
925 5519 1295 5593 deliquerunt
1344 5531 1568 5581 montes
1597 5527 1626 5581 τ
1697 5533 1805 5586 etc.
1838 5571 1856 5599 ,
1913 5547 2084 5602 usque
2191 5535 2347 5592 sibus
2401 5513 2663 5610 regnavit
2707 5541 2766 5596 in
2817 5544 3064 5614 Hebron,
3088 5513 3242 5616 ‘etc.,
3295 5513 3468 5620 usque
3619 5513 3890 5606 “comitiis
