3998 6178
160 317 243 367 565

1264 311 1513 367 GLOSSA
1553 311 1955 368 ORDINARIA.
1998 344 2065 351 —
2107 315 2239 368 LIB.
2280 314 2329 370 ΙΙ
2368 314 2528 370 REG.

3526 327 3631 381 566

159 460 227 509 εει
262 458 446 506 autem
499 457 631 506 ante
692 454 909 521 septem
956 468 1137 506 annos
1190 468 1365 523 quam
1420 452 1628 506 Thanis
1681 437 1889 506 urbsA
1926 435 2384 516 conveniuntad
2442 436 2752 502 Christum,
2821 443 2879 491 et
2919 440 3083 510 quasi
3135 440 3485 499 blandiendo
3535 446 3628 502 di-

158 545 469 683 [Baiing
529 658 598 667 —
655 630 933 694 Egressus.
996 628 1181 698 (ΗΑΒ.)
1237 628 1394 681 Hunc
1441 629 1629 682 locum
1659 630 1815 683 Iose-

1928 530 2109 577 cunt:
2171 524 2239 579 Os
2298 528 2447 579 tuum
2496 531 2547 579 et
2606 542 2730 579 caro
2788 531 2882 581 tua
2937 542 3167 583 sumus:
3214 546 3344 585 cum
3420 532 3481 587 in
3530 534 3629 589 illo

1923 610 2374 665 incarnationem
2430 630 2602 683 quam
2670 630 2733 667 ex
2782 621 2975 668 nostra
3036 621 3241 671 natura
3287 618 3347 672 iu
3386 621 3624 692 virginis

156 720 275 791 phus
304 719 378 771 ita
433 718 684 786 exponit,
715 722 843 783 etc.,
896 733 1066 787 usque
1090 718 1163 771 ad
1221 718 1311 771 hic
1366 720 1819 790 persequebatur
1928 704 2089 791 "tam
2120 702 2397 791 su§°ePltr
2419 700 2758 791 ἀίηίὲζυηῖξεῐ
2788 709 3153 759 venerantur-

153 809 313 863 Abner
338 805 398 859 in
429 812 695 859 neutram
717 812 937 875 partem
967 806 1276 860 declinans.

208 896 353 948 Vens.
390 897 476 949 18.
531 924 600 933 -
654 896 820 949 Porro
874 895 1040 949 Asan
1079 910 1263 948 cursor
1310 896 1670 950 velocissimus
1704 898 1818 961 fuit

153 986 285 1053 quasi
319 998 456 1036 unus
486 983 553 1036 de
601 985 833 1051 capreis.
886 983 990 1051 (In.
1046 999 1114 1036 ex
1144 983 1334 1054 Greg.)
1392 985 1557 1037 Asacl
1605 983 1817 1053 signiﬁ-

154 1078 338 1143 cateos
366 1087 509 1141 quos
568 1070 876 1124 vehemens
929 1070 1207 1140 arripiens
1265 1071 1425 1126 furor
1456 1072 1513 1125 in
1566 1089 1816 1143 praeceps

150 1159 301 1227 ducit,
333 1174 455 1219 etc.,
488 1174 657 1226 usque
676 1160 750 1212 ad
771 1158 932 1229 quasi
963 1158 1085 1211 sine
1112 1158 1261 1212 ferro
1302 1160 1644 1214 moriuntur.

204 1248 354 1300 Vens.
383 1250 472 1301 26.
502 1277 562 1285 —
610 1250 700 1300 An
733 1251 950 1315 ignoras
1001 1248 1145 1315 quod
1186 1249 1493 1317 periculosa
1536 1251 1607 1303 sit
1627 1249 1813 1317 despe-

149 1336 312 1390 ratio?
339 1335 399 1388 In
434 1334 668 1388 Hebraeo
701 1335 984 1389 habetur:
1040 1338 1129 1390 An
1156 1337 1377 1403 ignoras
1423 1336 1561 1405 quod
1590 1351 1811 1391 amarus

146 1427 230 1478 erit
255 1423 394 1493 ﬁnis,
428 1424 752 1492 sipopulum
783 1422 954 1477 delere
983 1426 1173 1478 niteris
1192 1425 1221 1475 ?

750 1553 975 1608 CAPUT
1019 1555 1112 1607 III.

1997 787 2155 840 Vens.
2183 790 2233 841 3.
2269 818 2335 826 —
2368 788 2630 843 Seniores.
2674 788 2801 859 (ῐο.)
2858 792 3173 861 Prophetze,
3210 795 3451 864 apostoli
3498 800 3626 868 pari

1923 874 2036 929 fide
2069 880 2125 929 et
2150 875 2450 929 devotione
2486 878 2557 930 ad
2589 878 2876 931 Christum
2920 887 3283 935 concurrunt.

1999 966 2410 1032 Uncceruntque.
2465 965 2583 1033 (11).)
2656 966 2827 1020 David
2868 967 2954 1019 bis
3028 973 3229 1022 unctus
3284 971 3510 1039 dicitur,
3570 978 3627 1029 et

1922 1051 2177 1106 Christus
2202 1053 2363 1122 prius
2418 1053 2477 1106 in
2538 1054 2767 1119 Iudaeis,
2821 1059 2948 1124 post
2976 1055 3034 1109 in
3078 1058 3342 1128 gentibus
3413 1060 3622 1131 princi-

1854 1197 1862 1205 ,
1920 1146 2120 1212 patum
2152 1141 2415 1211 sumpsit.

1982 1229 2144 1281 Vens.
2178 1229 2231 1283 4.
2267 1259 2333 1268 -
2359 1231 2429 1283 Et
2455 1229 2846 1297 quadraginta.
2882 1232 3006 1301 (Ιυ.)
3039 1230 3327 1296 Quaeritur
3382 1250 3483 1289 cur
3505 1251 3623 1291 non

1921 1316 1981 1370 in
2003 1332 2225 1369 summa
2274 1318 2651 1387 quadraginta
2708 1318 2843 1371 anni
2901 1324 2957 1372 et
3010 1336 3104 1373 sex
3164 1338 3386 1375 menses
3418 1340 3622 1379 nume-

1920 1406 2169 1458 rentur?
2199 1409 2327 1470 etc.,
2382 1421 2551 1474 usque
2598 1406 2671 1459 ad
2717 1407 2813 1477 qui
2850 1424 2916 1460 ex
2966 1410 3329 1478 quaterdenis
3377 1418 3619 1482 constat,

1920 1497 2243 1563 temporum
2272 1499 2327 1547 et
2352 1510 2542 1547 rerum
2568 1495 2976 1565 perfectionem
3007 1498 3305 1567 signiﬁcat.

1988 1582 2149 1634 Vens.
2271 1613 2335 1621 —
2366 1584 2430 1635 In
2492 1585 2842 1637 Hierusalem.
2902 1586 3155 1639 Tradunt
3213 1586 3433 1641 Hebraei
3464 1589 3620 1658 quod

202 1667 348 1721 Vens.
384 1670 431 1721 1.
460 1668 629 1722 Facta
654 1671 732 1721 est
760 1682 906 1734 ergo.
939 1668 1099 1735 (Rau.
1159 1670 1219 1721 in
1268 1667 1361 1722 lib.
1413 1666 1569 1735 Reg.)
1597 1668 1809 1722 Domus
1839 1710 1881 1764 Β
1917 1668 2047 1724 Sem
2081 1669 2231 1723 ﬁlius
2281 1672 2416 1736 Noe,
2481 1688 2651 1741 quem
2707 1672 2904 1725 dicunt
2945 1673 3367 1743 Melchisedech,
3426 1677 3621 1731 condi-

146 1756 292 1809 David
322 1756 563 1810 caelestis
585 1756 921 1819 Jerusalem,
964 1759 1095 1815 etc.,
1146 1771 1314 1824 usque
1364 1756 1438 1809 ad
1458 1761 1516 1809 et
1572 1756 1805 1809 tandem

143 1844 422 1898 secundum
460 1844 671 1898 merita
726 1860 827 1897 sua
895 1843 954 1897 in
1023 1844 1370 1914 profundum
1440 1844 1628 1915 abyssi
1677 1844 1806 1898 sub-

145 1936 418 2001 mergetur.

200 2020 337 2073 Ysas.
366 2023 417 2073 2.
460 2050 532 2060 —
557 2020 812 2089 Natique.
846 2021 951 2076 Sex
976 2021 1081 2076 ﬁlii
1102 2020 1341 2092 quinati
1372 2025 1506 2075 sunt
1540 2020 1714 2074 David
1746 2020 1803 2073 in

144 2108 338 2162 Hebron
375 2108 784 2179 perfectionem
848 2116 1175 2164 sanctorum
1232 2110 1572 2179 signiﬁcant,
1609 2111 1708 2180 qui
1736 2108 1804 2163 de

143 2196 345 2266 spiritali
399 2197 671 2266 conjugio
722 2198 924 2251 Christi
986 2203 1043 2251 et
1098 2198 1354 2252 Ecclesiae
1401 2214 1503 2267 per
1558 2197 1805 2268 Spiritus

146 2285 289 2337 sancti
311 2285 555 2355 gratiam
585 2286 838 2355 quotidie
859 2286 1144 2340 oriuntur.

201 2373 339 2426 Vens.
364 2376 412 2426 5.
447 2404 521 2413 —
549 2376 622 2427 De
651 2374 818 2440 Egla.
853 2374 1036 2445 (ΗΑΒ.)
1084 2377 1211 2427 Hmc
1271 2379 1355 2427 est
1417 2373 1639 2438 Michol,
1673 2389 1802 2444 quae

148 2461 240 2515 sola
260 2476 392 2515 uxor
420 2461 655 2528 dicitur,
687 2462 821 2533 quia
851 2478 977 2516 eam
1014 2462 1185 2516 David
1218 2462 1277 2515 in
1302 2462 1680 2515 adolescentia
1701 2478 1801 2514 sua

147 2550 349 2618 primam
376 2549 612 2603 sortitus
642 2550 744 2603 est
794 2566 1047 2604 uxorem.
1110 2552 1238 2604 HERC
1267 2552 1324 2603 in
1381 2556 1546 2621 partu
1597 2550 1803 2603 dicitur

148 2638 446 2701 occubuisse,
469 2637 626 2691 unde
660 2639 719 2690 in
760 2639 1132 2708 sequentibus
1164 2639 1439 2708 scriptum
1463 2644 1546 2691 est
1578 2654 1591 2691 :
1627 2640 1801 2705 Igitur

148 2727 302 2779 Michol
328 2728 449 2794 ﬁliae
486 2726 624 2782 Saut
665 2742 771 2781 non
819 2732 898 2781 est
945 2734 1106 2781 natus
1146 2729 1311 2795 filius,
1360 2743 1527 2794 usque
1555 2727 1628 2779 ad
1657 2727 1799 2780 diem

149 2816 295 2868 mortis
313 2829 434 2877 sum,
468 2814 608 2885 quia
635 2814 693 2867 in
723 2815 846 2885 ipso
879 2821 1046 2885 partu
1092 2815 1381 2868 occubuit.

199 2903 334 2957 Vens.
408 2907 492 2958 17.
568 2934 639 2944 -
708 2904 1028 2959 Sermonem.
1098 2904 1217 2972 (10.)
1275 2904 1466 2957 Abner
1537 2904 1799 2956 hortatur

146 2991 431 3045 universum
479 2992 675 3059 Israel,
718 2997 848 3059 etc.,
906 3007 1075 3061 usque
1119 2992 1193 3045 ad
1252 2997 1309 3045 et
1361 2992 1533 3045 ﬁdem
1590 2991 1798 3045 Christi
1828 3030 1866 3084 ϐ

139 3079 313 3149 ubique
344 3080 631 3151 persecuti
665 3086 818 3135 sunt.

193 3166 328 3221 Vens.
359 3171 443 3233 29,
466 3198 536 3208 —
566 3170 805 3223 Flumum
862 3171 1098 3223 seminis.
1150 3170 1313 3222 Juxta
1366 3170 1607 3222 litteram
1640 3169 1794 3223 vide-

134 3256 207 3305 tur
251 3255 540 3326 imprecari
594 3258 946 3311 eftluentiam
1003 3257 1258 3311 libidinis
1306 3259 1481 3326 leprm
1540 3259 1789 3327 plagam,

135 3342 595 3410 eﬁeminationem,
678 3346 897 3400 inimici
954 3346 1243 3416 subjacere
1301 3347 1511 3416 gladio,
1570 3346 1793 3400 mendi-

138 3444 254 3484 care.

192 3521 365 3574 Teneris
400 3522 607 3587 fusum.
661 3522 850 3591 (Ana)
885 3524 988 3576 Per
1045 3522 1325 3576 ambitum
1357 3522 1661 3576 verborum
1687 3539 1791 3576 no-

137 3608 296 3661 tantur
324 3610 419 3679 qui
456 3610 742 3663 fallaciam
775 3626 933 3664 suam
968 3611 1270 3665 defendere
1295 3611 1573 3663 nituntur.

189 3695 385 3750 Cadens.
440 3698 545 3763 Qui
589 3697 774 3763 gladio
807 3701 1047 3766 percutit
1076 3698 1262 3766 gladio
1312 3698 1514 3765 peribit
1574 3697 1784 3765 (Matth.

137 3785 545 3849 xnx).Hmretici
585 3785 775 3855 gladio
827 3786 941 3839 oris
1011 3786 1359 3856 perfodiunt,
1414 3786 1571 3855 prius
1601 3784 1788 3856 gladio

139 3867 406 3938 impietatis
432 3873 702 3926 confossi.

190 3959 327 4014 Vsas.
358 3965 441 4016 39.
471 3991 543 4002 —
596 3963 891 4017 Delicatus.
946 3963 1182 4034 Antiqui
1240 3962 1480 4016 delicata
1526 3962 1787 4016 dicebant

137 4044 215 4099 diis
241 4055 571 4116 consecrata,
596 4067 725 4121 quae
754 4067 905 4105 nunc
934 4052 1178 4106 dicimus
1198 4052 1473 4105 dedicata.

731 4176 957 4231 CAPUT
1028 4176 1118 4229 IV.

192 4278 401 4335 “315.2.
438 4313 505 4322 —
566 4285 681 4337 Duo
735 4286 913 4336 autem
960 4284 1087 4335 viri.
1154 4282 1308 4349 (ΗΑΒ.
1366 4283 1425 4334 in
1478 4281 1569 4334 lib.
1628 4283 1778 4348 Reg.,

138 4369 243 4420 tom.
276 4370 360 4438 II.)
415 4372 480 4425 Ili
542 4371 658 4424 duo
702 4370 805 4424 viri
856 4370 1141 4440 principes
1219 4370 1471 4423 erantin
1537 4369 1783 4423 exercitu

142 4453 441 4523 lsboseth,et
485 4463 713 4513 mortuo
769 4459 977 4526 Abner,
1037 4459 1181 4512 sicut
1241 4458 1475 4511 tradunt
1541 4457 1783 4527 Hebrzei,

142 4545 374 4601 consiliati
402 4554 691 4602 suntcum
714 4548 1091 4618 Miphiboseth
1140 4553 1203 4602 ut
1257 4546 1508 4601 Isboseth
1563 4546 1783 4601 interﬁ-

141 4640 309 4699 cerent,
337 4642 391 4691 et
414 4637 605 4707 ipsum
635 4617 828 4705 regem
859 4617 1285 4690 constituerent.
1336 4636 1443 4691 Sed
1502 4636 1781 4705 Miphibo-

143 4721 235 4774 seth
261 4726 547 4780 consilium
578 4725 873 4795 prodidit;
930 4726 1058 4779 ideo
1113 4725 1192 4779 sic
1251 4724 1584 4779 inducitur:
1645 4726 1783 4777 Erat

141 4814 279 4864 autem
302 4813 542 4870 Jonach
564 4817 709 4882 ﬁlius
742 4815 967 4883 pedibus
989 4814 1202 4869 debitis.
1264 4814 1352 4868 Illi
1388 4831 1516 4867 vero
1576 4814 1781 4867 timore

142 4902 377 4963 perterriti
404 4904 681 4971 fugerunt
712 4904 771 4956 in
804 4904 1087 4968 Gethaim,
1116 4903 1463 4973 fueruntque
1493 4903 1572 4955 ibi
1604 4918 1782 4972 usque

145 4984 195 5036 ad
216 4991 416 5058 tempus
446 4992 611 5057 illud,
657 5008 771 5061 quo
821 4991 1033 5045 scilicet
1087 4991 1222 5045 inde
1278 4990 1489 5044 reversi
1547 4990 1783 5043 domum

146 5069 351 5129 lsboseth
378 5077 617 5149 ingressi
644 5083 795 5133 sunt.

192 5162 245 5214 Et
266 5169 496 5221 ostiaria.
556 5168 679 5236 (11).)
751 5167 989 5222 Ostiaria
1037 5167 1288 5221 triticum
1368 5170 1593 5237 purgat,
1650 5172 1778 5233 etc.,

150 5258 275 5316 usque
300 5254 367 5306 ad
410 5270 481 5307 ne
537 5272 666 5310 eam
712 5255 898 5311 hostes
962 5260 1265 5327 penetrent
1342 5255 1620 5309 foramine
1674 5272 1782 5309 ne-

154 5334 305 5401 glecte
331 5342 701 5413 cogitationis.

835 5451 1059 5506 CAPUT
1089 5451 1150 5504 V.

202 5541 334 5598 Vsas.
394 5552 439 5601 1.
488 5551 558 5603 Et
611 5553 888 5604 venerunt.
954 5548 1134 5618 (ΗΑΒ.)
1188 5548 1278 5603 Sic
1334 5564 1532 5603 omnes
1583 5553 1782 5619 gentes

1919 1758 2002 1811 dit
2030 1758 2239 1811 Salem.
2314 1760 2466 1812 Hanc
2521 1764 2720 1828 postea
2779 1764 3088 1815 tenuerunt
3134 1763 3450 1831 Jebuszei,e
3484 1764 3616 1835 qui-

1914 1846 2021 1900 bus
2075 1847 2274 1900 sortita
2339 1852 2424 1900 est
2481 1863 2691 1901 nomen
2769 1850 2959 1903 Iebus.
3023 1850 3157 1905 Inde
3242 1853 3615 1919 Hierusalem,

1914 1935 2075 2004 quasi
2118 1935 2287 1989 Jebus
2354 1936 2563 2001 Salem,
2626 1941 2812 2005 posta
2866 1938 3170 1993 Salomone
3243 1941 3613 2011 Jerosolyma,

1913 2021 2074 2090 quasi
2094 2021 2546 2076 lerosalomonia
2609 2022 2761 2076 dicta
2790 2027 2894 2089 est,
2951 2041 3079 2095 qua:
3135 2029 3331 2096 postea
3370 2028 3439 2081 ab
3471 2027 3614 2083 ZElio

1911 2109 2161 2163 Adriano
2194 2115 2390 2163 vocata
2424 2114 2508 2162 est
2546 2110 2707 2164 Elia.

1983 2198 2143 2252 Vens.
2178 2201 2229 2252 6.
2261 2230 2324 2238 ω
2354 2199 2523 2254 Caecos
2573 2204 2623 2252 et
2679 2199 2918 2253 claudos.
2977 2200 3083 2263 Qui
3140 2201 3432 2257 sufﬁciunt
3478 2220 3613 2258 con-

1909 2288 1998 2339 tra
2028 2290 2102 2339 te.
2140 2287 2253 2340 Hoc
2282 2285 2547 2339 dicebant
2601 2286 2842 2339 ﬁdentes
2904 2288 3104 2340 muris.
3146 2291 3261 2342 Aut
3316 2290 3396 2343 ita
3418 2307 3445 2343 ε.
3494 2308 3613 2345 non

1908 2373 2248 2445 ingredieris
2304 2373 2414 2427 nisi
2493 2390 2593 2427 nos
2651 2373 2892 2441 auferas,
2964 2391 3106 2444 quos
3176 2376 3424 2431 inermes
3499 2380 3610 2433 sic-

1908 2466 1973 2517 ut
2054 2479 2231 2517 caecos
2285 2467 2339 2517 et
2424 2463 2652 2517 claudos
2734 2464 3028 2517 arbitraris
3107 2469 3164 2518 et
3249 2465 3603 2537 triumphare
3684 2532 3691 2537 ο

1908 2553 2096 2620 putas.

1979 2639 2141 2691 Vens.
2170 2643 2219 2691 7.
2282 2668 2354 2678 —
2416 2639 2564 2707 Cepit
2624 2643 2820 2692 autem.
2882 2639 3059 2709 (ΗΑΒ.)
3124 2638 3279 2694 Sicut
3329 2643 3605 2712 Iosephus

1909 2725 2007 2791 ait,
2038 2730 2169 2790 etc.,
2201 2740 2369 2794 usque
2400 2726 2475 2778 ad
2511 2742 2641 2796 quae
2696 2726 2895 2780 merito
2947 2744 3045 2780 arx
3075 2727 3229 2795 Sion,
3261 2729 3317 2783 id
3364 2735 3446 2783 est
3477 2747 3602 2800 spe-

1907 2812 2208 2867 culationis
2261 2817 2511 2878 vocatur,
2575 2818 2633 2866 ut
2678 2814 2747 2867 de
2804 2831 2869 2867 ea
2917 2820 3065 2868 recte
3114 2815 3333 2870 dicatur
3363 2837 3375 2873 :
3410 2821 3605 2873 Factus

1904 2906 1982 2955 est
2010 2903 2067 2954 in
2096 2917 2228 2969 pace
2255 2902 2398 2955 locus
2427 2902 2564 2970 ejus,
2592 2906 2694 2955 etc.
2732 2904 2897 2971 (Psal.
2927 2902 3106 2973 Lxxv).

1981 2988 2156 3043 David
2207 3005 2394 3042 arcem
2446 2989 2581 3043 Sion
2637 2990 2808 3059 cepit,
2874 2991 3074 3044 ablatis
3142 2992 3300 3062 prius
3360 2993 3520 3047 caecis
3549 3000 3604 3049 et

1904 3077 2123 3131 claudis
2199 3077 2523 3131 odientibus
2582 3079 2832 3131 animam
2912 3079 3105 3133 David.
3179 3080 3266 3134 Sic
3332 3082 3604 3136 Dominus

1902 3165 2213 3235 primatum
2244 3166 2302 3219 in
2338 3166 2578 3219 Ecclesia
2613 3168 2874 3237 gentium
2929 3167 3249 3237 acquisivit,
3286 3170 3600 3239 reprobatis

1901 3253 2024 3321 ejus
2052 3253 2258 3308 Scribis
2289 3258 2345 3306 et
2385 3254 2704 3319 Pharisaais,
2740 3255 2839 3324 qui
2870 3255 3003 3307 caaci
3031 3260 3083 3307 ct
3138 3257 3321 3309 claudi
3351 3259 3599 3313 oderunt

1899 3343 2150 3396 animam
2182 3342 2409 3408 Christi,
2444 3343 2497 3396 id
2532 3347 2615 3396 est
2639 3343 2760 3411 ejus
2787 3342 2961 3396 vitam
2985 3344 3204 3397 auferre
3228 3346 3410 3399 conati
3445 3353 3595 3402 sunt.

1976 3431 2132 3486 Vens.
2166 3434 2217 3485 8.
2277 3461 2346 3470 ——-
2412 3432 2720 3485 Domatum.
2756 3432 2814 3484 Id
2867 3436 2950 3484 est
3010 3438 3315 3488 rectorum.
3362 3436 3598 3490 Fistulas

1899 3520 2148 3589 appellat
2184 3535 2348 3590 aquae
2407 3519 2608 3573 ductus
2654 3519 2723 3573 de
2772 3521 3007 3590 plumbo
3032 3522 3115 3574 vel
3170 3524 3369 3590 regula
3424 3524 3596 3577 factos

1895 3624 2000 3679 per
2028 3625 2171 3679 quos
2209 3624 2360 3679 aqua
2388 3608 2507 3662 ibat
2564 3624 2735 3679 super
2800 3625 3031 3664 murum
3086 3627 3189 3680 per
3244 3617 3420 3666 totam
3469 3613 3598 3667 civi-

1896 3700 2088 3749 tatem.

1956 3786 2213 3838 Fistulas.
2278 3783 2496 3838 Falsam
2548 3782 2839 3837 scientiam
2903 3802 2999 3838 seu
3046 3786 3447 3840 haereticorum
3486 3788 3593 3841 do-

1894 3877 2085 3941 gmata
2108 3871 2376 3941 ﬁgurant,
2411 3886 2539 3941 quae
2573 3871 2848 3925 Dominus
2870 3889 2973 3942 per
3002 3874 3162 3933 Joab,
3198 3873 3251 3927 id
3285 3880 3384 3937 est,
3446 3893 3587 3946 pra»

1894 3960 2173 4014 dicatores
2223 3959 2484 4013 destruit.
2538 3960 2830 4012 Jebusaeus
2907 3961 3263 4025 conculcans,
3335 3962 3454 4016 haec
3510 3968 3594 4017 est

1893 4048 2199 4118 gentilitas.
2235 4063 2364 4117 qua:
2395 4050 2528 4100 ante
2573 4046 2749 4101 fidem
2807 4052 3089 4117 praecepta
3140 4048 3239 4101 Dei
3291 4051 3589 4104 conculca-

1891 4137 2006 4191 bat.
2037 4137 2177 4189 Item
2225 4136 2518 4189 Jebusaeus
2597 4137 2861 4201 calcatus,
2922 4136 3057 4206 quia
3111 4136 3425 4191 diabolusa
3478 4139 3586 4193 Do-

1892 4224 2051 4279 mino
2083 4226 2350 4292 calcatur,
2383 4229 2439 4278 et
2471 4223 2575 4277 sub
2607 4224 2745 4278 Joab
2776 4224 3075 4279 calcandus
3105 4225 3384 4280 subditur.

1965 4311 2125 4365 Vens.
2153 4315 2203 4368 9.
2233 4342 2302 4353 —-
2335 4315 2404 4367 Et
2432 4312 2740 4381 aediﬁcavit.
2774 4314 2820 4367 A
2850 4313 2975 4367 loco
3008 4313 3087 4367 ita
3119 4313 3293 4381 dicto,
3348 4315 3589 4369 subaudi

1895 4414 2121 4453 murum
2165 4417 2177 4454 :
2212 4406 2270 4454 et
2306 4401 2645 4454 intrinsecus
2684 4402 2925 4455 subaudi
2971 4402 3145 4455 alium
3203 4418 3453 4469 murum,
3486 4402 3591 4456 hoc

1893 4490 1995 4553 est,
2029 4489 2271 4542 munivit
2291 4490 2493 4543 urbem
2528 4489 2739 4558 duplici
2785 4506 2970 4543 muro.

1944 4578 2105 4631 Vens.
2150 4582 2227 4632 11.
2261 4607 2331 4619 -
2375 4580 2528 4632 Misit
2590 4593 2816 4646 quoque.
2870 4577 3062 4631 Hiram
3106 4578 3296 4630 vivens
3353 4577 3587 4643 excelse,

1891 4671 2014 4725 haec
2044 4673 2128 4721 est
2158 4666 2445 4733 gentilitas
2470 4666 2528 4719 in
2554 4665 2775 4720 Christo
2826 4666 3043 4719 excelsa
3071 4683 3086 4733 ;
3146 4666 3381 4719 nuntios
3416 4665 3593 4719 mittit

1891 4757 1963 4811 ad
1996 4755 2187 4817 David,
2223 4753 2277 4808 id
2333 4759 2416 4808 est
2461 4754 2721 4807 doctores
2777 4754 2847 4807 ad
2899 4753 3204 4821 Christum,
3237 4758 3292 4806 et
3348 4769 3452 4823 per
3494 4770 3591 4807 eos

1890 4843 2316 4912 cedrinaligna,
2350 4841 2404 4895 id
2450 4846 2532 4895 est
2594 4842 2955 4912 incorruptos
2995 4846 3049 4894 et
3096 4842 3269 4895 fortes
3304 4858 3319 4907 ;
3368 4846 3422 4894 et
3448 4841 3591 4894 arti-

1890 4933 2045 4992 ﬁces.
2068 4931 2125 4984 id
2173 4935 2276 4994 est,
2354 4947 2450 4984 eos
2482 4946 2730 5000 quorum
2807 4934 2926 4983 arte
2983 4933 3199 4982 mentes
3243 4933 3377 4982 sunt
3405 4928 3591 4982 incor-

1890 5025 2099 5090 ruptte.
2132 5024 2189 5071 et
2250 5023 2525 5088 tanquam
2570 5017 2786 5087 lapides
2841 5022 3085 5087 quatuor
3122 5016 3423 5070 virtutibus
3454 5034 3589 5087 qua—

1892 5110 2089 5175 dratae,
2153 5109 2230 5161 sic
2277 5109 2482 5162 domus
2565 5107 2756 5171 David,
2823 5105 2876 5159 id
2945 5110 3028 5159 est
3084 5105 3327 5159 Ecclesia
3382 5105 3588 5159 Christi

1889 5196 2220 5263 aediﬁcatur,
2256 5201 2311 5250 et
2331 5194 2692 5265 cognoscitur
2722 5194 2877 5265 quod
2906 5194 3056 5248 Deus
3111 5197 3370 5247 nostrum
3410 5194 3588 5247 David

1891 5284 2251 5340 conﬁrmavit
2301 5300 2495 5355 regem
2543 5299 2715 5353 super
2800 5283 2988 5345 Israel,
3060 5282 3115 5336 id
3175 5285 3280 5350 est,
3336 5281 3589 5336 videntes

1892 5374 2091 5427 Deum.

1963 5460 2142 5530 (ΗΑΒ.)
2177 5460 2583 5514 Ηωτθιίροτιπῐι
2637 5458 2900 5513 ecclesias
2948 5474 3075 5528 quas
3106 5457 3209 5511 sub
3288 5455 3591 5513 Christiani

1893 5548 2143 5603 nominis
2165 5547 2329 5602 titulo
2389 5561 2450 5599 se
2480 5561 2709 5599 manere
2755 5546 3093 5615 gloriantur.
3147 5545 3255 5600 Sed
3288 5543 3421 5615 quia
3449 5560 3590 5615 pro-
