4062 6180
315 256 418 311 567
941 252 1342 308 WALAFRIDI
1379 251 1626 306 STRABI
1666 251 1860 307 FULD.
1904 249 2068 305 MON.
2110 245 2270 301 OPP.
2306 243 2486 300 PARS
2521 244 2564 298 Ι.
2593 269 2660 281 —
2699 238 3155 330 THEOLOGICA.
3724 234 3830 288 568

316 379 445 447 pter
481 375 640 429 lucra
683 371 936 428 carnalia
973 372 1260 429 Christum
1297 377 1634 441 sequuntur,
1659 385 1778 424 non
1815 367 2013 438 conju-
2042 368 2091 421 A
2129 368 2221 432 cit,
2247 367 2384 424 Mihi
2439 368 2617 420 autem
2663 362 2808 418 absit
2851 363 3083 430 gloriari
3140 363 3253 417 nisi
3302 362 3361 416 in
3415 376 3568 416 cruce
3613 357 3828 414 Domini

317 481 436 537 ges,
469 463 568 520 sed
623 461 956 527 concubinae
1013 465 1302 516 vocantur.
1364 460 1524 514 Nunc
1572 453 1706 512 vero
1751 456 1798 511 si
1854 471 2018 525 reges
2127 457 2273 524 (Gal.
2310 456 2410 524 vx).

319 532 513 626 plures
577 566 800 617 uxores,
881 551 966 604 vel
1009 548 1350 604 concubinas
1431 548 1664 614 habent,
1722 551 2018 616 peccatum
2199 546 2363 599 Vens.
2400 541 2798 598 tl.—Tribus
2828 540 3122 595 mensibus.
3164 538 3292 608 (10.)
3342 536 3558 602 Quibus
3615 532 3828 626 scilicet

321 621 407 698 est
438 658 450 697 :
485 641 619 712 quia
669 640 872 710 ﬁgurae
909 639 1276 706 transierunt,
1339 653 1443 709 pro
1508 636 1720 708 quibus
1785 635 1891 690 hoc
1919 634 2020 689 ali-
2124 633 2287 699 ﬁdes,
2311 649 2440 703 spes
2487 636 2541 685 et
2589 631 2833 685 charitas
2893 628 3311 699 signiﬁcantur,
3365 631 3508 691 etc.,
3545 639 3712 693 usque
3758 621 3829 676 ad

322 711 554 804 quando
587 727 805 783 veniale
843 726 972 782 fuit.
1633 756 1645 770 ο
2125 727 2181 776 et
2211 721 2405 775 ovium
2453 720 2722 775 ducatum
2773 721 2983 787 gerunt
3001 717 3062 771 in
3112 714 3370 787 martyrii
3421 711 3699 784 sanguine
3730 726 3824 764 co-

394 819 555 872 Vsns.
594 817 679 870 13.
709 844 779 854 --
839 815 1072 882 Natique
1136 819 1282 868 sunt.
1323 811 1381 867 Si
1429 828 1534 882 per
1567 810 1739 865 David
1791 809 2016 878 signiﬁ-
2129 825 2357 866 ronans.

324 907 485 956 catur
510 900 788 966 Christus,
819 915 936 954 non
964 900 1253 955 immerito
1305 916 1410 971 per
1452 899 1602 954 ﬁlios
1655 899 1778 969 ejus
1807 899 2018 953 intelli-
2197 901 2259 952 In
2289 899 2526 964 organis.
2569 895 2630 951 Id
2659 898 2763 962 est,
2809 894 2882 949 ad
2937 910 3161 948 armum
3212 891 3421 964 ligatis,
3480 890 3615 944 dum
3647 886 3830 941 mani-

323 994 540 1061 guntur
568 988 894 1057 Christiani,
921 989 1022 1060 qui
1051 994 1184 1042 sunt
1221 1005 1288 1044 ex
1317 989 1531 1043 ,Ιυόωὶε
1559 993 1615 1042 et
1670 987 2018 1052 nationibus,
2126 986 2232 1041 bus
2259 985 2490 1040 ferentis
2527 989 2863 1055 tanguntur.
2915 982 3083 1036 Aliud
3111 997 3292 1052 genus
3323 978 3523 1049 organi
3568 981 3653 1030 est
3682 975 3832 1046 quod

323 1077 532 1150 quibus
596 1082 922 1148 congruunt
964 1076 1467 1147 interpretationes
1516 1075 1863 1131 nominum:
1915 1075 2020 1130 Sa-
2128 1091 2259 1130 cum
2289 1090 2439 1145 aqua
2470 1074 2552 1127 ﬁt.
3800 1065 3818 1078 '

323 1182 477 1232 mna,
511 1165 748 1219 audacia
776 1181 792 1234 ;
824 1165 1028 1229 Sobab,
1091 1170 1458 1230 convertens;
1517 1165 1782 1231 Jabahar,
1811 1165 1927 1234 eleg

2227 1164 2360 1216 iens.
2412 1162 2493 1215 14.
2553 1191 2620 1199 -—
2679 1158 3058 1231 Ephodzlinco,
3107 1163 3157 1213 et
3206 1157 3406 1223 David,
3488 1161 3593 1209 etc.
3641 1154 3831 1225 (ΗΑΒ.)

326 1253 535 1320 Elisua,
568 1252 668 1307 Dei
705 1252 821 1306 mei
853 1252 1004 1306 salus
1037 1268 1051 1319 ;
1103 1253 1357 1321 Nepheg,
1414 1251 1706 1322 applicans
1765 1249 1852 1302 ori
1888 1266 1901 1316 ;
1930 1251 2022 1303 Ja-
2130 1252 2252 1305 Non
2280 1248 2725 1321 pontiﬁcali,sed
2743 1249 2893 1302 linea
2915 1252 3274 1310 veste,causa
3298 1241 3668 1310 humilitatis,
3689 1246 3821 1306 etc.,

326 1341 483 1412 phia,
515 1340 801 1394 illuminat
847 1340 934 1395 vel
984 1341 1236 1394 ostendit
1269 1356 1282 1406 ;
1343 1339 1607 1405 Elisama,
1661 1339 1810 1392 Deus
1864 1353 2026 1391 meus
2131 1355 2301 1407 usque
2329 1339 2402 1392 ad
2431 1339 2579 1392 inter
2607 1336 2833 1406 ﬂagella
2869 1335 3260 1406 triumphavit.

327 1428 564 1482 audiens
598 1443 612 1494 ;
642 1427 853 1493 Elioda,
909 1429 1056 1481 Deus
1112 1443 1276 1481 meus
1333 1426 1438 1481 scit
1470 1443 1484 1492 ;
1541 1425 1842 1496 Eliphalet,
1877 1426 2026 1479 Deus
2203 1429 2363 1482 Vens.
2404 1429 2485 1481 l6.
2516 1455 2589 1466 —
2617 1427 2852 1493 Cumque
2881 1427 3139 1478 intrasset
3162 1437 3364 1476 arcam.
3418 1419 3543 1490 (Ιυ.)
3605 1418 3836 1473 Cunctis

325 1532 490 1571 meus
521 1517 760 1570 salvans.
2134 1515 2546 1570 exsultantibus
2571 1519 2627 1568 et
2658 1513 2726 1567 ad
2775 1511 2918 1566 arcis
2973 1511 3213 1566 coalestis
3262 1509 3561 1566 introitum
3593 1507 3837 1578 hymnos

399 1606 555 1659 Vens.
606 1606 695 1658 20.
757 1631 820 1644 —
880 1604 1026 1671 Baal
1081 1601 1388 1660 Pharas‘im.
1458 1605 1873 1674 Interpretatur
1918 1602 2026 1655 ini-
2070 1646 2109 1700 Β
2139 1603 2554 1670 resonantibus,
2613 1606 2742 1669 etc.,
2793 1615 2963 1671 usque
3013 1599 3089 1654 ad
3147 1597 3282 1669 quia
3337 1595 3437 1668 qui
3464 1594 3702 1692 verbum

329 1695 590 1748 micorum
611 1694 828 1748 divisio.
862 1694 1056 1747 Potest
1111 1692 1224 1747 dici
1273 1692 1352 1746 sic
1399 1692 1556 1746 locus
1616 1695 1866 1758 vocatur,
1896 1689 2033 1761 quia
2070 1681 2109 1700 ν
2143 1709 2280 1747 aure
2324 1697 2490 1746 tenus
2539 1689 2885 1761 percipiunt,
2963 1688 3178 1758 absque
3237 1685 3375 1741 boni
3434 1683 3624 1754 operis
3693 1681 3841 1754 proli

330 1779 674 1834 Philisthiim
695 1779 1053 1852 reliquerunt
1096 1780 1249 1834 idola
1285 1795 1387 1833 sua
1418 1779 1477 1834 in
1538 1781 1658 1834 loco
1713 1778 1812 1833 ubi
1869 1775 2036 1832 divisi
2143 1781 2296 1837 diem
2325 1783 2616 1852 perpetuae
2646 1778 2844 1833 mortis
2865 1780 3212 1847 exspectant.

329 1871 480 1922 sunt.
2212 1871 2377 1925 Vens.
2405 1873 2494 1924 20.
2538 1899 2598 1909 -
2652 1871 2884 1937 Egressa
2959 1866 3166 1920 Michol
3193 1865 3321 1934 ﬁlia
3376 1863 3509 1919 Saul
3552 1863 3611 1916 in
3658 1876 3843 1916 occur-

408 1956 568 2009 Vaas.
610 1957 698 2010 23.
750 1985 817 1995 —
891 1957 1186 2025 Pyrorum.
1249 1957 1312 2011 In
1362 1956 1599 2010 Hebraeo
1677 1957 1941 2024 ﬂentium,
1976 1953 2034 2007 id
2138 1973 2257 2012 sum
2281 1957 2476 2024 David,
2509 1961 2612 2011 etc.
2665 1956 2880 2026 (Gnac.,
2931 1954 3030 2008 lib.
3083 1969 3233 2006 xxxu
3280 1950 3502 2018 Moral.,
3565 1965 3690 2020 cap.
3725 1950 3838 2016 27.)

337 2047 436 2103 est,
497 2043 804 2109 idolorum,
872 2045 972 2099 ubi
1027 2045 1239 2098 scilicet
1297 2043 1448 2098 idola
1503 2048 1664 2098 erant
1718 2043 1778 2098 in
1829 2042 2036 2113 quibus
2140 2047 2356 2102 Intueri
2382 2046 2522 2100 libet
2564 2050 2782 2116 quanta
2824 2043 3103 2098 virtutum
3152 2038 3601 2108 munerahDavid
3632 2053 3829 2108 perce-

335 2129 698 2185 conﬁdebant
721 2147 849 2202 quae
876 2131 1136 2186 ﬂentium
1165 2137 1460 2199 vocantur,
1501 2131 1634 2202 quia
1656 2131 1796 2186 ﬂetu
1824 2130 2036 2202 quibus
2139 2139 2320 2207 perat,
2369 2139 2496 2198 etc.,
2551 2149 2719 2202 usque
2766 2133 2840 2187 ad
2878 2137 3072 2185 tamen
3119 2129 3180 2183 in
3218 2144 3277 2182 se
3328 2127 3602 2183 cerVicem
3653 2125 3845 2180 cordis

337 2223 488 2286 sunt,
522 2223 578 2272 et
597 2219 843 2273 cultores
868 2236 1000 2274 suos
1049 2220 1120 2274 ad
1180 2220 1380 2275 ﬂetum
1438 2219 1845 2290 miseriamque
1897 2234 2033 2288 per-
2140 2222 2329 2277 valida
2361 2221 2716 2276 discretionis
2770 2220 2919 2274 calce
2949 2217 3303 2289 deprimebat
3361 2216 3552 2272 dicens
3585 2231 3598 2268 ε
3629 2216 3848 2283 Eroque

335 2306 568 2360 ducunt.
2148 2311 2370 2365 humilis
2400 2311 2459 2363 in
2489 2309 2706 2364 oculis.-

407 2378 469 2431 ln
523 2379 814 2431 cacumine.
871 2378 1060 2448 (Rea)
1107 2381 1285 2449 Pyrus
1341 2378 1549 2433 dicitur
1607 2394 1674 2432 ex
1726 2378 1900 2432 Greco
1928 2381 2011 2450 πῦι

2237 2399 2512 2452 ῗιονίοευε.
2557 2395 2730 2450 David
2769 2411 2901 2450 cum
2958 2410 3149 2449 arcam
3206 2394 3265 2448 in
3314 2391 3626 2448 Jerusalem
3655 2395 3841 2445 trans-

293 2484 298 2491 ’
338 2464 492 2534 quod
552 2468 636 2518 est
686 2465 854 2535 ignis.
930 2466 1060 2536 Pyri
1087 2466 1307 2520 sancti:
1380 2482 1678 2534 cacumen,
1716 2465 1897 2520 sublin

2242 2491 2328 2548 ret,
2357 2503 2389 2540 a
2429 2485 2630 2540 Michol
2682 2484 3063 2538 subsannatus
3124 2487 3227 2537 est.
3281 2482 3349 2536 Et
3404 2480 3659 2537 Christus
3710 2494 3846 2533 cum

336 2551 465 2606 νίίεε
495 2567 694 2606 eorum
727 2568 740 2607 ³
774 2553 835 2606 in
865 2569 979 2624 qua
1029 2554 1201 2608 ﬂante
1258 2554 1478 2626 Spiritu
1535 2560 1729 2608 ⁵³³⁸ῖο
1786 2553 2036 2608 inimum
2140 2577 2567 2631 Testamentum
2605 2574 2824 2628 Novum
2847 2573 2903 2626 in
2935 2571 3237 2626 Ecclesiam
3269 2585 3431 2624 suam
3487 2569 3847 2630 transferret,

335 2640 756 2711 Ρτωάίθδίίθηίδ
818 2643 1058 2697 sonitus"
1119 2642 1228 2706 Qui
1319 2647 1402 2697 θεῖ
1445 2642 1778 2714 gradientis,
1839 2641 1897 2696 id
1948 2652 2035 2694 θδί
2138 2663 2347 2718 Iudaeis
2373 2663 2434 2716 in
2463 2677 2627 2716 cruce
2658 2659 2972 2715 ludibrium
2998 2659 3128 2726 fuit,
3167 2657 3355 2712 nudus
3412 2655 3675 2727 apparuit
3703 2655 3849 2708 dum

336 2727 639 2823 fifmumin
668 2744 837 2823 carm?
863 2729 1234 2823 {idvfmiemisi
1276 2729 1338 2783 in
1385 2729 1681 2784 cacumine
1735 2744 2029 2800 Pyrommi
2138 2750 2455 2823 potentiam
2521 2749 2634 2803 illis
2719 2747 3088 2809 abscondens,
3183 2745 3370 2800 carnis
3450 2742 3849 2798 inﬁrmitatem

335 2814 510 2910 mue“
537 2831 713 2910 sui"?
755 2817 1181 2910 θεΙδίωάίθθωᾷ
1216 2822 1559 2910 “gem???-
1769 2817 2032 2910 _hi°___S°_‘
2138 2814 2306 2910 quasi
2355 2836 2544 2908 ephod
2603 2836 2823 2891 lineum
2895 2834 3166 2889 ostendit.
3245 2832 3482 2888 Ancilla:
3549 2845 3851 2885 servorum

336 2903 492 3000 Ρξξυδ
564 2905 796 3000 audit“?
825 2922 860 2960 ⁸
907 2912 1098 2961 Ποδίτο
1154 2907 1350 2974 θείνων
1407 2906 1722 2962 Ρδίίίδιδωί
1764 2905 2036 2976 ίηῖθυίεί·
2062 2919 2102 2975 C
2145 2903 2450 3000 personam
2480 2929 2706 2996 gestant
2733 2930 3085 2989 sanctorum,
3127 2922 3277 2976 inter
3323 2936 3466 2991 quos
3525 2935 3628 2990 per
3655 2918 3846 2973 crucis

340 2990 483 3046 biles
511 2997 872 3063 δυρθτδηίυτο
2144 2990 2512 3085 triumphum
2539 3012 2844 3084 gloriosior
2891 3011 3123 3065 effectus
3175 3015 3260 3064 est
3291 3026 3303 3063 :
3341 2990 3535 3079 iquem
3567 3007 3706 3062 dum
3738 3007 3852 3061 Mi-

1013 3119 1239 3173 CAPUT
1321 3120 1410 3172 v1,
2146 3102 2274 3156 chol
2304 3100 2523 3168 irridet,
2555 3100 2860 3171 gloriosior
2897 3098 3116 3153 ancillis
3167 3102 3424 3168 apparet,
3448 3111 3576 3166 qua:
3608 3111 3668 3148 in
3709 3100 3852 3164 typo

2147 3189 2463 3260 Synagogie
2491 3187 2699 3242 sterilis
2718 3185 3054 3257 permansit.

412 3255 571 3342 VFBS-
607 3259 656 3309 ίο
705 3284 774 3294 -·
831 3255 1212 3325 οοηρνεσαυίεο
1266 3257 1454 3325 (ΒΔΒον
1512 3273 1580 3311 ex
1608 3257 1804 3327 ΕοίιῙὶο)
1865 3257 2041 3312 Πενίά
2184 3255 2597 3332 Ἐινπῖιὰαίαι
2659 3255 2913 3330 Nudatus
2959 3291 3074 3328 non
3123 3272 3382 3338 omnino,
3415 3271 3514 3326 sed
3562 3271 3856 3342 regalibus

346 3341 814 3434 (Eh’isiumietcw
856 3358 1044 3434 ,τίδίΙυε
1093 3345 1323 3434 αάίίίειί
1388 3344 1796 3434 descendentes
1847 3345 1918 3399 de
1937 3346 2044 3404 λιι-
2149 3363 2546 3421 indumentis:
2596 3367 2653 3417 et
2695 3362 2832 3434 quia
2886 3378 2944 3416 se
3001 3377 3193 3416 coram
3243 3360 3482 3416 Domino
3542 3341 3851 3414 humiliare

348 3429 474 3484 daaa
513 3428 791 3483 docebant
847 3430 1093 3484 fratres:
1153 3433 1276 3488 Nisi
1329 3431 1800 3487 circumcidamini
1854 3447 2041 3486 secun-
2148 3469 2266 3507 non
2323 3451 2568 3518 erubuit,
2630 3428 2763 3506 mo'x
2816 3451 3258 3522 promissionem
3319 3448 3445 3503 [vim
3491 3447 3594 3502 Dei
3638 3464 3704 3502 ex
3748 3464 3854 3503 sua

345 3517 477 3611 dum
504 3531 702 3611 morem
749 3519 969 3611 Mog/sit
995 3533 1102 3611 non
1126 3522 1350 3611 potestis
1379 3519 1524 3573 salvi
1552 3521 1674 3588 ﬁeri
1713 3518 1870 3588 (Act.
1909 3520 2037 3611 av).
2149 3539 2329 3611 stirpe
2361 3517 2635 3596 “scituri
2654 3517 2940 3611 summa”
2990 3538 3219 3593 meruit.

418 3607 579 3661 Vnus.
641 3608 695 3659 2.
735 3635 804 3646 —
857 3607 1128 3662 Sedentis.
1203 3607 1387 3676 Super
1434 3623 1624 3660 arcam
1675 3612 1798 3661 erat
1851 3607 2045 3662 tabula

347 3709 521 3766 quam
549 3693 654 3748 alis
685 3693 799 3748 duo
831 3693 1128 3749 cherubim
1158 3662 1450 3762 tenebant,
1491 3695 1644 3750 inter
1675 3711 1819 3766 quos
1849 3695 2044 3750 Domi-
2821 3663 3047 3718 CAPUT
3076 3662 3192 3716 VU-

347 3796 476 3835 mus
499 3780 810 3851 apparebat
838 3785 894 3835 et
915 3782 1268 3853 loquebatur.
2223 3789 2381 3842 Vens.
2416 3789 2468 3842 3.
2495 3817 2559 3827 —
2586 3788 2750 3844 Omne
2792 3787 2937 3856 quod
2993 3791 3071 3841 est
3117 3788 3177 3840 in
3232 3784 3389 3841 corde
3446 3790 3554 3848 tuo,
3613 3784 3772 3850 vade,
3805 3789 3857 3838 et

423 3867 608 3937 (ΗΔΒο,
640 3884 705 3923 ex
753 3869 938 3940 Gl‘eg.)
998 3870 1062 3924 In
1113 3869 1354 3924 historia
1397 3868 1550 3940 regis
1609 3869 1786 3924 DaVid
1835 3874 1891 3924 et
1918 3885 2046 3940 pI‘O-
2149 3879 2261 3945 fac.
2300 3876 2459 3947 (Ras.
2492 3877 2550 3929 in
2579 3876 2674 3930 lib.
2723 3877 2874 3942 Reg.,
2919 3880 3060 3929 tom.
3117 3873 3241 3945 ΙΙΙ.)
3302 3875 3461 3928 Patet
3517 3871 3668 3944 quod
3719 3887 3856 3942 pro-

349 3958 537 4030 pheta:
581 3975 695 4030 qua
750 3975 938 4013 arcam
992 3959 1091 4014 Dei
1143 3959 1439 4014 adduxisse
1493 3958 1718 4026 dicitur,
1751 3958 2045 4012 humilitas
2152 3965 2361 4036 phetiae
2406 3963 2656 4035 spiritus,
2712 3964 3128 4035 prophetarum
3176 3967 3395 4016 mentes
3455 3978 3572 4016 non
3625 3977 3859 4032 semper

233 4089 240 4096 .
352 4046 686 4116 approbata.
719 4046 986 4117 superbia
1015 4047 1305 4113 damnata,
1339 4051 1396 4100 et
1444 4046 1736 4100 temeritas
1767 4045 2048 4100 vindicata
2151 4051 2406 4107 irradiat.
2471 4053 2709 4121 Spiritus
2771 4056 2913 4106 enim
2949 4052 3045 4106 ubi
3106 4053 3224 4107 uult
3279 4053 3455 4120 spirat
3512 4055 3689 4120 \Joan.
3744 4050 3852 4119 ιιι).

353 4139 718 4190 monstratur.
755 4135 934 4190 David
962 4135 1138 4202 enim,
1171 4136 1270 4207 qui
1328 4152 1519 4190 coram
1581 4152 1711 4191 arca
1755 4136 2049 4191 humiliter
2154 4141 2296 4196 Hinc
2355 4139 2569 4195 Eliseus
2626 4140 2740 4194 ait:
2798 4142 3056 4196 Dominus
3105 4141 3300 4194 celavit
3352 4155 3453 4206 me,
3512 4143 3565 4192 et
3613 4153 3721 4191 non
3770 4139 3855 4191 in-

353 4225 559 4280 saltare
589 4239 707 4277 non
736 4223 983 4290 erubuit,
1025 4241 1159 4279 mox
1207 4223 1646 4294 promissionem
1694 4224 1819 4279 Filii
1849 4223 1952 4279 Dei
1981 4224 2051 4278 de
2082 4248 2126 4302 ι)
2168 4229 2378 4284 dicavit
2415 4229 2574 4282 mihi!
2600 4228 2704 4297 (ιγ
2747 4231 2876 4296 Reg.
2921 4229 3014 4298 iv).
3049 4227 3211 4292 Quod
3244 4227 3392 4281 Deus
3449 4243 3515 4280 ex
3564 4225 3852 4296 dispensa-

353 4327 457 4366 sua
487 4311 664 4383 stirpe
697 4311 968 4365 uascituri
992 4313 1278 4383 suscipere
1312 4311 1541 4378 meruit,
1586 4316 1641 4367 et
1662 4313 1886 4382 conjux,
1923 4328 2053 4382 quae
2165 4317 2324 4372 tione
2349 4315 2576 4388 pietatis
2636 4315 2916 4386 disponit:
2978 4315 3114 4386 quia
3141 4315 3280 4370 dum
3321 4313 3642 4384 prophetia:
3681 4313 3858 4383 spiri-

353 4399 740 4454 humilitatem
789 4399 1064 4469 despexit.
1124 4404 1417 4471 perpetuae
1488 4399 1800 4455 sterilitatis
1855 4416 2052 4471 poenas
2162 4409 2286 4460 tum
2308 4404 2403 4459 dat
2435 4409 2493 4458 et
2521 4403 2821 4470 subtrahit,
2866 4403 3337 4474 prophetantium
3399 4405 3617 4456 mentes
3669 4401 3861 4454 elevat

353 4487 482 4542 luit.
523 4487 795 4542 Sacerdos
824 4503 1053 4558 quoque
1092 4487 1190 4558 qui
1228 4503 1417 4541 arcam
1474 4488 1775 4542 temerarie
1841 4489 2048 4560 tetigit,
2161 4493 2223 4548 in
2281 4491 2638 4558 celsitudine,
2698 4495 2755 4545 et
2814 4489 3172 4560 custodit_iu
3221 4489 3564 4554 humilitate,
3622 4493 3686 4542 ut
3718 4488 3864 4542 acci-

354 4579 578 4629 reatum
629 4573 717 4628 sui
775 4589 946 4628 ausus
1003 4573 1310 4628 immatura
1368 4579 1553 4629 morte
1602 4575 1888 4646 purgavit.
1949 4558 2052 4632 Ubi
2161 4579 2386 4649 pientes
2413 4576 2680 4648 spiritum
2700 4576 2996 4631 inveniant
3023 4558 3163 4647 quid
3216 4576 3286 4630 de
3317 4576 3429 4630 Deo
3461 4574 3594 4640 sint,
3628 4576 3683 4628 et
3728 4590 3861 4627 rur-

353 4662 697 4717 intuendum
750 4666 834 4716 est
889 4667 1169 4734 quantum
1222 4662 1519 4734 delinquat
1568 4664 1669 4734 qui
1729 4664 1798 4719 ad
1840 4681 2047 4736 corpus
2163 4679 2289 4719 sum
2319 4663 2638 4735 prophetiae
2699 4662 2964 4734 spiritum
3021 4679 3137 4716 non
3192 4662 3465 4716 habentes
3513 4665 3866 4731 cognoscant

364 4749 593 4807 Domini
621 4765 751 4803 reus
781 4750 1020 4820 accedit,
1064 4751 1112 4804 si
1159 4750 1255 4805 ille
1286 4756 1470 4806 morte
1496 4753 1772 4806 multatur
1832 4753 1931 4824 qui
1961 4770 2050 4807 ar-
2161 4752 2317 4826 quod
2345 4753 2458 4806 sint
2483 4751 2552 4806 de
2581 4749 2918 4822 semetipsis.

354 4856 498 4908 cam,
525 4837 804 4893 Dominici
833 4837 1089 4910 corporis
1139 4839 1407 4910 ﬁguram,
1463 4839 1677 4894 minori
1728 4856 1900 4912 quam
1945 4841 2044 4896 de-
2232 4841 2444 4911 (Cass,
2493 4838 2590 4893 lib.
2647 4855 2722 4893 vn
2759 4839 2975 4905 Moral.,
3038 4853 3162 4908 cap.
3223 4838 3333 4907 l7.)
3393 4836 3633 4892 Mundus
3686 4834 3748 4889 in
3799 4851 3866 4889 se

357 4928 481 4983 buit
509 4926 872 4982 veneratione
902 4927 1202 4999 corripuit.
2159 4945 2279 4984 esse
2309 4945 2344 4983 a
2370 4926 2519 4982 vitiis
2551 4926 2738 4994 debet,
2764 4932 2896 4995 etc.,
2926 4941 3095 4997 usque
3142 4925 3218 4980 ad
3245 4941 3472 4980 necesse
3529 4927 3612 4979 est
3666 4927 3732 4977 ut
3759 4923 3864 4978 in-

428 5015 647 5086 (Gnac.,
683 5015 720 5070 l.
771 5032 801 5068 v
849 5017 1023 5072 Moral
1048 5059 1063 5082 ,
1113 5031 1237 5086 cap.
1279 5016 1388 5085 l0.)
1431 5015 1592 5085 Saepe
1639 5015 1773 5086 quia
1798 5015 2047 5088 intelligi
2159 5017 2394 5071 stituere
2423 5014 2818 5088 proximorum
2850 5019 3069 5069 mentes
3094 5013 3408 5069 erubescat.

359 5117 476 5156 non
504 5101 712 5169 valent,
746 5107 876 5168 etc.,
943 5119 1111 5173 usque
1149 5103 1223 5157 ad
1276 5119 1392 5157 non
1446 5103 1746 5158 meliorum
1786 5103 1931 5158 facta
1960 5105 2049 5159 vel
2231 5106 2391 5159 Vens.
2423 5108 2475 5159 5.
2519 5133 2589 5144 —
2643 5103 2922 5174 Nunquid.
2976 5101 3156 5174 (Rea)
3187 5101 3312 5155 Alia
3367 5099 3684 5167 translatio,
3725 5104 3860 5166 etc.,

358 5188 505 5244 dicta
533 5190 686 5244 velut
712 5189 941 5244 inﬁrma
963 5191 1304 5261 judicarent.
2158 5208 2328 5263 usque
2357 5192 2432 5246 ad
2465 5192 2588 5262 ipse
2617 5190 2922 5247 ediﬁcabit
2942 5190 3086 5244 mihi
3123 5189 3384 5244 domum.

433 5277 592 5330 Vens.
620 5281 761 5331 7.—
791 5277 898 5342 Qui
923 5283 1184 5334 mortuus.
1235 5279 1411 5348 (Rea,
1463 5295 1532 5334 ex
1581 5279 1782 5350 Euch.)
1827 5279 2048 5334 Mortuo
2230 5281 2393 5334 Vens.
2427 5281 2512 5333 10.
2546 5308 2608 5320 -
2641 5279 2722 5334 Et
2773 5293 2974 5348 ponam
3003 5278 3192 5332 locum.
3251 5277 3494 5347 Tempus
3535 5271 3863 5330 Salomonis

361 5361 650 5416 sacerdote
675 5378 793 5417 non
812 5380 983 5419 ausus
1005 5370 1087 5420 est
1127 5381 1315 5421 arcam
1375 5366 1672 5434 divertere,
1711 5371 1839 5432 etc.,
1880 5381 2051 5435 usque
2159 5367 2446 5432 describit,
2476 5382 2591 5439 quo
2615 5365 2718 5422 ﬁlii
2749 5366 2923 5421 Israel
2962 5380 3163 5437 pacem
3218 5363 3471 5434 undique
3527 5361 3857 5416 habuerunt

360 5448 436 5505 ad
461 5451 626 5522 Aqua
650 5450 914 5507 Gethmus
945 5454 1190 5524 populus
1227 5457 1414 5526 potest
1461 5455 1757 5526 appellari,
1815 5454 1915 5527 qui
1963 5453 2049 5511 di-
2159 5469 2266 5511 nec
2292 5453 2488 5510 afﬂicti
2515 5459 2648 5509 sunt
2675 5454 2820 5509 sicut
2842 5459 3104 5524 tempore
3132 5451 3416 5509 Iudicum.
