4062 6180
251 273 355 324 369

1378 274 1637 332 GLOSSA
1672 276 2081 333 ORDINARIA.
2120 304 2193 318 —
2229 277 2362 332 LIB.
2406 277 2452 334 ll
2497 276 2653 333 R-EG.

3652 286 3754 338 370

322 389 485 444 Vens.
534 390 616 443 t6.
657 416 726 431 -—
765 391 836 445 Et
888 390 1083 459 ﬁdelis.
1120 393 1304 460 (Ihm,
1352 408 1418 446 ex
1464 394 1611 464 Aug.
1646 394 1713 450 de
1745 396 1939 461 Cavit,
1973 397 2016 450 A
2054 395 2111 450 id
2143 401 2248 460 est,
2281 412 2448 450 sensu
2490 397 2813 467 spirituales
2855 398 3009 462 facit,
3042 400 3184 454 alios
3213 400 3375 471 quasi
3426 407 3750 472 argentum,

244 476 348 531 lib.
382 493 518 543 xvu,
550 492 671 547 cap.
704 477 781 547 8.)
824 480 939 533 Hoc
990 496 1118 535 vere
1164 481 1234 535 de
1265 481 1487 536 Christo
1532 482 1760 551 dicitur,
1810 490 1941 551 etc.,

246 581 415 637 usque
448 565 521 619 ad
550 565 704 619 locus
742 582 878 635 ergo
908 572 1025 621 tam
1054 574 1272 638 pacatas
1314 574 1370 623 et
1398 585 1611 624 securas
1636 570 1945 626 habitatio-

253 654 341 708 nis
374 659 623 708 azternus
666 659 769 720 est,
803 654 899 709 ubi
929 656 1037 710 erit
1074 672 1241 711 verus
1271 657 1468 724 Israel,
1522 658 1581 713 id
1612 664 1718 726 est,
1751 660 1948 716 videns

255 744 460 797 Deum.

316 834 391 885 Et
418 831 559 885 sedit
588 846 784 885 coram.
837 830 1044 885 Sedere
1074 846 1265 885 coram
1321 834 1585 901 Domino,
1634 841 1720 891 est
1770 835 1947 891 bene-

248 917 380 971 ﬁcia
402 918 529 986 ejus
558 917 616 970 in
638 917 967 972 humilitate
994 918 1271 973 conﬁteri.

321 1008 440 1060 Lex
486 1007 689 1062 Adam.
740 1008 922 1075 (ΗΑΒ.)
991 1007 1215 1062 Scilicet
1267 1009 1539 1080 hominis,
1609 1017 1672 1067 ut
1728 1012 1831 1067 tibi
1888 1014 1949 1067 in

249 1095 614 1165 simplicitate
683 1094 867 1149 cordis
921 1101 977 1150 et
1031 1097 1278 1167 puritate
1328 1099 1554 1166 serviat,
1589 1106 1646 1155 et
1675 1105 1736 1155 tu
1777 1101 1948 1155 facias

247 1182 299 1236 ei
356 1185 672 1238 secundum
740 1184 1188 1239 misericordiam
1258 1190 1437 1253 tuam,
1493 1187 1640 1243 sicut
1690 1189 1831 1243 mihi
1874 1190 1947 1243 fe-

246 1271 393 1325 cisti.

320 1360 484 1414 Vens.
519 1362 605 1414 23.
654 1390 723 1401 —
781 1364 908 1429 Quae
950 1366 1047 1415 est.
1109 1362 1172 1415 In
1224 1366 1379 1417 terra
1415 1364 1524 1418 alia
1576 1370 1788 1435 praeter
1832 1367 1946 1419 ele-

248 1453 423 1513 ctam,
472 1451 709 1518 prOpter
761 1444 934 1519 quam
968 1448 1124 1503 venit
1157 1449 1256 1504 Dei
1308 1452 1480 1505 Filius
1547 1453 1605 1506 in
1666 1455 1946 1509 mundum

248 1537 406 1591 velut
440 1536 498 1591 in
550 1537 878 1606 Egyptum,
923 1541 984 1590 ut
1039 1539 1383 1592 commercio
1435 1541 1731 1612 sanguinis
1793 1542 1944 1597 redi-

249 1630 438 1679 meret
469 1624 577 1678 sibi
606 1625 885 1695 populum
931 1626 1360 1697 acceptabilem,
1402 1634 1735 1684 sectatorem
1765 1631 1943 1686 bono-

247 1729 383 1767 rum
406 1728 667 1783 operum.
703 1713 881 1767 Deum
913 1718 1104 1768 autem
1135 1714 1392 1785 ejusdem
1423 1718 1621 1787 populi
1649 1719 1946 1774 hominem

248 1800 619 1856 Dominicum
648 1800 1040 1872 intelligimus,
1091 1819 1263 1873 quem
1323 1804 1391 1859 de
1430 1807 1696 1877 Egypto,
1754 1808 1809 1863 id
1840 1816 1946 1877 est,

249 1890 472 1943 mundo
507 1906 609 1959 per
638 1894 866 1944 uterum
902 1890 1143 1961 virginis
1174 1893 1513 1963 assumpsit.

319 1980 413 2031 Ea:
442 1977 714 2046 zEgypto.
745 1978 919 2032 Geute
952 1983 1009 2032 et
1039 1980 1156 2033 Deo
1188 1980 1322 2051 ejus
1353 1982 1439 2035 vel
1482 1986 1652 2053 gente
1682 1986 1735 2036 et
1768 1985 1947 2039 Deum

246 2066 395 2135 ejus,
452 2070 686 2136 gentem
726 2066 918 2133 Israel,
953 2071 1010 2121 et
1068 2068 1249 2121 Deum
1289 2068 1412 2139 ejus
1440 2070 1664 2141 Moysen
1714 2071 1783 2127 de
1834 2089 1949 2144 quo

247 2154 531 2208 Constitui
560 2158 611 2209 te
640 2157 807 2209 Deum
834 2155 1144 2210 Pharaonis
1167 2156 1366 2226 (Exod.
1402 2158 1521 2228 vn).

317 2243 483 2296 Vens.
554 2244 641 2297 27.
696 2273 764 2283 —
809 2244 1031 2298 Invenit
1089 2259 1303 2301 servus.
1362 2244 1514 2301 Nihil
1568 2248 1736 2302 corde
1783 2249 1946 2319 fuga-

245 2330 389 2397 cius,
424 2330 579 2401 quod
626 2330 918 2385 invenitur
946 2348 1079 2386 cum
1125 2348 1231 2403 per
1258 2332 1659 2391 discretionem
1713 2338 1948 2392 restrin-

251 2418 429 2487 gitur.

894 2506 1119 2562 CAPUT
1156 2509 1296 2563 VIII.

320 2594 484 2647 Vens.
555 2598 601 2647 1.
683 2625 752 2633 -
846 2597 1100 2650 Frenum.
1157 2597 1421 2669 Quinque
1476 2598 1730 2654 civitates
1786 2608 1950 2656 erant

247 2681 731 2736 Pbilisthinorum
763 2699 893 2754 quae
922 2685 1190 2739 Israelem
1223 2686 1592 2740 tributarium
1643 2688 1942 2746 faciebant.

250 2768 363 2822 Has
394 2769 531 2823 tulit
559 2770 666 2824 sibi
691 2772 863 2825 David
893 2776 950 2826 et
976 2771 1110 2827 fecit
1136 2773 1487 2842 tributarias,
1522 2775 1669 2830 sicut
1698 2777 1907 2848 legitur
1931 2796 1944 2833 :

249 2858 539 2912 Percussit
578 2860 758 2913 David
785 2861 1139 2926 Philisthiim,
1171 2866 1221 2915 et
1243 2863 1556 2919 humiliavit
1589 2880 1696 2931 eos,
1745 2871 1795 2921 et
1824 2869 1949 2922 tulit

250 2946 389 2998 Geth
435 2950 487 2999 et
543 2945 691 3015 ﬁlias
732 2948 847 3016 ejus
888 2947 951 3000 de
1005 2962 1170 3003 manu
1220 2963 1422 3017 eorum,
1484 2954 1588 3004 etc.
1654 2950 1702 3021 (1
1753 2954 1937 3008 Paral.
1977 2974 2017 3028 ρ

247 3035 426 3101 xvm.)

316 3122 581 3177 Frenum.
630 3122 887 3177 Christus
933 3123 1003 3178 de
1060 3125 1240 3179 aereis
1291 3127 1668 3196 potestatibus
1740 3128 1949 3184 trium-

253 3209 461 3279 phans,
492 3209 719 3265 frenum
750 3211 963 3265 erroris
988 3213 1142 3283 quod
1167 3214 1422 3270 humano
1440 3216 1635 3285 generi
1668 3216 1949 3288 imposue-

252 3303 384 3353 rant
407 3298 707 3369 confregit.

325 3387 487 3440 Vens.
520 3389 572 3440 2.
606 3417 668 3427 —
702 3388 1024 3457 Cozquans.
1058 3390 1182 3443 Non
1208 3389 1362 3444 enim
1392 3391 1655 3445 homines
1696 3393 1756 3446 in
1801 3398 1951 3448 terra

254 3475 503 3529 viventes
533 3475 819 3530 intentum
851 3476 1351 3546 :hnmiliabantur,
1414 3483 1474 3532 ut
1538 3479 1794 3534 funiculo
1851 3498 1948 3536 su-

253 3580 355 3633 per
386 3568 617 3617 extenso
671 3568 841 3618 terra:
896 3570 1240 3635 apparerent
1296 3567 1596 3637 aequales:
1657 3568 1755 3622 sed
1809 3570 1949 3624 adeo

250 3649 393 3703 viles
426 3654 483 3703 et
508 3652 841 3722 contempti,
876 3657 941 3706 ut
981 3653 1043 3707 in
1072 3655 1231 3708 nullo
1288 3655 1416 3726 plus
1464 3657 1739 3723 valerent,
1775 3674 1949 3728 quam

249 3742 404 3793 terra
431 3754 561 3808 qua:
621 3741 806 3794 nullos
860 3741 1122 3795 homines
1160 3742 1351 3797 habet.
1386 3742 1723 3798 Feniculum
1756 3750 1951 3800 autem

246 3842 352 3898 pro
405 3831 557 3881 sorte
612 3828 834 3897 posuit;
891 3828 1028 3899 quia
1087 3829 1341 3884 funiculo
1399 3830 1546 3884 solet
1601 3833 1945 3899 mensurari,

247 3913 567 3968 secundum
600 3914 742 3968 illud
777 3932 790 3969 :
823 3920 872 3970 el
900 3922 1041 3971 sorte
1067 3916 1259 3972 divisit
1282 3920 1358 3971 eis
1385 3923 1587 3972 terram
1616 3921 1675 3972 in
1702 3921 1947 3984 funiculo

247 4002 655 4057 distributionis
685 4003 854 4071 (Psal.
915 4006 1140 4070 Lxxvu).
1195 4005 1489 4076 Signiﬁcat
1544 4012 1736 4061 autem
1794 4009 1947 4078 quod

249 4094 368 4139 tam
398 4086 572 4139 libere
601 4086 863 4157 regiones
911 4088 1309 4157 Moabitarum,
1351 4090 1559 4161 quibus
1606 4090 1773 4145 vellet
1803 4091 1945 4145 divi-

244 4173 435 4241 deret,
465 4190 638 4244 quam
660 4191 951 4245 possessor
974 4192 1144 4247 agros
1162 4178 1448 4248 proprios.

2056 484 2111 538 id
2147 489 2249 547 est,
2286 485 2628 555 eloquentiae
2659 486 2843 539 nitore
2872 489 3261 556 splendentes;
3290 489 3430 545 alios
3460 490 3621 561 quasi
3651 508 3748 557 ass,

2057 574 2460 642 praedicatione
2526 591 2757 628 sonoros
2812 576 3128 631 sanctiﬁcat
3182 577 3445 643 Domino,
3512 584 3575 633 ut
3626 579 3750 650 ejus

2056 662 2422 716 tabernaculo
2455 664 2699 718 ﬁdeliter
2727 664 3067 720 deserviant.

2130 751 2291 804 Vens.
2334 754 2413 805 l3.
2444 782 2511 791 ——
2550 753 2731 808 Caesis.
2787 753 3077 822 (HIERON.)
3133 753 3293 817 Quod
3324 754 3383 807 in
3406 754 3747 825 quibusdam

2058 838 2347 892 codicibus
2390 840 2689 893 duodecim
2738 841 2917 893 millia
2946 857 3087 894 αδδεδ
3119 842 3387 895 dicuntur
3428 842 3565 895 vitio
3615 844 3749 897 scri-

2055 932 2286 997 ptorum
2323 928 2586 982 inolitum
2617 934 2717 982 est.
2772 930 3053 983 Veraciter
3110 930 3261 982 enim
3296 930 3468 984 David
3502 930 3560 983 in
3609 932 3749 984 valle

2056 1015 2376 1070 Salinarum
2424 1017 2617 1070 decem
2652 1023 2709 1070 et
2748 1023 2874 1071 octo
2933 1018 3115 1070 millia
3145 1018 3371 1073 cecidit.
3427 1019 3566 1072 Joab
3614 1036 3747 1073 vero

2056 1104 2358 1159 duodecim
2408 1104 2607 1169 millia,
2648 1105 2793 1159 sicut
2822 1105 2883 1158 in
2931 1106 3097 1159 titulo
3137 1122 3264 1160 LVIII
3309 1106 3509 1176 psalmi
3546 1107 3744 1161 scribi-

2057 1197 2169 1247 tur.
2220 1192 2583 1263 Signiﬁcatur
2635 1198 2825 1247 autem
2881 1195 3031 1264 quod
3091 1195 3345 1249 Christus
3393 1194 3745 1249 districtione

2058 1280 2146 1333 sui
2166 1280 2465 1345 examinis,
2497 1281 2556 1333 in
2588 1281 2673 1334 his
2705 1282 2803 1351 qui
2828 1282 2895 1335 do
2928 1281 3025 1334 illo
3054 1297 3226 1351 prava
3251 1281 3524 1344 sentiunt,
3551 1282 3741 1343 stulti-

2057 1369 2194 1422 tiam
2228 1369 2591 1423 immoderati
2614 1371 2823 1423 laboris
2845 1370 3175 1439 exstinguit.

2128 1457 2299 1511 Vens.
2339 1460 2419 1511 l6.
2458 1488 2525 1495 —
2559 1460 2607 1511 Α
2640 1460 3055 1511 commentariis.
3089 1457 3280 1511 Vicem
3312 1456 3462 1527 regis
3517 1456 3741 1528 agebat,

2055 1548 2215 1615 cujus
2239 1546 2458 1617 judicio
2485 1548 2641 1617 leges
2678 1547 3088 1601 scribebantur.
3129 1547 3326 1601 Scriba
3355 1562 3421 1601 ex
3468 1563 3566 1601 ore
3595 1546 3747 1617 regis

1987 1670 2027 1724 Β
2054 1635 2227 1689 verbo
2259 1635 2632 1690 describebat.

2131 1725 2290 1778 Vens.
2354 1727 2438 1778 17.
2498 1755 2565 1763 -
2625 1724 2963 1778 Sacerdotes.
3028 1723 3300 1778 Sacerdos
3362 1723 3525 1794 quasi
3591 1740 3747 1778 sacer

2058 1812 2191 1867 dux.
2236 1812 2361 1867 Filii
2392 1818 2582 1867 autem
2627 1813 2800 1868 David
2850 1813 3119 1867 ducatum
3149 1813 3437 1867 habebant
3489 1812 3548 1867 in
3592 1812 3746 1867 tribu

2055 1898 2219 1953 Juda.

2129 1988 2313 2057 (ΗΑΒ.)
2359 1988 2699 2042 Assidebant
2757 1988 2877 2058 regi
2917 1988 3296 2042 custodientes
3350 2004 3555 2059 corpus
3601 1986 3745 2057 ejus,

2057 2080 2113 2129 et
2164 2076 2616 2146 interpretantur
2663 2077 3042 2145 interﬁcientes
3086 2082 3143 2131 et
3186 2079 3545 2144 viviﬁcantes,
3602 2092 3745 2147 quo-

2059 2163 2214 2218 niam
2244 2166 2558 2219 secundum
2581 2165 2866 2235 judicium
2897 2181 3096 2219 eorum
3126 2165 3284 2235 digni
3313 2165 3750 2220 reservabantur

2056 2252 2127 2307 ad
2148 2252 2343 2320 vitam,
2370 2253 2469 2307 alii
2494 2254 2849 2307 ducebantur
2878 2254 2947 2307 ad
2980 2258 3246 2307 mortem.

2730 2359 2955 2414 CAPUT
2993 2359 3079 2412 IX.

2130 2448 2283 2501 Vens.
2320 2450 2367 2501 1.
2398 2477 2470 2487 -
2503 2449 2575 2502 Et
2602 2447 2747 2501 dixit
2779 2447 2975 2513 David,
3024 2451 3129 2500 etc.
3163 2445 3329 2517 (Ras.
3364 2447 3418 2500 in
3451 2445 3548 2500 lib.
3584 2447 3747 2514 Reg.,

2057 2540 2200 2589 tom.
2247 2536 2367 2602 Ill.)
2417 2537 2552 2590 Ecce
2586 2536 2755 2589 David
2790 2551 2907 2588 non
2958 2540 3042 2589 est
3074 2535 3281 2588 oblitus
3326 2534 3637 2605 juramenti
3694 2538 3751 2586 et

2056 2623 2283 2677 foederis
2317 2625 2467 2694 quod
2514 2640 2641 2677 cum
2692 2624 2936 2678 Jonatba
2992 2623 3229 2694 pepigit,
3288 2630 3417 2689 etc.,
3468 2638 3636 2691 usque
3676 2622 3750 2675 ad

2058 2712 2195 2783 quia
2223 2712 2283 2764 in
2316 2712 2761 2766 admirationem
2808 2712 3011 2781 populi
3041 2712 3279 2765 veniunt
3307 2711 3407 2782 qui
3456 2725 3640 2780 nuper
3688 2710 3747 2763 in

2058 2800 2275 2854 mundo
2305 2800 2555 2870 despecti
2585 2802 2642 2853 in
2680 2800 2919 2854 Ecclesia
2946 2805 3221 2870 apparent
3245 2799 3496 2869 gloriosi.

2739 2925 2965 2978 CAPUT
3003 2925 3063 2978 X.

2132 3034 2290 3087 Vens.
2355 3036 2403 3099 1,
2451 3035 2504 3086 2.
2564 3060 2632 3072 —
2687 3032 2909 3085 Factum
2957 3034 3035 3085 est
3101 3034 3281 3085 autem
3327 3034 3449 3099 post
3506 3030 3633 3095 haec,
3691 3033 3751 3083 ut

2056 3126 2351 3177 moreretur
2402 3136 2502 3175 rem
2555 3121 2791 3189 ﬁliorum
2842 3122 3092 3185 Ammon,
3147 3125 3277 3185 etc.,
3343 3120 3577 3185 Faciam,
3638 3124 3747 3174 etc.

2057 3210 2334 3281 (Ηιειιοκ.)
2361 3209 2601 3274 Quando
2658 3207 2826 3262 David
2881 3208 3029 3277 fugit
3076 3225 3108 3261 a
3162 3207 3303 3261 facie
3365 3205 3534 3260 Achis
3600 3207 3750 3276 regis

2057 3300 2221 3365 Geth,
2281 3298 2437 3353 venit
2519 3296 2590 3351 ad
2644 3298 2788 3350 Naas
2866 3312 3062 3366 regem
3121 3298 3388 3361 Ammon,
3470 3295 3571 3363 qui
3616 3294 3751 3349 fecit

2056 3392 2302 3441 cum'eo
2357 3384 2827 3440 misericordiam.
2891 3385 2967 3437 De
3024 3385 3169 3438 Naas
3221 3383 3412 3453 itaque
3470 3383 3621 3437 venit
3677 3384 3749 3438 ad

2055 3476 2388 3546 speluncam
2439 3473 2716 3529 Odollam.
2775 3472 2871 3527 ubi
2930 3476 3211 3526 venerunt
3266 3473 3337 3525 ad
3398 3488 3527 3525 eum
3587 3476 3749 3541 pater

2056 3565 2180 3635 ejus
2206 3570 2264 3618 et
2313 3568 2512 3630 mater,
2571 3567 2626 3616 et
2656 3560 2844 3615 omnis
2875 3560 3080 3614 domus
3128 3561 3297 3630 ejus:
3352 3559 3487 3613 inde
3544 3575 3746 3629 perve-

2058 3654 2141 3707 nit
2208 3652 2275 3706 ad
2335 3651 2516 3717 Moab,
2585 3656 2643 3705 et
2694 3649 2911 3703 dimisit
2973 3649 3125 3719 apud
3196 3665 3329 3703 eum
3402 3653 3625 3718 patrem
3695 3655 3750 3703 et

2059 3747 2296 3795 matrem
2328 3746 2385 3793 et
2422 3755 2653 3792 omnem
2686 3738 2921 3791 domum
2974 3753 3153 3790 suam.
3211 3737 3369 3800 Quod
3429 3753 3558 3790 vero
3610 3736 3751 3790 dixit

2055 3828 2223 3882 Achis
2248 3844 2343 3882 rex
2403 3827 2544 3881 Geth
2580 3842 2591 3879 :
2629 3828 2729 3879 Hic
2772 3838 2837 3878 ne
2894 3824 3237 3892 ingredietur
3279 3823 3492 3876 domum
3538 3825 3747 3877 meam?

2056 3915 2211 3969 Abiit
2258 3914 2384 3968 inde
2444 3914 2629 3967 David
2682 3918 2731 3966 et
2785 3914 2935 3979 fugit
3006 3914 3063 3964 in
3132 3912 3439 3979 speluncam
3501 3910 3746 3965 Odollam

2057 4002 2106 4072 (Ι
2135 4005 2261 4070 Reg.
2296 4001 2426 4070 χχι),
2486 3999 2945 4054 subaudiendum
3003 3999 3071 4051 de
3103 3998 3274 4051 domo
3309 3997 3467 4050 Naas.
3504 3996 3560 4051 Si
3591 4012 3747 4068 qua:-

2056 4094 2214 4143 ratur
2244 4104 2344 4143 cur
2375 4088 2445 4141 ad
2490 4088 2659 4141 Achis
2688 4086 2942 4152 redierit,
2977 4101 3145 4156 quem
3190 4086 3346 4156 prius
3376 4086 3616 4154 fugerat.
3657 4084 3743 4137 in-

2056 4176 2433 4246 telligendum
2477 4180 2562 4230 est
2634 4190 2766 4227 eum
2800 4173 2867 4227 ad
2928 4189 3101 4243 quem
3133 4172 3302 4227 rediit
3343 4172 3516 4226 fuisse
3558 4172 3744 4227 ﬁlium

319 4262 508 4331 (ΗΔΒ.)
567 4262 861 4332 Signiﬁcat
916 4268 1110 4318 autem
1146 4264 1281 4335 quia
1332 4282 1473 4336 quos
1537 4266 1714 4321 voluit
1762 4268 1949 4338 potuit
1978 4281 2019 4335 ι)
2059 4265 2182 4336 ejus
2215 4280 2386 4336 quem
2411 4263 2576 4335 fugit.
2622 4264 2777 4317 Unde
2800 4262 2860 4316 in
2887 4263 3258 4333 sequentibus
3282 4262 3350 4315 de
3389 4261 3578 4328 Achis,
3611 4278 3741 4316 cum

243 4347 531 4413 occidere,
560 4354 615 4403 et
635 4350 842 4419 quibus
868 4351 1050 4405 voluit
1071 4352 1254 4422 potuit
1274 4369 1528 4423 parcere.
1564 4355 1727 4419 Quod
1757 4362 1948 4412 autem

245 4437 437 4503 Moab,
497 4438 594 4508 qui
641 4439 1054 4510 interpretatur
1099 4458 1167 4495 ea:
1211 4447 1391 4511 patre,
1449 4447 1506 4497 et
1560 4443 1782 4514 Syriam
1833 4446 1947 4500 Da-

240 4526 428 4581 masci
455 4532 512 4580 et
538 4534 770 4583 czeteras
802 4530 1068 4599 regiones
1116 4530 1442 4585 tributarias
1484 4532 1634 4599 fecit,
1668 4533 1950 4603 signiﬁcat

242 4613 411 4684 quod
438 4613 696 4667 Christus
728 4632 925 4669 omnes
978 4622 1177 4686 gentes
1223 4619 1329 4673 sub
1396 4618 1787 4674 dominatione
1845 4638 1949 4675 sua

249 4706 433 4765 tenet,
462 4706 520 4755 et
544 4702 776 4772 premit,
810 4708 867 4757 et
896 4720 1133 4759 censum
1162 4706 1449 4761 bonorum
1473 4724 1714 4778 operum
1748 4708 1942 4779 exigit.

238 4793 559 4846 Damascus
599 4792 751 4845 enim
784 4794 991 4847 nobilis
1036 4795 1174 4849 urbs
1224 4796 1508 4851 thnicis
1540 4798 1742 4852 eodem
1775 4814 1946 4852 voca-

234 4878 383 4935 bulo
415 4895 527 4949 quo
559 4885 615 4933 et
669 4881 880 4935 Maseth
933 4882 1156 4938 ancilla:
1209 4885 1451 4939 Abrahae
1507 4886 1659 4939 ﬁlius
1715 4886 1944 4954 dicitur,

236 4973 306 5022 et
372 4966 787 5037 interpretatur
856 4974 1141 5039 sanguinis
1218 4974 1489 5042 poculum.
1577 4973 1737 5044 Syria
1810 4991 1944 5030 vero

230 5055 498 5110 sublimis
576 5055 662 5109 vel
720 5056 994 5124 humecta;
1059 5074 1188 5129 quas
1247 5060 1401 5114 enim
1457 5060 1615 5131 prius
1678 5063 1947 5118 humecta

234 5141 486 5196 libidine
517 5143 858 5213 sanguinem
897 5144 1219 5201 humanum
1247 5147 1666 5218 inexplebiliter
1696 5147 1940 5219 sitiebat,

232 5246 400 5285 nunc
440 5230 717 5286 mundata
744 5232 1030 5304 baptismo
1088 5235 1316 5304 Christi,
1361 5236 1623 5291 sublimis
1679 5237 1944 5307 profectu

235 5318 547 5387 virtutum,
583 5319 879 5390 sanguinis
923 5322 1047 5393 ejus
1086 5324 1355 5394 poculum
1390 5323 1689 5378 desiderat.

316 5407 475 5460 Vens.
534 5410 617 5461 11.
658 5438 730 5448 -
757 5409 1137 5481 Sanctiﬁcavit
1190 5429 1309 5467 rex.
1359 5412 1451 5468 Sic
1505 5412 1759 5468 Christus
1814 5429 1939 5468 om-

231 5509 343 5554 nes
370 5509 520 5565 quos
550 5494 621 5549 de
666 5496 933 5567 gentibus
990 5504 1283 5569 convocat,
1319 5500 1481 5568 alios,
1537 5500 1701 5573 quasi
1729 5517 1937 5557 aurum

2057 4370 2169 4424 quo
2230 4353 2609 4408 descendebat
2665 4352 2724 4405 in
2781 4352 3045 4422 praelium
3120 4350 3270 4405 ﬁlius
3340 4352 3509 4404 fuisse
3598 4350 3742 4405 dici-

2056 4447 2150 4495 tur
2177 4442 2391 4496 Maoch.
2425 4442 2545 4495 Non
2577 4442 2725 4495 enim
2751 4458 2784 4493 a
2820 4444 2997 4510 patrem
3020 4440 3124 4492 hoc
3152 4440 3612 4510 patronymicum
3645 4439 3745 4493 sed

2055 4547 2087 4584 a
2118 4535 2297 4583 matre
2330 4529 2591 4601 sumpsit,
2623 4546 2752 4601 quas
2780 4528 3007 4583 Maacha
3029 4529 3352 4583 vocabatur.

2124 4619 2285 4672 Vens.
2319 4620 2371 4673 4.
2407 4649 2470 4657 -
2505 4620 2650 4673 Tulit
2707 4621 2891 4688 itaque
2925 4618 3127 4671 Hanon
3178 4632 3355 4672 servos
3410 4617 3615 4684 David,
3646 4633 3741 4671 ra-

2051 4708 2229 4775 sitque
2265 4706 2507 4771 barbam,
2541 4712 2645 4759 etc.
2700 4706 2879 4775 (RAB.,
2913 4722 2980 4758 ex
3023 4706 3221 4775 Euch.)
3253 4705 3588 4774 Signiﬁcant
3626 4706 3743 4759 haec

2052 4793 2266 4847 bellum
2328 4794 2536 4847 diaboli
2594 4800 2791 4847 contra
2866 4792 3188 4847 Ecclesiam.
3271 4794 3468 4847 Hauon
3561 4793 3740 4862 enim,

2053 4881 2109 4935 id
2140 4887 2245 4947 est,
2304 4881 2467 4935 dolor
2518 4897 2735 4949 eorum,
2771 4881 3061 4935 diabolum
3109 4880 3410 4950 signiﬁcat,
3450 4880 3550 4951 qui
3606 4884 3733 4933 Am-

2052 4969 2423 5035 mouitarum,
2475 4970 2529 5023 id
2571 4975 2657 5023 est
2703 4970 3088 5040 malignorum
3136 4968 3464 5039 spirituum,
3519 4969 3575 5023 id
3636 4973 3739 5035 est,

2051 5063 2236 5113 rector
2264 5059 2465 5130 populi
2492 5059 2754 5113 maeroris
2780 5064 2835 5112 et
2864 5074 3091 5128 semper
3134 5057 3192 5111 in
3235 5057 3499 5128 angustia
3521 5058 3741 5113 consti-

2050 5148 2178 5210 tuti,
2235 5148 2335 5219 qui
2369 5147 2745 5217 comprimere
2778 5148 2860 5201 vel
2913 5147 3238 5217 angustiare
3295 5147 3555 5201 homines
3593 5148 3742 5203 desi-

2050 5237 2229 5291 derat.
2274 5237 2442 5291 Badit
2471 5252 2606 5305 ergo
2639 5237 2837 5290 Hauon
2866 5235 3103 5290 barbam
3141 5235 3440 5290 dimidiam
3500 5237 3733 5291 nuntio-

2050 5341 2180 5379 rum
2241 5324 2432 5392 David,
2486 5340 2616 5378 cum
2674 5324 2933 5379 diabolus
2985 5324 3370 5395 quorumdam
3399 5325 3735 5396 prtedicato-

2050 5430 2178 5468 rum
2232 5430 2552 5467 sermonem
2632 5414 2719 5468 vel
2778 5413 3272 5468 conversationem
3316 5414 3736 5485 corrumpendo

2050 5502 2313 5556 maculat.
2377 5501 2639 5557 Praecidit
2688 5501 2907 5556 tunicas
2956 5519 3137 5574 usque
3187 5502 3257 5557 ad
3284 5501 3545 5575 inguina,
3608 5518 3738 5557 cum
