4062 6180
318 257 420 310 571

322 463 492 514 velat.
529 462 623 515 His
652 478 880 516 necesse
909 467 995 516 est
1019 463 1256 516 sedeant.
1307 466 1365 517 in
1415 465 1640 520 Iericho
1669 467 1849 522 donec
1899 485 2016 522 cre-

320 563 439 611 scat
468 558 664 627 barba,
693 575 764 612 ne
795 559 908 614 sint
945 559 1290 628 opprobium
1321 561 1564 616 aliorum
1611 569 1668 617 et
1709 566 2016 620 anathema

329 645 613 711 omnium,
655 647 714 700 id
769 651 872 709 est,
930 648 1110 701 donec
1141 647 1492 704 incrementa
1539 652 1810 707 virtutum
1837 654 1898 708 in
1933 656 2014 709 eis

324 737 648 796 nascantur,
684 738 740 787 et
770 733 931 803 digni
971 734 1288 788 habeantur
1345 739 1675 806 praesentari
1713 757 1814 795 suo
1870 742 2009 812 regi.

329 820 506 874 David
553 826 747 876 autem
779 827 976 876 noster
1022 821 1232 876 milites
1279 840 1410 878 suos
1458 825 1670 881 inultos
1720 844 1841 882 esse
1898 846 2013 883 non

325 907 560 977 patitur,
594 909 692 962 sed
743 910 992 964 exercitu
1045 918 1391 983 congregato
1451 931 1684 970 suorum
1740 917 2013 988 injuriam

319 1000 588 1068 vindicat,
638 1018 744 1057 nec
773 1003 961 1058 solum
992 1005 1344 1060 adversarios
1375 1024 1479 1078 per
1525 1014 1848 1064 sanctorum
1875 1029 2008 1066 suo-

323 1103 452 1140 rum
484 1088 780 1144 victoriam
811 1091 1130 1158 confundit,
1164 1093 1261 1146 sed
1301 1094 1470 1148 etiam
1503 1095 1562 1148 in
1621 1102 1876 1151 extremo
1913 1099 2008 1170 ju-

323 1175 470 1230 dicio
501 1179 792 1248 perpetuis
822 1179 1054 1250 ignibus
1080 1180 1272 1235 tradit.

993 1270 1217 1324 CAPUT
1248 1271 1335 1325 XI.

393 1354 552 1408 Veas.
615 1358 661 1408 1.
705 1386 764 1397 -
817 1359 1040 1412 Factum
1093 1365 1173 1413 est
1224 1367 1404 1414 autem
1449 1367 1686 1416 vertente
1739 1379 1900 1426 anno,
1950 1381 2008 1419 eo

319 1446 550 1512 tempore
581 1458 704 1511 quo,
737 1448 842 1498 etc.
870 1447 1061 1515 (Hae,
1093 1463 1156 1500 ex
1186 1449 1435 1516 Hieron.)
1489 1451 1549 1504 Id
1601 1455 1702 1517 est,
1740 1452 1797 1505 in
1853 1469 2003 1518 vere,

316 1531 547 1601 quando
587 1533 751 1601 pulsa
781 1533 1008 1604 frigoris
1041 1537 1346 1606 asperitate
1381 1537 1590 1607 pabula
1635 1540 2007 1610 reperiuntur

309 1618 728 1689 jumentorum,
761 1627 894 1690 etc.,
925 1638 1099 1694 usque
1118 1625 1192 1678 ad
1213 1626 1308 1680 sed
1331 1627 1536 1680 devicti
1565 1632 1716 1682 sunt.

387 1709 547 1763 Vens.
579 1712 724 1764 2.—
754 1713 894 1766 Dum
936 1713 1066 1768 haec.
1128 1714 1316 1785 (ΗΑΒ.)
1350 1715 1526 1770 David
1576 1717 1824 1786 graviter
1868 1734 2006 1788 pec-

313 1796 479 1864 cavit,
513 1803 643 1866 etc.,
678 1814 847 1869 usque
873 1800 947 1854 ad
999 1802 1097 1872 qui
1130 1807 1247 1856 tam
1291 1819 1461 1874 grave
1513 1806 1716 1859 vulnus
1772 1804 2009 1878 peﬂzati,

315 1883 654 1940 humilitatis
693 1888 1048 1942 confessione
1077 1893 1318 1945 sanavit.

383 1973 703 2031 Bethsabee.
783 1976 955 2048 (1311).)
1032 1980 1240 2034 Puteus
1304 1981 1593 2049 satietatis,
1665 1983 1752 2037 vel
1802 1989 2008 2054 puteus

313 2061 607 2131 septimus.
645 2065 889 2119 Ecclesia
915 2083 1048 2120 vero
1113 2070 1346 2121 vocatur
1377 2074 1584 2138 puteus
1629 2086 1794 2142 aqua;
1845 2071 2007 2140 vivae,

312 2155 372 2204 et
398 2151 532 2205 huic
576 2157 752 2222 puteo
784 2154 1092 2223 septenarii
1126 2171 1333 2210 nomen
1385 2158 1610 2212 numeri
1656 2160 1716 2213 in
1765 2160 2008 2230 Spiritus

313 2239 492 2292 sancti
526 2239 947 2310 signiﬁcatione
989 2243 1378 2314 conjungitur,
1432 2251 1666 2317 propter
1727 2249 2006 2303 rationem

313 2327 692 2396 Pentecostes,
735 2345 850 2399 quo
881 2330 970 2384 die
1013 2332 1080 2385 de
1125 2333 1266 2386 caelo
1290 2333 1534 2402 Spiritus
1589 2341 1815 2391 sanctus
1867 2338 2005 2392 mis-

313 2430 410 2468 sus
435 2420 533 2469 est.
561 2417 644 2470 Ad
674 2418 1056 2490 quadraginta
1071 2435 1296 2486 novem,
1321 2421 1377 2476 id
1405 2427 1509 2490 est,
1535 2425 1742 2494 septies
1785 2432 2004 2495 septem

311 2518 491 2557 unum
524 2505 771 2574 additur,
795 2507 1063 2577 quoniam
1098 2509 1284 2562 unitas
1305 2512 1757 2566 commendatur.
1794 2514 1953 2567 Unde
1989 2530 2002 2568 :

309 2592 543 2647 Solliciti
585 2608 805 2648 servare
855 2598 1116 2651 unitatem
1153 2600 1384 2666 spiritus
1433 2601 1493 2654 in
1558 2602 1770 2657 vinculo
1847 2604 2004 2671 pacis

313 2679 476 2749 (Eph.
517 2685 606 2749 ιν).
644 2683 804 2736 Dono
834 2683 1029 2754 itaque
1082 2685 1348 2756 spiritali,
1397 2687 1456 2742 id
1506 2693 1611 2753 est,
1668 2689 1994 2759 septenario

311 2768 454 2821 facta
497 2773 582 2822 est
640 2771 881 2824 Ecclesia
913 2777 1119 2841 puteus
1152 2775 1452 2840 satietatis,
1495 2775 1632 2846 quia
1680 2777 1862 2831 factus
1919 2782 2001 2832 est

308 2855 369 2910 in
401 2873 467 2911 ea
493 2859 617 2923 fons
646 2875 802 2928 aqua
826 2861 1072 2915 salientis
1102 2865 1160 2915 in
1192 2865 1363 2917 vitam
1409 2869 1665 2919 aeternam
1695 2881 1859 2934 quam
1905 2869 2004 2936 qui

311 2945 505 2999 biberit
532 2963 636 3000 non
655 2950 801 3003 sitiet
822 2951 879 3002 in
916 2955 1172 3004 aeternum
1203 2952 1379 3019 (Joan.
1411 2951 1500 3023 ιν).

381 3034 597 3104 (ϐιαιο.)
629 3036 827 3092 Adhuc
859 3038 1045 3092 carnis
1089 3041 1476 3111 corruptibilis
1507 3042 1759 3111 pondere
1788 3043 2006 3111 gravati

309 3139 429 3176 non
462 3125 715 3178 valemus
757 3125 835 3178 sic
881 3125 1088 3192 vivere,
1147 3132 1207 3180 ut
1256 3128 1412 3182 nulla
1445 3144 1546 3182 nos
1594 3129 1768 3199 possit
1822 3131 2004 3200 culpa:

309 3211 608 3266 delectatio
662 3213 908 3282 pulsare.
942 3214 1050 3268 Sed
1081 3214 1236 3268 aliud
1277 3220 1362 3269 est
1391 3217 1677 3270 nolentem
1719 3217 1896 3288 tangi,
1949 3223 2005 3272 et

306 3299 458 3354 aliud
512 3301 987 3355 consentientem.
1042 3301 1230 3356 Sancti
1296 3309 1487 3357 autem
1550 3304 1657 3358 viri
1710 3310 1868 3358 tanto
1923 3306 2002 3359 vi-

303 3388 593 3460 gilantiori
673 3405 732 3443 se
807 3389 1314 3459 circumspectione
1376 3392 1722 3457 custodiunt,
1781 3398 1997 3464 quanto

308 3493 366 3531 se
421 3476 636 3547 pulsari
689 3476 931 3530 sinistris
984 3478 1233 3533 motibus
1289 3480 1377 3534 vel
1435 3481 1762 3535 transitorie
1835 3482 2003 3537 dedi-

308 3570 581 3637 gnantur,
653 3569 712 3618 ut
768 3566 813 3619 si
861 3565 999 3637 quid
1053 3567 1198 3621 torte
1253 3583 1351 3621 cor
1401 3568 1666 3624 illicitum
1733 3571 2002 3642 concupi-

309 3658 508 3718 sceret,
552 3669 783 3724 pressus
827 3669 932 3724 per
986 3653 1304 3725 disciplina;
1355 3656 1746 3726 magisterium
1805 3661 2001 3713 oculus

306 3742 498 3796 videre
576 3746 899 3796 recusaret:
959 3742 1108 3798 sicut
1160 3742 1313 3797 enim
1387 3761 1537 3815 saepe
1603 3747 1841 3801 tentatio
1898 3763 2002 3818 per

307 3831 500 3884 oculos
539 3829 805 3897 trahitur,
867 3830 946 3884 sic
991 3846 1411 3902 nonnunquam
1469 3839 1744 3905 concepta
1790 3835 1998 3888 intrin-

306 3935 464 3973 secus
515 3919 810 3990 compellit
867 3919 978 3974 sibi
1044 3920 1394 3974 extrinsecus
1453 3923 1650 3975 oculus
1694 3921 1997 3980 deservire.

307 4005 651 4076 Plerumque
695 4007 850 4060 enim
935 4008 1232 4078 quaelibet,
1290 4025 1379 4062 res
1450 4009 1738 4065 innocenti
1812 4017 2000 4066 mente

306 4091 629 4160 respicitur,
703 4095 799 4148 sed
864 4095 925 4148 in
981 4096 1102 4167 ipso
1153 4102 1459 4168 conspectu
1511 4099 1736 4153 animus
1787 4115 1998 4154 concu-

305 4178 598 4248 piscentiae
623 4182 816 4251 gladio
865 4184 1253 4239 confunditur.
1290 4187 1409 4240 Non
1441 4187 1592 4240 enim
1649 4187 1820 4242 David
1853 4189 2004 4243 Uriee

935 255 1329 312 WALAFRIDI
1368 257 1613 313 STRABI
1653 259 1850 314 FULD.
1891 260 2062 318 MON.
2109 260 2263 318 OPP.
2307 261 2481 318 PARS
2520 261 2563 317 Ι.
2603 289 2672 300 -
2710 259 3167 317 THEOLOGICA.

321 373 512 443 turpia
543 372 691 428 facta
723 389 851 444 quae
876 375 1197 444 persuadet,
1244 375 1305 428 in
1339 377 1517 430 oculis
1558 377 1857 434 hominum
1911 397 2007 434 re-
2037 381 2081 436 Δ

3711 266 3814 320 572

2193 383 2408 452 (Gaza)
2435 383 2595 454 Saepe
2625 399 2716 438 res
2742 383 3015 455 quaslibet
3041 399 3146 453 per
3173 383 3471 439 historiam
3502 385 3680 440 virtus
3707 395 3813 454 est,

2125 489 2231 542 per
2265 472 2749 544 signiﬁcationem
2803 473 2997 542 culpa;
3031 473 3176 526 sicut
3205 472 3512 543 aliquando
3542 476 3710 545 culpa
3758 476 3816 529 in

2127 563 2293 626 facto,
2341 563 2399 614 in
2427 561 2636 631 scripto
2694 561 3012 630 prophetia:
3043 561 3237 615 virtus.
3299 562 3438 626 Quis
3491 563 3643 617 enim
3701 580 3814 618 non

2125 651 2434 705 detestetur
2453 651 2606 722 quod
2642 651 2814 704 David
2845 650 2904 704 in
2933 651 3139 703 solario
3186 649 3560 704 deambulans
3593 652 3814 706 Bethsa-

2123 741 2228 796 bee
2256 741 2404 795 Uria:
2437 741 2766 812 concupivit
2796 755 3054 804 uxorem,
3083 755 3257 810 quem
3285 745 3478 794 tamen
3525 758 3559 794 a
3614 740 3815 810 praelia

2122 835 2501 885 revertentem
2530 831 2613 883 ire
2659 829 2898 884 domum
2943 833 3161 893 monet,
3193 828 3370 898 pedes
3426 829 3654 882 lavare?
3707 828 3816 892 Qui

2121 922 2386 991 protinus
2439 919 2730 990 respondit
2755 918 2985 972 dicens:
3038 920 3180 972 Arca
3230 917 3331 972 Dei
3385 918 3489 971 sub
3547 918 3812 987 pellibus,

2123 1013 2179 1063 et
2207 1024 2312 1079 ego
2346 1008 2404 1062 in
2451 1007 2625 1061 domo
2656 1023 2784 1060 mea
2843 1004 3242 1076 requiescam?
3290 1005 3471 1069 Quem
3529 1005 3707 1059 David
3745 1005 3816 1058 ad

2121 1113 2378 1152 mensam
2423 1096 2718 1166 propriam
2769 1095 3016 1165 suscepit
3061 1094 3230 1164 eique
3268 1094 3467 1163 epulas
3517 1109 3620 1165 per
3671 1109 3816 1164 quas

2120 1184 2268 1238 mori
2295 1183 2498 1238 debeat
2522 1181 2716 1236 tradit.
2747 1181 2923 1234 Tenet
2946 1195 3082 1250 ergo
3119 1178 3290 1233 David
3319 1179 3562 1249 ﬁguram
3593 1179 3715 1249 ejus
3744 1179 3815 1233 de

2119 1284 2234 1338 quo
2264 1269 2540 1339 scriptum
2573 1273 2659 1322 est
2689 1283 2703 1322 :
2735 1270 2798 1323 In
2826 1269 2934 1322 sole
2963 1269 3149 1337 posuit
3195 1268 3598 1321 tabernaculum
3656 1283 3816 1322 suum

2119 1358 2289 1426 (Psal.
2331 1357 2505 1427 xvm).
2548 1357 2655 1420 Qui
2685 1356 2995 1410 Bethsabee
3045 1356 3114 1410 ad
3163 1371 3222 1410 se
3245 1355 3414 1426 jubet.
3444 1356 3704 1423 educere,
3752 1357 3814 1411 id

2119 1451 2205 1500 est
2233 1446 2420 1516 legem
2473 1445 2676 1499 litterae
2706 1445 2919 1498 carnali
2977 1444 3189 1515 populo
3219 1445 3583 1514 coujunctam
3641 1445 3812 1515 spiri-

2117 1535 2258 1590 tuali
2288 1534 2394 1588 sibi
2423 1534 2714 1587 intellectu
2772 1533 3007 1587 sociare.
3069 1531 3377 1586 Bethsabee
3415 1533 3569 1586 enim
3617 1538 3813 1602 puteus

2035 1662 2079 1717 Β
2116 1627 2313 1691 septem
2343 1621 2568 1688 dicitur,
2599 1621 2736 1692 quia
2765 1637 2870 1692 per
2896 1620 3298 1690 cognationem
3329 1620 3472 1690 legis
3522 1620 3814 1677 infusione

2120 1709 2381 1779 specialis
2409 1710 2606 1780 gratiae
2640 1710 2891 1780 perfecta
2921 1709 3086 1763 nobis
3115 1708 3393 1778 sapientia
3430 1709 3812 1764 ministratur.

2124 1797 2284 1852 Urias
2313 1813 2448 1852 vero
2478 1798 2778 1853 Judaicum
2815 1798 3094 1868 populum
3125 1797 3428 1866 signiﬁcat,
3481 1796 3582 1867 qui
3632 1797 3813 1850 inter-

2119 1891 2376 1955 pretatur
2399 1887 2496 1940 tuac
2528 1901 2646 1939 mea
2678 1886 2784 1940 Dei
2815 1902 2828 1939 :
2887 1883 3155 1938 Judaicus
3194 1883 3346 1937 enim
3408 1883 3652 1953 populus
3711 1875 3815 1952 qui

2119 1976 2190 2030 de
2236 1981 2466 2045 accepta
2511 1975 2652 2045 legis
2701 1973 2937 2028 scientia
2981 1972 3288 2040 extollitur,
3327 1972 3490 2042 quasi
3539 1970 3637 2025 Dei
3685 1971 3813 2023 luce

2118 2063 2413 2135 gloriatur.
2471 2061 2579 2117 Sed
2623 2061 2757 2116 huic
2800 2061 2968 2116 David
3018 2075 3257 2114 uxorem
3297 2059 3530 2113 abstulit
3584 2057 3814 2128 sibique

2117 2154 2438 2223 conjunxit,
2475 2151 2612 2222 quia
2667 2165 2841 2204 manu
2897 2149 3060 2204 fortis
3103 2149 3450 2217 Redemptor
3503 2162 3810 2218 apparens,

2116 2242 2252 2296 dum
2285 2241 2354 2294 de
2376 2256 2434 2294 se
2464 2238 2834 2310 spiritualiter
2873 2239 3056 2308 legem
3087 2237 3246 2308 loqui
3269 2235 3538 2301 innotuit,
3571 2251 3674 2306 per
3701 2235 3814 2289 hoc

2117 2331 2268 2400 quod
2305 2330 2471 2400 juxta
2513 2328 2760 2381 litteram
2791 2327 3150 2391 tenebantur,
3183 2326 3328 2380 hanc
3356 2341 3390 2378 a
3435 2324 3668 2378 Judaico
3698 2340 3812 2394 po-

2113 2419 2251 2490 pulo
2300 2423 2624 2471 extraneum
2679 2415 3108 2476 demonstravit,
3158 2414 3274 2487 sibi,
3306 2413 3619 2482 conjunxit,
3671 2412 3812 2482 quia

2115 2523 2174 2560 se
2203 2522 2305 2577 per
2333 2506 2490 2559 illam
2536 2503 2911 2574 praedicatum
2941 2502 3267 2557 declaravit.
3298 2501 3490 2556 Uriam
3517 2506 3708 2554 tamen
3737 2501 3810 2554 ad

2114 2596 2352 2648 domum
2380 2599 2577 2647 monet
2606 2593 2708 2659 ire,
2742 2597 2800 2646 et
2846 2593 3021 2662 pedes
3046 2591 3258 2653 lavare,
3299 2589 3436 2661 quia
3478 2590 3810 2643 incarnatus

2110 2683 2323 2739 Iudaeis
2378 2681 2654 2754 praecipit,
2687 2686 2750 2734 ut
2793 2681 2863 2735 ad
2936 2679 3346 2735 conscientiam
3403 2679 3657 2745 redeant,
3750 2682 3810 2731 et

2113 2773 2306 2826 sordes
2334 2787 2575 2840 operum
2609 2770 2836 2824 ﬂetibus
2867 2773 3122 2840 tergent;
3171 2773 3235 2822 ut
3263 2766 3582 2838 specialiter
3631 2781 3810 2820 man-

2114 2861 2247 2914 data
2281 2861 2418 2931 legis
2445 2859 2786 2930 intelligant,
2820 2863 2875 2913 et
2917 2863 3043 2928 post
3081 2861 3300 2912 tantam
3348 2854 3614 2910 duritiam
3647 2871 3810 2924 prae-

2033 2965 2073 3020 C
2113 2955 2427 3021 ceptorum,
2484 2949 2704 3002 fontem
2760 2946 3031 3017 baptismi
3081 2945 3452 3010 invenientes,
3483 2944 3553 2998 ad
3592 2959 3810 3015 aquam

2112 3044 2240 3110 post
2261 3039 2512 3092 laborem
2544 3040 2793 3091 currant.
2827 3036 2936 3091 Sed
2989 3034 3166 3101 Urias,
3200 3035 3300 3104 qui
3339 3049 3528 3087 arcam
3578 3033 3809 3086 Domini

2113 3145 2234 3182 esse
2263 3127 2367 3181 sub
2410 3126 2656 3196 peliibus
2683 3123 2964 3188 meminit,
3020 3124 3344 3194 respondet,
3373 3123 3509 3192 quia
3562 3121 3808 3175 domum

2111 3233 2270 3270 suam
2301 3216 2514 3269 intrare
2550 3230 2664 3268 non
2695 3212 2893 3284 possit.
2957 3211 3117 3277 Quod
3149 3211 3288 3265 dicit
3315 3227 3328 3264 :
3361 3211 3480 3279 Ego
3532 3211 3811 3264 mandata

2113 3305 2212 3359 Dei
2269 3305 2325 3357 in
2377 3303 2644 3358 sacriﬁcia
2673 3301 2996 3356 carnalibus
3023 3300 3206 3365 video,
3255 3304 3313 3352 et
3340 3299 3524 3352 redire
3554 3298 3624 3352 ad
3657 3313 3809 3352 con~~

2109 3393 2400 3447 scientiam
2428 3408 2530 3462 per
2559 3391 2914 3461 spiritualem
2938 3387 3378 3458 intelligentiam
3405 3403 3519 3440 non
3545 3387 3804 3458 requiro.

2108 3481 2279 3546 Quasi
2307 3481 2460 3534 enim
2509 3495 2696 3533 arcam
2740 3477 2837 3533 Dei
2878 3494 2997 3532 esse
3027 3477 3132 3530 sub
3182 3475 3428 3546 pellibus
3457 3475 3614 3539 dicit,
3665 3476 3808 3546 quia

2108 3574 2394 3641 praecepta
2427 3569 2528 3622 Dei
2559 3584 2677 3622 non
2724 3566 2833 3620 nisi
2880 3565 3199 3620 exhibendo
3257 3564 3641 3618 ministerium
3689 3580 3808 3617 car-

2109 3659 2253 3712 nalis
2282 3657 2542 3711 sacriﬁcii
2573 3655 2862 3726 intelligit.
2893 3656 3051 3708 Hunc
3098 3658 3291 3708 tamen
3345 3651 3531 3706 redire
3561 3652 3806 3706 domum

2108 3748 2396 3802 nolentem
2441 3745 2614 3800 David
2647 3745 2716 3798 ad
2767 3759 3025 3798 mensam
3064 3747 3241 3806 vocat,
3276 3742 3411 3811 quia
3458 3757 3587 3794 cum
3613 3740 3808 3795 Judaei

2079 3835 2177 3890 ‘ad
2230 3835 2636 3890 conscientiam
2693 3833 2901 3887 reverti
2958 3833 3346 3895 contemnant,
3401 3828 3651 3883 Christus
3725 3832 3809 3881 ta-

2109 3938 2241 3978 men
2307 3921 2624 3994 spiritualia
2653 3920 2922 3993 praedicat
2948 3919 3178 3974 dicens:
3213 3919 3280 3972 Si
3307 3918 3591 3972 crederetis
3635 3918 3806 3981 Mosi,

2107 4012 2396 4068 crederetis
2440 4013 2685 4078 forsitan
2704 4014 2754 4064 et
2804 4009 2960 4074 mihi,
2992 4008 3059 4062 de
3108 4023 3190 4062 me
3232 4009 3375 4060 enim
3427 4007 3520 4060 ille
3575 4007 3809 4075 scripsit

2109 4101 2286 4168 (Joan.
2330 4100 2408 4169 v).
2443 4101 2648 4167 Legem
2698 4095 2850 4150 enim
2880 4095 3111 4150 Iudaeus
3148 4099 3326 4158 tenet,
3355 4109 3485 4164 qua:
3542 4094 3667 4163 ejus
3722 4093 3810 4147 di-

2111 4187 2402 4241 vinitatem
2436 4185 2705 4257 loquitur,
2738 4183 2831 4238 cui
2877 4184 3106 4238 credere
3138 4182 3501 4252 dedignatur.
3533 4180 3698 4236 Unde
3751 4186 3811 4235 et

308 4267 610 4338 conjugem
642 4270 894 4324 studiose
927 4273 1194 4342 respexit,
1253 4273 1389 4344 quia
1431 4275 1852 4345 concupiverat,
1903 4279 1998 4331 sed
2033 4275 2072 4328 D
2112 4277 2273 4332 Urias
2298 4277 2369 4330 ad
2394 4275 2536 4330 Joab
2566 4290 2698 4328 cum
2729 4272 2988 4344 epistolis
3017 4287 3085 4326 ex
3115 4271 3322 4343 quibus
3353 4269 3534 4324 occidi
3570 4269 3804 4336 debeat,

305 4357 494 4427 potius
522 4358 862 4429 concupivit,
902 4360 1039 4430 quia
1086 4360 1310 4415 incaute
1341 4363 1584 4431 respexit
1614 4405 1624 4416 .
1676 4365 1834 4417 Iusto
1870 4381 1999 4419 vero

307 4444 702 4500 retributionis
737 4447 1000 4501 examine
1053 4448 1151 4518 qui
1184 4448 1452 4503 exteriori
1486 4449 1843 4521 negligenter
1885 4453 1997 4507 uti-

304 4538 418 4600 tur,
450 4535 706 4590 interiori
738 4537 903 4590 oculo
935 4543 1201 4592 caecatur.
1236 4537 1399 4608 Saepe
1430 4543 1621 4594 autem
1648 4540 1765 4610 jam
1790 4540 1996 4594 intrin-

307 4637 468 4676 secus
499 4624 960 4695 concupiscentia
1001 4625 1350 4692 dominatur,
1402 4632 1458 4681 et
1484 4627 1843 4682 illecebratus
1867 4630 1998 4684 ani-

307 4728 436 4765 mus
467 4712 534 4766 ad
575 4729 710 4767 usus
760 4730 891 4768 suos
933 4729 1132 4768 sensus
1157 4731 1461 4785 corporeos
1516 4715 1783 4771 famulari
1842 4735 1997 4772 more

307 4802 623 4869 tyrannidis
668 4803 862 4872 exigit,
929 4803 1161 4874 suisque
1209 4805 1595 4874 voluptatibus
1645 4808 1839 4860 oculos
1886 4824 1998 4861 ser-

301 4888 418 4941 vire
449 4892 760 4962 compellit,
789 4896 846 4946 et
892 4892 1167 4946 fenestras
1218 4893 1454 4948 luminis
1485 4895 1669 4965 aperit
1713 4897 1784 4950 ad
1833 4900 1995 4950 tene-

303 4975 432 5030 bras
465 4980 751 5035 caacitatis.
789 4981 944 5036 Unde
976 4982 1155 5035 sancti
1208 4982 1312 5036 viri
1362 4999 1491 5037 cum
1549 4983 1776 5038 sinistra
1835 4983 1990 5037 dele-

305 5066 550 5119 ctatione
579 5069 793 5138 pulsari
824 5086 882 5123 se
912 5070 1185 5138 sentiunt,
1213 5070 1336 5141 ipsa
1357 5087 1460 5141 per
1489 5088 1618 5142 quae
1648 5071 1844 5126 forma:
1874 5087 1996 5140 spe-

305 5153 420 5206 cies
469 5155 540 5208 ad
596 5162 845 5210 mentem
891 5159 1230 5229 ingreditur,
1295 5159 1610 5230 disciplinae
1663 5159 1994 5231 magisterio

305 5242 528 5297 lumina
557 5244 930 5314 restringunt,
971 5263 1042 5300 ne
1074 5264 1262 5318 prava:
1303 5248 1634 5319 cogitationi
1663 5248 1804 5302 visio
1841 5248 1996 5301 lenc-

305 5329 493 5384 cinata
530 5331 880 5387 famuletur:
923 5350 1052 5404 quae
1101 5335 1148 5389 si
1189 5351 1442 5406 unquam
1473 5336 1756 5391 subtiliter
1807 5341 1993 5391 custo-

303 5417 414 5474 diri
446 5418 777 5492 negligitur,
807 5421 1167 5495 cogitationis
1196 5423 1563 5479 immunditia
1598 5423 1670 5478 ad
1712 5421 1990 5496 operatio-

306 5523 440 5563 nem
471 5507 693 5564 transit.

2109 4365 2376 4430 mittitur,
2423 4362 2559 4434 quia
2594 4361 2823 4417 Judteus
2869 4361 3056 4429 legem
3109 4363 3316 4430 portat,
3385 4375 3497 4429 qua
3553 4358 3807 4411 convin-

2108 4459 2270 4508 cente
2319 4451 2614 4506 moriatur.
2671 4451 2809 4506 Cum
2843 4449 2996 4502 enim
3048 4448 3320 4503 mandata
3350 4447 3491 4516 legis
3545 4447 3810 4500 retinens

2107 4543 2347 4613 implere
2372 4541 2596 4606 nititur,
2620 4539 2740 4609 ipse
2765 4537 2946 4593 defert
2968 4537 3250 4608 judicium
3283 4535 3433 4590 unde
3463 4535 3805 4592 damnetur.

2106 4631 2253 4696 Quid
2285 4646 2421 4700 ergo
2460 4645 2566 4700 per
2611 4627 2822 4682 factum
2857 4626 3008 4680 istud
3070 4625 3241 4680 David
3288 4624 3618 4680 scelestius?
3648 4623 3810 4688 Quid

2110 4720 2240 4774 Uria
2271 4716 2576 4772 mundius?
2603 4716 2706 4771 Sed
2740 4715 2810 4769 ad
2846 4714 3182 4785 mysterium
3218 4729 3231 4766 :
3268 4713 3404 4784 quid
3444 4711 3620 4766 David
3673 4727 3811 4765 san-

2106 4809 2288 4862 ctius?
2326 4805 2469 4870 Quid
2530 4805 2662 4860 Uria
2691 4803 3015 4858 inﬁdelius?
3040 4803 3185 4867 Quia
3223 4801 3320 4854 ille
3370 4816 3471 4872 per
3497 4799 3625 4853 vitae
3683 4801 3811 4855 cul-

2105 4912 2237 4967 pam
2281 4893 2596 4965 prophetiae
2640 4892 2830 4962 signat
2866 4890 3292 4955 innocentiam;
3320 4898 3376 4941 et
3418 4889 3543 4941 istae
3574 4903 3684 4957 per
3715 4889 3809 4942 vi—

2106 4991 2179 5039 tai
2227 4981 2610 5036 innocentiam
2645 4980 2702 5034 in
2733 4979 3033 5050 prophetia
3061 4978 3328 5048 exprimit
3367 4976 3613 5047 culpam.
3666 4977 3810 5032 Vir-

2104 5077 2195 5127 tus
2226 5070 2382 5126 enim
2411 5069 2556 5124 sacri
2589 5067 2804 5138 eloquii
2834 5069 2913 5121 sic
2973 5071 3252 5120 transacta
3295 5069 3509 5134 narrat,
3543 5068 3603 5118 ut
3657 5081 3811 5120 ven-

2105 5166 2234 5214 tura
2276 5158 2596 5230 exprimat:
2655 5158 2736 5211 sic
2787 5156 2846 5210 in
2877 5156 3025 5210 facto
3083 5171 3204 5209 rem
3262 5154 3562 5226 approbat,
3622 5158 3689 5206 ut
3750 5155 3811 5208 in

2108 5247 2376 5318 mysterio
2426 5244 2789 5299 contradicat.
2873 5243 2963 5298 Sic
3004 5247 3162 5313 gesta
3221 5243 3475 5306 damnat,
3557 5245 3620 5295 ut
3675 5241 3812 5296 haec

2105 5337 2343 5408 mystice
2373 5335 2627 5404 gerenda
2655 5333 2906 5387 suadeat.

2179 5425 2340 5479 Vaas.
2376 5428 2438 5479 15
2480 5453 2548 5463 —-
2577 5425 2764 5477 Ponite
2808 5423 3014 5480 Uriam.
3065 5424 3170 5474 etc.
3223 5420 3439 5489 (Gaza,
3480 5417 3580 5472 lib.
3621 5433 3810 5473 xxxm

2103 5514 2321 5580 Moral.,
2353 5528 2476 5584 cap.
2513 5511 2618 5580 10.)
2651 5510 2735 5566 Ad
2770 5511 2877 5565 hoc
2925 5509 2986 5563 in
3013 5509 3302 5580 Scriptura
3359 5506 3536 5561 David
3591 5510 3648 5560 et
3713 5509 3814 5562 Pe-
