3998 6178
206 298 304 350 573

1320 294 1573 351 GLOSSA
1609 294 2009 353 OBDINARIA.
2050 325 2119 335 —
2160 295 2287 350 LIB.
2330 294 2379 350 II
2416 292 2581 349 REG.

3593 296 3697 350 574

204 416 276 472 tri
298 420 547 487 peccata,
582 420 717 471 sunt
743 415 947 483 indita,
972 418 1035 469 ut
1065 416 1284 470 cautela
1308 416 1601 471 minorum
1623 417 1695 471 sit
1722 417 1892 472 ruina
1920 417 1967 471 A
2005 417 2316 471 admissum
2364 416 2585 470 facinus
2625 416 2755 470 odio
2787 417 3118 485 habeamus,
3150 416 3332 488 magis
3365 433 3539 489 quam
3567 422 3696 473 ante

206 506 506 575 majorum,
549 508 677 570 etc.,
717 520 887 575 usque
920 506 995 559 ad
1038 508 1254 559 secreto
1294 522 1431 575 ergo
1464 506 1899 577 dispensationis

208 596 403 650 ordine
452 595 602 649 unde
652 596 850 649 saevire
904 594 1260 665 permittitur
1316 593 1589 666 iniquitas
1646 596 1897 663 diaboli,

208 683 335 737 inde
366 683 661 755 perﬁcitur
688 684 1016 754 benignitas
1051 682 1171 749 Dei,
1203 683 1338 753 quia
1380 683 1514 737 inde
1545 684 1902 755 obtemperat

209 772 438 827 nutibus
481 788 745 844 supernae
791 773 1012 843 gratiae,
1058 771 1210 826 unde
1241 778 1463 827 exercet
1498 772 1641 827 iram
1690 774 1899 829 volun-

214 859 342 914 tatis
370 875 511 914 sum.

855 964 1085 1020 CAPUT
1123 965 1242 1019 XII.

274 1074 433 1127 Vens.
480 1076 564 1128 l3.
600 1099 669 1115 -
700 1074 961 1142 Dixitque
991 1072 1211 1125 Nathan
1260 1072 1335 1125 ad
1363 1071 1572 1137 David,
1621 1074 1725 1126 etc.
1760 1074 1894 1127 Han.

204 1178 265 1215 ex
300 1162 498 1229 Euch.)
532 1160 736 1216 Omnia
774 1166 988 1225 tamen,
1038 1176 1167 1230 quas
1215 1175 1322 1229 pro
1354 1164 1583 1229 peccato
1627 1161 1897 1230 praedicta

202 1254 330 1300 sunt
368 1248 445 1310 ei,
480 1246 846 1315 postmodum
878 1247 1161 1301 toleravit.
1219 1248 1365 1300 Deus
1412 1247 1683 1301 delictum
1727 1247 1894 1315 delet,

204 1336 294 1389 sed
326 1335 576 1388 inultum
610 1351 727 1388 non
766 1335 995 1388 deserit.
1040 1338 1155 1388 Aut
1185 1336 1339 1388 enim
1373 1334 1547 1388 homo
1593 1335 1653 1388 in
1684 1352 1741 1388 se
1772 1352 1892 1406 pm-

206 1425 388 1476 nitens
421 1424 615 1493 punit,
668 1428 768 1476 aut
816 1424 963 1476 Deus
1019 1424 1142 1476 haec
1176 1439 1306 1476 cum
1338 1423 1571 1476 homine
1605 1422 1896 1476 vindicans

204 1513 463 1581 percutit.
520 1512 645 1565 Non
678 1511 854 1581 igitur
891 1516 1121 1581 peccato
1151 1512 1421 1581 parcitur,
1456 1513 1589 1581 quia
1620 1512 1741 1565 sine
1770 1511 1893 1564 vin-

205 1600 345 1653 dicta
393 1615 514 1653 non
549 1601 788 1653 laxatur.
839 1599 927 1653 Sic
972 1600 1124 1652 enim
1170 1598 1344 1653 David
1379 1600 1572 1653 audire
1604 1605 1731 1669 post
1759 1616 1893 1652 con-

206 1688 507 1742 fessionem
537 1688 768 1741 meruit.
804 1689 1067 1741 Dominus
1098 1690 1379 1743 transtulit
1415 1694 1691 1757 peccatum
1720 1694 1890 1753 tuum,
1925 1702 1965 1757 Β

206 1783 259 1830 et
285 1783 481 1830 tamen
526 1777 723 1830 multis
773 1781 905 1846 post
951 1776 1292 1829 cruciatibus
1323 1776 1567 1830 afﬂictus
1619 1776 1896 1847 effugiens

204 1872 418 1919 reatum
465 1867 651 1935 culpa:
702 1880 873 1933 quam
923 1869 1351 1934 perpetraverat
1388 1865 1639 1918 exsolvit.
1674 1866 1765 1919 Sic
1795 1881 1897 1918 nos

207 1954 395 2007 salutis
433 1954 589 2007 unda
617 1969 651 2006 a
686 1954 851 2022 culpa
884 1952 1057 2022 primi
1087 1952 1338 2022 parentis
1369 1952 1736 2021 absolvimur,
1796 1954 1891 2006 sed

205 2042 441 2096 absoluti
472 2057 701 2112 quoque
732 2041 920 2094 adhuc
967 2042 1275 2095 carnaliter
1305 2040 1553 2105 obimus,
1610 2042 1744 2112 quia
1791 2042 1896 2095 de-

207 2130 328 2183 licta
377 2138 577 2183 nostra
607 2131 691 2183 vel
724 2146 828 2199 per
864 2145 968 2183 nos
1009 2130 1095 2182 vel
1141 2145 1245 2199 per
1275 2128 1527 2199 seipsum
1560 2131 1708 2183 Deus
1738 2146 1893 2183 rese-

212 2225 290 2272 cat
339 2220 517 2272 etiam
555 2234 684 2271 cum
717 2218 949 2271 relaxat.
990 2218 1075 2270 Ab
1107 2216 1299 2270 electis
1339 2216 1491 2269 enim
1531 2218 1648 2270 suis
1678 2217 1893 2287 iniqui-

212 2314 383 2361 tatam
414 2308 674 2361 maculas
706 2307 896 2360 studet
944 2306 1244 2375 temporali
1290 2305 1598 2359 afﬂictione
1652 2311 1891 2376 tergere,

212 2412 342 2466 quas
369 2396 427 2449 in
462 2396 547 2449 eis
572 2402 852 2466 perpetuo
883 2409 1001 2447 non
1042 2394 1163 2447 vult
1190 2393 1399 2447 videre.

273 2486 428 2539 Vens.
464 2488 556 2551 27.
591 2514 662 2524 —
691 2486 946 2552 Misitque
968 2482 1107 2536 Joab
1137 2485 1377 2549 nuntios,
1409 2487 1515 2536 etc.
1549 2483 1732 2553 (ΗΑΒ.)
1766 2484 1895 2537 Haec

209 2572 430 2627 victoria
490 2573 666 2627 David
721 2588 894 2643 quam
926 2572 1063 2626 Joab
1104 2571 1411 2636 inchoavit,
1439 2575 1542 2624 etc.
1574 2610 1590 2638 ,
1622 2587 1789 2641 usque
1821 2572 1894 2626 ad

210 2666 259 2713 et
289 2662 342 2714 in
394 2661 701 2732 Evangelio
741 2662 948 2714 dicitur
999 2662 1129 2728 quia
1161 2660 1320 2713 multi
1346 2662 1556 2713 venient
1583 2660 1650 2712 ab
1683 2660 1894 2715 Oriente

209 2754 251 2800 et
277 2750 575 2812 Occidente,
624 2754 675 2803 et
702 2749 1007 2803 recumbent
1045 2764 1165 2801 cum
1195 2748 1501 2813 Abraham,
1533 2749 1697 2802 Isaac
1727 2754 1776 2802 et
1802 2752 1892 2804 Ja-

209 2837 289 2890 cob
317 2840 373 2891 in
401 2853 571 2905 regno
599 2838 846 2891 calorum
875 2836 1092 2907 (Matth.
1126 2836 1265 2906 νιιι).

275 2926 403 2979 Urbs
463 2941 756 2994 aquarum,
810 2930 939 2991 etc.,
1000 2926 1237 2993 Propter
1288 2922 1701 2977 abundantiam
1761 2940 1891 2995 quae

208 3010 276 3066 ibi
312 3019 433 3067 erat
453 3030 643 3083 aqum,
676 3014 783 3079 vel,
816 3018 880 3067 ut
916 3012 1152 3083 quidam
1181 3012 1393 3071 dicunt,
1416 3014 1782 3082 populorum.

269 3103 423 3156 Vens.
460 3104 551 3156 30.
602 3129 675 3143 —
709 3104 778 3156 Et
823 3102 969 3168 tulit,
1012 3106 1118 3154 etc.
1153 3100 1334 3170 (ΗΑΒ.)
1386 3102 1449 3153 In
1503 3102 1890 3171 Paralipome-

204 3205 309 3243 non
358 3192 438 3246 ita
489 3191 737 3261 legitur:
800 3192 947 3244 Tulit
1000 3189 1178 3244 David
1236 3205 1486 3244 coronam
1539 3193 1779 3246 Melchon
1825 3194 1891 3247 de

202 3282 365 3348 capite
409 3281 551 3349 ejus,
604 3284 654 3333 et
695 3281 899 3332 invenit
930 3282 988 3333 in
1040 3294 1103 3332 ea
1143 3279 1271 3332 auri
1305 3278 1485 3347 pondo
1518 3280 1801 3345 talentum,
1834 3285 1919 3333 et-

202 3370 623 3437 pretiosissimas
678 3382 933 3435 gemmas.
985 3369 1242 3434 Fecitque
1294 3367 1405 3420 sibi
1456 3366 1583 3419 inde
1638 3368 1891 3423 diadema

208 3455 245 3520 (Ι
287 3457 411 3508 Par.
448 3454 560 3524 xx).
593 3455 714 3508 Non
746 3460 829 3507 est
857 3455 1010 3508 enim
1041 3470 1249 3507 nomen
1282 3455 1581 3525 proprium
1614 3456 1888 3519 Melchon,

208 3543 292 3595 sed
314 3544 727 3613 interpretatur
754 3558 853 3597 rem
901 3559 1099 3597 eorum.
1135 3542 1407 3610 Melchon,
1437 3549 1501 3597 ut
1530 3544 1728 3598 volunt
1757 3546 1889 3599 Haa-

207 3629 353 3697 brzei,
386 3632 610 3685 idolum
662 3637 745 3684 est
799 3632 1278 3698 Ammonitarum,
1336 3632 1497 3701 cujus
1556 3633 1890 3687 diadematis

208 3732 398 3772 aurum
427 3725 485 3773 et
515 3735 771 3791 gemmas
800 3719 974 3773 David
1006 3718 1215 3773 dicitur
1235 3720 1510 3774 conﬂasse
1534 3725 1589 3774 et
1616 3738 1888 3792 purgasse

206 3808 514 3861 secundum
545 3808 754 3877 legem,
779 3812 835 3861 et
862 3807 1061 3861 fecisse
1094 3808 1203 3861 sibi
1229 3808 1510 3862 diadema.

844 3931 1069 3986 CAPUT
1106 3932 1245 3986 XIII.

268 4038 420 4092 Vens.
486 4040 537 4092 6.
600 4066 664 4078 —
720 4038 1170 4093 Sorbitiunculas.
1214 4038 1307 4091 Est
1364 4038 1517 4109 quod
1549 4038 1619 4092 ad
1652 4038 1883 4093 sorben-

206 4123 330 4178 dum
363 4132 569 4196 aptum
608 4130 712 4180 est.

267 4215 421 4269 Vens.
475 4216 560 4268 14.
620 4244 689 4255 -
745 4215 1044 4284 Oppressit.
1107 4214 1287 4283 (ΗΑΒ.)
1352 4214 1602 4267 Incestus
1660 4218 1883 4268 Amnon

2008 506 2496 577 perpetrationem
2544 505 2945 575 dilexeramus,
2980 512 3036 559 et
3089 507 3160 559 ob
3220 506 3327 559 hoc
3365 506 3530 560 citius
3554 521 3695 559 con-

2008 610 2315 665 sequemur
2360 594 2609 656 veniam,
2643 594 2688 645 si
2722 598 2909 647 tamen
2941 594 2998 646 in
3046 594 3156 646 alio
3189 594 3327 647 vitio
3359 594 3547 647 denuo
3578 610 3697 647 non

2009 682 2365 736 offendamus
2392 682 2561 735 Fsicut
2610 684 2832 735 Amnon
2870 698 2881 735 :
2930 681 3028 752 qui
3081 682 3213 752 quia
3246 687 3373 750 post
3416 683 3699 736 incestum

2007 769 2342 825 ebrietatem
2376 785 2491 823 non
2550 768 2764 834 vitavit,
2796 769 2868 822 ob
2918 770 3023 822 hoc
3078 776 3319 823 mortem
3352 787 3469 824 non
3499 770 3695 824 evasit.

2081 860 2239 913 Vens.
2276 862 2360 913 37.
2394 888 2461 897 —
2492 859 2793 912 Tholomai.
2834 858 2936 911 Hic
2964 858 3072 912 fuit
3104 864 3265 928 pater
3292 858 3518 912 Maacha
3563 875 3693 911 ma-

2006 946 2107 1000 tris
2154 946 2445 1012 Absalom,
2503 963 2675 1017 quam
2711 946 2905 1001 dicunt
2938 946 3157 1000 Hebraei
3207 947 3378 1000 David
3408 947 3466 999 in
3496 947 3696 1017 prmlio

2006 1034 2241 1105 cepisse,
2292 1040 2349 1089 et
2392 1035 2621 1089 cassarie
2670 1040 2727 1089 et
2776 1036 3066 1105 unguibus
3098 1036 3348 1106 prmcisis
3378 1035 3695 1088 secundum

2005 1123 2190 1193 legem
2222 1124 2283 1177 in
2341 1140 2575 1176 uxorem
2623 1123 2730 1177 sibi
2785 1124 3045 1191 sociasse,
3106 1130 3163 1178 et
3202 1140 3270 1177 ex
3302 1140 3367 1177 ea
3398 1138 3696 1193 generasse

2004 1211 2249 1265 Thamar
2279 1216 2333 1264 et
2361 1212 2649 1265 Absalom.

2076 1301 2231 1353 Vens.
2266 1302 2352 1354 39.
2388 1328 2451 1337 ——
2486 1301 2844 1369 Cessavitque.
2887 1300 2950 1353 In
3000 1300 3257 1365 Hebraeo,
3294 1318 3305 1354 :
3343 1302 3571 1354 cessavit
3599 1315 3698 1353 rex

2005 1392 2151 1443 excire
2171 1395 2291 1458 post
2316 1390 2590 1444 Absalam.
2644 1389 2981 1443 Perhibetur
3019 1390 3173 1442 enim
3209 1390 3379 1443 David
3412 1390 3561 1442 exire
3592 1405 3697 1441 vo-

2004 1477 2175 1531 luisse
2208 1482 2335 1547 post
2364 1478 2652 1544 Absalom,
2700 1483 2763 1530 ut
2812 1483 3104 1530 revocaret
3136 1494 3290 1546 eum,
3339 1479 3434 1531 sed
3486 1481 3697 1546 putans

2005 1568 2137 1638 quia
2190 1568 2413 1639 quoties
2447 1585 2576 1622 eum
2612 1568 2847 1633 videret,
2883 1574 3123 1622 mortem
3165 1572 3388 1622 Amnon
3437 1568 3507 1621 ad
3569 1582 3695 1620 me—

2004 1656 2247 1710 moriam
2277 1656 2592 1720 reduceret,
2635 1656 2867 1708 cessavit
2898 1655 3069 1710 exire.

2654 1745 2878 1799 CAPUT
2918 1746 3049 1797 XIV.

2077 1834 2238 1887 Vens.
2274 1835 2325 1887 6.
2387 1864 2451 1873 -—-
2502 1836 2572 1887 Et
2605 1834 2832 1899 ancillae,
2870 1836 2975 1886 etc.
3020 1832 3300 1903 (menon)
3362 1834 3536 1889 Aiunt
3589 1836 3695 1888 lle-

2003 1920 2141 1975 ἱ)πωί
2198 1922 2342 1975 hanc
2398 1922 2695 1974 mulierem
2744 1937 2873 1974 vere
2932 1923 3071 1975 duos
3122 1922 3266 1975 filios
3315 1922 3602 1992 habuisse,
3643 1928 3699 1977 et

2005 2025 2107 2080 pro
2143 2010 2473 2063 haereditate
2516 2016 2781 2077 certasse,
2832 2014 2888 2062 et
2918 2012 3159 2063 alterum
3215 2010 3284 2064 ab
3313 2013 3486 2065 altero
3518 2012 3697 2065 inter-

2005 2102 2260 2167 emptum
2288 2114 2301 2163 ;
2345 2097 2550 2151 mulier
2581 2102 2771 2150 tamen
2804 2114 2862 2151 se
2895 2097 2948 2150 in
2975 2114 3221 2167 persona
3260 2100 3435 2171 David
3469 2101 3696 2171 posuit;

2003 2190 2065 2239 et
2092 2185 2238 2238 ﬁlios
2266 2185 2324 2237 in
2365 2201 2609 2255 persona
2660 2189 2882 2239 Amnon
2921 2190 2975 2239 et
3032 2170 3350 2241 Absalomc
3408 2170 3695 2257 cognatio-

2004 2289 2135 2326 nem
2168 2289 2302 2327 vero
2335 2290 2462 2343 quae
2493 2273 2787 2344 consurgit
2833 2279 3033 2328 contra
3083 2275 3287 2341 tilium,
3356 2275 3415 2329 in
3450 2293 3696 2347 persona

2003 2362 2246 2416 aliorum
2280 2362 2526 2415 filiorum
2570 2363 2740 2417 David
2754 2403 2768 2416 .

2073 2452 2233 2505 Vens.
2269 2454 2326 2505 9.
2362 2481 2431 2490 —
2456 2453 2527 2504 In
2560 2467 2659 2515 me,
2691 2453 2919 2505 Domine
2950 2453 3044 2505 mi.
3075 2451 3199 2520 (11).)
3234 2451 3401 2515 Quasi
3433 2452 3648 2507 diceret
3680 2471 3692 2509 :

2003 2539 2138 2611 quia
2168 2541 2312 2593 alter
2355 2540 2621 2593 adversus
2652 2539 2894 2599 alterum
2931 2540 3193 2606 surrexit,
3226 2539 3283 2592 in
3334 2556 3424 2593 me
3483 2540 3555 2593 sit
3583 2540 3693 2593 ini-

2004 2628 2209 2698 quitas,
2240 2628 2283 2681 si
2317 2633 2508 2682 tamen
2541 2645 2660 2682 esse
2693 2629 2887 2695 debet;
2940 2630 2998 2682 in
3061 2633 3113 2681 te
3166 2633 3357 2682 autem
3393 2630 3547 2681 nulla
3600 2630 3691 2695 sit,

2003 2716 2139 2786 quia
2161 2716 2374 2786 absque
2402 2716 2569 2786 culpa
2595 2733 2672 2782 es,
2706 2722 2759 2770 et
2799 2716 2941 2770 sicut
2967 2734 3072 2786 ego
3104 2716 3313 2787 absque
3346 2717 3511 2786 culpa
3542 2732 3689 2780 sum,

2001 2804 2048 2856 si
2078 2806 2220 2857 alter
2252 2805 2402 2857 filius
2436 2820 2597 2858 meus
2624 2804 2950 2859 interfectus
2982 2811 3065 2859 est
3102 2806 3172 2858 ab
3202 2806 3399 2867 altero,
3426 2805 3504 2859 sic
3546 2810 3601 2859 et
3631 2810 3691 2859 tu

2002 2891 2049 2945 si
2097 2892 2360 2946 Absalom
2400 2896 2626 2947 Amnon
2659 2900 2840 2947 morte
2871 2894 3109 2963 dignum
3140 2893 3440 2947 interfecit.

2665 2982 2888 3036 CAPUT
2926 2984 3032 3036 XV.

2073 3070 2230 3123 Vens.
2275 3073 2316 3122 l.
2376 3101 2443 3108 —
2490 3071 2675 3137 Igitur
2727 3076 2865 3140 post.
2924 3071 3153 3125 Duobus
3196 3071 3361 3124 annis
3392 3068 3598 3124 mansit
3634 3070 3692 3123 in

2003 3156 2363 3210 Hierusulem
2408 3162 2464 3211 et
2522 3174 2714 3227 regem
2772 3174 2889 3212 non
2920 3159 3079 3224 vidit,
3116 3160 3283 3212 tertio
3336 3159 3691 3212 introductus

2000 3250 2084 3299 est
2114 3262 2304 3299 coram
2348 3262 2500 3315 rege,
2547 3251 2751 3317 quarto
2786 3247 2920 3301 fecit
2957 3248 3065 3300 sibi
3105 3264 3303 3301 currus
3333 3253 3389 3300 et
3421 3248 3640 3318 equites
3676 3264 3688 3300 :

2000 3350 2114 3404 quo
2148 3338 2429 3388 transacto
2457 3335 2676 3404 expulit
2710 3341 2929 3405 patrem
2978 3338 3045 3388 de
3078 3352 3273 3407 regno.
3314 3336 3423 3389 Nec
3466 3352 3571 3406 pro
3604 3352 3690 3388 se-

1999 3422 2259 3476 ductione
2305 3428 2361 3477 et
2390 3423 2785 3478 interiectione
2835 3424 3190 3478 sacerdotum
3240 3425 3451 3495 ejectus
3497 3429 3580 3479 est
3624 3425 3693 3479 de

1997 3525 2196 3579 regno,
2221 3510 2318 3564 sed
2353 3528 2455 3581 pro
2482 3512 2760 3566 adulterio
2789 3517 2843 3566 et
2874 3512 3203 3578 homicidio,
3238 3513 3458 3567 Nathan
3489 3516 3694 3567 cuncta

1996 3599 2359 3668 praedicente.

2071 3688 2229 3741 Vens.
2262 3693 2312 3742 7.
2336 3718 2403 3726 —
2430 3690 2551 3742 Post
2580 3689 2951 3756 quadraginta
2978 3692 3153 3742 autem
3186 3703 3373 3743 annos.
3408 3688 3688 3759 (manem,

1996 3780 2183 3842 quaest.
2212 3779 2271 3829 in
2296 3777 2457 3842 Reg.,
2488 3783 2629 3829 tom.
2665 3778 2788 3846 III.)
2830 3776 3306 3846 Quadragesimus
3336 3793 3521 3831 annus
3551 3794 3689 3848 age-

1994 3862 2164 3916 batur
2217 3880 2280 3916 ex
2334 3880 2448 3933 quo
2502 3864 2631 3918 Saul
2693 3864 2846 3918 Nobe
2878 3864 3162 3918 civitatem
3222 3865 3520 3931 subvertit,
3553 3872 3683 3933 etc.,

1993 3966 2161 4019 usque
2208 3951 2283 4004 ad
2321 3952 2474 4004 Isaac
2494 3956 2549 4005 et
2576 3952 2763 4006 Jacob.

2065 4040 2223 4092 Vens.
2280 4039 2367 4092 24.
2432 4070 2497 4078 ν-
2541 4042 2609 4095 Et
2666 4040 3026 4109 deposuerunt
3072 4056 3278 4105 arcam,
3316 4044 3421 4094 etc.
3487 4042 3555 4095 Ut
3616 4041 3687 4095 ab

1992 4127 2267 4180 Abiatliar
2297 4128 2586 4182 sacerdote
2635 4130 3026 4183 consuleretur
3081 4130 3248 4196 Deus,
3283 4146 3398 4201 quo
3458 4129 3687 4184 deberet

1992 4215 2075 4268 ire
2109 4215 2301 4269 David.

203 4302 426 4371 majoris
466 4303 567 4357 ﬁlii
600 4304 777 4357 David
810 4304 866 4356 in
899 4318 1093 4356 sorore
1134 4318 1234 4356 sua
1264 4302 1508 4356 Thamar
1562 4307 1615 4357 et
1646 4304 1883 4373 parrici-
1915 4321 1956 4375 ι)
2066 4304 2223 4356 Vens.
2287 4305 2375 4358 25.
2441 4332 2511 4345 —
2567 4304 2757 4360 Sadoc.
2811 4306 3002 4359 Justus
3054 4306 3102 4360 is
3149 4310 3332 4377 gestat
3382 4322 3684 4378 personam

202 4389 346 4444 dium
377 4392 629 4445 Absalon
664 4391 723 4445 in
774 4394 997 4445 Amnon
1029 4390 1223 4454 fratre,
1260 4396 1456 4444 monet
1484 4407 1589 4444 nos
1635 4396 1693 4445 ut
1732 4408 1880 4445 sem-

204 4494 294 4546 per
324 4484 488 4533 caute
549 4496 806 4550 agamus,
873 4496 942 4533 ne
986 4479 1121 4532 vitia
1170 4479 1226 4532 in
1262 4478 1427 4532 nobis
1462 4479 1879 4548 dominentur;

204 4570 254 4619 et
305 4568 574 4637 princeps
623 4566 841 4637 peccati
885 4565 1010 4636 (qui
1041 4566 1241 4619 falsam
1272 4581 1469 4634 pacem
1505 4566 1882 4636 periclitanti-

203 4651 298 4707 bus
342 4656 610 4725 spondet)
643 4671 747 4708 nos
788 4654 1097 4723 imparatos
1128 4654 1420 4707 inveniens
1466 4654 1535 4707 de
1576 4654 1883 4724 improviso

202 4743 452 4797 trucidet.
487 4744 732 4798 Absalon
768 4742 918 4796 enim
947 4746 1107 4810 pater
1126 4744 1282 4810 pacis
1315 4742 1395 4794 vel
1420 4744 1600 4811 patris
1648 4758 1762 4811 pare
1802 4744 1882 4796 in-

202 4834 562 4901 terpretatur,
596 4834 821 4884 Amnon
860 4831 1089 4897 donans,
1125 4831 1370 4883 Thamar
1399 4832 1726 4885 amaritudo.
1777 4832 1883 4895 Qui

202 4917 338 4972 enim
372 4919 632 4973 membra
673 4934 774 4971 sua
805 4918 980 4972 donat
1008 4916 1252 4980 libidini,
1298 4920 1353 4969 et
1390 4916 1559 4969 servit
1590 4917 1882 4987 iniquitati

204 5006 263 5057 ad
289 5006 674 5078 iniquitatem,
728 5007 788 5059 in
830 5005 1044 5076 peccati
1075 5004 1513 5058 amaritudinem
1547 5006 1716 5069 cadit,
1754 5007 1883 5061 licet

202 5091 450 5149 inimicus
481 5112 539 5150 se
579 5094 743 5166 quasi
772 5099 993 5165 patrem
1027 5094 1180 5163 pacis
1210 5093 1490 5159 ostendat,
1524 5097 1581 5146 et
1608 5110 1881 5164 prospera

202 5196 290 5249 pro
344 5184 556 5239 talibus
612 5184 771 5238 factis
827 5183 1149 5253 promittat.
1210 5183 1447 5235 Necesse
1502 5186 1585 5234 est
1638 5183 1881 5237 enimut

201 5270 294 5323 cito
322 5273 389 5326 ad
424 5273 824 5343 paenitentiam
860 5273 1179 5338 redeamus,
1216 5287 1289 5324 ne
1316 5272 1459 5324 forte
1490 5270 1747 5324 diabolus
1777 5287 1880 5341 per

203 5361 468 5430 malignos
498 5362 730 5431 spiritus
780 5362 841 5415 in
893 5376 1091 5415 necem
1154 5365 1409 5413 nostram
1458 5360 1766 5430 conspiret,
1821 5364 1878 5414 et

206 5449 350 5500 morti
384 5457 696 5520 perpetuas.

264 5535 419 5591 Vens.
486 5542 569 5593 {5.
604 5569 672 5579 —
724 5541 792 5595 Et
821 5552 1039 5593 exesam
1084 5551 1202 5592 eam
1257 5536 1468 5605 habuit,
1525 5540 1631 5591 etc.
1675 5538 1740 5591 Et
1769 5554 1876 5594 nos

1990 4396 2333 4453 sanctorum,
2379 4392 2477 4462 qui
2527 4397 2783 4463 tempore
2830 4394 3106 4463 passionis
3164 4396 3387 4449 Domini
3444 4411 3684 4466 corpore

1992 4480 2224 4550 quidem
2271 4480 2669 4547 discesserunt,
2717 4497 2914 4535 verum
2961 4482 3261 4536 dilectione
3292 4484 3536 4554 separati
3567 4499 3683 4536 non

1991 4572 2141 4620 sunt.

2065 4656 2223 4709 Vens.
2276 4658 2361 4709 3'2.
2396 4686 2465 4695 —
2515 4657 2734 4713 Chusai.
2785 4658 3014 4710 Amicus
3050 4657 3239 4711 David.
3273 4658 3475 4712 Chusai
3508 4658 3681 4710 inter-

1993 4748 2256 4813 pretatur
2303 4746 2593 4810 festinans,
2630 4746 2747 4815 ‘qui
2780 4746 3091 4799 Jerusalem
3144 4753 3448 4810 revertens,
3499 4746 3680 4799 consi-

1989 4831 2131 4885 lium
2184 4832 2515 4904 Achitophel
2552 4833 2863 4905 dissipavit,
2916 4833 3196 4902 significat
3227 4833 3537 4903 discipulos
3569 4835 3676 4887 Do-

1988 4920 2131 4973 mini
2163 4937 2228 4974 ex
2283 4922 2494 4976 Iudaeis
2548 4924 2817 4990 occultos,
2851 4922 3240 4989 Nicodemum,
3271 4923 3479 4992 Joseph
3511 4929 3567 4978 et
3597 4923 3678 4977 si-

1990 5009 2168 5065 miles.

2633 5100 2857 5155 CAPUT
2894 5100 3026 5153 XVI.

2055 5187 2221 5241 Vens.
2251 5189 2303 5251 9,
2342 5188 2424 5240 l0.
2456 5215 2528 5227 —
2556 5172 2697 5252 Quid
2726 5190 2908 5241 mihi?
2963 5187 3122 5241 Solus
3172 5186 3365 5240 Abisai
3412 5188 3624 5242 dixerat
3660 5209 3671 5243 :

1992 5276 2206 5331 Vadam
2256 5281 2306 5329 et
2354 5275 2663 5343 amputabo.
2725 5276 2791 5327 Et
2851 5276 3017 5328 David
3060 5275 3254 5335 .Abisai
3318 5281 3374 5329 et
3413 5278 3547 5331 Joah
3589 5294 3675 5331 rc-

1986 5364 2216 5433 spondit
2248 5379 2259 5416 :
2289 5363 2436 5430 Quid
2462 5367 2642 5419 mihi?
2673 5365 2938 5435 Nunquid
2964 5366 3132 5419 vultis
3162 5366 3477 5420 interficere
3500 5366 3672 5421 istum

1985 5452 2129 5506 sicut
2168 5452 2530 5506 interfecistis
2564 5454 2789 5507 Abner?
3312 5520 3323 5527 ~

2056 5542 2337 5596 Dimittite.
2394 5541 2616 5610 (Gneo.,
2657 5542 2755 5599 lib.
2824 5559 2931 5600 xxx
2986 5544 3204 5611 Morat.,
3268 5561 3389 5616 cap.
3448 5544 3525 5616 9.)
3563 5544 3675 5613 Qui
