4062 6180
318 273 430 324 575

939 271 1329 326 WALAFRIDI
1371 273 1613 328 STRABI
1660 273 1855 328 FULD.
1899 273 2060 328 ΜΟΝ.
2101 271 2252 328 OPP.
2301 272 2475 326 PARS
2515 272 2558 326 I.
2600 299 2668 309 -—-
2708 267 3161 325 THEOLOGIGA.

3711 270 3814 319 576

315 391 619 446 verborum
675 390 1039 446 contumeliis
1095 408 1325 462 pressus
1392 393 1660 448 virtutem
1719 393 2012 464 patientia:
2039 397 2085 449 A
2123 394 2344 449 braaum
2376 394 2583 465 quibus
2615 409 2718 465 pro
2765 391 3122 447 naturalibus
3160 391 3430 446 utebatur
3461 408 3474 444 :
3517 397 3637 445 erat
3667 391 3819 445 enim

318 495 539 534 servare
589 495 706 534 non
760 484 948 550 potest
998 481 1084 534 vel
1115 480 1323 535 sufﬁcit
1353 485 1487 547 etc.,
1537 498 1706 552 usque
1753 483 1829 536 ad
1873 499 2013 554 qua-

323 583 452 621 rum
511 568 858 635 interventu,
923 569 1038 622 Deo
1083 569 1294 639 judice,
1349 585 1520 640 poena
1576 570 1803 640 gravior
1842 571 2014 625 decli-

325 660 513 710 natur.

397 745 552 797 Vnns.
591 747 674 800 13.
707 773 778 784 —
805 744 978 800 Semei
1028 749 1222 798 autem.
1271 745 1457 817 (ΒΑΗ.)
1512 746 1609 800 Hic
1657 750 1758 800 est‘
1798 747 2016 801 Nabatli

322 836 482 901 pater
508 831 814 885 Jeroboam
869 833 1182 887 secundum
1235 834 1522 899 Hebraeos,
1561 835 1660 905 qui
1717 835 1870 890 ﬁlius
1919 837 2012 890 Je-

319 919 462 972 mini
493 919 717 985 dicitur,
763 925 818 974 et
846 921 906 974 in
939 922 1058 976 zelo
1090 922 1294 976 domus
1323 923 1455 978 Saul
1488 924 1775 978 maledicit
1815 924 2013 980 David.

321 1009 539 1062 Nomen
591 1023 723 1061 vero
776 1009 863 1062 avi
913 1010 1036 1080 ejus
1084 1011 1291 1065 Jemini
1351 1012 1476 1066 fuit.
1534 1014 1657 1082 Ipse
1711 1013 1899 1068 Semei
1951 1031 2013 1068 ex

317 1095 471 1150 tribu
523 1095 789 1166 Ephraim
838 1097 940 1151 ﬁlii
1003 1099 1212 1168 Ioseph
1259 1100 1491 1167 exstitit,
1551 1101 1702 1155 unde
1756 1101 1892 1155 dicit
1944 1102 2016 1156 ad

321 1184 495 1238 David
531 1200 543 1236 :
587 1186 802 1238 Primus
851 1187 972 1238 veni
1018 1186 1172 1239 hodie
1219 1187 1284 1239 de
1313 1191 1460 1241 omni
1490 1189 1634 1241 tribu
1662 1189 1873 1258 Joseph.
1907 1189 2013 1242 Sed

323 1271 530 1338 Semei,
567 1278 630 1326 ut
658 1272 919 1342 superius
959 1275 1184 1343 legitur,
1244 1275 1314 1327 de
1349 1276 1687 1345 cognatione
1725 1277 1855 1331 Saul
1887 1278 2012 1331 fuit.

321 1360 455 1415 Saul
489 1376 621 1414 vero
677 1361 746 1414 de
795 1361 1114 1430 Benjamin.
1174 1364 1237 1416 In
1288 1364 1459 1417 Esdra
1503 1364 1687 1418 Semei
1735 1365 1886 1418 ﬁlius
1927 1367 2016 1421 Cis

316 1447 544 1518 legitur,
601 1447 736 1519 quia
789 1453 845 1502 et
877 1450 967 1504 Cis
1022 1455 1078 1504 et
1129 1451 1268 1504 Gera
1314 1453 1639 1512 vocabatur,
1674 1459 1838 1522 pater
1891 1454 2014 1523 ejus

319 1536 472 1591 ﬁlius
525 1536 755 1603 Jemini,
809 1536 865 1591 id
914 1542 998 1591 est
1030 1539 1324 1607 Benjamin
1361 1540 1450 1593 hic
1496 1540 1740 1610 legitur;
1801 1542 1896 1596 sed
1947 1543 2016 1596 de

315 1624 470 1679 tribu
499 1624 707 1696 Ioseph
739 1625 962 1695 primus
1013 1627 1236 1680 venisse
1288 1628 1512 1695 dicitur,
1572 1628 1709 1700 quia
1756 1627 1817 1681 in
1859 1629 2010 1682 tribu

317 1713 530 1784 Ioseph
560 1711 856 1769 habitavit.

393 1801 552 1856 Vens.
592 1804 671 1856 15.
714 1830 786 1842 —
815 1802 1156 1871 Achitophet.
1191 1803 1378 1874 (ΗΑΒ.)
1410 1805 1824 1876 Interpretatur
1852 1808 2019 1860 ruina

320 1889 541 1956 fratris.
583 1889 757 1943 Judas
786 1889 855 1943 de
876 1889 1044 1944 ruina
1073 1891 1282 1945 Christi
1337 1908 1534 1962 agens,
1583 1892 1889 1948 consilium
1919 1895 2015 1949 de-

320 1976 406 2031 dit
455 1976 668 2031 Judaais
735 1977 1002 2031 adversus
1051 1978 1360 2047 Christum,
1416 1985 1656 2052 uterque
1710 1982 2017 2052 suspendio

323 2063 560 2119 interiit.

954 2156 1182 2211 CAPUT
1229 2159 1387 2212 XVII.

393 2242 561 2297 Vnus.
607 2245 689 2300 10.
723 2274 791 2283 —
824 2246 894 2299 Et
937 2247 1291 2311 fortissimus.
1323 2247 1610 2318 (HIERON.)
1631 2249 1691 2302 In
1727 2248 1965 2304 Hebraeo
1999 2267 2012 2305 :

323 2333 669 2386 Fortissimus
699 2334 816 2403 ipse
841 2347 997 2402 cujus
1025 2338 1104 2388 est
1133 2350 1222 2388 cor
1251 2336 1368 2403 ipse
1389 2339 1552 2404 quasi
1581 2337 1660 2392 léo
1690 2353 1889 2406 pavore
1909 2340 2016 2394 sol-

320 2424 495 2486 vetur,
542 2421 815 2475 subaudis
862 2438 978 2476 non
1007 2421 1355 2476 fortissimus
1387 2423 1494 2478 iste
1527 2424 1701 2479 David
1731 2425 2014 2497 intelligi-

322 2511 435 2562 tur.
471 2509 629 2562 Unde
664 2526 676 2562 :
709 2511 823 2566 Scit
850 2513 1010 2565 enim.

395 2592 545 2664 (Ism.
576 2597 636 2649 in
687 2595 784 2652 tib.
816 2599 843 2652 Ι
871 2598 1046 2668 Reg.)
1103 2597 1428 2652 Secundum
1469 2599 1798 2671 allegoriam
1830 2602 2015 2656 consi-

322 2683 522 2738 derare
579 2690 826 2755 oportet,
883 2691 1014 2749 etc.,
1069 2703 1237 2755 usque
1283 2687 1356 2741 ad
1411 2705 1444 2740 a
1491 2689 1652 2759 cujus
1683 2689 1824 2743 facie
1872 2691 2020 2762 fugit

325 2771 582 2826 Christus
614 2773 845 2843 quando
896 2790 1024 2828 eam
1080 2775 1329 2828 deseruit
1356 2781 1412 2829 et
1443 2776 1514 2831 ad
1543 2781 1742 2848 gentes
1771 2779 2012 2832 transiit.

395 2860 554 2915 Vens.
592 2863 677 2916 14.
707 2892 777 2903 —-
805 2863 1085 2917 Absalom.
1127 2863 1239 2917 Alii
1258 2864 1522 2919 Absalom
1551 2866 1757 2920 Iudam
1789 2867 2018 2922 tradito-

323 2963 444 3039 ren‘i
476 2949 781 3039 accipiunt,
819 2967 991 3022 quem
1023 2951 1279 3031 Christus
1308 2953 1546 3022 pertulit
1575 2959 1850 3026 tanquam
1895 2956 2017 3026 ejus
2048 2983 2088 3039 ρ

322 3035 695 3107 cogitationes
741 3039 1111 3108 ignoraverit,
1167 3046 1223 3096 et
1265 3041 1588 3096 convivium
1660 3042 2021 3114 participavit

323 3125 396 3190 ei,
430 3124 491 3179 in
520 3142 634 3198 quo
691 3128 945 3199 corporis
995 3134 1052 3184 et
1098 3130 1394 3200 sanguinis
1441 3131 1686 3200 ﬁguram
1727 3130 2020 3202 discipulis

323 3214 764 3269 commendavit.
821 3219 885 3270 In
913 3217 1037 3287 ipsa
1084 3203 1214 3271 vero
1257 3218 1562 3272 traditione
1603 3219 1671 3272 ab
1704 3220 1827 3290 ipso
1857 3235 2018 3273 oscu-

324 3299 444 3352 lum
486 3301 720 3371 accepit,
779 3301 908 3356 ideo
958 3304 1226 3358 Absalom
1257 3321 1376 3374 pas:
1410 3309 1568 3374 pacis
1611 3306 1838 3373 dicitur,
1885 3307 2020 3377 quia
2109 3297 2120 3308 ’

323 3402 522 3457 pacem
557 3394 718 3458 pater
738 3389 939 3445 habuit
970 3407 1144 3462 quam
1176 3392 1272 3445 ille
1303 3409 1419 3446 non
1448 3393 1668 3448 habuit.

395 3477 725 3546 Achitophel
777 3479 957 3546 (ΗΑΒ.)
1025 3479 1131 3544 Qui
1200 3481 1473 3535 recedens
1541 3497 1574 3536 a
1635 3482 1832 3552 David,
1889 3487 2018 3548 etc.,

327 3578 495 3632 usque
533 3565 609 3618 ad
641 3565 786 3619 sicut
812 3567 1147 3638 Achitophel
1185 3569 1241 3622 in
1285 3569 1517 3640 propria
1565 3571 1733 3625 domo
1782 3587 2020 3642 suspen-

326 3651 420 3704 dio
452 3652 685 3718 interiit,
723 3655 822 3724 qui
855 3655 916 3709 in
945 3656 1130 3711 aliena
1169 3657 1298 3712 vitae
1353 3658 1528 3713 David
1570 3658 1873 3713 insidiatus
1914 3664 2018 3713 est.

328 3742 433 3807 Qui
464 3744 605 3796 enim
631 3743 776 3809 fodit
804 3746 1036 3812 foveam,
1072 3747 1269 3802 incidit
1315 3750 1372 3802 in
1401 3763 1536 3802 eam.
1565 3751 1634 3803 Et
1654 3748 1875 3803 insidiis
1907 3749 2020 3803 suis

325 3831 610 3898 capientur
646 3833 828 3901 iniqui
857 3833 1036 3905 (Prov.
1071 3851 1123 3888 xi
1157 3839 1345 3905 ;xxv).

401 3919 632 3973 Chusai.
694 3921 816 3991 (10.)
875 3922 1167 3978 Arachites
1228 3924 1498 3995 antiquus
1544 3924 1762 3979 amicus
1820 3924 2015 3987 David,

327 4010 458 4072 etc.,
475 4022 642 4076 usque
666 4009 742 4063 ad
763 4015 824 4064 ut
849 4018 1255 4066 convertantur
1279 4013 1687 4067 beneﬁciorum
1710 4014 2018 4068 occasione.

399 4095 523 4164 (11).)
590 4096 752 4160 Quod
829 4104 1020 4154 autem
1087 4101 1388 4167 Jonathan,
1449 4101 1549 4172 qui
1615 4102 2022 4174 interpretatur

329 4183 581 4238 columba
611 4185 846 4251 domum,
907 4193 962 4241 et
999 4189 1300 4243 Achimaas
1329 4190 1502 4244 frater
1545 4191 1684 4260 ejus,
1729 4191 1795 4245 ad
1829 4192 2019 4261 explo-

2127 483 2382 537 claudus.

2196 571 2361 625 Vens.
2394 573 2484 624 29.
2539 600 2601 608 —
2647 571 2723 623 Tu
2779 574 2827 624 et
2857 569 2992 623 siba.
3023 569 3302 638 (HIERON.,
3342 570 3532 637 quasi.
3563 567 3729 622 Hebr.
3764 571 3821 622 in

2123 658 2275 728 Reg.)
2303 660 2367 712 In
2399 657 2640 723 Hebraeo
2683 674 2696 711 :
2747 659 2903 723 Dixi,
2940 659 3018 711 Tu
3073 661 3124 711 et
3161 657 3296 712 Siba
3328 656 3557 710 dividite
3594 671 3807 723 agrum.

2123 747 2285 811 Quod
2312 746 2507 811 David,
2542 746 2849 800 immemor
2895 745 3122 800 foederis
3168 751 3223 799 et
3270 745 3607 814 juramenti,
3649 751 3756 800 etc.
3795 789 3807 809 ,

2128 851 2291 905 usque
2334 835 2408 889 ad
2459 835 2629 888 verba
2671 834 3021 906 obliquando
3071 833 3310 904 protulit
3351 837 3550 886 contra
3588 833 3820 888 Altissi-

2125 939 2304 977 mum.

2197 1011 2351 1064 Vens.
2388 1014 2474 1065 3‘7.
2509 1039 2577 1049 —
2623 1012 2717 1064 Est
2768 1015 2964 1063 autem.
3031 1011 3121 1064 Est
3177 1014 3368 1062 autem
3427 1008 3487 1062 in
3545 1008 3814 1063 Hebraeo:

2124 1101 2255 1153 Ecce
2305 1113 2490 1152 servus
2542 1103 2683 1152 tuus.
2724 1098 2990 1152 Hebraice
3042 1098 3256 1168 legitur
3293 1099 3476 1154 Chime
3506 1098 3614 1151 han
3663 1099 3806 1153 Cha-

2123 1204 2290 1254 naan,
2326 1199 2528 1247 anna.
2563 1188 2831 1241 Chanaan
2863 1188 3270 1256 interpretatur
3289 1191 3602 1255 suspirans;
3628 1203 3813 1256 quan-

2124 1277 2219 1329 diu
2259 1292 2388 1329 cum
2420 1282 2578 1346 patre
2603 1277 2732 1344 fuit,
2756 1275 3050 1346 suspirans
3082 1280 3311 1329 vocatus
3332 1281 3416 1328 est
3447 1291 3459 1328 :
3496 1279 3802 1345 postquam

2128 1381 2258 1418 vero
2292 1365 2361 1417 ad
2409 1364 2727 1418 doctrinam
2783 1363 2954 1418 David
3003 1365 3250 1426 transiit,
3286 1380 3397 1416 non
3431 1363 3694 1418 Chanaan
3721 1363 3821 1418 sed

2126 1453 2412 1508 Chamaan
2443 1457 2675 1506 vocatus
2720 1457 2824 1517 est,
2858 1452 2914 1506 id
2945 1457 3049 1518 est,
3084 1452 3288 1518 ﬁdelis,
3325 1456 3452 1511 etc.,
3495 1467 3662 1520 usque
3702 1451 3817 1504 ad:

2124 1543 2392 1610 Ephraim
2420 1545 2471 1594 et
2508 1541 2783 1594 Manasscs
2815 1545 3076 1608 tanquam
3109 1540 3294 1594 Ruben
3343 1543 3394 1592 et
3425 1539 3634 1592 Simeon
3659 1543 3818 1591 erunt

2124 1628 2276 1682 mihi.
2311 1629 2544 1699 Magnus
2574 1629 2767 1699 itaque
2799 1629 2975 1682 Moses
3022 1633 3078 1682 et
3127 1628 3299 1681 Iosue
3353 1626 3475 1697 ejus
3529 1641 3821 1680 successor

2127 1717 2416 1788 duplicem
2446 1716 2560 1771 illis
2582 1716 2910 1771 tribuerunt
2935 1721 3169 1770 sortem.

2795 1841 3017 1896 CAPUT
3047 1841 3150 1894 XX.

2196 1949 2360 2002 Vans.
2393 1951 2444 2002 9.
2478 1976 2549 1988 —
2579 1948 2659 2001 Et
2689 1949 2878 2013 tenuit,
2919 1951 3022 2000 etc.
3068 1947 3308 2001 Dextera
3358 1948 3614 1999 mentum
3655 1948 3819 1998 tene—

2123 2051 2206 2102 re,
2237 2040 2321 2090 est
2349 2036 2514 2106 quasi
2541 2052 2606 2089 ex
2644 2035 3000 2106 benignitate
3060 2034 3328 2088 blandiri.
3379 2033 3485 2088 Sed
3531 2033 3821 2086 sinistram

2124 2125 2192 2178 ad
2243 2123 2501 2194 gladium
2557 2123 2753 2189 mittit,
2811 2123 2912 2193 qui
2977 2124 3224 2177 latenter
3277 2137 3341 2175 ex
3412 2120 3631 2175 malitia
3685 2136 3820 2192 per-

2125 2213 2285 2266 cutit.

2196 2302 2365 2355 Vens.
2418 2302 2503 2354 19.
2553 2331 2621 2339 —
2667 2301 2873 2356 Nonne.
2919 2298 3103 2369 (ΗΑΒ.)
3152 2301 3259 2352 Iste
3312 2301 3397 2352 est
3425 2313 3613 2352 sermo
3654 2297 3818 2367 legis,

2126 2390 2184 2442 in
2210 2405 2324 2461 qua
2347 2389 2586 2460 jubetur
2612 2393 2672 2442 ut
2702 2387 2808 2442 ﬁlii
2829 2389 2998 2442 Israel
3029 2387 3274 2459 ingressi
3299 2391 3511 2440 terram
3550 2387 3822 2441 Chanaan

2125 2479 2284 2548 prius
2314 2493 2514 2549 pacem
2545 2477 2807 2539 offerant,
2843 2481 2900 2531 et
2938 2493 3032 2531 eos
3077 2476 3176 2546 qui
3215 2491 3412 2546 pacem
3445 2474 3821 2544 susceperint,

2126 2566 2460 2622 tributarios
2515 2566 2761 2632 faciant;
2819 2582 2916 2619 eos
2965 2582 3096 2619 vero
3127 2565 3228 2636 qui
3286 2581 3402 2618 non
3441 2564 3815 2634 susceperint,

2126 2655 2354 2708 deleant
2403 2670 2416 2708 :
2470 2654 2598 2708 ideo
2644 2653 2850 2707 mulier
2902 2652 3128 2723 sapiens
3201 2653 3542 2706 exclamasse
3611 2651 3822 2705 dicitur

2125 2744 2327 2799 Nonne.
2363 2741 2568 2805 Quasi:
2606 2741 2718 2796 Cur
2739 2740 2986 2795 destruis
3014 2739 3162 2793 hanc
3191 2739 3476 2793 civitatem
3505 2744 3818 2809 antequam

2125 2847 2324 2902 pacem
2370 2831 2573 2885 offeras
2625 2829 2935 2884 secundum
3002 2827 3235 2899 legem?
3297 2845 3397 2881 cur
3453 2845 3568 2881 non
3623 2829 3816 2881 servas

2126 2920 2309 2990 legem
2341 2918 2628 2985 Israelitis,
2664 2934 2794 2988 quas
2820 2918 2959 2971 olim
2991 2923 3212 2970 servata
3241 2920 3324 2970 est
3344 2914 3699 2986 alienigenis.

2199 3009 2358 3062 Vens.
2409 3011 2493 3062 22.
2551 3037 2622 3048 -
2676 3007 2782 3072 Qui
2810 3006 3124 3060 abscissum.
3159 3003 3288 3074 (lo.)
3355 3003 3588 3057 Reditus
3616 3002 3822 3072 populi

2127 3097 2194 3150 ad
2232 3095 2401 3150 David
2464 3100 2596 3165 post
2648 3094 3104 3148 interfectionem
3161 3092 3429 3157 Absalon,
3479 3095 3608 3156 etc.,
3642 3105 3816 3158 usque

2127 3186 2200 3239 ad
2225 3184 2282 3239 id
2313 3189 2398 3239 est
2428 3184 2714 3239 Christum
2747 3183 2952 3237 Filium
2991 3182 3089 3236 Dei
3121 3181 3307 3235 rediit.

2777 3289 3000 3343 CAPUT
3037 3288 3164 3342 XXI.

2201 3397 2367 3450 Vnns.
2435 3400 2487 3450 1.
2566 3427 2632 3435 —
2683 3398 2850 3450 Facta
2895 3399 2990 3449 est.
3075 3392 3256 3465 (ΒΑΕ.)
3315 3394 3511 3447 Fames
3555 3391 3704 3445 facta
3762 3391 3824 3444 in

2129 3485 2299 3538 Israel
2357 3489 2593 3555 propter
2625 3483 2982 3548 Gabaonitas,
3027 3487 3156 3548 etc.,
3213 3496 3382 3550 usque
3441 3480 3515 3533 ad
3547 3495 3618 3532 ne
3644 3477 3824 3532 vitam

2128 3589 2326 3626 eorum
2358 3589 2529 3642 prave
2562 3572 2922 3642 suggerendo
2954 3575 3322 3641 corrumpant
3344 3570 3602 3622 ulterius.

2198 3662 2360 3715 Vnns.
2413 3665 2464 3716 8.
2517 3690 2586 3700 —-
2646 3662 2792 3714 Tulit
2822 3663 3012 3729 itaque
3040 3675 3138 3713 rea:
3165 3658 3318 3712 duos.
3356 3657 3462 3722 Qui
3494 3672 3622 3710 cum
3660 3656 3820 3724 Doeg

2129 3749 2383 3804 Idumzeo
2417 3750 2599 3804 adhuc
2628 3748 2797 3820 pueri
2824 3749 3141 3802 sacerdotes
3179 3751 3234 3800 et
3278 3744 3619 3799 Gabaonitas
3658 3743 3817 3796 occi-

2127 3839 2355 3905 derunt,
2393 3838 2633 3893 Armoni
2664 3837 2872 3892 scilicet
2903 3842 2959 3890 et
2988 3835 3385 3907 Miphiboseth.

2195 3929 2360 3982 Filios
2404 3927 2600 3981 Michot
2628 3927 2774 3995 ﬁlim,
2803 3930 2906 3979 etc.
2958 3925 3109 3989 Quos
3139 3922 3351 3978 scilicet
3400 3921 3623 4000 litichol,
3673 3933 3820 3972 uxor

2130 4014 2324 4080 David,
2359 4030 2487 4085 quae
2518 4019 2574 4068 et
2605 4014 2738 4084 Egla
2768 4013 2997 4077 dicitur,
3022 4011 3311 4082 adoptavit
3339 4009 3448 4063 sibi
3468 4009 3616 4063 inter
3645 4007 3822 4073 ﬁlios,

2128 4119 2271 4173 quos
2301 4103 2489 4157 Merob
2509 4118 2671 4156 soror
2700 4103 2822 4171 ejus
2852 4102 2920 4154 de
2951 4101 3070 4154 tilio
3102 4098 3373 4153 Berzellai
3402 4096 3668 4167 suscepit.

2199 4192 2354 4246 Vens.
2385 4193 2468 4245 18.
2519 4220 2589 4230 —
2642 4191 2770 4246 Gob.
2829 4189 2993 4254 Quod
3040 4189 3448 4259 interpretatur
3478 4187 3646 4250 lacus,
3677 4185 3819 4255 quia

332 4271 573 4325 randum
632 4273 844 4327 factum
901 4276 1169 4330 Absalom
1226 4283 1282 4331 et
1339 4278 1506 4332 David
1566 4279 2016 4333 renuntiandum
2049 4297 2090 4350 ι)
2129 4278 2275 4332 sicut
2305 4278 2361 4333 in
2395 4280 2520 4333 lacu
2569 4279 2795 4332 leonum
2828 4277 2956 4348 quis
3011 4276 3278 4341 mittitur,
3327 4274 3407 4328 ita
3445 4273 3820 4343 semetipsum

329 4357 541 4413 decreti
572 4360 855 4431 fugientes
902 4363 1191 4432 Absalom,
1245 4370 1373 4430 etc.,
1428 4381 1595 4435 usque
1631 4367 1705 4420 ad
1747 4371 1801 4420 et
1830 4366 2017 4421 homi-

331 4463 429 4502 nes
457 4465 486 4501 a
518 4450 914 4519 persecutione
939 4451 1116 4507 hostis
1147 4454 1389 4522 protecti
1420 4454 1756 4510 liberantur.

951 4541 1178 4595 CAPUT
1217 4543 1402 4596 XVIII.

404 4625 564 4679 Vnns.
581 4628 633 4680 9.
658 4628 965 4683 —Accidit
985 4634 1161 4684 autem
1181 4637 1240 4684 ut
1263 4635 1560 4685 occurreret
1575 4631 1831 4686 Absalom
1850 4635 2018 4687 servis

298 4713 508 4766 David
535 4713 722 4770 sedens
750 4717 909 4770 muto.
947 4716 1130 4788 (ΗΑΒ.)
1163 4717 1428 4773 Absalom
1479 4719 1635 4772 mulo
1687 4719 1910 4790 fugiens
1961 4721 2017 4774 in

326 4815 543 4870 quercu
602 4818 704 4872 per
755 4803 1045 4858 caesariem
1104 4806 1305 4876 capitis
1358 4822 1667 4876 suspensus
1724 4813 1829 4877 est,
1888 4813 2019 4875 etc.,

327 4903 496 4957 usque
535 4891 610 4944 ad
644 4889 702 4944 in
731 4891 1145 4964 dispersionem
1177 4893 1436 4964 gentium
1465 4899 1885 4964 pertranseunt,
1914 4895 2019 4967 ipsi

330 4977 719 5049 principatum
752 4981 970 5051 pariter
999 4987 1054 5034 et
1091 4981 1370 5051 populum
1403 4981 1735 5036 amiserunt.

979 5068 1205 5124 CAPUT
1243 5070 1372 5124 XIX.

406 5153 563 5208 Vens.
593 5156 682 5209 22.
745 5185 813 5197 --
863 5157 1008 5222 Quid
1060 5158 1214 5210 mihi.
1246 5157 1505 5212 Timebat
1537 5157 1706 5212 David
1765 5158 1811 5212 si
1844 5158 2018 5214 inter-

330 5240 596 5296 ﬁceretur
649 5244 856 5312 Semei,
918 5246 1069 5316 quod
1126 5245 1336 5317 reliqui
1367 5245 1466 5317 qui
1513 5246 1776 5301 similiter
1827 5263 2022 5318 regem

329 5328 709 5396 offenderant,
738 5333 957 5387 nollent
981 5350 1113 5388 eum
1143 5333 1251 5390 sibi
1280 5335 1464 5388 facere
1494 5350 1708 5404 regem.

405 5418 574 5473 Vens.
603 5420 692 5473 24.
734 5450 804 5460 -
855 5422 1046 5476 Itlotis.
1078 5423 1141 5476 In
1189 5422 1450 5489 Hebraeo,
1504 5424 1740 5490 infectis.
1793 5424 2023 5478 Fecerat

327 5504 485 5560 enim
520 5506 628 5562 sibi
682 5507 1057 5580 Miphiboseth
1093 5509 1299 5579 ligneo.
1335 5510 1506 5581 pedes
1561 5511 1874 5566 secundum
1908 5513 2012 5566 He-

2130 4367 2286 4420 misit
2318 4366 2490 4421 David
2519 4371 2713 4420 contra
2745 4366 2984 4420 Goliam.

2201 4456 2363 4509 Vans.
2393 4457 2478 4522 19,
2507 4456 2594 4508 20.
2625 4483 2698 4495 -
2734 4455 2996 4508 Tertium.
3037 4452 3215 4522 (ΒΑΕ.)
3239 4449 3519 4522 Iosephus
3549 4449 3618 4503 de
3652 4449 3822 4503 tertio

2129 4542 2329 4614 praelio
2371 4543 2449 4597 ita
2502 4541 2826 4610 dicit,'etc.,
2859 4558 3025 4611 usque
3070 4542 3144 4595 ad
3169 4540 3524 4595 Adeodatum
3565 4538 3822 4608 appella-

2129 4633 2275 4686 verit
2295 4633 2379 4686 vel
2412 4631 2727 4702 quemlibet
2759 4631 2937 4684 alium
2967 4630 3163 4698 etiam,
3183 4628 3462 4682 incertum
3484 4631 3584 4680 est.

2201 4721 2491 4787 Quartum,
2557 4719 2782 4775 Goliath
2837 4719 3098 4783 iteratur,
3157 4733 3271 4787 quo
3333 4716 3450 4786 egit
3494 4713 3668 4768 David
3707 4713 3828 4784 pri-

2131 4811 2304 4862 mitus
2356 4813 2614 4878 tempore
2665 4806 2870 4862 Saulis.
2933 4808 3074 4861 Nam
3121 4805 3182 4859 iu
3221 4801 3675 4874 Paralipomenis
3704 4817 3826 4855 non

2133 4895 2243 4949 nisi
2296 4896 2464 4950 tertio
2521 4895 2915 4967 principaliter
2934 4909 3218 4965 pugnasse
3263 4897 3460 4946 contra
3498 4890 3819 4945 Philistaaos

2132 4984 2362 5055 legitur.

2202 5072 2380 5143 (ΗΑΒ.)
2411 5072 2669 5137 Quatuor
2692 5072 2842 5126 bella
2876 5069 3052 5125 David
3081 5072 3138 5123 et
3164 5081 3460 5122 servorum
3493 5067 3637 5136 ejus,
3671 5071 3776 5120 etc.
3809 5105 3825 5130 ,

2130 5176 2299 5230 usque
2327 5160 2401 5238 ad
2452 5161 2648 5216 unde:
2718 5162 2876 5216 Vana
2916 5160 3065 5213 satus
3122 5157 3414 5210 hominum.
3466 5158 3527 5210 In
3569 5157 3674 5208 Deo
3726 5157 3828 5221 fa-

2133 5253 2330 5304 ciemus
2373 5251 2646 5317 virtutem,
2679 5253 2729 5302 et
2757 5250 2874 5316 ipse
2903 5245 2978 5300 ad
3005 5246 3240 5300 nihilum
3260 5243 3474 5298 reducit
3499 5243 3828 5299 tributantes

2133 5353 2226 5393 nos
2248 5338 2415 5409 (Psat.
2442 5339 2601 5408 cvn.)

2201 5427 2625 5487 Bethlehemites.
2677 5428 2782 5479 etc.
2819 5421 2963 5488 Quia
2994 5420 3197 5476 Noemi
3227 5425 3282 5475 et
3329 5420 3483 5476 Ruth
3509 5435 3574 5473 ex
3603 5419 3815 5491 quibus

2136 5517 2296 5568 ortus
2359 5517 2464 5580 est,
2501 5518 2761 5583 tempore
2819 5510 3095 5564 ubertatis
3150 5523 3390 5563 reversa:
3444 5513 3579 5562 sunt
3620 5507 3682 5561 in
3716 5509 3819 5561 Be-
