3998 6178
171 283 247 334 5ἶῖ
577 278 579 281 ’
1234 262 1489 318 GLOSSA
1526 260 1932 317 0RDINABIA.
1976 288 2042 297 --
2084 258 2215 313 LIB.
2258 258 2305 312 II
2346 256 2507 311 REG.

3514 258 3627 321 ὅτε

167 399 401 461 thlehem,
451 398 507 449 et
544 392 677 463 quia
730 406 899 444 causa
928 387 1093 458 panis
1143 387 1295 441 Ruth
1344 390 1480 438 nota
1528 388 1634 448 est,
1668 384 1824 436 locus
1852 382 1899 434 Α
1936 380 2084 434 tium
2114 379 2476 450 praferente,
2519 393 2632 430 uno
2678 358 2920 445 impetu,
2971 374 3029 428 id
3062 380 3149 429 est
3192 375 3470 429 sermonis
3512 376 3627 428 im-

168 487 243 541 ille
286 487 480 539 Domus
527 481 689 552 punis
718 483 949 532 vocatus
993 481 1095 529 est.
1141 476 1236 528 Vel
1280 474 1413 545 quia
1452 472 1651 527 Noemi
1689 487 1819 524 cum

166 590 291 628 nuru
318 573 442 624 illuc
477 584 699 623 reversa
740 565 905 637 panis
943 563 1353 617 abundantiam
1384 560 1444 613 in
1474 560 1644 614 domo
1679 561 1818 612 Booz

168 664 432 716 consecuta
455 661 559 712 est.

769 758 996 814 CAPUT
1038 757 1191 812 XXII.

224 873 369 924 Vaas.
415 874 461 923 t.
502 898 571 907 -—-
610 869 838 921 Locutus
872 870 969 929 est,
1002 868 1103 916 etc.
1142 861 1318 930 (ΗΑΒ.)
1363 859 1528 914 Solus
1571 859 1823 913 decimus

166 960 409 1029 septimus
465 957 718 1027 psalmus
764 955 825 1007 in
866 952 1024 1006 libris
1067 952 1287 1021 Regum
1337 949 1637 1019 reperitur,
1693 953 1821 1005 etc.,

168 1061 310 1114 usque
336 1044 407 1098 ad
436 1049 494 1097 et
522 1059 650 1096 cum
684 1056 891 1110 magna
920 1038 1297 1092 exsultatione
1332 1034 1642 1090 divinitatis
1683 1050 1823 1088 cou-

164 1151 295 1188 cessa
320 1147 556 1186 munera
576 1128 905 1183 laudantur.

758 1243 981 1299 CAPUT
1018 1242 1199 1295 XXIII.

221 1355 370 1409 Vens.
416 1358 462 1408 t.
505 1383 575 1393 —
620 1354 740 1407 Hac
785 1353 911 1403 sunt
944 1351 1140 1401 autem.
1195 1344 1476 1415 (Hii-mox.)
1514 1342 1828 1398 Novissima

164 1448 295 1507 sunt,
344 1442 475 1513 quia
527 1446 655 1511 post
696 1438 1048 1509 psalterium,
1105 1441 1162 1489 et
1202 1440 1406 1488 catera
1457 1438 1681 1497 metra,
1723 1432 1829 1485 hoc

161 1530 523 1600 composuisse
557 1532 799 1581 metrum
828 1525 1055 1590 dicitur,
1081 1526 1138 1577 in
1168 1540 1282 1594 quo
1312 1523 1393 1575 ait
1417 1539 1428 1577 :
1456 1522 1619 1575 Diarit
1652 1520 1829 1574 David

162 1621 287 1689 ﬁlius
315 1620 424 1673 lsai
465 1636 482 1670 :
524 1618 678 1671 Dixit
705 1615 814 1681 vir,
858 1616 946 1667 cui
984 1615 1277 1666 constituta
1314 1617 1391 1665 est
1429 1612 1577 1664 scala
1617 1610 1829 1666 Christo

163 1711 243 1762 Dei
273 1706 443 1761 Jacob,
1164 1702 1167 1705 λ

222 1796 384 1862 (ΗΑΒ.)
434 1792 582 1857 Quia
629 1791 891 1845 ultimam
932 1788 1299 1843 confessionis
1338 1787 1566 1841 laudem
1605 1785 1827 1856 signiti-

162 1889 292 1950 cant,
323 1899 496 1953 quam
527 1886 793 1951 superato
832 1880 993 1933 hoste
1026 1882 1082 1931 et
1113 1881 1340 1947 peracta
1370 1875 1605 1929 victoria
1636 1873 1833 1929 mortis

165 1970 325 2024 sancti
354 1968 668 2023 cantabunt
698 1968 751 2020 in
786 1970 1085 2020 aternum.

223 2062 496 2128 Egregius.
552 2055 696 2121 Quia
742 2054 1188 2109 luculentissime
1238 2053 1308 2106 de
1362 2052 1584 2107 Christo
1640 2050 1738 2104 Dei
1780 2053 1837 2103 et

167 2146 223 2200 de
250 2144 636 2199 incarnatione
675 2142 796 2213 ejus
824 2158 889 2195 ac
918 2138 1311 2211 redemptione
1346 2138 1585 2193 humani
1610 2136 1837 2207 generis

166 2235 527 2305 prophetavit.

224 2324 370 2375 Vaas.
414 2322 465 2374 3.
512 2350 582 2359 —
618 2321 680 2373 In
710 2322 915 2373 timore.
968 2316 1076 2381 Qui
1106 2317 1163 2370 in
1205 2316 1411 2371 timore
1444 2315 1543 2371 Dei
1574 2314 1837 2370 domina-

166 2410 358 2464 tionem
403 2410 461 2463 in
512 2408 753 2463 subditis
800 2412 1037 2473 exercet,
1094 2406 1234 2458 lucis
1286 2422 1458 2475 opera
1506 2421 1609 2474 per
1656 2404 1837 2458 solem

164 2500 373 2568 justitia
418 2497 749 2551 illuminata
791 2494 1036 2565 profert,
1083 2510 1187 2547 nec
1235 2494 1293 2546 in
1347 2493 1427 2546 eis
1465 2492 1680 2563 aliquid
1732 2491 1837 2545 ob-

169 2602 370 2640 scurum
402 2590 685 2649 remanet,
718 2585 813 2636 sed
860 2582 1041 2635 imbre
1071 2582 1313 2635 calestis
1344 2581 1541 2649 gratia
1573 2579 1838 2650 irrigatus

167 2675 400 2742 germina
426 2674 706 2727 virtutum
740 2674 798 2725 in
828 2687 995 2724 carne
1030 2670 1220 2723 vivens
1258 2668 1578 2722 fructificat.

224 2763 370 2815 Vens.
413 2767 465 2815 5.
512 2790 580 2801 -—
638 2762 742 2816 Nec
784 2764 879 2813 est.
932 2759 1121 2827 (ΗΑΒ.)
1171 2757 1277 2821 Qui
1329 2758 1391 2810 in
1440 2758 1563 2826 lege
1614 2756 1840 2810 Domini

169 2850 451 2903 meditatur
495 2848 589 2901 die
640 2863 701 2900 ac
752 2851 939 2913 nocte,
986 2846 1049 2899 ﬁt
1094 2850 1367 2915 tanquam
1414 2843 1637 2914 lignum
1687 2842 1841 2913 quod

170 2938 467 3007 plantatum
495 2937 661 3007 juxta
690 2950 866 3005 aquas
897 2935 995 2987 dat
1020 2934 1268 2987 fructum
1296 2948 1467 2986 suum
1491 2933 1551 2985 in
1586 2936 1841 3002 tempore

171 3041 273 3089 suo,
306 3033 359 3080 et
382 3040 767 3097 quacumque
798 3023 965 3076 faciet
989 3022 1503 3092 prosperabuntur.

232 3117 377 3170 Vens.
422 3121 473 3169 7.
517 3143 589 3153 —-—
626 3114 706 3167 Et
750 3114 799 3166 si
842 3114 985 3180 quis.
1028 3110 1137 3174 Qui
1174 3109 1385 3163 scilicet
1413 3108 1843 3163 communicans

169 3204 391 3273 peccatis
428 3202 636 3257 alienis
675 3206 915 3271 propter
954 3200 1138 3254 cordis
1175 3198 1262 3252 sui
1301 3197 1593 3265 duritiam,
1629 3196 1841 3267 iniqui-

171 3298 328 3345 tatum
372 3292 631 3363 pondere
668 3290 971 3359 premitur,
1019 3293 1074 3341 et
1094 3287 1300 3358 jaculis
1329 3290 1691 3357 peccatorum
1716 3302 1846 3340 con-

170 3378 389 3446 foditur,
444 3381 687 3449 ejusque
737 3394 908 3448 opera
956 3376 1184 3430 aeternis
1239 3376 1470 3445 ignibus
1514 3374 1720 3445 digna,
1774 3374 1843 3429 ad

168 3467 389 3521 nihilum
424 3468 781 3536 redigentur.

230 3554 379 3607 Vens.
420 3556 477 3608 8.
521 3584 591 3592 —
639 3555 759 3607 Hac
804 3556 929 3606 sunt
972 3553 1217 3605 nomina.
1268 3551 1450 3621 (Ιειο.)
1483 3550 1716 3604 Texitur
1752 3567 1844 3604 ca-

168 3640 372 3712 talogus
422 3642 684 3695 virorum
726 3640 961 3693 fortium
1016 3639 1075 3692 in
1124 3641 1307 3709 ﬁgura
1356 3642 1705 3703 sanctorum,
1747 3637 1847 3708 qui

168 3732 408 3801 quamvis
481 3732 764 3784 virtutum
838 3728 1184 3783 sublimitate
1252 3727 1589 3798 proficiant,
1653 3732 1847 3780 tamen

166 3835 329 3890 usque
363 3820 435 3874 ad
469 3818 868 3873 excellentiam
917 3816 1122 3871 divina
1170 3815 1464 3869 Trinitatis
1508 3832 1623 3869 non
1672 3816 1849 3869 attin-

168 3914 311 3975 gunt.
344 3910 462 3962 Hoc
514 3912 599 3962 est
640 3908 792 3961 enim
843 3906 996 3976 quod
1046 3905 1316 3975 scriptum
1363 3908 1446 3957 est
1498 3920 1509 3957 :
1560 3905 1747 3974 Usque
1777 3904 1851 3958 ad

167 4000 267 4049 tres
311 3997 534 4067 primos
587 4012 699 4050 non
750 3994 1031 4065 pervenit.
1086 3992 1221 4056 Quis
1280 3992 1435 4045 enim
1486 3992 1546 4046 in
1600 3992 1850 4046 nubibus

169 4086 479 4154 aquabitur
506 4084 753 4138 Domino
785 4083 845 4136 in
877 4082 1010 4136 filiis
1041 4081 1179 4135 Dei?

230 4174 486 4228 Fortium.
546 4174 620 4226 De
671 4172 759 4226 his
808 4170 1054 4225 fortibus
1102 4169 1183 4223 ait
1226 4168 1505 4239 Josephus
1555 4185 1568 4223 :
1626 4168 1851 4223 Primus

168 4262 415 4315 omnium
465 4266 591 4314 erat
633 4259 902 4314 Eusebius
957 4258 1108 4312 ﬁlius
1155 4256 1491 4322 Achimaa,
1536 4255 1637 4327 qui
1676 4256 1851 4309 aciem
1882 4293 1926 4347 Β

167 4347 408 4403 hostium
462 4349 801 4419 frequenter
845 4347 1173 4417 irrumpens
1234 4362 1348 4399 non
1392 4345 1626 4400 cessavit
1674 4346 1853 4400 donec

166 4443 477 4507 nongentos
532 4436 831 4490 occideret.
886 4437 1012 4489 Post
1066 4434 1217 4488 hunc
1262 4439 1385 4489 erat
1427 4436 1657 4489 Eleazar
1702 4434 1853 4488 ﬁlius

167 4524 334 4591 Dodo,
369 4525 474 4597 qui
517 4540 646 4578 cum
689 4540 819 4594 rege
862 4523 1048 4580 fuerat
1076 4522 1134 4576 in
1176 4522 1410 4593 Sarpha.
1455 4524 1554 4578 Hic
1587 4523 1855 4578 Israelitis

166 4612 606 4668 formidantibus
651 4612 1121 4666 Philisthinorum
1172 4612 1485 4666 exercitum
1525 4616 1581 4666 et
1626 4612 1855 4681 fugien-

168 4700 305 4754 tibus
354 4702 515 4756 solus
567 4701 787 4757 restitit.
838 4705 892 4754 et
939 4700 1150 4754 multos
1199 4700 1419 4765 occidit,
1467 4708 1530 4753 ut
1579 4700 1856 4770 sanguine

167 4789 477 4844 occisorum
510 4788 733 4860 gladius
772 4788 894 4859 ejus
925 4789 1169 4843 hareret
1203 4788 1264 4842 in
1304 4788 1550 4843 dextera.
1589 4789 1857 4843 Israelita

166 4892 287 4932 vero
340 4879 607 4933 videntes
655 4878 988 4931 Palaestinos
1028 4877 1089 4931 in
1135 4878 1331 4949 fugam
1377 4893 1697 4944 conversos,
1752 4878 1859 4932 de—

166 4967 498 5021 scendentes
549 4966 616 5020 de
664 4966 957 5020 montibus
996 4966 1280 5036 persecuti
1323 4970 1454 5021 sunt
1487 4982 1603 5032 eos,
1637 4971 1692 5020 et
1721 4983 1860 5037 per—

169 5056 312 5110 venit
355 5055 628 5111 Israelitis
662 5056 878 5109 famosa
919 5055 1172 5110 victoria.
1206 5054 1427 5109 Tertius
1454 5054 1560 5109 fuit
1590 5054 1860 5111 Semaias

169 5141 308 5199 ﬁlius
338 5145 488 5210 Heli,
518 5144 616 5215 qui
648 5144 705 5197 in
738 5145 861 5197 loco
889 5145 1136 5198 maxilla:
1165 5161 1293 5198 cum
1322 5144 1543 5198 Hebrai
1566 5144 1859 5215 fugerent,

175 5233 439 5287 exercitus
486 5231 923 5287 Palastinorum
969 5232 1121 5285 solus
1162 5233 1407 5303 portavit
1433 5233 1573 5287 alios
1603 5239 1858 5304 proster—

174 5336 320 5389 nens,
353 5322 502 5376 alios
536 5321 598 5374 in
627 5320 821 5391 fugam
847 5327 1199 5375 convertens.

236 5412 371 5479 Ipse.
409 5411 597 5478 (ΗΑΒ.)
638 5410 803 5481 Virga
844 5409 914 5464 de
952 5409 1142 5464 radice
1179 5410 1331 5464 Jesse
1370 5409 1587 5483 absque
1616 5411 1863 5483 nuptiali

178 5512 335 5569 opere
356 5499 568 5555 florem
590 5498 853 5569 protulit,
875 5498 975 5570 qui
999 5498 1069 5553 de
1099 5514 1215 5553 uno
1246 5498 1477 5554 homine
1506 5504 1705 5570 typum
1726 5516 1864 5571 gen-

1933 468 2093 539 perio
2124 469 2412 538 legionem
2445 465 2662 536 expulit
2694 465 3045 517 damonum.

2004 559 2340 611 Teuerrimus
2389 557 2545 621 ligni.
2597 552 2725 623 (ιο.)
2778 553 2961 605 Virtus
2999 551 3103 605 viri
3154 551 3357 605 bellica
3405 555 3463 604 et
3506 566 3628 604 mo-

1930 644 2090 698 desta
2128 644 2502 714 signiﬁcatur,
2555 649 2687 706 etc.,
2720 655 2887 708 usque
2924 640 2998 693 ad
3028 639 3085 692 in
3119 638 3520 692 interfectione
3545 655 3633 693 oc-

1935 733 2328 803 tingentorum
2360 730 2653 785 fortitudo.

2002 822 2167 875 Vens.
2203 824 2289 874 11.
2320 850 2387 858 --
2417 819 2629 874 Semma
2658 819 2821 887 ﬁlius.
2857 816 3126 870 Audiens.

2002 912 2121 977 Age
2149 908 2235 975 de,
2267 913 2367 962 etc.
2400 907 2670 961 Meditans
2701 908 2814 959 sive
2848 908 3104 975 loquens.

2004 998 2197 1050 Arari.
2232 996 2549 1060 Montanus,
2583 993 2682 1064 qui
2725 998 2905 1063 gestat
2936 1006 3241 1063 personam
3280 989 3489 1045 Christi
3513 990 3630 1044 sive

1935 1084 2377 1155 pradicatorum
2404 1084 2545 1153 ejus.

2006 1174 2163 1226 Vens.
2211 1175 2294 1225 t2.
2338 1203 2398 1211 —-
2454 1173 2631 1227 Stetit.
2683 1172 2875 1242 (ΗΑΒ.)
2928 1170 3183 1224 Christus
3237 1184 3368 1223 cum
3415 1168 3631 1238 Spiritu

1937 1267 2129 1315 sancto
2155 1261 2215 1314 in
2248 1276 2387 1332 agro
2418 1259 2681 1314 Ecclesia
2704 1264 2856 1313 stans
2878 1258 3136 1312 inﬁrmos
3164 1258 3317 1311 velut
3346 1258 3629 1311 hordeum

1937 1354 2151 1418 tuetur,
2185 1350 2271 1403 vel
2322 1358 2470 1403 certe
2512 1348 2910 1403 verecundiam
2959 1347 3229 1401 castitatis
3277 1346 3635 1400 incontinen-

1938 1439 2090 1492 tibus
2117 1438 2280 1509 quasi
2326 1439 2581 1509 legentes
2617 1438 2808 1507 gladio
2845 1436 2959 1490 oris
2989 1442 3185 1511 contra
3214 1435 3499 1489 luxuriam
3531 1434 3634 1488 de-

1941 1527 2139 1580 fendit.

2011 1616 2173 1668 Vens.
2221 1618 2302 1669 l3.
2339 1646 2405 1654 —
2452 1614 2844 1668 Descenderam
2893 1619 3016 1667 tres.
3064 1614 3196 1665 Tres
3238 1611 3414 1665 fortes
3463 1626 3636 1680 supra

1942 1703 2241 1768 nominati,
2291 1710 2347 1756 et
2393 1703 2655 1756 Jesboam
2708 1702 2857 1755 ﬁlius
2894 1699 3229 1765 Achamoui,
3275 1715 3447 1770 quem
3480 1700 3636 1752 Jose-

1941 1792 2089 1863 phus
2121 1790 2423 1845 Eusebium
2471 1791 2651 1844 ﬁlium
2683 1790 2972 1843 Achimea
2998 1789 3277 1842 nominat.
3313 1788 3379 1841 Et
3408 1788 3639 1840 Eleazar

1944 1880 2095 1934 ﬁlius
2118 1880 2329 1944 Ahohi,
2371 1895 2542 1949 quem
2576 1878 2712 1933 dicit
2742 1878 2922 1931 tilium
2957 1892 3078 1930 esse
3119 1876 3300 1943 Dodo,
3330 1881 3383 1928 et
3412 1876 3639 1930 Semma

1940 1967 2093 2021 ﬁlius
2123 1968 2263 2037 Age,
2298 1982 2471 2037 quem
2499 1966 2781 2020 Semeiam
2815 1965 2999 2019 filium
3045 1964 3167 2018 Heli
3197 1968 3381 2018 vocat.
3417 1962 3639 2016 Hebrai

1942 2060 2134 2110 autem
2186 2062 2302 2109 tres
2349 2056 2487 2109 istos
2547 2055 2898 2109 arbitrantur
2951 2053 3149 2117 fuisse,
3207 2051 3400 2106 Abisai
3454 2051 3641 2104 ﬁlium

1942 2144 2171 2213 Sarvia,
2218 2148 2275 2198 et
2315 2143 2595 2199 Sobochai
2642 2142 2975 2208 Usathitem,
3029 2146 3084 2195 et
3126 2141 3413 2194 Jonathan
3456 2141 3639 2193 tilium

1943 2232 2209 2287 Sammaa
2238 2231 2427 2285 fratris
2468 2232 2663 2297 David,
2700 2230 2800 2300 qui
2848 2245 3021 2300 supra
3069 2228 3371 2282 memorati
3419 2228 3642 2281 suntin

1944 2321 2159 2392 praliis
2182 2320 2677 2374 Philisthinorum.
2700 2318 2803 2373 Cui
2825 2318 3120 2371 sententia
3149 2333 3466 2387 congruere
3491 2316 3643 2370 vide-

1946 2418 2040 2463 tur
2072 2409 2229 2479 quod
2258 2410 2516 2479 sequitur
2566 2425 2579 2461 :
2614 2409 2811 2461 Abisai
2859 2421 3068 2474 quoque
3105 2408 3283 2472 frater
3329 2405 3467 2459 Joab
3496 2406 3641 2471 ﬁlius

1946 2499 2162 2562 Servia,
2215 2500 2320 2550 etc.
2374 2497 2515 2551 Hinc
2557 2496 2710 2549 enim
2760 2503 2993 2564 apparet
3042 2495 3195 2564 quod
3243 2493 3434 2547 Abisai
3482 2492 3642 2563 prin-

1949 2602 2078 2655 ceps
2110 2592 2233 2640 erat
2261 2590 2317 2638 et
2350 2586 2678 2639 nominatus
2708 2584 2858 2637 inter
2894 2588 3009 2636 tres
3034 2587 3355 2653 sequentes.

2020 2673 2233 2745 (Casa)
2273 2674 2657 2743 Cogitandum
2689 2679 2796 2739 est,
2827 2677 2890 2724 ut
2937 2670 3035 2738 qui
3067 2671 3263 2724 illicita
3292 2668 3574 2723 commisit
3611 2684 3645 2721 a

1950 2763 2291 2833 quibusdam
2334 2762 2506 2815 etiam
2551 2759 2717 2814 licitis
2749 2759 3047 2825 abstineat,
3086 2764 3151 2811 ut
3178 2773 3281 2828 per
3311 2758 3418 2811 hoc
3447 2755 3641 2809 condi-

1947 2849 2057 2903 tori
2103 2867 2205 2904 suo
2239 2849 2569 2914 satisfaciat,
2618 2853 2681 2901 ut
2727 2846 2826 2918 qui
2873 2847 3160 2901 commisit
3200 2845 3504 2915 prohibita,
3537 2845 3645 2898 ab-

1952 2939 2169 2992 scindat
2217 2938 2324 2992 sibi
2372 2938 2548 2992 etiam
2594 2952 2876 3003 concessa,
2928 2940 2985 2989 et
3034 2951 3092 2989 se
3151 2934 3533 3005 reprehendat
3585 2932 3645 2986 in

1952 3026 2226 3091 minimis,
2267 3041 2441 3097 quem
2489 3024 2754 3079 meminit
2800 3039 3059 3094 peccasse
3106 3023 3165 3077 in
3212 3021 3493 3076 maximis.
3535 3021 3647 3075 Lex

1952 3114 2167 3168 Veteris
2211 3112 2556 3167 Testamenti
2606 3128 2840 3167 uxorem
2879 3112 3127 3165 alienam
3157 3110 3481 3181 concupisci
3511 3126 3645 3180 pro-

1951 3203 2112 3258 hibet
2156 3218 2169 3256 :
2214 3218 2247 3256 a
2283 3218 2417 3272 rege
2454 3218 2586 3257 vero
2638 3200 2810 3256 fortia
2843 3199 3035 3270 juberi
3072 3199 3351 3254 militibus
3380 3199 3470 3252 vel
3501 3198 3648 3252 desi-

1955 3292 2153 3347 derare
2208 3307 2416 3362 aquam
2448 3332 2461 3358 ,
2522 3307 2639 3345 non
2691 3291 2995 3360 panaliter
3051 3292 3219 3343 vetat.
3282 3287 3459 3343 David
3514 3302 3649 3341 vero

1954 3381 2200 3435 alienam
2241 3396 2478 3434 uxorem
2508 3379 2837 3450 concupivit.
2862 3382 2917 3433 et
2947 3378 3200 3444 abstulit,
3234 3377 3394 3447 cujus
3419 3376 3650 3446 culpam

1957 3469 2130 3539 digna
2174 3468 2409 3522 verbera
2456 3473 2591 3522 sunt
2629 3473 2840 3535 secuta,
2889 3474 2946 3522 et
2994 3467 3208 3521 malum
3248 3465 3401 3537 quod
3445 3481 3652 3536 perpe-

1955 3559 2144 3623 travit,
2194 3572 2299 3627 per
2346 3556 2703 3626 pauitantia
2752 3559 3001 3610 lamenta
3051 3556 3315 3610 correxit.
3364 3554 3473 3618 Qui
3519 3568 3650 3607 cum

1956 3647 2124 3717 longe
2155 3652 2285 3716 post
2334 3652 2531 3699 contra
2578 3644 2829 3700 hostium
2878 3643 3295 3709 cuneos-sedit,
3346 3659 3555 3714 aquam
3586 3658 3653 3695 ex

1959 3750 2161 3789 eorum
2202 3734 2445 3787 cisterna
2488 3733 2859 3798 desideravit;
2909 3733 3071 3802 cujus
3117 3731 3283 3785 electi
3313 3731 3525 3785 milites
3563 3730 3652 3783 in-

1960 3826 2051 3875 tra
2081 3826 2333 3874 catervas
2379 3820 2634 3874 hostium
2673 3821 3082 3888 irrumpentes,
3113 3833 3323 3889 aquam
3347 3834 3522 3887 quam
3552 3818 3651 3871 de-

1961 3906 2345 3972 sideraverat,
2403 3905 2570 3959 illasi
2627 3908 3009 3976 pertulerunt.
3074 3905 3181 3958 Sed
3251 3904 3337 3956 vir
3410 3905 3652 3975 ﬂagellis

1960 3994 2214 4048 eruditus
2265 4010 2322 4047 se
2370 3995 2635 4064 protinus
2678 4009 2807 4047 cum
2847 3992 3103 4063 periculo
3151 3991 3399 4045 militum
3444 4007 3654 4062 aquam

1962 4082 2311 4138 desiderasse
2372 4082 2763 4152 reprehendit,
2814 4096 3055 4151 eamque
3113 4080 3353 4134 Domino
3407 4079 3655 4133 fundens

1962 4170 2175 4225 libavit.
2220 4171 2284 4223 In
2313 4170 2655 4224 sacriﬁcium
2694 4170 2849 4223 enim
2886 4169 3109 4224 Domini
3140 4170 3317 4222 effusa
3342 4184 3492 4240 aqua
3520 4183 3654 4221 con-

1963 4277 2124 4315 versa
2161 4265 2266 4326 est,
2313 4258 2448 4331 quia
2490 4260 2715 4331 culpam
2754 4258 3227 4329 concupiscentia
3259 4258 3526 4312 mactavit
3552 4272 3657 4327 per

1964 4348 2365 4421 paenitentiam
2422 4364 2539 4402 sua
2588 4347 3071 4419 reprehensionis.
3123 4347 3230 4412 Qui
3274 4363 3410 4418 ergo
3447 4363 3657 4401 concu-

1963 4439 2180 4509 piscere
2234 4437 2480 4491 alienam
2530 4438 2835 4508 conjugem
2882 4453 2997 4491 non
3052 4436 3264 4502 timuit,
3318 4441 3445 4507 post
3483 4435 3655 4489 etiam

1964 4526 2100 4599 quia
2130 4543 2339 4599 aquam
2368 4527 2747 4597 concupisset,
2776 4526 3018 4598 expavit.

2036 4616 2197 4669 Vaas.
2244 4618 2328 4669 16.
2394 4645 2465 4658 -
2504 4616 2611 4671 Sed
2654 4616 2866 4670 libavit.
2919 4615 3259 4685 Exemplum
3304 4609 3658 4667 fortitudinis

1966 4708 2021 4758 et
2051 4704 2386 4758 constantia
2416 4704 2691 4758 militibus
2730 4704 2996 4775 prabuit,
3031 4704 3262 4761 vincens
3292 4706 3557 4755 naturam
3586 4714 3659 4752 ne

1968 4793 2164 4847 sitiens
2189 4793 2432 4863 biberet,
2464 4799 2529 4848 ut
2557 4794 2839 4848 exercitus
2868 4793 3022 4848 sitim
3051 4792 3297 4846 tolerare
3324 4790 3584 4844 disceret.

2037 4882 2263 4952 Mystice
2294 4899 2427 4937 vero
2469 4899 2677 4954 aquam
2723 4899 2841 4936 non
2891 4881 3134 4949 sitiebat,
3176 4880 3276 4934 sed
3306 4878 3660 4932 nasciturum

1968 4968 2027 5022 in
2068 4970 2399 5024 Bcthlehem
2428 4971 2497 5025 de
2531 4971 2747 5041 virgine
2772 4970 3057 5025 Christum
3087 4968 3473 5040 pravidebat:
3500 4966 3664 5037 cujus

1969 5060 2258 5113 lavacrum
2307 5064 2363 5113 et
2401 5062 2740 5128 sanguinem
2790 5058 3033 5113 sitiebat.
3086 5060 3309 5128 Aquam
3359 5072 3493 5127 ergo
3544 5071 3663 5109 non

1968 5146 2134 5213 bibit,
2170 5146 2267 5201 sed
2310 5146 2475 5200 fudit.
2524 5146 2759 5200 Sitiebat
2793 5146 2948 5199 enim
2988 5146 3203 5199 fontem
3243 5149 3523 5198 aternum
3563 5145 3666 5216 qui

1973 5252 2091 5289 non
2134 5235 2400 5306 periculis
2444 5234 2723 5305 quaritur
2769 5233 2994 5299 alienis,
3030 5234 3129 5289 sed
3173 5233 3360 5288 aliena
3406 5234 3665 5304 pericula

1972 5323 2171 5377 abluit.

2045 5413 2206 5467 Vaas.
2253 5414 2335 5467 19.
2371 5441 2440 5451 -
2475 5415 2599 5467 Tres
2625 5414 2851 5482 primos.
2895 5411 3146 5483 Intelligi
3190 5414 3390 5469 volunt
3440 5412 3667 5485 sapien-

1973 5501 2110 5556 tiam
2147 5542 2161 5568 ,
2222 5500 2604 5556 humilitatem
2671 5507 2729 5556 et
2782 5500 3222 5570 fortitudinem,
3282 5502 3457 5558 David
3513 5501 3667 5556 enim
