4062 6180
345 264 446 314 579
965 258 1356 313 WALAFRIDI
1394 258 1641 315 STRABI
1679 258 1877 314 FULD.
1920 259 2083 315 MON.
2125 259 2278 316 OPP.
2323 259 2494 315 PARS
2541 259 2586 314 l.
2626 287 2696 298 -—-
2734 257 3195 316 THEOLOGICA.
3730 263 3829 314 580

339 383 486 438 sedit
533 379 986 454 sapientissimus
1037 379 1206 450 :ipse
1246 379 1390 450 ligni
1427 381 1795 448 vermiculus,
1845 381 1902 436 id
1935 386 2039 448 est,
2071 391 2112 442 Α
2155 383 2533 448 subditorum,
2585 387 2716 448 etc.,
2772 397 2940 450 usque
2994 383 3070 437 ad
3119 387 3184 436 ut
3237 382 3385 437 sicut
3435 381 3829 452 magistrorum

339 472 578 527 humilis
618 471 980 541 octingentos
1025 467 1311 522 interfecit
1357 469 1512 522 velut
1565 470 1757 537 fortis;
1815 471 1880 525 ad
1936 471 2037 525 has
2142 470 2290 525 facta
2339 471 2661 542 displicent,
2713 471 2792 523 ita
2840 469 3198 524 subditorum
3254 487 3414 524 mens
3459 487 3488 523 a
3522 471 3831 540 magisterii

342 567 457 616 tres
489 560 726 614 virtutes
757 574 926 612 nemo
957 557 1187 610 fortium
1217 556 1390 610 David
1427 557 1704 626 pervenit.
2143 559 2462 612 reverentia
2495 573 2607 610 non
2643 557 2889 611 recedat.

413 649 577 701 Vens.
621 649 707 700 20.
740 675 808 684 —
835 646 912 698 Et
932 645 1104 698 Bana.
1137 643 1243 707 Qui
1263 649 1386 697 erat
1407 645 1678 713 magister
1707 645 1772 699 de
1792 646 2030 714 Capseel,
2212 645 2493 716 (Ηιειιοκ.)
2547 645 2872 698 Notandum
2917 642 3053 714 quia
3092 643 3151 697 in
3200 643 3652 714 Paralipomenis
3695 643 3829 715 legi-

343 736 402 790 id
432 741 534 802 est,
581 736 650 789 de
695 733 1140 803 congregatione
1192 732 1290 786 Dei
1327 733 1385 786 in
1421 733 1647 788 Cerethi
1688 739 1746 788 et
1794 735 2032 801 Pheleti,
2141 740 2235 788 tur
2268 751 2280 788 :
2317 735 2463 788 Mille
2491 732 2673 786 millia
2715 737 2945 786 centum
2978 733 3156 786 millia
3185 732 3254 788 de
3285 733 3478 797 Israel,
3513 736 3568 786 et
3599 732 3669 786 de
3697 733 3832 787 Juda

344 825 443 896 qui
513 824 964 892 interpretantur
1030 821 1324 876 occidentes
1383 827 1440 875 et
1500 824 1854 891 viviﬁcantes.
1914 825 2036 893 Ipse
2141 822 2522 894 quadraginta
2577 821 2941 891 septuaginta
2987 821 3170 876 millia
3211 837 3356 892 quos
3392 821 3830 892 intelligendum

341 915 607 983 percussit
656 928 800 982 quos
831 909 1311 979 Paralipomenon
1340 910 1484 964 duos
1527 911 1680 965 Ariel
1728 911 1887 966 Moab
1929 928 2031 966 no-
2139 915 2220 966 est
2272 911 2410 966 Joab
2466 926 2798 964 numerasse
2831 949 2846 976 ,
2908 910 3008 964 sed
3068 910 3320 965 noluisse
3369 909 3669 965 ostendere
3727 910 3834 964 nisi

343 1002 541 1056 minat.
579 1000 644 1054 Hi
673 1015 808 1070 ergo
839 997 944 1053 viri
977 998 1271 1052 fortissimi
1296 999 1529 1052 fuerunt
1553 998 1614 1052 in
1646 1016 1822 1071 regno
1848 1001 2031 1069 Moab,
2139 998 2342 1069 quanti
2371 997 2431 1051 in
2461 997 2744 1052 Samuelis
2774 997 2922 1052 libro
2952 997 3300 1053 scribuntur.

343 1093 494 1144 unde
526 1095 583 1143 et
621 1089 816 1143 leones
864 1088 1152 1142 dicuntur.
1203 1087 1355 1141 Ariel
1396 1087 1550 1142 enim
1591 1089 1669 1143 leo
1717 1091 1811 1144 Dei
1856 1089 2032 1144 inter-
2211 1088 2374 1141 Vens.
2437 1089 2520 1141 10.
2567 1117 2638 1126 -
2670 1089 2940 1142 Percussit
2981 1093 3182 1158 autem,
3232 1092 3339 1143 etc.
3390 1089 3608 1157 (Anam,
3641 1086 3740 1140 lib.
3771 1087 3832 1140 de

344 1182 618 1250 pretatur.
2136 1177 2305 1242 Pazn.,
2361 1191 2483 1244 cap.
2518 1177 2598 1245 9.)
2650 1175 2907 1229 Contulit
2946 1192 3004 1230 se
3052 1177 3126 1231 ad
3176 1177 3459 1247 majorem
3512 1191 3744 1246 poenam
3777 1180 3832 1228 ut

411 1268 486 1321 In
524 1265 722 1320 media.
754 1264 1030 1334 Iosephus
1076 1263 1169 1318 hic
1215 1264 1469 1334 apertius
1496 1265 1634 1319 dicit
1671 1264 1808 1336 quid
1839 1264 2029 1332 fuerit,
2136 1268 2324 1334 posset
2374 1277 2687 1334 provocare
2739 1265 3123 1318 clementiam.
3189 1265 3422 1318 Lenitur
3478 1264 3630 1318 enim
3680 1263 3833 1334 rigor

337 1355 571 1422 scilicet,
617 1354 864 1408 cisterna
918 1353 1088 1406 nimis
1145 1355 1444 1424 profunda,
1505 1359 1764 1424 tempore
1811 1354 2032 1425 hyemis
2130 1350 2393 1420 justitiae,
2426 1356 2556 1416 etc.,
2597 1365 2767 1419 usque
2813 1351 2888 1405 ad
2931 1355 3014 1406 et’
3044 1367 3181 1422 erga
3226 1351 3508 1422 populum
3549 1349 3828 1421 quassatio

337 1444 484 1498 nivis
531 1458 739 1513 aggere
770 1450 1086 1512 coaequata.
1137 1445 1200 1496 In
1249 1443 1393 1496 hanc
1438 1443 1526 1495 leo
1561 1443 1774 1496 inscius
1801 1443 2028 1512 decidit,
2137 1441 2356 1494 caelitus
2386 1439 2567 1493 eﬁ'usa
2597 1440 2926 1510 quiesceret.

337 1537 393 1587 et
427 1533 726 1586 conclusus
774 1531 975 1600 grandi
1018 1531 1211 1601 rugitu
1260 1531 1543 1586 clamavit.
1605 1532 1838 1584 Bauaias
1893 1547 2028 1584 vero
2206 1529 2365 1582 Vens.
2428 1532 2511 1582 11.
2585 1557 2653 1569 -
2709 1529 2894 1582 Sermo
2968 1530 3200 1582 Domini.
3264 1527 3448 1599 (ΗΑΒ.)
3520 1529 3584 1582 ln
3636 1528 3824 1582 Exodo

337 1622 437 1692 qui
475 1637 605 1674 cum
636 1620 856 1673 caeteris
888 1619 957 1674 ad
995 1620 1382 1689 spectaculum
1428 1620 1601 1686 venit,
1635 1621 1693 1673 in
1724 1621 2030 1675 cisternam
2061 1673 2100 1692 η
2139 1615 2414 1686 Scriptum
2453 1618 2551 1678 est.
2581 1620 2712 1683 ϐίοι,
2758 1631 2928 1685 usque
2958 1616 3032 1670 ad
3059 1622 3399 1686 consumpta
3441 1620 3574 1671 sunt
3601 1621 3831 1686 septua-

338 1673 570 1774 desiliit,
617 1711 674 1761 et
714 1707 939 1760 leonem
978 1706 1281 1760 interfecit.
1310 1707 1568 1770 Banaias,
1615 1707 1714 1777 qui
1744 1707 2026 1778 interpre-
2061 1673 2102 1727 Β
2139 1704 2300 1774 ginta
2330 1705 2531 1758 millia.

334 1801 490 1852 tatur
533 1795 829 1863 adiﬁcator
876 1797 1162 1861 Dominus,
1227 1795 1514 1848 Christum
1570 1794 1876 1865 signiﬁcat,
1931 1795 2032 1866 qui
2211 1793 2368 1846 Vsus.
2402 1795 2484 1846 l3.
2527 1822 2592 1831 —
2637 1793 2770 1846 Aut.
2818 1791 2887 1845 Et
2915 1790 3140 1845 videtur
3181 1791 3317 1862 quia
3362 1791 3462 1863 qui
3492 1807 3641 1862 pane
3675 1791 3832 1844 verbi

337 1883 641 1939 Ecclesiam
708 1883 968 1936 aedificat.
1043 1881 1197 1935 Unde
1250 1882 1460 1935 Paulus
1520 1899 1531 1936 :
1593 1885 1691 1936 Dei
1739 1882 2032 1954 wdiﬁcatio
2140 1880 2239 1934 Dei
2267 1897 2369 1951 per
2401 1881 2642 1951 gratiam
2693 1880 3038 1950 septiformis
3077 1879 3323 1950 Spiritus
3373 1897 3490 1934 non
3519 1885 3832 1952 pascuntur

335 1977 480 2029 estis.
517 1972 614 2026 llic
660 1971 718 2024 in
759 1976 1016 2041 tempore
1051 1970 1195 2024 nivis
1236 1975 1292 2024 et
1340 1970 1586 2041 frigoris,
1642 1986 1774 2024 cum
1818 1970 2030 2025 scilicet
2138 1975 2356 2039 septem
2388 1969 2552 2022 annis
2580 1968 2792 2022 famem
2814 1969 3119 2036 sustinent,
3152 1974 3209 2023 et
3237 1969 3336 2038 qui
3365 1969 3423 2022 in
3455 1969 3692 2023 nomine
3719 1970 3833 2022 Tri-

335 2061 521 2132 gratia
549 2058 758 2114 Christi
809 2059 1025 2112 mundo
1067 2059 1441 2128 resplenduit,
1486 2064 1542 2112 et
1579 2058 1760 2129 frigus
1791 2059 2030 2113 charita-
2138 2056 2336 2111 uitatis
2384 2057 2707 2126 regenerati
2749 2072 2862 2110 non
2897 2061 3046 2119 sunt,
3093 2057 3371 2122 hostibus,
3413 2057 3469 2111 id
3497 2064 3580 2111 est
3622 2058 3834 2111 daemo-

333 2151 405 2204 tis
454 2149 718 2202 homines
749 2147 1126 2216 refrigeravit,
1170 2148 1419 2214 leonem,
1461 2147 1517 2200 id
1571 2155 1674 2214 est,
1735 2148 2028 2202 diabolum
2139 2146 2307 2199 nibus
2337 2145 2602 2199 resistere
2634 2160 2750 2198 non
2782 2146 3002 2212 valent;
3048 2147 3144 2200 sed
3170 2146 3496 2216 pestilentia
3523 2145 3831 2216 impietatis

334 2237 634 2292 interfecit.
675 2235 944 2289 Hebraeus
987 2251 1120 2288 vero
1169 2235 1320 2288 hunc
1348 2236 1574 2289 leonem
1621 2236 1782 2290 Moab
1813 2236 2028 2290 intelli-
2135 2233 2416 2288 increduli
2441 2234 2788 2288 moriuntur.

334 2326 439 2398 git,
467 2326 566 2396 qui
595 2325 654 2378 in
694 2324 883 2377 medio
923 2323 1203 2390 cisternae,
1238 2324 1293 2377 id
1337 2329 1442 2389 est,
1477 2323 1536 2377 in
1566 2324 1736 2378 domo
1775 2324 2024 2389 Domini,
2211 2323 2368 2375 Vens.
2408 2326 2488 2376 16.
2541 2352 2612 2364 --
2662 2324 2798 2376 Erat
2827 2327 3023 2376 autem.
3058 2321 3249 2392 (ΗΑΒ.)
3285 2323 3345 2376 ln
3374 2322 3829 2393 Paralipomenis

335 2415 433 2469 ubi
462 2413 692 2468 tenebat
728 2429 946 2466 cornua
985 2412 1201 2480 altaris,
1241 2413 1456 2466 occisus
1497 2417 1601 2466 est.
1653 2413 1844 2466 Altare
1894 2429 2026 2468 vero
2136 2427 2363 2483 quoque
2417 2411 2692 2481 scriptum
2735 2416 2826 2464 est
2879 2427 2892 2465 :
2941 2414 3102 2466 Porro
3133 2413 3354 2480 angelus
3385 2413 3601 2466 Domini
3644 2412 3830 2466 stabat

333 2503 579 2557 cisterna
616 2500 841 2567 dicitur,
887 2501 1024 2570 quia
1071 2501 1216 2553 sicut
1255 2516 1406 2570 aqua
1451 2501 1714 2554 cisternae
1763 2501 1942 2555 abluit
1970 2506 2029 2556 et
2127 2501 2298 2570 juxta
2328 2515 2512 2553 aream
2548 2499 2734 2555 Ornan
2777 2499 3026 2554 Jebuszi.
3070 2501 3382 2569 Levansque
3426 2500 3608 2555 David
3649 2501 3827 2554 oculos

335 2591 596 2657 mundat,
627 2591 706 2643 ita
737 2589 1125 2643 sanctuarium
1172 2588 1399 2642 Domini
1429 2592 1641 2660 purgat
1676 2594 1926 2659 peccata.
1964 2591 2028 2643 In
2134 2603 2256 2642 suos
2289 2587 2431 2642 vidit
2460 2588 2708 2653 angelum
2759 2588 2985 2640 Domini
3037 2590 3180 2642 inter
3207 2590 3392 2642 caelum
3445 2593 3495 2642 et
3526 2571 3750 2653 terram,
3785 2592 3834 2641 et

333 2681 534 2735 diebus
578 2678 742 2737 nivis.
794 2677 930 2748 quia
971 2693 1074 2747 per
1121 2682 1363 2730 mortem
1413 2677 1658 2747 expiavit
1704 2683 2024 2748 peccatum.
2135 2679 2480 2743 evaginatum
2531 2675 2779 2743 gladium
2806 2675 2866 2728 in
2897 2690 3062 2729 manu
3110 2677 3246 2744 ejus,
3293 2681 3342 2730 et
3379 2692 3592 2731 tersum
3642 2683 3833 2731 contra

333 2771 492 2824 Unde
544 2785 558 2822 :
617 2768 852 2822 Lavabis
906 2782 1007 2834 me,
1049 2766 1201 2836 quod
1258 2766 1562 2835 impletum
1595 2772 1680 2820 est
1727 2767 1787 2820 in
1839 2767 2026 2821 medio
2133 2765 2444 2818 Jerusalem.
2491 2765 2562 2818 Et
2600 2763 2903 2817 ceciderunt
2935 2771 3046 2817 tam
3075 2767 3190 2832 ipse
3235 2779 3396 2833 quam
3430 2768 3661 2833 majores
3694 2770 3832 2818 natu

331 2859 622 2924 cisternas;
650 2861 703 2911 et
741 2870 902 2925 super
940 2858 1121 2909 nivem
1171 2854 1481 2923 dealbabor,
1533 2854 1687 2928 quod
1722 2854 2026 2927 impletum
2132 2857 2318 2910 vestiti
2374 2856 2568 2909 ciliciis
2605 2856 2766 2922 proni
2819 2857 2879 2908 in
2928 2860 3148 2923 terram,
3192 2855 3363 2924 juxta
3415 2871 3618 2909 aream.
3688 2860 3836 2910 Area

331 2952 420 3002 est
448 2948 506 3000 in
539 2963 606 3000 eo
633 2945 786 3016 quod
818 2943 898 2998 ait
921 2943 1108 2998 diebus
1140 2946 1306 2998 nivis.
2057 2956 2097 3011 ο
2133 2947 2364 2998 Areuna
2404 2943 2648 2997 Ecclesia
2677 2947 2762 2996 est
2789 2943 3050 3012 gentium
3081 2943 3141 2996 in
3174 2960 3285 3013 qua
3315 2949 3624 3014 postquam
3653 2945 3834 2997 altare

405 3037 566 3090 Vens.
594 3038 784 3088 21.—
833 3034 1023 3087 Virum
1051 3034 1388 3103 Egyptium.
1430 3031 1781 3087 Imitatorem
1814 3033 2027 3088 scilicet
2133 3031 2268 3085 ﬁdei
2293 3047 2458 3085 verus
2493 3030 2668 3085 David
2713 3031 2916 3098 erexit,
2967 3031 3269 3085 confestim
3315 3047 3470 3085 mors
3516 3032 3834 3102 impietatis

331 3122 580 3194 Egyptii
622 3124 800 3176 Deum
853 3121 1320 3191 blasphemantis,
1370 3137 1541 3192 quem
1586 3122 1763 3176 Moses
1785 3123 2024 3192 jubeute
2133 3121 2315 3175 cessit.
2354 3121 2507 3173 Hauc
2555 3135 2749 3172 aream
2786 3120 2956 3174 David
3003 3120 3424 3191 quinquaginta
3454 3120 3604 3173 siclis
3637 3121 3830 3175 emit:

335 3213 579 3267 Domino
610 3210 914 3276 interfecit,
947 3211 1044 3263 ille
1070 3210 1223 3264 enim
1255 3209 1674 3279 blasphemavit
1701 3211 1903 3280 Deum,
1933 3212 2026 3266 hic
2135 3209 2271 3280 quia
2291 3208 2548 3263 Christus
2572 3223 2675 3278 per
2704 3209 3054 3278 septiformis
3077 3209 3320 3278 Spiritus
3340 3209 3584 3279 gratiam
3607 3209 3834 3263 cunctis

331 3301 674 3371 prophetam
701 3303 756 3352 et
790 3313 1004 3368 regem.
2135 3298 2354 3352 delictis
2401 3297 2628 3351 omissis
2677 3297 3059 3368 gentilitatem
3088 3297 3148 3351 in
3185 3297 3423 3351 domum
3453 3297 3561 3353 sibi
3607 3298 3832 3370 sempi-

405 3389 667 3454 Dignum.
710 3385 1081 3454 Spectabatur
1125 3383 1279 3438 enim
1327 3389 1388 3438 ut
1417 3383 1465 3438 si
1499 3385 1815 3439 Jerusalem
1859 3401 2026 3457 egre-
2135 3392 2360 3441 ternam
2390 3386 2779 3441 sanctiﬁcavit.

333 3475 583 3549 deretur,
618 3472 1052 3526 interﬁceretur.
2204 3476 2362 3528 Vens.
2401 3477 2484 3530 18.
2538 3503 2606 3514 -
2665 3475 2911 3529 Areuna.
2969 3472 3096 3544 (Ιο.)
3153 3475 3574 3544 Interpretatur
3630 3489 3769 3529 area
3818 3490 3832 3528 :

403 3564 666 3618 Hastam.
721 3563 925 3630 Legem
981 3559 1102 3627 Dei,
1159 3575 1332 3630 quam
1376 3559 1420 3613 si
1481 3559 1784 3615 meditatus
1829 3561 2028 3616 fuisset
2135 3564 2327 3619 Ornan
2373 3579 2506 3617 vero
2562 3564 2742 3618 lumen
2789 3563 2961 3617 nobis.
3024 3564 3174 3617 Bene
3229 3579 3366 3634 ergo
3419 3563 3593 3618 David
3633 3563 3836 3618 volens

330 3650 725 3723 permanando
778 3649 839 3701 in
891 3647 1204 3702 Jerusalem
1264 3664 1378 3700 non
1433 3647 1666 3718 periret,
1727 3650 1823 3704 sed
1892 3651 2028 3721 quia
2134 3653 2362 3724 placare
2410 3651 2743 3717 Dominum,
2805 3652 2982 3706 altare
3025 3651 3263 3722 jubetur
3305 3652 3365 3706 in
3387 3668 3523 3706 area
3561 3655 3834 3718 Areunm,

333 3745 682 3812 praeceptum
721 3737 871 3808 regis
915 3736 1276 3806 contempsit,
1332 3737 1568 3791 Bauaias
1623 3738 1682 3790 in
1736 3738 1917 3809 virga,
1969 3739 2027 3794 id
2135 3743 2222 3797 vel
2244 3742 2408 3797 Ornaa
2447 3741 2820 3807 constituere,
2869 3741 3005 3812 quia
3046 3741 3212 3795 aliter
3257 3757 3369 3795 non
3396 3741 3658 3812 placatur
3685 3742 3838 3796 Deus

333 3833 420 3882 est
474 3827 534 3880 in
591 3823 930 3879 rectitudine
969 3823 1207 3894 justitite
1265 3823 1333 3877 ad
1392 3839 1526 3876 eum
1578 3823 1911 3893 descendit,
1972 3830 2029 3879 et
2137 3829 2207 3883 ab
2235 3829 2490 3895 homine,
2531 3829 2642 3883 nisi
2667 3830 2730 3883 in
2761 3845 2891 3884 area
2923 3829 3112 3884 cordis
3136 3845 3239 3899 per
3267 3831 3463 3884 lumen
3497 3836 3666 3885 rectae
3700 3830 3838 3885 ﬁdei

331 3916 574 3980 hastam,
611 3929 784 3985 quam
813 3929 930 3966 non
962 3917 1110 3966 recte
1140 3911 1389 3978 tenebat,
1417 3912 1674 3967 extorsit.
2137 3921 2194 3970 et
2235 3931 2383 3970 verte
2429 3916 2752 3971 dilectionis
2804 3918 3110 3972 constituat
3156 3919 3331 3972 altare
3372 3918 3718 3972 humilitatis
3779 3918 3838 3971 in

402 4006 560 4059 Vnus.
594 4006 685 4059 23.
721 4033 788 4043 —
833 4003 937 4069 Qui
981 4006 1160 4056 erant.
1221 4001 1516 4056 Neminem
1561 4009 1820 4057 moverat
1874 4003 2028 4074 quod
2137 4021 2252 4075 quo
2289 4000 2491 4058 offerat
2534 4006 2876 4061 sacriﬁcium
2924 4006 3230 4061 oblationis
3276 4013 3334 4061 et
3379 4006 3586 4073 laudis,
3631 4007 3835 4061 unde:

331 4095 390 4148 in
421 4109 646 4148 summa
679 4108 792 4146 non
818 4090 1072 4160 triginta,
1105 4090 1202 4144 sed
1230 4095 1447 4160 septem
1482 4095 1538 4144 et
1569 4091 1803 4162 triginta
1828 4093 2028 4163 legun-
2137 4091 2482 4163 Sacriﬁcium
2529 4094 2709 4148 laudis
2760 4095 3134 4162 honoriﬁcabit
3185 4111 3284 4162 me,
3316 4095 3624 4166 etc.,(Psal.
3658 4095 3836 4166 χιιι).

330 4187 443 4237 tur.
493 4181 751 4252 Triginta
802 4181 956 4234 enim
987 4184 1043 4233 et
1085 4183 1300 4248 septem
1354 4181 1621 4267 leguntur
1657 4180 1766 4233 hoc
1815 4181 2013 4238 modo.
2054 4213 2098 4267 ι)
2136 4182 2473 4250 Sacriﬁcium
2501 4185 2607 4236 Deo
2651 4185 2880 4253 spiritus
2928 4184 3344 4252 contribulatus,
3392 4190 3499 4238 etc.
3545 4185 3710 4251 (Ibid.
3761 4183 3835 4255 ι).

336 4272 565 4342 Septem
594 4269 828 4332 scilicet,
874 4268 1042 4322 fortes
1074 4267 1134 4321 hi
1176 4283 1190 4321 :
1235 4266 1429 4334 David,
1473 4267 1574 4336 qui
1605 4267 1814 4322 dicitur
1849 4269 2028 4324 Adeo-
2059 4266 2064 4267 γ
2135 4275 2282 4327 Area
2312 4276 2556 4324 Areunaa
2585 4273 2670 4325 vel
2695 4271 2883 4338 Ornze,
2917 4271 3040 4342 ipsa
3068 4277 3152 4326 est
3177 4273 3512 4327 Jerusalem.

333 4361 518 4425 datus,
555 4358 764 4422 Abisai,
810 4355 1110 4422 Sobochai,
1143 4356 1449 4422 Jonathan,
1484 4357 1732 4423 Eleazar,
1764 4357 2028 4413 Semmaa
2209 4359 2366 4414 Vens.
2400 4362 2488 4413 25.
2519 4389 2591 4400 —-
2619 4360 2699 4414 Et
2717 4361 2912 4415 obtulit
2937 4361 3266 4415 holocausta.
3293 4363 3432 4416 Hinc
3459 4363 3518 4415 in
3540 4361 3842 4431 Paralipo-

333 4448 487 4503 ﬁlius
509 4451 666 4518 Agge
715 4446 785 4500 de
823 4444 1006 4512 Arari,
1037 4448 1091 4498 et
1139 4443 1396 4509 Bauaias,
1447 4459 1572 4497 ecce
1617 4449 1855 4514 septem.
1903 4446 2025 4500 Tri-
2137 4445 2319 4502 menis
2343 4447 2774 4502 tabernaculum
2803 4449 2956 4520 quod
2980 4449 3424 4520 feceratMoyses
3445 4450 3506 4504 in
3527 4449 3761 4504 deserto
3785 4454 3843 4504 et

333 4538 493 4609 ginta
522 4542 714 4590 autem
749 4535 808 4589 hi
843 4539 973 4588 sunt
1000 4534 1185 4600 Asael,
1217 4533 1487 4586 Eleanam
1515 4538 1572 4588 et
1600 4533 1811 4588 caeteri.
2137 4536 2312 4589 altare
2342 4537 2806 4590 holocaustornm
2833 4554 2900 4590 ea
2913 4541 3247 4606 tempestate
3269 4538 3470 4592 eratin
3493 4539 3717 4592 excelso
3737 4539 3842 4594 Ga-

406 4628 566 4680 Vsns.
600 4627 687 4680 39.
732 4654 800 4663 —
853 4625 1030 4677 Urius.
1086 4623 1184 4676 Hic
1229 4622 1464 4676 ultimus
1516 4622 1750 4692 ponitur
1805 4638 1910 4694 pro
1958 4640 2026 4677 eo
2134 4624 2304 4690 baon,
2329 4629 2522 4678 etnon
2543 4625 2842 4696 praevaluit
2864 4625 3038 4680 David
3061 4626 3143 4680 ire
3165 4625 3234 4680 ad
3259 4627 3456 4687 altare,
3490 4632 3554 4680 ut
3575 4627 3844 4682 obsecra-

333 4714 485 4784 quod
517 4712 778 4784 sequitur
819 4729 835 4764 :
891 4713 960 4766 Et
1004 4709 1228 4764 addidit
1256 4713 1415 4776 furor
1455 4713 1691 4776 Domini,
1747 4716 1851 4766 etc.
1903 4713 2027 4767 Jam
2135 4719 2225 4767 ret
2253 4713 2579 4767 Dominum.
2608 4713 2797 4768 Nimio
2829 4714 2983 4767 enim
3015 4714 3218 4768 timore
3257 4714 3444 4770 fuerat
3467 4717 3835 4786 perterritus,

335 4804 491 4857 enim
532 4802 668 4856 ultio
692 4802 839 4855 facta
864 4799 1051 4854 fuerat
1079 4800 1138 4852 in
1168 4799 1341 4852 David
1383 4803 1439 4853 et
1465 4799 1525 4852 in
1565 4799 1737 4853 domo
1764 4800 1905 4870 ejus,
1933 4802 2029 4856 sed
2137 4801 2334 4855 videns
2365 4801 2620 4871 gladium
2650 4802 2842 4872 angeli
2878 4802 3127 4856 Domini.
3167 4803 3432 4874 Dixitque
3467 4803 3640 4858 David
3671 4821 3684 4858 :
3711 4806 3838 4859 Hac

336 4908 453 4947 non
483 4891 542 4946 in
572 4892 786 4962 populo
809 4889 906 4960 qui
936 4890 1023 4942 vel
1043 4904 1157 4942 non
1180 4887 1390 4941 restitit
1412 4887 1588 4943 David
1608 4889 1696 4942 vel
1718 4889 2027 4944 consensit.
2137 4896 2214 4945 est
2243 4890 2430 4944 domus
2461 4893 2577 4957 Dei,
2606 4895 2716 4945 etc.
2774 4892 2837 4945 In
2876 4891 2985 4944 hoc
3022 4892 3144 4945 loco
3196 4892 3510 4946 secundum
3561 4893 3840 4948 Hebrasos

966 4977 1190 5032 CAPUT
1229 4977 1404 5031 XXIV.
2136 4979 2316 5033 voluit
2345 4979 2628 5034 Abraham
2663 4980 2866 5034 olferre
2899 4980 3081 5033 ﬁlium
3131 4997 3261 5034 cum
3290 4980 3439 5035 aries
3481 4981 3675 5035 subito
3726 4997 3841 5052 ap-

408 5068 617 5138 (Gnee.,
649 5067 750 5123 lib.
801 5083 904 5120 xxv
936 5066 1154 5133 Moral.,
1188 5081 1311 5136 cap.
1365 5064 1485 5136 14.)
1519 5066 1626 5120 Pro
1661 5066 2029 5138 qualitatibus
2137 5067 2331 5138 paruit
2362 5083 2376 5122 :
2403 5084 2577 5139 quem
2603 5085 2898 5124 assumens
2928 5067 3138 5124 obtulit
3164 5085 3268 5140 pro
3297 5069 3437 5124 ﬁlio.
