3998 6178
192 273 277 324 581
1266 269 1524 325 GLOSSA
1560 268 1964 327 ORDINARIA.
2012 298 2073 312 -—
2116 273 2248 328 LIB.
2292 274 2369 328 ΙῙῐ
2412 272 2572 333 REG.

3573 297 3677 349 582

1715 447 3649 483 Ἢ

1217 540 1561 625 LIBER
1652 541 2057 628 BEGUM
2150 546 2655 643 TERTIUS.

1549 699 1937 766 Secundum
1986 703 2306 770 Hebraeos

1456 841 1801 908 PRIMUS
1878 843 2401 914 MALACHIM.

738 1062 961 1117 CAPUT
1000 1062 1291 1117 PRIMUM.

249 1191 415 1243 Vens.
455 1192 502 1242 1.
533 1217 603 1227 -
635 1189 704 1241 Et
732 1202 830 1240 rem
851 1187 1039 1240 David
1067 1191 1341 1241 senuerat.
1373 1188 1666 1256 (HIERON.,
1697 1190 1860 1258 epist,

183 1278 249 1332 ad
277 1280 658 1345 Nepotianum,
708 1282 845 1329 tom.
876 1276 946 1345 Ι.)
988 1276 1187 1329 Nonne
1237 1274 1342 1330 tibi
1383 1275 1604 1331 videtur
1633 1277 1681 1330 si
1716 1278 1861 1331 occi-

183 1368 403 1421 dentem
452 1365 708 1436 sequaris
736 1366 1002 1429 litteram,
1038 1364 1379 1432 ﬁgmentum
1422 1382 1541 1419 esse
1588 1367 1675 1419 vel
1720 1367 1862 1420 atel-

184 1456 432 1508 lanarum
507 1454 757 1507 ludicra?
818 1453 1077 1523 Frigidus
1109 1470 1274 1507 senex
1326 1455 1648 1508 obvolvitur
1688 1455 1861 1509 vesti—

183 1545 393 1597 mentis.
424 1550 483 1596 et
509 1542 619 1595 nisi
650 1544 946 1611 complexu
984 1543 1417 1596 adolescentulus
1449 1560 1565 1597 non
1607 1545 1857 1613 tepescit.

186 1632 404 1685 Vivebat
452 1632 642 1684 adhuc
695 1632 1023 1697 Bethsabee,
1065 1638 1196 1697 etc.,
1269 1647 1437 1701 usque
1482 1634 1556 1685 ad
1607 1638 1663 1685 et
1708 1633 1863 1687 Raab

186 1720 437 1774 meretrix
467 1719 527 1772 in
558 1725 691 1790 typo
729 1720 985 1773 Ecclesiae
1017 1720 1313 1773 reticulam
1355 1720 1687 1791 mysterium
1731 1738 1861 1775 san-

185 1808 359 1879 guinis
389 1808 804 1873 continentem,
833 1808 893 1860 in
916 1808 1140 1861 Jericho
1171 1815 1444 1877 pereunte
1475 1809 1711 1862 domum
1738 1810 1862 1879 ejus

186 1900 504 1961 salvaretur,
529 1897 823 1966 appendit,
858 1896 1009 1949 unde
1040 1896 1109 1949 de
1132 1896 1339 1949 sanctis
1363 1896 1571 1951 dicitur
1605 1915 1617 1951 :
1647 1900 1719 1951 Hi
1737 1902 1864 1951 sunt

186 1989 271 2056 qui
296 1992 555 2039 venerunt
583 1985 649 2038 de
686 1984 865 2038 calore
902 1985 1089 2039 domus
1128 1986 1339 2039 Rechab
1372 1986 1425 2054 (Ι
1468 1988 1596 2041 Par.
1659 1988 1736 2054 ιι).
1802 1988 1865 2040 Et

185 2075 306 2129 alibi
332 2091 346 2129 :
373 2076 565 2142 Ignem
592 2076 712 2127 veni
734 2075 944 2127 mittere
967 2076 1025 2126 in
1046 2078 1245 2128 terram
1267 2076 1417 2144 (Luc.
1450 2076 1575 2144 xu),
1598 2082 1731 2143 etc.,
1763 2075 1863 2146 qui

185 2164 382 2217 scilicet
409 2165 469 2216 in
503 2161 917 2233 discipulorum
949 2162 1118 2215 corde
1150 2178 1452 2217 succensus
1500 2164 1740 2233 cogebat
1770 2180 1864 2217 eos

187 2254 356 2306 dicere
390 2266 402 2305 :
452 2253 642 2307 Nonne
670 2266 754 2304 cor
795 2256 1039 2305 nostrum
1078 2251 1275 2305 ardens
1314 2257 1431 2305 erat
1457 2252 1638 2320 (Ibid,
1681 2252 1866 2320 xxxv)?

248 2346 475 2412 Cumque
506 2344 826 2410 operiretur,
870 2348 976 2395 etc.
1035 2342 1207 2395 David
1237 2342 1485 2395 nimium
1515 2341 1697 2413 frigus
1730 2358 1859 2411 per-

187 2434 321 2499 tulit,
356 2433 441 2484 vel
492 2430 633 2501 quia
681 2430 749 2484 de
808 2431 1127 2485 senioribus
1160 2436 1325 2484 natus
1378 2437 1462 2485 est
1504 2432 1860 2501 parentibus,

182 2521 255 2575 vel
288 2521 419 2590 quia
461 2520 712 2573 multum
746 2520 800 2571 in
857 2520 1052 2589 praelio
1102 2520 1440 2590 sanguinem
1495 2520 1740 2589 fuderat,
1773 2520 1861 2573 vel

177 2610 347 2679 potius
378 2625 446 2662 ex
472 2624 591 2679 quo
620 2608 893 2677 angelum
915 2608 1225 2662 caedentem
1255 2611 1536 2679 populum
1571 2612 1730 2681 vidit,
1764 2632 1864 2686 pa-

180 2713 293 2751 vore
344 2696 671 2751 vehementi
735 2697 1046 2764 contabuit,
1098 2698 1252 2752 unde
1300 2699 1357 2751 in
1392 2699 1859 2759 incommoditate

180 2786 387 2855 frigoris
418 2786 493 2840 ad
526 2790 770 2838 mortem
801 2786 1135 2855 permansit.

240 2876 396 2928 Vens.
436 2878 488 2928 5.
538 2904 606 2913 —
636 2874 887 2927 Adonias
918 2880 1113 2927 autem.
1140 2874 1436 2930 Judaicum
1468 2881 1745 2949 populum
1778 2884 1858 2937 si-

181 2964 411 3032 gniﬁcat,
453 2963 557 3033 qui
587 2963 771 3032 major
796 2962 948 3015 ﬁlius
976 2978 1097 3016 esse
1138 2964 1381 3031 videtur,
1418 2967 1555 3036 quia
1584 2969 1746 3037 prior
1778 2972 1856 3025 le-

178 3069 289 3122 gem
321 3052 593 3121 suscepit,
628 3059 683 3104 et
713 3051 985 3120 gentilem
1011 3053 1309 3122 populum,
1334 3053 1434 3123 qui
1465 3071 1569 3124 per
1608 3060 1853 3126 gratiam

182 3141 267 3194 Dei
293 3142 575 3211 posterior
620 3144 848 3193 vocatus
879 3144 981 3205 est,
1040 3156 1333 3209 spernens,
1377 3158 1435 3194 se
1484 3145 1668 3197 solum
1724 3162 1856 3200 cum

181 3230 403 3284 Domino
460 3245 707 3299 regnare
760 3230 999 3298 putavit.
1035 3230 1283 3282 Adonias
1314 3230 1468 3284 enim
1541 3232 1857 3290 dominator

180 3317 407 3372 dominus
458 3318 898 3387 interpretatur.
958 3317 1068 3371 Sed
1127 3318 1379 3373 Ecclesiae
1429 3322 1679 3390 populus
1727 3340 1856 3378 cum

178 3422 295 3459 vero
322 3408 647 3473 Salomone,
673 3406 728 3459 id
760 3411 843 3458 est
871 3406 1107 3475 paciﬁco
1136 3412 1351 3472 nostro,
1384 3409 1549 3478 cujus
1581 3411 1701 3480 ipse
1731 3428 1852 3465 cor-

180 3510 272 3563 pus
295 3501 392 3557 est,
418 3511 524 3565 per
552 3494 803 3547 divinam
836 3493 1256 3548 ordinationem
1316 3497 1373 3548 in
1422 3512 1663 3563 regnum
1720 3501 1855 3553 sub-

182 3583 437 3649 stituitur,
462 3584 536 3637 de
565 3599 677 3653 quo
710 3582 911 3635 merito
940 3582 1195 3650 perﬁdiae
1249 3585 1431 3654 major
1460 3586 1632 3653 ﬁlius,
1665 3587 1724 3642 id
1773 3595 1856 3644 est

181 3673 325 3740 prior
344 3674 617 3744 populus,
647 3670 1058 3742 praecipitatur.

837 3778 1061 3832 CAPUT
1100 3778 1165 3832 II.

245 3885 392 3938 Vens.
452 3888 504 3938 ὅ.
578 3887 655 3937 Τιι
713 3901 936 3953 quoque.
996 3885 1169 3939 David
1243 3889 1513 3959 praecepit
1564 3889 1855 3947 Salomoni

184 3971 401 4042 dejnsta
420 3972 796 4027 retributione
828 3990 1026 4028 eorum
1085 3974 1182 4045 qui
1210 3976 1316 4030 sibi
1344 3978 1547 4034 solatio
1594 3980 1849 4051 fuerunt,

185 4061 253 4113 vel
287 4061 492 4132 injuste
522 4065 862 4128 nocuerunt,
898 4078 1039 4131 quos
1070 4062 1191 4132 ipse
1220 4064 1507 4134 patienter
1562 4068 1850 4124 toleravit.

183 4148 239 4201 Et
266 4151 564 4222 prophetia
595 4150 804 4203 indicat
833 4151 971 4221 quid
1002 4152 1137 4205 mali
1180 4152 1241 4206 in
1272 4153 1466 4209 futuro
1505 4155 1631 4211 ﬁeri
1680 4175 1855 4228 opor-

182 4240 283 4291 teat
309 4240 390 4293 vel
420 4239 580 4306 boni,
615 4239 764 4310 quod
800 4256 963 4293 verus
986 4239 1252 4295 Salomon
1283 4242 1564 4314 implebit.
1619 4247 1855 4303 Interim

184 4328 358 4381 tamen
384 4327 661 4398 patientia
692 4328 787 4381 Dei
832 4344 981 4400 saape
1034 4329 1213 4384 bonos
1254 4332 1540 4401 tribulari,
1585 4336 1857 4406 reprobos

184 4415 379 4470 deliciis
411 4417 497 4470 uti
524 4416 799 4471 concedit.

245 4505 391 4560 Vens.
426 4509 510 4559 19.
546 4535 612 4544 -
642 4506 796 4559 Venit
826 4520 948 4572 ergo
978 4506 1272 4562 Bethsabee
1299 4508 1374 4563 ad
1417 4526 1620 4580 regem.
1663 4515 1855 4585 (ΗΑΒ.)

183 4592 412 4647 Adonias
444 4593 752 4648 Betbsabee
803 4594 1231 4663 interveniente,
1267 4602 1378 4651 etc.
1400 4640 1413 4663 ,
1448 4616 1616 4669 usque
1644 4604 1719 4657 ad
1749 4620 1857 4659 nec

182 4678 257 4732 lex
313 4698 485 4752 quam
535 4682 719 4737 Judaei
748 4682 853 4737 sibi
918 4684 1253 4754 adjutricem
1304 4688 1452 4757 apud
1498 4691 1674 4746 Deum
1733 4710 1856 4748 esse

182 4768 493 4837 opinantur.

243 4857 395 4912 Vens.
431 4860 518 4913 36.
545 4888 610 4898 —
638 4860 709 4912 Et
744 4873 848 4912 non
877 4859 1183 4925 egredieris,
1220 4864 1329 4917 etc.
1366 4864 1629 4935 Praecipit
1688 4868 1854 4924 nobis

179 4957 327 4999 verus
378 4946 647 5001 Salomon
692 4947 1079 5001 habitantibus
1130 4948 1189 5001 in
1241 4952 1574 5022 Jerusalem,
1634 4972 1707 5011 ne
1750 4966 1924 5021 un-D
2033 4963 2193 5018 Vens.
2226 4967 2313 5020 21.
2344 4997 2412 5007 -

182 5048 336 5103 quam
370 5034 759 5106 egrediamur.
800 5034 961 5098 Quod
993 5036 1037 5089 si
1059 5035 1315 5106 fugerint
1366 5055 1470 5094 nos
1499 5042 1663 5097 nobis
1717 5050 1850 5100 ante

184 5122 423 5191 subjecti,
460 5140 575 5176 non
606 5122 734 5177 ideo
774 5123 1164 5193 egrediamur,
1214 5130 1273 5180 ut
1317 5144 1629 5199 sequamur
1662 5131 1853 5203 fugiti-

183 5222 363 5265 vorum
393 5211 650 5281 vestigia,
700 5227 769 5265 ne
798 5211 935 5266 dum
985 5214 1250 5268 volumus
1280 5217 1495 5272 salvare
1546 5219 1852 5292 fugientes,

182 5294 275 5365 ipsi
299 5314 616 5369 pereamus,
651 5299 788 5370 quin
818 5300 1007 5370 potius
1034 5304 1245 5357 mortui
1270 5306 1548 5375 sepeliant
1573 5314 1852 5381 mortuos,

186 5389 233 5436 et
250 5388 721 5443 scandalizantem
751 5391 1002 5459 oculum,
1026 5408 1280 5459 manum,
1302 5395 1528 5465 pedem,
1557 5397 1694 5454 dum
1719 5398 1856 5457 licet

185 5485 433 5531 eruamus
460 5482 516 5532 et
545 5477 941 5535 abscindamus
971 5498 1003 5536 a
1026 5480 1209 5537 nobis.

1888 1066 1937 1118 Δ

2646 1074 2871 1131 CAPUT
2914 1080 3005 1132 IIl.

2042 1171 2202 1225 Vens.
2232 1172 2284 1226 4.
2319 1175 2561 1230 —Abiit
2600 1181 2786 1248 itaque
2832 1184 3098 1241 Salomon.
3154 1188 3217 1241 In
3274 1190 3504 1248 Gabaon
3548 1203 3671 1253 erat

1972 1261 2256 1315 excelsum
2296 1264 2632 1332 maximum,
2692 1269 2789 1322 ubi
2842 1278 2964 1326 erat
3021 1275 3469 1347 tabernaculum,
3515 1288 3668 1355 quod

1970 1347 2104 1401 fecit
2135 1350 2330 1417 Moses,
2365 1357 2421 1405 et
2469 1354 2644 1408 altare
2674 1372 2918 1424 aaneum,
2962 1378 3133 1432 super
3188 1368 3342 1437 quod
3395 1347 3664 1430 Salomon

1972 1436 2215 1491 oﬁ'erens
2240 1439 2393 1493 mille
2426 1440 2641 1495 hostias
2671 1445 2929 1501 divinum
2959 1453 3167 1507 meruit
3201 1436 3520 1515 oraculum.

2043 1526 2198 1578 Vens.
2228 1529 2309 1580 14.
2343 1560 2410 1566 -
2437 1530 2502 1582 Si
2529 1538 2706 1586 autem
2736 1536 3097 1593 ambulaveris
3132 1544 3191 1595 in
3238 1548 3342 1600 viis
3371 1553 3524 1619 meis,
3555 1558 3660 1607 etc.

1969 1612 2197 1683 Absque
2227 1616 2616 1673 observatione
2651 1623 3047 1681 mandatorum
3077 1630 3191 1698 Dei,
3224 1634 3463 1705 adipisci
3492 1612 3662 1697 nemo

1969 1706 2159 1771 potest
2192 1704 2390 1775 longos
2408 1706 2547 1773 dies,
2583 1708 2638 1761 id
2672 1715 2755 1763 est
2781 1712 3213 1775 beatitudinem.

2044 1790 2255 1883 (Casa,
2292 1793 2389 1883 lib.
2449 1811 2541 1848 vin
2593 1799 2811 1865 Morat,
2874 1818 2995 1873 cap.
3058 1808 3167 1876 17.)
3224 1810 3529 1883 Postquam
3563 1819 3667 1873 Do-

1972 1878 2162 1932 minus
2203 1881 2410 1934 erroris
2440 1886 2620 1937 nostri
2653 1887 2917 1942 tenebras
2975 1894 3097 1946 lace
3151 1912 3269 1951 suae
3317 1878 3663 1972 cognitionis

1971 1964 2240 2065 illustrat,
2271 1973 2399 2065 etc.,
2422 1986 2591 2065 uSque
2610 1975 2683 2028 ad
2712 1982 2775 2029 ut
2806 1979 2876 2031 ad
2932 1982 3231 2049 promissa:
3282 1964 3668 2065 incdrruptio—

1974 2055 2063 2108 nis
2090 2057 2467 2111 substantiam
2498 2062 2894 2120 reformemur.

2041 2143 2255 2213 (HM-28.,
2289 2148 2453 2214 epist.
2496 2151 2614 2213 131,
2652 2156 2789 2204 tom.
2833 2154 2909 2212 Ι.)
2937 2157 3177 2219 Quidam
3236 2168 3535 2224 autumant
3567 2189 3665 2228 su-

1972 2246 2077 2301 per
2105 2232 2464 2327 Synagogam
2495 2240 2551 2289 et
2597 2238 2899 2327 Ecclesiam
2949 2243 3057 2297 hoc
3106 2264 3225 2302 esse
3283 2255 3665 2327 sentiendum,

1891 2340 1934 2396 Β
1973 2324 2104 2385 etc.,
2130 2335 2298 2389 usque
2327 2322 2401 2375 ad
2432 2325 2745 2381 notandum
2776 2345 3003 2401 quoque
3034 2334 3172 2404 quid
3221 2339 3372 2396 dicat
3418 2322 3664 2404 Ecclesia

1970 2414 2165 2461 contra
2203 2409 2583 2482 Synagogam.

2040 2497 2198 2549 Vens.
2234 2500 2318 2551 17.
2352 2529 2421 2537 -
2448 2500 2572 2568 Ego
2603 2506 2651 2556 et
2670 2506 2889 2561 mulier.
2930 2507 3074 2572 Quia
3104 2518 3233 2581 post
3286 2526 3664 2580 resurrectio-

1970 2599 2100 2683 nem
2137 2583 2443 2683 §alvatoris
2507 2605 2621 2642 una
2647 2590 3000 2683 dentquue
3058 2603 3269 2669 populo
3323 2621 3665 2683 congregata

1968 2677 2077 2761 est.
2138 2672 2440 2743 Eleganter
2500 2692 2632 2729 vero
2682 2680 2979 2750 adjunxit:
3011 2688 3199 2755 Peperi
3257 2696 3409 2761 apud
3445 2672 3577 2756 eam
3608 2707 3665 2759 in

1967 2758 2226 2847 cubiculo.
2260 2762 2501 2816 Ecclesia
2529 2764 2681 2819 enim
2715 2768 2783 2820 de
2814 2772 3099 2841 gentibus,
3136 2793 3263 2847 quas
3290 2758 3431 2839 _non
3482 2788 3664 2844 babe-

1966 2844 2065 2897 bat
2104 2846 2286 2915 legem
2312 2854 2367 2901 et
2396 2852 2724 2946 prop-betas,
2749 2857 2984 2946 peperit
3022 2858 3082 2912 in
3114 2844 3287 2920 demo
3335 2886 3661 2946 synagogae,

1967 2948 2070 2985 nec
2122 2950 2349 3004 egressa
2406 2939 2589 2991 estde
2631 2941 2914 3011 cubiculo,
2975 2949 3069 3001 sed
3130 2950 3404 3022 ingressa.
3458 2939 3663 3020 [iudet

1968 3022 2286 3118 introduxit
2306 3040 2387 3077 me
2411 3041 2510 3118 rem
2539 3030 2597 3118 in
2651 3030 2952 3087 cubiculum
3003 3051 3159 3092 suum
3207 3022 3380 3111 (Cant.
3426 3050 3507 3118 ιι).
3542 3054 3614 3107 Et
3648 3072 3661 3109 :

1966 3109 2322 3165 Introducam
2354 3118 2402 3166 te
2444 3117 2502 3168 in
2533 3116 2747 3171 domum
2792 3126 2986 3177 matris
3018 3140 3164 3197 meae,
3192 3109 3242 3184 et
3270 3134 3328 3187 in
3358 3109 3662 3198 cubiculum

1963 3199 2101 3267 ejus,
2136 3216 2254 3268 quae
2274 3205 2515 3271 concepit
2544 3220 2624 3257 me
2653 3206 2846 3276 (Ibid.,
2880 3217 2978 3279 In).

2034 3288 2217 3359 (ΗΑΒ.)
2249 3289 2305 3343 Si
2358 3291 2677 3347 consideres
2733 3297 2978 3354 Pilatum
3036 3304 3319 3363 lavantem
3368 3329 3571 3371 manus
3603 3325 3663 3374 et

1967 3375 2295 3475 dicentem:
2354 3382 2589 3437 Mundus
2642 3399 2735 3451 ego
2789 3402 2971 3442 suma
3022 3399 3286 3462 sanguine
3330 3401 3475 3469 justi
3499 3406 3669 3475 hujus

1967 3465 2196 3552 (Matth.
2252 3468 2420 3537 xxvu)
2451 3485 2464 3522 :
2500 3474 2556 3522 et
2610 3475 3005 3533 centurionem
3057 3465 3468 3546 conﬁtentem:
3533 3465 3665 3552 V-ere

1967 3550 2051 3647 hic
2081 3557 2198 3606 erat
2227 3555 2754 3653 FiliusﬁDei-(Marc.
2814 3565 2926 3635 xv),
2986 3574 3042 3622 et
3072 3586 3189 3639 eos,
3244 3578 3343 3646 qui
3374 3586 3503 3636 ante
3530 3550 3664 3653 pas-

1999 3637 2010 3647 ο
2557 3621 2566 3626 ἡ
2888 3621 2924 3635 Ι,
3031 3621 3036 3622 7
3080 3621 3094 3622 γ
3116 3621 3189 3639 -Ἶγ
3289 3621 3343 3630 ἦ--
3374 3621 3503 3636 ..μιν
3575 3621 3656 3639 αῦ-

1888 3621 1929 3677 C
1967 3654 2184 3693 Slonem
2242 3658 2347 3711 per
2396 3646 2726 3717 Philippum
2760 3652 3065 3710 Dominum
3097 3621 3284 3716 vider;
3307 3621 3656 3741 desiderznt,

1965 3740 2078 3829 non
2110 3728 2351 3798 ambigis
2388 3733 2642 3800 primum
2693 3742 2978 3807 peperisse
3037 3745 3340 3806 Eeclesiam
3378 3771 3390 3820 ;
3431 3762 3485 3811 et
3516 3728 3662 3829 post,

1963 3818 2162 3916 natum
2194 3819 2481 3916 populum
2513 3823 2861 3916 Iudaeorum,
2895 3846 2999 3899 pro
3061 3849 3176 3903 quo
3236 3818 3665 3916 Dominus.pre;

1964 3902 2196 3955 cabatur
2224 3921 2237 3958 :
2270 3908 2431 3959 Pater
2460 3911 2670 3976 ignosce
2695 3915 2829 3981 illis,
2890 3923 3018 3979 etc.,
3052 3902 3109 3974 et
3154 3926 3519 3987 crediderunt
3535 3902 3663 3989 ‘una

1964 3990 2055 4044 die
2093 3992 2201 4045 tria
2230 3994 2407 4047 millia
2436 4000 2491 4049 et
2518 3999 2628 4051 alia
2664 4002 2917 4073 quinque
2948 4007 3150 4065 millia.

2031 4079 2241 4179 (Gaza?
2274 4083 2608 4179 Per-matres
2656 4088 2927 4147 lactantes
2986 4097 3125 4152 ordo
3186 4100 3501 4176 doctorum,
3528 4115 3657 4179 etc.,

1964 4168 2236 4269 usque‘ad.
2298 4169 2407 4239 ipsi
2457 4171 2711 4243 integros
2765 4183 2822 4231 et
2845 4180 3093 4238 viventes
3141 4188 3290 4244 ﬁlios
3354 4168 3658 4269 recipiunt,

1966 4256 2192 4353 quando
2222 4257 2280 4311 in
2311 4274 2580 4328 supremo
2596 4263 2815 4333 judicio
2848 4284 2914 4324 ex
2940 4287 3142 4329 eorum
3185 4277 3302 4334 vita
3350 4256 3661 4353 perfectam

1965 4343 2397 4400 retributionem
2438 4359 2840 4422 assequuntur.

2038 4433 2195 4533 Yens.
2227 4437 2401 4533 l‘9.—
2455 4441 2718 4533 Mortuus.
2783 4447 2968 4518 (ΗΑΒ.)
3027 4453 3173 4509 Dum
3222 4457 3375 4513 enim
3404 4461 3544 4533 legis
3576 4481 3664 4520 se-

1966 4518 2162 4622 quitur
2206 4521 2623 4622 observantiam
2669 4537 2726 4585 et
2782 4538 3027 4605 gratiam
3084 4544 3374 4617 Evangelii
3431 4518 3662 4622 copulat

1964 4608 2100 4678 legi,
2141 4610 2509 4667 tenebrarum
2544 4633 2735 4672 errore
2764 4631 3031 4693 cooperta
3065 4635 3165 4684 est.

2039 4698 2192 4752 Vens.
2227 4702 2314 4753 20.
2346 4731 2414 4741 -—
2449 4705 2594 4759 Tulit
2637 4709 2829 4775 ﬁlium.
2890 4713 3111 4785 Vivum,
3163 4720 3407 4779 scilicet:
3452 4744 3566 4783 non
3598 4735 3662 4786 ut

1965 4786 2298 4857 possideret,
2332 4792 2427 4845 sed
2457 4798 2518 4845 ut
2545 4796 2842 4853 occideret.
2886 4802 3011 4857 Non
3060 4808 3214 4863 enim
3259 4810 3394 4868 fecit
3421 4816 3527 4871 hoc
3556 4820 3660 4876 ﬁlii

1965 4889 2182 4939 amore,
2217 4876 2315 4931 sed
2346 4878 2477 4933 odio
2508 4885 2750 4940 aemulas.

2673 4973 2991 5067 diligentius
3046 4982 3280 5051 intuens,
3335 4993 3438 5046 etc.
3467 4995 3656 5067 (ΗΑΒ.)

1964 5048 2219 5121 Longum
2252 5059 2334 5108 est
2364 5057 2661 5112 ostendere
2685 5065 2969 5130 quomodo
2997 5083 3101 5136 per
3148 5048 3387 5130 Paulum
3430 5048 3485 5134 et
3513 5048 3657 5139 alios

1963 5142 2366 5198 ecclesiasticos
2428 5146 2774 5205 intellexerit
2843 5155 3084 5212 Ecclesia
3134 5176 3251 5217 non
3308 5183 3427 5222 esse
3475 5171 3659 5229 ﬁlium

1963 5248 2153 5298 suum,
2185 5232 2285 5304 qui
2332 5234 2638 5291 timebatur
2686 5239 2747 5293 in
2813 5229 2959 5313 lege,
3017 5253 3075 5302 et
3130 5250 3190 5305 in
3231 5254 3355 5310 luce
3392 5264 3662 5332 cognovit

1963 5335 2135 5391 quem
2186 5321 2246 5375 in
2303 5324 2551 5379 tenebris
2581 5343 2699 5381 non
2730 5329 2971 5389 videbat.
3019 5338 3154 5394 Duae
3196 5321 3495 5416 mulieres:
3516 5368 3658 5422 qua-

1960 5423 2091 5463 rum
2125 5425 2237 5463 una
2267 5410 2573 5468 dilectione
2602 5416 2857 5482 ardebat,
2889 5420 2949 5476 in
2979 5425 3157 5482 altera
3203 5410 3493 5491 simulatio
3521 5410 3657 5495 sub-

1960 5497 2212 5568 repebat,
2260 5499 2564 5557 Ecclesiam
2587 5501 2890 5580 ﬁgurans,
2915 5515 2972 5566 et
3001 5513 3360 5592 Synagogam
3392 5523 3510 5580 sive
3540 5526 3653 5583 hae-
