4062 6180
351 258 454 310 583

1009 243 1410 301 WALAFRIDI
1445 243 1688 298 STRABI
1722 242 1929 298 FULD.
1954 239 2122 298 non.
2147 238 2298 296 ore.
2333 238 2509 295 rans
2538 239 2579 293 ι.
2620 267 2688 277 -
2718 235 3181 294 THEOLOGICA.
3495 205 3498 208 ’
3733 246 3823 299 584

348 377 579 432 reticam
604 369 963 444 pravitatem,
1005 382 1249 438 quarum
1277 371 1519 436 utraque
1543 368 1599 418 et
1629 378 1761 418 suos
1785 361 2051 435 nequiter
2079 361 2127 418 A
2165 360 2603 432 manifestatque
2625 364 2996 422 sacramenta,
3031 375 3162 432 qua
3187 360 3422 415 fuerunt
3463 361 3775 417 abscondita
3801 382 3829 418 a

351 461 654 520 nutriendo
685 457 981 519 interimit,
1017 460 1072 507 et
1101 453 1318 507 alienos
1349 467 1651 522 quousque
1682 450 1882 521 perdat
1917 449 2048 504 alli-

350 552 553 608 ciendo
579 547 897 621 persuadet.
940 545 1093 598 Inter
1120 542 1260 596 duas
1287 541 1550 594 mulieres
1585 539 1880 606 Dominus,
1911 539 2048 592 dum

348 642 407 696 id
434 640 581 712 quod
604 640 820 708 justum
849 638 931 686 est
959 631 1159 701 spiritu
1190 629 1306 683 oris
1323 630 1410 681 sui
1443 627 1681 690 dirimit,
1739 627 2048 697 unicuique

349 729 498 803 quod
530 722 769 782 debetur
795 720 1059 775 restituit.

419 817 576 868 Vens.
610 811 698 864 2i.
723 837 791 849 —
829 807 988 858 Dixit
1016 819 1158 869 ergo.
1197 802 1380 872 (ΗΑΒ.)
1429 801 1717 856 Simulans
1771 800 2046 870 ignoran-

348 904 486 958 tiam
512 902 792 955 humanos
816 910 918 964 pro
939 891 1360 962 dispensatione
1403 890 1588 943 carnis
1646 888 1881 943 metitur
1909 887 2045 941 affe-

348 996 490 1056 ctus,
522 986 666 1040 sicut
712 987 770 1036 et
825 980 903 1034 ibi
937 997 949 1034 :
987 980 1087 1033 Ubi
1134 979 1370 1046 posuisti
1419 993 1538 1030 eum
1585 975 1776 1046 (Joan.
1807 974 1949 1044 xx)?
1980 974 2048 1028 Et

347 1077 482 1130 alibi
513 1093 529 1128 :
558 1074 780 1139 Quisme
806 1071 983 1136 tetigit
1010 1068 1161 1135 (Luc.
1192 1069 1311 1135 vm)
1343 1068 1371 1119 Ῥ

420 1167 580 1218 Vens.
637 1163 724 1215 25.
757 1187 830 1199 —
895 1156 1159 1210 Dividite.
1222 1157 1343 1225 (lo.)
1402 1154 1604 1207 Tentat
1655 1157 1920 1206 naturam
1947 1167 2048 1205 na-

345 1260 489 1310 tura
527 1249 818 1313 Dominus,
848 1250 903 1299 et
924 1245 1042 1298 vult
1063 1242 1375 1296 secundum
1424 1242 1726 1312 utriusque
1785 1241 2046 1295 volunta-

346 1349 481 1405 tem,
514 1340 798 1394 viventem
830 1335 1033 1394 ﬁlium,
1066 1333 1124 1385 in
1158 1333 1343 1401 legem
1374 1332 1736 1402 gratiamque
1771 1330 2040 1385 dividere:

349 1447 463 1486 non
494 1429 645 1500 quod
681 1426 902 1497 probet,
935 1423 1030 1475 sed
1075 1421 1143 1474 ad
1177 1420 1526 1488 urguendum
1563 1419 1879 1488 Synagoga
1947 1433 2044 1470 ca-

350 1518 628 1572 lumniam
659 1514 762 1566 hoc
793 1528 850 1563 se
873 1511 1015 1563 velle
1045 1507 1200 1560 dicit.

418 1608 577 1660 Vens.
641 1605 830 1655 26.-—
904 1599 1067 1650 Discit
1114 1601 1310 1649 autem.
1395 1595 1514 1664 llo.)
1589 1594 1851 1657 Ecclesia,
1915 1609 2056 1664 qua.

350 1697 452 1750 scit
485 1707 651 1746 suum
693 1704 836 1753 esse,
906 1686 1153 1739 libenter
1193 1683 1452 1736 concedit
1497 1683 1743 1748 amula,
1795 1687 1857 1734 ut
1898 1681 2045 1736 vivat

348 1784 547 1836 saltem
575 1777 726 1849 apud
758 1791 906 1840 eam,
939 1787 1012 1826 ne
1041 1773 1189 1825 inter
1218 1771 1402 1841 legem
1434 1769 1645 1824 divisus
1691 1775 1745 1822 et
1775 1768 2040 1839 gratiam,

349 1869 555 1926 Christi
606 1880 877 1921 mucrone
950 1861 1204 1925 feriatur,
1267 1860 1468 1912 unde:
1524 1861 1652 1912 Ecce
1705 1873 1798 1924 ego
1839 1859 2042 1912 Paulus

348 1959 468 2013 dico
485 1956 656 2020 vobis,
748 1953 882 2022 quia
941 1953 992 2004 si
1012 1951 1178 2015 legem
1218 1947 1538 2007 observatis,
1597 1946 1848 2001 Christus
1892 1947 2042 2000 vobis

347 2045 490 2100 nihil
531 2040 776 2112 proderit
805 2037 1015 2108 (Galat.
1047 2037 1126 2104 v).

1058 2177 1280 2233 CAPUT
1307 2176 1396 2230 IV.

419 2311 579 2364 Vens.
609 2310 698 2362 22.
733 2334 794 2345 —
825 2303 986 2360 Cibus
1019 2303 1336 2357 Salomonis.
1373 2300 1558 2368 \RAB.)
1600 2297 1850 2353 Refectio
1881 2296 2047 2352 Chri-

349 2400 442 2467 sti,
475 2399 574 2470 qui
601 2394 850 2468 pascitur
874 2395 1025 2445 recta
1054 2389 1164 2443 ﬁde
1195 2393 1252 2442 et
1280 2388 1550 2457 operibus
1580 2386 1765 2452 bonis,
1798 2401 1928 2456 qua
1958 2385 2043 2438 illi

348 2486 601 2562 quotidie
633 2483 954 2538 offeruntur
973 2478 1042 2531 ab
1071 2476 1315 2530 Ecclesia
1343 2475 1640 2528 catholica.

419 2579 576 2630 Vens.
611 2576 700 2628 23.
733 2601 801 2610 —
842 2569 1052 2635 Viginti
1081 2567 1252 2620 boves.
1283 2564 1413 2630 (10.)
1475 2563 1875 2616 Pradicatores
1905 2561 2044 2615 Novi

346 2661 716 2727 Testamenti,
747 2658 846 2730 qui
876 2655 1039 2727 quasi
1082 2653 1433 2723 geminatum
1507 2651 1850 2720 Decalogum
1898 2649 1958 2703 in
1984 2665 2044 2704 se

346 2755 577 2820 habent,
610 2765 738 2804 cum
789 2747 1009 2800 Novum
1051 2749 1109 2796 et
1169 2742 1332 2794 Vetus
1387 2741 1815 2793 Testamentum
1857 2753 2045 2809 aqua-

345 2843 474 2898 liter
510 2839 828 2911 pradicans
859 2831 1015 2903 pleni
1048 2829 1352 2884 dilectione
1387 2827 1485 2882 Dei
1515 2833 1572 2881 et
1606 2826 1878 2898 proximi.

2159 449 2380 503 saculis
2419 452 2475 503 et
2504 448 2989 519 generationibus,
3019 453 3080 502 ut
3121 450 3548 504 consideremus
3596 451 3823 505 beatitu-

2159 537 2354 590 dinem
2379 537 2734 605 angelorum,
2764 535 3068 590 utilitatem
3092 535 3416 604 hominum,
3454 538 3711 592 astutiam
3735 539 3832 593 da-

2157 639 2419 688 monum,
2468 629 2545 690 et,
2579 622 2950 695 reprobantes
2981 623 3137 695 quod
3165 625 3381 680 malum
3431 630 3536 695 est,
3569 632 3830 681 sectemur

2158 712 2308 783 quod
2331 712 2546 766 bonum
2578 717 2684 766 est.

2155 795 2160 800 ’
2841 800 3066 856 CAPUT
3106 801 3166 854 V.

2230 890 2388 943 Vens.
2438 890 2488 942 3.
2524 917 2589 928 -ο
2624 890 2692 942 Et
2715 890 2850 957 quia
2893 904 3000 944 non
3032 893 3276 959 potuerit
3305 890 3581 960 adiﬁcare
3611 873 3828 954 domum,

2116 1000 2118 1002 τ
2157 981 2262 1031 etc.
2313 977 2498 1044 (BEDA,
2548 981 2737 1044 quaest.
2780 979 2839 1030 in
2894 977 2989 1032 lib.
3024 979 3173 1047 Reg.)
3204 979 3418 1034 Domus
3460 994 3635 1051 quam
3688 979 3832 1035 Salo-

2157 1081 2292 1118 mon
2321 1064 2642 1132 adiﬁcavit,
2675 1064 2932 1119 Ecclesia
2986 1065 3172 1137 ﬁgura
3195 1067 3324 1134 fuit,
3366 1072 3497 1134 etc.,
3556 1082 3721 1136 usque
3771 1067 3836 1121 ad

2155 1153 2216 1206 in
2245 1153 2585 1224 quibusdam
2614 1159 2979 1208 remunerate
3007 1169 3137 1209 cum
3163 1155 3381 1226 angelis
3404 1155 3705 1211 hominum
3733 1171 3836 1210 cer-

2153 1240 2373 1294 tamina
2400 1240 2773 1295 demonstret.

2229 1329 2354 1396 (11).,
2390 1328 2497 1384 lib.
2535 1327 2600 1382 de
2629 1329 2823 1398 templo
2852 1328 3082 1390 Salom.,
3135 1345 3260 1400 cap.
3296 1332 3366 1400 l.)
3400 1332 3554 1386 Hanc
3611 1331 3828 1386 domum

2155 1416 2515 1486 spiritualem
2575 1416 2748 1470 etiam
2808 1418 3240 1473 tabernaculum
3299 1419 3360 1473 in
3415 1435 3607 1474 eremo
3637 1420 3831 1474 factum

2155 1505 2460 1574 signiﬁcat,
2493 1510 2624 1571 etc.,
2661 1520 2828 1574 usque
2871 1507 2945 1560 ad
2997 1511 3054 1561 et
3093 1508 3337 1561 salutem
3386 1508 3649 1563 omnium
3705 1523 3830 1578 gen-

2154 1592 2297 1646 tium
2331 1591 2391 1646 in
2425 1593 2647 1647 Christo
2678 1594 2873 1647 multis
2906 1595 3093 1649 modis
3125 1596 3388 1650 ostendat
3426 1600 3483 1650 et
3512 1595 3736 1667 figuret.

2226 1681 2384 1735 Vens.
2418 1684 2467 1735 6.
2510 1711 2579 1722 —
2633 1683 2866 1751 Pracipe
2890 1684 3064 1750 igitur
3092 1687 3153 1737 ut
3197 1684 3506 1755 pracidant
3537 1685 3694 1746 mihi,
3737 1688 3833 1737 etc.

2151 1771 2330 1841 (ΗΑΒ.)
2363 1769 2520 1823 Servi
2556 1769 2747 1824 [liram
2777 1771 3152 1840 pracidentes
3205 1773 3403 1827 cedros
3446 1771 3741 1827 Salomoni
3768 1771 3830 1824 de

2155 1859 2390 1925 Libano,
2423 1863 2553 1924 etc.,
2585 1873 2754 1928 usque
2781 1861 2856 1914 ad
2905 1861 3112 1915 melius
3143 1862 3450 1932 gentilium
3491 1878 3709 1916 errores
3737 1877 3834 1914 no-

2152 1951 2370 2014 verant,
2404 1952 2461 2001 et
2486 1947 2617 2002 ideo
2649 1947 3008 2002 artiﬁciosius
3035 1950 3459 2020 expugnabant.

2223 2038 2339 2091 Scis
2369 2038 2508 2090 enim
2545 2037 2806 2104 quomodo
2849 2051 2958 2090 non
2988 2041 3065 2091 est
3102 2040 3160 2090 in
3193 2037 3398 2106 populo
3441 2051 3554 2091 meo
3611 2039 3697 2090 vir
3753 2036 3842 2103 qui

2152 2126 2359 2179 noverit
2396 2125 2568 2191 ligna,
2619 2129 2724 2178 etc.
2780 2125 2972 2192 (Bene,
3015 2130 3075 2180 ut
3131 2125 3347 2195 supra.)
3399 2124 3713 2179 Dicendum
3761 2126 3839 2176 est

2152 2212 2311 2282 prius
2340 2212 2410 2266 de
2458 2212 2734 2282 operariis
2765 2213 2986 2284 templi,
3022 2214 3120 2284 qui
3151 2215 3236 2268 vel
3277 2214 3429 2268 unde
3486 2213 3737 2278 fuerunt,
3791 2214 3842 2264 et

2153 2301 2223 2356 de
2279 2302 2406 2372 ipsa
2449 2301 2704 2364 materia,
2763 2307 2894 2369 etc.,
2949 2319 3116 2371 usque
3161 2303 3251 2374 ad,
3281 2302 3554 2370 triticum,
3617 2301 3840 2363 scilicet,

2155 2388 2311 2443 verbi
2359 2390 2480 2456 Dei,
2541 2391 2731 2444 oleum
2804 2390 3115 2456 charitatis,
3169 2391 3456 2446 unctionis
3500 2395 3556 2446 et
3604 2389 3841 2461 Spiritus

2153 2479 2329 2532 sancti
2363 2478 2824 2533 illuminationis.

2225 2566 2369 2618 Vens
2440 2567 2524 2618 10.
2575 2594 2642 2604 -
2693 2566 2892 2635 Itaque
2938 2567 3133 2620 Hiram
3163 2565 3330 2620 dabat
3367 2566 3644 2622 Salomoni
3695 2567 3843 2632 ligna

2152 2653 2374 2708 cedrino
2421 2659 2471 2706 et
2524 2655 2674 2721 ligna
2715 2653 2967 2722 abiegna,
2994 2655 3160 2722 juncta
3214 2669 3439 2720 omnem,
3481 2659 3588 2708 etc.
3647 2655 3838 2724 Tyrus,

2152 2742 2304 2796 unde
2333 2757 2427 2796 rex
2470 2741 2687 2807 Hiram,
2741 2741 2931 2796 insula
2961 2748 3018 2796 et
3057 2742 3248 2797 dedita
3296 2743 3698 2814 negotiationi,
3747 2739 3842 2794 ubi

2153 2834 2317 2883 erant
2342 2829 2546 2900 optimi
2576 2828 2942 2884 fabricatores
2973 2829 3285 2900 lignorum,
3319 2831 3417 2902 qui
3450 2831 3664 2886 dabant
3691 2829 3844 2900 ligna

415 2933 667 2998 Excepta
720 2925 1018 2979 venatione.
1077 2917 1385 2972 Venatione
1428 2915 1782 2970 diversorum
1827 2914 2044 2969 anima-
2069 2959 2109 3015 Ο
2153 2918 2403 2988 pretiosa
2430 2916 2770 2988 accipientes
2799 2918 3034 2972 cibaria.
3077 2918 3284 2973 Vivunt
3312 2919 3466 2972 enim
3498 2935 3608 2973 non
3642 2933 3845 2990 agrum

341 3021 487 3075 lium
519 3020 650 3071 sunt
678 3013 777 3084 qui
807 3027 875 3066 ex
940 3008 1175 3063 diverSis
1214 3005 1479 3076 gentibus
1533 3005 1793 3075 quotidie
1825 3003 2039 3058 retibus
2072 3003 2108 3015 ’⁸
2146 3006 2402 3071 colendo,
2435 3005 2534 3060 sed
2572 3006 2940 3078 negotiando.
3002 3007 3088 3062 Ibi
3117 3012 3202 3062 est
3240 3023 3406 3062 mons
3456 3008 3726 3077 Libanus,
3764 3007 3833 3062 de

342 3103 635 3178 Evangelii
660 3117 764 3173 per
817 3098 1141 3170 spirituales
1187 3099 1484 3149 venatores
1543 3094 1868 3164 capiuntur,
1900 3092 2038 3147 etin

341 3201 569 3268 pastum
597 3189 901 3245 Salvatoris
929 3186 1286 3255 rediguntur.

411 3284 575 3336 Vens.
623 3281 713 3333 26.
771 3305 840 3314 —
896 3273 1296 3339 Quadraginta.
1349 3274 1454 3324 etc.
1512 3269 1620 3322 Per
1659 3268 2041 3340 quadraginta

341 3376 606 3440 tempora
637 3363 839 3436 prisca
899 3361 1038 3431 legis
1088 3359 1484 3427 designantur,
1518 3372 1693 3426 quam
1748 3357 1928 3410 Moses
1947 3371 2038 3410 ac-

339 3463 610 3529 cepturus
664 3450 944 3523 iejunavit
991 3446 1371 3519 quadraginta
1410 3445 1633 3510 diebus,
1679 3450 1737 3498 et
1793 3447 2040 3514 populus

340 3549 441 3620 qui
471 3562 538 3600 ea
586 3540 998 3601 instruebatur,
1057 3534 1441 3607 quadraginta
1495 3533 1662 3586 annis
1717 3531 1780 3586 in
1817 3533 2039 3587 deserto

341 3636 468 3692 fuit.

411 3724 478 3776 Et
497 3717 799 3774 duodecim.
833 3713 938 3768 Hic
966 3727 1242 3767 numerus
1273 3724 1525 3780 prasens
1570 3711 1798 3778 tempus
1849 3707 2038 3778 signi-

337 3811 486 3877 ﬁcat,
525 3807 586 3861 in
625 3821 738 3876 quo
799 3801 1111 3874 apostolica
1170 3798 1428 3854 doctrina
1472 3796 1612 3852 Novi
1691 3797 2037 3851 Testamenti

334 3898 613 3970 populum
643 3892 839 3948 nutrit.

407 3988 566 4040 Vens.
597 3987 687 4039 28.
719 4013 788 4022 —
809 3979 1099 4044 Hordeum,
1131 3981 1234 4030 etc.
1291 3977 1370 4030 Ne
1403 3974 1540 4046 quid
1569 3973 1717 4028 desit
1771 3972 1833 4027 in
1867 3973 2037 4028 domo

334 4074 507 4146 regis,
534 4072 674 4127 ordo
692 4069 1136 4141 pradicatorum
1185 4063 1485 4118 scribendo
1525 4065 1582 4116 et
1627 4061 1914 4132 loquendo
1947 4063 2036 4115 la-

332 4163 517 4227 borat,
550 4165 613 4214 ut
637 4161 697 4213 in
718 4173 914 4212 mensa
949 4153 1175 4210 Domini
1204 4151 1476 4220 abundet,
1507 4150 1658 4205 unde
1709 4150 2037 4205 nutrientur

333 4251 548 4306 ﬁdeles.

408 4339 570 4392 Vens.
614 4337 701 4390 32.
736 4363 805 4374 —
837 4333 906 4386 Et
925 4333 1148 4398 fuerunt
1185 4328 1431 4382 carmina
1461 4328 1594 4396 ejus.
1661 4326 1892 4379 Constat
1923 4341 2032 4379 ne-

333 4443 446 4498 que
467 4424 724 4480 carmina
782 4435 971 4490 neque
1002 4416 1420 4488 disputationes
1489 4414 1811 4468 Salomonis
1867 4414 2032 4468 hodie

333 4531 470 4570 8386.

406 4605 657 4672 Quinque
715 4600 911 4655 millia.
963 4597 1203 4665 Propter
1259 4591 1513 4664 quinque
1573 4607 1792 4659 sensus,
1867 4607 2029 4663 quos,

335 4693 436 4766 qui
468 4693 528 4746 in
554 4687 788 4746 diversis
814 4684 1120 4740 virtutibus
1166 4683 1312 4736 bene
1356 4681 1524 4751 regit,
1591 4681 1789 4734 beatus
1845 4685 1950 4748 est,
1978 4686 2034 4736 et

331 4799 438 4854 per
467 4797 564 4836 eos
594 4775 756 4849 quasi
773 4773 1030 4830 carmina
1080 4770 1336 4842 quinque
1362 4768 1544 4822 millia
1585 4768 1826 4822 Domino
1857 4769 2030 4822 canit.

408 4872 564 4925 Vens.
603 4869 688 4922 33.
721 4895 790 4904 —
846 4864 1167 4931 Hyssopum.
1247 4857 1434 4926 (ΗΑΒ.)
1489 4855 1802 4926 Hyssopus,
1855 4855 2033 4909 herba

334 4958 570 5014 humilis
596 4959 652 5010 et
705 4967 840 5006 saxo
887 4951 1134 5012 harens,
1189 4949 1320 5011 etc.,
1369 4959 1540 5014 usque
1580 4943 1654 4998 ad
1695 4949 1832 4998 tunc
1879 4942 2032 4996 enim

334 5047 593 5110 cedrum,
623 5043 681 5097 id
711 5045 815 5106 est,
843 5035 1231 5108 arrogantiam
1282 5033 1474 5088 saculi
1529 5031 1826 5086 inclinavit
1855 5046 2032 5102 usque

336 5135 408 5190 ad
435 5131 818 5188 humilitatem
847 5125 1098 5198 hyssopi,
1137 5123 1198 5178 id
1254 5128 1342 5176 est
1386 5136 1568 5192 usque
1615 5119 1687 5174 ad
1732 5119 2030 5174 stultitiam

338 5223 536 5277 crucis.

406 5313 477 5366 Et
517 5307 801 5364 disseruit.
859 5304 988 5374 (10.)
1066 5301 1262 5358 Omnia
1315 5300 1458 5354 enim
1506 5296 1658 5352 nuda
1733 5301 1783 5350 et
1839 5299 2035 5365 aperta

335 5404 462 5453 sunt
500 5397 709 5454 Christo
731 5392 914 5461 (Hebr.
969 5390 1068 5460 ιν).
1117 5389 1382 5459 Disputat
1429 5390 1644 5452 autem,
1671 5399 1800 5439 cum
1833 5383 2037 5456 singu-

337 5486 526 5542 lorum
556 5483 832 5538 rationem
893 5479 1058 5534 nobis
1119 5475 1386 5547 proponit
1440 5475 1502 5528 in
1540 5472 1846 5545 Scripturis
1892 5471 2031 5536 suis,

2147 3095 2308 3166 cujus
2329 3094 2501 3166 lignis
2520 3095 2666 3149 facta
2697 3101 2782 3149 est
2803 3095 3009 3150 domus
3032 3095 3282 3152 Domini.
3319 3096 3477 3151 Unde
3506 3103 3564 3151 et
3595 3097 3844 3152 Libanus

2147 3184 2356 3238 dicitur
2389 3183 2470 3237 ibi
2503 3199 2517 3236 :
2552 3185 2746 3252 Aperi,
2778 3182 3004 3246 Libane,
3030 3189 3222 3253 portas
3251 3189 3374 3238 tuas
3405 3185 3601 3253 (Zach.
3639 3187 3735 3252 xi).

2219 3272 2376 3325 Vens.
2432 3273 2516 3325 l3.
2550 3301 2618 3310 ——-
2662 3272 2944 3342 Elegitque
2972 3289 3072 3326 rea:
3113 3273 3382 3328 Salomon.
3417 3273 3613 3340 (Bene,
3668 3276 3730 3326 ut
3749 3286 3843 3326 su-

2141 3375 2268 3430 pra,
2301 3374 2424 3428 cap.
2483 3358 2558 3428 3.)
2611 3359 2734 3413 Non
2771 3359 2982 3414 frustra
3027 3359 3323 3431 operarios
3372 3361 3442 3414 de
3480 3361 3639 3414 omni
3671 3359 3842 3414 Israel

2147 3446 2338 3518 elegit,
2368 3450 2500 3516 etc.,
2531 3461 2699 3516 usque
2724 3447 2798 3501 ad
2825 3447 2887 3501 in
2911 3464 3026 3518 qua
3055 3464 3216 3502 mens
3241 3447 3497 3502 ﬁdelium
3532 3465 3562 3502 a
3597 3448 3844 3503 Domino

2146 3533 2480 3606 quotidiana
2510 3532 2892 3588 illustratione
2923 3535 3086 3606 quasi
3114 3536 3254 3589 luna
3299 3551 3332 3588 a
3361 3537 3478 3589 sale
3511 3537 3839 3607 respicitur.

2223 3621 2512 3690 Operarios
2553 3621 2619 3674 de
2647 3623 2794 3675 omni
2827 3623 3023 3690 Israel,
3075 3626 3125 3676 et
3175 3627 3292 3677 erat
3340 3621 3570 3678 indictio
3606 3627 3845 3693 triginta

2144 3711 2320 3764 millia
2347 3711 2608 3764 virorum.
2645 3709 2712 3763 Hi
2743 3715 3070 3780 operatores
3095 3715 3260 3765 erant
3285 3711 3578 3782 proselyti.
3619 3715 3838 3766 Horum

2145 3797 2402 3868 magistri
2431 3798 2500 3852 de
2529 3796 2763 3866 Judais,
2794 3796 2930 3868 quia
2959 3814 3077 3853 non
3132 3798 3267 3852 fecit
3312 3814 3666 3870 quemquam
3719 3816 3841 3854 ser-

2143 3885 2263 3939 vire
2293 3885 2362 3940 de
2395 3885 2585 3939 Israel.

2213 3975 2375 4028 Vens.
2437 3974 2522 4028 14.
2557 4001 2619 4013 -
2650 3972 2959 4028 Adoniram
2996 3979 3114 4028 erat
3143 3989 3307 4044 super
3353 3975 3730 4044 hujuscemodi
3757 3979 3844 4029 in-

2143 4062 2445 4117 dictionem.
2473 4063 2667 4131 (Bene,
2690 4061 2850 4130 ibid.)
2901 4062 3175 4116 Dominus
3201 4078 3362 4117 meus
3402 4064 3681 4119 excelsus.
3747 4064 3848 4118 Hic

2143 4155 2227 4206 est
2255 4150 2526 4217 Christus,
2559 4150 2658 4221 qui
2715 4149 2992 4220 operariis
3034 4151 3235 4222 templi
3282 4151 3666 4222 praponitur,
3711 4158 3844 4220 etc.,

2143 4253 2312 4306 usque
2334 4237 2409 4290 ad
2465 4241 2526 4291 ut
2556 4235 2910 4290 orationibus
2961 4241 3020 4291 et
3045 4236 3285 4308 jejuniis
3333 4253 3583 4309 superno
3641 4241 3844 4311 inspe-

2143 4331 2297 4380 ctore
2317 4329 2374 4379 et
2401 4325 2691 4379 visitatore
2713 4325 2888 4394 digna
2921 4325 3014 4378 sit.

2214 4413 2372 4466 Vens.
2435 4415 2520 4466 l5.
2551 4441 2620 4452 ——
2671 4416 2909 4466 Fuerunt
2938 4415 3124 4482 itaque
3177 4414 3452 4470 Salomoni
3485 4418 3847 4484 septuaginta

2141 4500 2319 4554 millia
2348 4513 2550 4566 eorum,
2575 4501 2673 4569 qui
2707 4514 2871 4554 onera
2905 4501 3223 4570 portabunt,
3258 4507 3308 4556 et
3332 4504 3604 4569 octoginta
3659 4507 3848 4560 millia

2143 4589 2460 4642 latomorum
2491 4589 2549 4640 in
2576 4591 2774 4642 monte.
2809 4589 2996 4657 (BEDA,
3028 4588 3188 4661 ibid.)
3224 4589 3336 4644 Nec
3363 4594 3846 4660 pratereundum

2143 4675 2293 4746 quod
2343 4675 2709 4746 septuaginta
2761 4681 2819 4731 et
2879 4677 3173 4747 octoginta
3245 4679 3429 4734 millia
3496 4682 3836 4751 potentium

2143 4780 2318 4818 onera
2349 4769 2408 4818 et
2437 4765 2782 4818 latomorum
2809 4781 2938 4819 cum
2961 4766 3286 4837 prapositis
3305 4767 3422 4820 suis
3451 4783 3568 4821 non
3596 4769 3848 4824 fuerunt

2143 4852 2428 4918 Israelita,
2481 4857 2612 4918 etc.,
2662 4867 2832 4920 usque
2887 4853 2962 4907 ad
3015 4853 3260 4917 Quidam
3313 4858 3558 4926 utraque
3620 4857 3848 4912 virtute

2141 4940 2372 5012 praditi
2398 4939 2472 4994 ad
2513 4955 2658 5011 opus
2689 4940 2891 4995 domus
2927 4941 3152 4996 Domini
3201 4944 3581 5011 conveniunt;
3633 4947 3798 5000 unde
3833 4961 3847 4999 :

2143 5030 2410 5098 Corripite
2459 5030 2750 5097 inquietos,
2827 5031 3179 5084 consolamini
3249 5032 3645 5101 pusillanimes,
3735 5040 3848 5090 etc.

2146 5120 2193 5190 (1
2223 5118 2376 5172 Thes.
2415 5117 2490 5187 ν).

2213 5207 2577 5260 Latomorum.
2658 5203 2850 5274 (Bene,
2921 5203 3104 5274 ibid.).
3175 5206 3396 5261 Latomi
3447 5212 3580 5262 sunt
3655 5224 3843 5264 caso-

2145 5309 2236 5349 res
2291 5292 2572 5365 lapidum,
2603 5296 2734 5361 etc.,
2766 5307 2938 5363 usque
2964 5293 3040 5348 ad
3084 5294 3222 5365 quia
3249 5296 3400 5349 eruti
3441 5296 3509 5350 de
3550 5299 3847 5368 potestate

2145 5381 2514 5438 tenebrarum
2545 5379 2618 5436 ad
2669 5395 2856 5436 arcem
2885 5381 3164 5437 virtutum
3194 5397 3326 5454 qua
3355 5388 3439 5439 est
3502 5383 3563 5440 in
3609 5385 3844 5440 unitate

2149 5470 2408 5526 Ecclesia
2430 5468 2816 5542 pervenimus.
