  <div class='ocr_page' id='page_1' title='image "/cluster/home/n/w/nwhite01/storage/ocr_20150623/113/hvd.32044054759782/298.png"; bbox 0 0 3998 6178; ppageno 0'>
   <div class='ocr_carea' id='block_1_1' title="bbox 166 271 2523 354">
    <p class='ocr_par' dir='ltr' id='par_1_1' title="bbox 166 271 2523 354">
     <span class='ocr_line' id='line_1_1' title="bbox 166 271 2523 354; baseline -0.001 -2"><span class='ocrx_word' id='word_1_1' title='bbox 166 302 241 353; x_wconf 78' lang='lat'>585</span> <span class='ocrx_word' id='word_1_2' title='bbox 1219 294 1477 350; x_wconf 84' lang='lat' dir='ltr'>GLOSSA</span> <span class='ocrx_word' id='word_1_3' title='bbox 1519 294 1915 350; x_wconf 78' lang='lat' dir='ltr'><strong>ORDINARIA.</strong></span> <span class='ocrx_word' id='word_1_4' title='bbox 1960 271 2028 336; x_wconf 54' lang='grc' dir='ltr'>-έ-</span> <span class='ocrx_word' id='word_1_5' title='bbox 2073 297 2202 351; x_wconf 87' lang='lat' dir='ltr'><strong>LIB.</strong></span> <span class='ocrx_word' id='word_1_6' title='bbox 2247 296 2321 350; x_wconf 91' lang='lat' dir='ltr'>III</span> <span class='ocrx_word' id='word_1_7' title='bbox 2361 297 2523 354; x_wconf 83' lang='lat' dir='ltr'>REG.</span> 
     </span>
    </p>
   </div>
   <div class='ocr_carea' id='block_1_2' title="bbox 3522 304 3625 356">
    <p class='ocr_par' dir='ltr' id='par_1_2' title="bbox 3522 304 3625 356">
     <span class='ocr_line' id='line_1_2' title="bbox 3522 304 3625 356; baseline -0.01 0"><span class='ocrx_word' id='word_1_8' title='bbox 3522 304 3625 356; x_wconf 83' lang='grc'>586</span> 
     </span>
    </p>
   </div>
   <div class='ocr_carea' id='block_1_3' title="bbox 209 418 3634 490">
    <p class='ocr_par' dir='ltr' id='par_1_3' title="bbox 209 418 3634 490">
     <span class='ocr_line' id='line_1_3' title="bbox 209 418 3634 490; baseline 0.002 -17"><span class='ocrx_word' id='word_1_9' title='bbox 209 424 346 475; x_wconf 76' lang='lat' dir='ltr'>Vens.</span> <span class='ocrx_word' id='word_1_10' title='bbox 382 421 460 472; x_wconf 81' lang='grc'>16.</span> <span class='ocrx_word' id='word_1_11' title='bbox 513 449 582 456; x_wconf 90' lang='lat'>-—</span> <span class='ocrx_word' id='word_1_12' title='bbox 636 419 857 486; x_wconf 86' lang='lat' dir='ltr'>Absque</span> <span class='ocrx_word' id='word_1_13' title='bbox 902 420 1228 486; x_wconf 61' lang='lat' dir='ltr'>praepositis.</span> <span class='ocrx_word' id='word_1_14' title='bbox 1276 418 1569 488; x_wconf 65' lang='lat' dir='ltr'>Prmposili</span> <span class='ocrx_word' id='word_1_15' title='bbox 1619 422 1811 472; x_wconf 89' lang='lat' dir='ltr'>autem</span> <span class='ocrx_word' id='word_1_16' title='bbox 1841 421 1887 472; x_wconf 83' lang='grc' dir='ltr'><strong>Α</strong></span> <span class='ocrx_word' id='word_1_17' title='bbox 1927 424 2152 488; x_wconf 89' lang='lat' dir='ltr'>peracto</span> <span class='ocrx_word' id='word_1_18' title='bbox 2192 420 2402 489; x_wconf 83' lang='lat' dir='ltr'>pascha</span> <span class='ocrx_word' id='word_1_19' title='bbox 2449 422 2621 490; x_wconf 79' lang='lat' dir='ltr'>coepit</span> <span class='ocrx_word' id='word_1_20' title='bbox 2668 420 2949 474; x_wconf 66' lang='lat' dir='ltr'>aediﬁcare</span> <span class='ocrx_word' id='word_1_21' title='bbox 2996 422 3234 476; x_wconf 91' lang='lat' dir='ltr'>domum</span> <span class='ocrx_word' id='word_1_22' title='bbox 3294 424 3519 478; x_wconf 89' lang='lat' dir='ltr'>Domini</span> <span class='ocrx_word' id='word_1_23' title='bbox 3574 432 3634 481; x_wconf 90' lang='lat' dir='ltr'>et</span> 
     </span>
    </p>
   </div>
   <div class='ocr_carea' id='block_1_4' title="bbox 159 506 1811 577">
    <p class='ocr_par' dir='ltr' id='par_1_4' title="bbox 159 506 1811 577">
     <span class='ocr_line' id='line_1_4' title="bbox 159 506 1811 577; baseline -0.002 -15"><span class='ocrx_word' id='word_1_24' title='bbox 159 515 261 564; x_wconf 84' lang='lat' dir='ltr'>sunt</span> <span class='ocrx_word' id='word_1_25' title='bbox 287 524 443 562; x_wconf 67' lang='lat' dir='ltr'>sacra!</span> <span class='ocrx_word' id='word_1_26' title='bbox 473 506 783 576; x_wconf 86' lang='lat' dir='ltr'>Scripturee</span> <span class='ocrx_word' id='word_1_27' title='bbox 824 506 1143 560; x_wconf 77' lang='lat' dir='ltr'>conditores</span> <span class='ocrx_word' id='word_1_28' title='bbox 1187 523 1435 577; x_wconf 87' lang='lat' dir='ltr'>quorum</span> <span class='ocrx_word' id='word_1_29' title='bbox 1485 506 1811 576; x_wconf 89' lang='lat' dir='ltr'>magisterio</span> 
     </span>
    </p>
   </div>
   <div class='ocr_carea' id='block_1_5' title="bbox 157 596 1814 666">
    <p class='ocr_par' dir='ltr' id='par_1_5' title="bbox 157 596 1814 666">
     <span class='ocr_line' id='line_1_5' title="bbox 157 596 1814 666; baseline -0.004 -12"><span class='ocrx_word' id='word_1_30' title='bbox 157 600 411 655; x_wconf 78' lang='lat' dir='ltr'>erudimur</span> <span class='ocrx_word' id='word_1_31' title='bbox 439 597 648 649; x_wconf 80' lang='lat' dir='ltr'>inscios</span> <span class='ocrx_word' id='word_1_32' title='bbox 681 596 904 659; x_wconf 87' lang='lat' dir='ltr'>docere,</span> <span class='ocrx_word' id='word_1_33' title='bbox 937 600 1359 666; x_wconf 78' lang='lat' dir='ltr'>contemptores</span> <span class='ocrx_word' id='word_1_34' title='bbox 1392 596 1699 665; x_wconf 81' lang='lat' dir='ltr'>corripere,</span> <span class='ocrx_word' id='word_1_35' title='bbox 1758 600 1814 649; x_wconf 90' lang='lat' dir='ltr'>et</span> 
     </span>
    </p>
   </div>
   <div class='ocr_carea' id='block_1_6' title="bbox 154 689 1063 755">
    <p class='ocr_par' dir='ltr' id='par_1_6' title="bbox 154 689 1063 755">
     <span class='ocr_line' id='line_1_6' title="bbox 154 689 1063 755; baseline -0.008 -12"><span class='ocrx_word' id='word_1_36' title='bbox 154 689 355 743; x_wconf 77' lang='lat' dir='ltr'>invicem</span> <span class='ocrx_word' id='word_1_37' title='bbox 385 702 559 738; x_wconf 90' lang='lat' dir='ltr'>onera</span> <span class='ocrx_word' id='word_1_38' title='bbox 594 690 789 737; x_wconf 88' lang='lat' dir='ltr'>nostra</span> <span class='ocrx_word' id='word_1_39' title='bbox 817 689 1063 755; x_wconf 83' lang='lat' dir='ltr'>portare.</span> 
     </span>
    </p>
   </div>
   <div class='ocr_carea' id='block_1_7' title="bbox 209 772 1810 844">
    <p class='ocr_par' dir='ltr' id='par_1_7' title="bbox 209 772 1810 844">
     <span class='ocr_line' id='line_1_7' title="bbox 209 772 1810 844; baseline -0.002 -14"><span class='ocrx_word' id='word_1_40' title='bbox 209 778 369 830; x_wconf 80' lang='lat' dir='ltr'>Trium</span> <span class='ocrx_word' id='word_1_41' title='bbox 422 776 672 828; x_wconf 75' lang='lat' dir='ltr'>millium.</span> <span class='ocrx_word' id='word_1_42' title='bbox 726 775 970 844; x_wconf 77' lang='lat' dir='ltr'>Propter</span> <span class='ocrx_word' id='word_1_43' title='bbox 1016 772 1187 826; x_wconf 91' lang='lat' dir='ltr'>ﬁdem</span> <span class='ocrx_word' id='word_1_44' title='bbox 1256 772 1567 838; x_wconf 78' lang='lat' dir='ltr'>Trinitatis,</span> <span class='ocrx_word' id='word_1_45' title='bbox 1637 788 1810 841; x_wconf 88' lang='lat' dir='ltr'>quam</span> 
     </span>
    </p>
   </div>
   <div class='ocr_carea' id='block_1_8' title="bbox 154 861 1809 933">
    <p class='ocr_par' dir='ltr' id='par_1_8' title="bbox 154 861 1809 933">
     <span class='ocr_line' id='line_1_8' title="bbox 154 861 1809 933; baseline -0.002 -15"><span class='ocrx_word' id='word_1_46' title='bbox 154 870 308 919; x_wconf 78' lang='lat' dir='ltr'>sancta</span> <span class='ocrx_word' id='word_1_47' title='bbox 347 862 567 933; x_wconf 87' lang='lat' dir='ltr'>eloquia</span> <span class='ocrx_word' id='word_1_48' title='bbox 626 862 967 932; x_wconf 59' lang='lat' dir='ltr'>praedicant.</span> <span class='ocrx_word' id='word_1_49' title='bbox 1025 861 1190 924; x_wconf 87' lang='lat' dir='ltr'>Quod</span> <span class='ocrx_word' id='word_1_50' title='bbox 1246 861 1304 913; x_wconf 91' lang='lat' dir='ltr'>in</span> <span class='ocrx_word' id='word_1_51' title='bbox 1358 861 1809 930; x_wconf 87' lang='lat' dir='ltr'>Paralipomenis</span> 
     </span>
    </p>
   </div>
   <div class='ocr_carea' id='block_1_9' title="bbox 152 950 1807 1020">
    <p class='ocr_par' dir='ltr' id='par_1_9' title="bbox 152 950 1807 1020">
     <span class='ocr_line' id='line_1_9' title="bbox 152 950 1807 1020; baseline -0.003 -12"><span class='ocrx_word' id='word_1_52' title='bbox 152 956 236 1008; x_wconf 82' lang='lat' dir='ltr'>tria</span> <span class='ocrx_word' id='word_1_53' title='bbox 289 952 458 1006; x_wconf 87' lang='lat' dir='ltr'>millia</span> <span class='ocrx_word' id='word_1_54' title='bbox 512 951 762 1005; x_wconf 82' lang='lat' dir='ltr'>sexcenti</span> <span class='ocrx_word' id='word_1_55' title='bbox 816 950 1011 1020; x_wconf 84' lang='lat' dir='ltr'>scripti</span> <span class='ocrx_word' id='word_1_56' title='bbox 1071 955 1222 1015; x_wconf 89' lang='lat' dir='ltr'>sunt,</span> <span class='ocrx_word' id='word_1_57' title='bbox 1279 950 1349 1003; x_wconf 88' lang='lat' dir='ltr'>ad</span> <span class='ocrx_word' id='word_1_58' title='bbox 1399 950 1807 1020; x_wconf 82' lang='lat' dir='ltr'>perfectionem</span> 
     </span>
    </p>
   </div>
   <div class='ocr_carea' id='block_1_10' title="bbox 150 1038 1806 1111">
    <p class='ocr_par' dir='ltr' id='par_1_10' title="bbox 150 1038 1806 1111">
     <span class='ocr_line' id='line_1_10' title="bbox 150 1038 1806 1111; baseline -0.004 -14"><span class='ocrx_word' id='word_1_59' title='bbox 150 1058 314 1097; x_wconf 87' lang='lat' dir='ltr'>eorum</span> <span class='ocrx_word' id='word_1_60' title='bbox 340 1040 582 1111; x_wconf 87' lang='lat' dir='ltr'>respicit.</span> <span class='ocrx_word' id='word_1_61' title='bbox 616 1040 884 1093; x_wconf 88' lang='lat' dir='ltr'>Senarius</span> <span class='ocrx_word' id='word_1_62' title='bbox 916 1039 1090 1103; x_wconf 91' lang='lat' dir='ltr'>enim,</span> <span class='ocrx_word' id='word_1_63' title='bbox 1124 1038 1184 1091; x_wconf 92' lang='lat' dir='ltr'>in</span> <span class='ocrx_word' id='word_1_64' title='bbox 1235 1055 1350 1109; x_wconf 91' lang='lat' dir='ltr'>quo</span> <span class='ocrx_word' id='word_1_65' title='bbox 1399 1038 1599 1092; x_wconf 88' lang='lat' dir='ltr'>mundi</span> <span class='ocrx_word' id='word_1_66' title='bbox 1650 1054 1806 1091; x_wconf 86' lang='lat' dir='ltr'>com-</span> 
     </span>
    </p>
   </div>
   <div class='ocr_carea' id='block_1_11' title="bbox 150 1127 1806 1202">
    <p class='ocr_par' dir='ltr' id='par_1_11' title="bbox 150 1127 1806 1202">
     <span class='ocr_line' id='line_1_11' title="bbox 150 1127 1806 1202; baseline -0.002 -17"><span class='ocrx_word' id='word_1_67' title='bbox 150 1134 301 1202; x_wconf 86' lang='lat' dir='ltr'>pletus</span> <span class='ocrx_word' id='word_1_68' title='bbox 329 1136 404 1184; x_wconf 93' lang='lat' dir='ltr'>est</span> <span class='ocrx_word' id='word_1_69' title='bbox 431 1134 687 1193; x_wconf 89' lang='lat' dir='ltr'>ornatus,</span> <span class='ocrx_word' id='word_1_70' title='bbox 740 1129 989 1198; x_wconf 85' lang='lat' dir='ltr'>perfecta</span> <span class='ocrx_word' id='word_1_71' title='bbox 1036 1127 1319 1181; x_wconf 89' lang='lat' dir='ltr'>bonorum</span> <span class='ocrx_word' id='word_1_72' title='bbox 1374 1144 1549 1198; x_wconf 83' lang='lat' dir='ltr'>opera</span> <span class='ocrx_word' id='word_1_73' title='bbox 1587 1127 1806 1198; x_wconf 89' lang='lat' dir='ltr'>signiﬁ-</span> 
     </span>
    </p>
   </div>
   <div class='ocr_carea' id='block_1_12' title="bbox 147 1216 1810 1288">
    <p class='ocr_par' dir='ltr' id='par_1_12' title="bbox 147 1216 1810 1288">
     <span class='ocr_line' id='line_1_12' title="bbox 147 1216 1810 1288; baseline -0.002 -15"><span class='ocrx_word' id='word_1_74' title='bbox 147 1226 259 1274; x_wconf 84' lang='lat' dir='ltr'>cat:</span> <span class='ocrx_word' id='word_1_75' title='bbox 310 1224 359 1271; x_wconf 91' lang='lat' dir='ltr'>et</span> <span class='ocrx_word' id='word_1_76' title='bbox 412 1217 547 1288; x_wconf 83' lang='lat' dir='ltr'>quia</span> <span class='ocrx_word' id='word_1_77' title='bbox 605 1222 797 1270; x_wconf 84' lang='lat' dir='ltr'>sancta</span> <span class='ocrx_word' id='word_1_78' title='bbox 847 1216 1138 1285; x_wconf 83' lang='lat' dir='ltr'>Scriptura</span> <span class='ocrx_word' id='word_1_79' title='bbox 1200 1232 1330 1268; x_wconf 88' lang='lat' dir='ltr'>cum</span> <span class='ocrx_word' id='word_1_80' title='bbox 1386 1216 1499 1269; x_wconf 89' lang='lat' dir='ltr'>ﬁde</span> <span class='ocrx_word' id='word_1_81' title='bbox 1555 1216 1810 1269; x_wconf 82' lang='lat' dir='ltr'>veritatis</span> 
     </span>
    </p>
   </div>
   <div class='ocr_carea' id='block_1_13' title="bbox 147 1304 1808 1379">
    <p class='ocr_par' dir='ltr' id='par_1_13' title="bbox 147 1304 1808 1379">
     <span class='ocr_line' id='line_1_13' title="bbox 147 1304 1808 1379; baseline -0.002 -18"><span class='ocrx_word' id='word_1_82' title='bbox 147 1324 290 1379; x_wconf 87' lang='lat' dir='ltr'>opera</span> <span class='ocrx_word' id='word_1_83' title='bbox 317 1307 546 1378; x_wconf 69' lang='lat' dir='ltr'>justitiaa</span> <span class='ocrx_word' id='word_1_84' title='bbox 588 1305 752 1359; x_wconf 88' lang='lat' dir='ltr'>docet</span> <span class='ocrx_word' id='word_1_85' title='bbox 801 1304 1085 1368; x_wconf 85' lang='lat' dir='ltr'>habenda,</span> <span class='ocrx_word' id='word_1_86' title='bbox 1137 1307 1286 1357; x_wconf 89' lang='lat' dir='ltr'>recte</span> <span class='ocrx_word' id='word_1_87' title='bbox 1335 1304 1628 1374; x_wconf 69' lang='lat' dir='ltr'>praepositi</span> <span class='ocrx_word' id='word_1_88' title='bbox 1667 1320 1808 1374; x_wconf 90' lang='lat' dir='ltr'>ope-</span> 
     </span>
    </p>
   </div>
   <div class='ocr_carea' id='block_1_14' title="bbox 148 1392 1477 1466">
    <p class='ocr_par' dir='ltr' id='par_1_14' title="bbox 148 1392 1477 1466">
     <span class='ocr_line' id='line_1_14' title="bbox 148 1392 1477 1466; baseline -0.005 -16"><span class='ocrx_word' id='word_1_89' title='bbox 148 1414 249 1450; x_wconf 89' lang='lat' dir='ltr'>rum</span> <span class='ocrx_word' id='word_1_90' title='bbox 278 1394 467 1466; x_wconf 90' lang='lat' dir='ltr'>templi</span> <span class='ocrx_word' id='word_1_91' title='bbox 491 1394 601 1448; x_wconf 90' lang='lat' dir='ltr'>tria</span> <span class='ocrx_word' id='word_1_92' title='bbox 635 1393 813 1447; x_wconf 85' lang='lat' dir='ltr'>millia</span> <span class='ocrx_word' id='word_1_93' title='bbox 853 1399 910 1447; x_wconf 90' lang='lat' dir='ltr'>et</span> <span class='ocrx_word' id='word_1_94' title='bbox 940 1392 1186 1445; x_wconf 77' lang='lat' dir='ltr'>sexcenti</span> <span class='ocrx_word' id='word_1_95' title='bbox 1228 1392 1477 1445; x_wconf 87' lang='lat' dir='ltr'>fuerunt.</span> 
     </span>
    </p>
   </div>
   <div class='ocr_carea' id='block_1_15' title="bbox 202 1478 1806 1550">
    <p class='ocr_par' dir='ltr' id='par_1_15' title="bbox 202 1478 1806 1550">
     <span class='ocr_line' id='line_1_15' title="bbox 202 1478 1806 1550; baseline -0.004 -11"><span class='ocrx_word' id='word_1_96' title='bbox 202 1487 346 1538; x_wconf 78' lang='lat' dir='ltr'>Vsus.</span> <span class='ocrx_word' id='word_1_97' title='bbox 389 1489 469 1538; x_wconf 82' lang='lat' dir='ltr'>t7.</span> <span class='ocrx_word' id='word_1_98' title='bbox 515 1515 576 1522; x_wconf 89' lang='lat'>——</span> <span class='ocrx_word' id='word_1_99' title='bbox 634 1484 993 1550; x_wconf 63' lang='lat' dir='ltr'>Prmeepitque</span> <span class='ocrx_word' id='word_1_100' title='bbox 1037 1496 1135 1534; x_wconf 73' lang='lat' dir='ltr'>rem</span> <span class='ocrx_word' id='word_1_101' title='bbox 1183 1485 1243 1532; x_wconf 89' lang='lat' dir='ltr'>ut</span> <span class='ocrx_word' id='word_1_102' title='bbox 1299 1481 1560 1533; x_wconf 85' lang='lat' dir='ltr'>tollerent.</span> <span class='ocrx_word' id='word_1_103' title='bbox 1614 1478 1806 1549; x_wconf 77' lang='grc' dir='ltr'>(ΒεοΑ,</span> 
     </span>
    </p>
   </div>
   <div class='ocr_carea' id='block_1_16' title="bbox 146 1567 1811 1640">
    <p class='ocr_par' dir='ltr' id='par_1_16' title="bbox 146 1567 1811 1640">
     <span class='ocr_line' id='line_1_16' title="bbox 146 1567 1811 1640; baseline -0.004 -13"><span class='ocrx_word' id='word_1_104' title='bbox 146 1575 271 1640; x_wconf 80' lang='lat' dir='ltr'>ibid.)</span> <span class='ocrx_word' id='word_1_105' title='bbox 298 1574 375 1627; x_wconf 75' lang='lat' dir='ltr'>Ad</span> <span class='ocrx_word' id='word_1_106' title='bbox 403 1572 803 1625; x_wconf 66' lang='lat' dir='ltr'>ardiﬁcandum</span> <span class='ocrx_word' id='word_1_107' title='bbox 828 1570 1065 1623; x_wconf 92' lang='lat' dir='ltr'>domum</span> <span class='ocrx_word' id='word_1_108' title='bbox 1100 1567 1326 1621; x_wconf 89' lang='lat' dir='ltr'>Domini</span> <span class='ocrx_word' id='word_1_109' title='bbox 1350 1568 1535 1637; x_wconf 91' lang='lat' dir='ltr'>primo</span> <span class='ocrx_word' id='word_1_110' title='bbox 1567 1567 1721 1636; x_wconf 92' lang='lat' dir='ltr'>ligno</span> <span class='ocrx_word' id='word_1_111' title='bbox 1753 1572 1811 1620; x_wconf 92' lang='lat' dir='ltr'>et</span> 
     </span>
    </p>
   </div>
   <div class='ocr_carea' id='block_1_17' title="bbox 148 1655 1804 1731">
    <p class='ocr_par' dir='ltr' id='par_1_17' title="bbox 148 1655 1804 1731">
     <span class='ocr_line' id='line_1_17' title="bbox 148 1655 1804 1731; baseline -0.004 -17"><span class='ocrx_word' id='word_1_112' title='bbox 148 1662 327 1731; x_wconf 85' lang='lat' dir='ltr'>lapides</span> <span class='ocrx_word' id='word_1_113' title='bbox 354 1661 419 1713; x_wconf 90' lang='lat' dir='ltr'>de</span> <span class='ocrx_word' id='word_1_114' title='bbox 463 1664 658 1713; x_wconf 89' lang='lat' dir='ltr'>monte</span> <span class='ocrx_word' id='word_1_115' title='bbox 704 1659 1021 1723; x_wconf 58' lang='lat' dir='ltr'>caeduntur,</span> <span class='ocrx_word' id='word_1_116' title='bbox 1074 1664 1204 1723; x_wconf 85' lang='lat' dir='ltr'>etc.,</span> <span class='ocrx_word' id='word_1_117' title='bbox 1264 1674 1431 1727; x_wconf 86' lang='lat' dir='ltr'>usque</span> <span class='ocrx_word' id='word_1_118' title='bbox 1485 1656 1559 1709; x_wconf 87' lang='lat' dir='ltr'>ad</span> <span class='ocrx_word' id='word_1_119' title='bbox 1608 1655 1804 1709; x_wconf 85' lang='lat' dir='ltr'>unde:</span> 
     </span>
    </p>
   </div>
   <div class='ocr_carea' id='block_1_18' title="bbox 1921 510 3622 581">
    <p class='ocr_par' dir='ltr' id='par_1_18' title="bbox 1921 510 3622 581">
     <span class='ocr_line' id='line_1_18' title="bbox 1921 510 3622 581; baseline 0.004 -18"><span class='ocrx_word' id='word_1_120' title='bbox 1921 516 2279 564; x_wconf 90' lang='lat' dir='ltr'>consecratus</span> <span class='ocrx_word' id='word_1_121' title='bbox 2312 511 2545 581; x_wconf 88' lang='lat' dir='ltr'>mystica</span> <span class='ocrx_word' id='word_1_122' title='bbox 2571 510 2931 565; x_wconf 86' lang='lat' dir='ltr'>solemnitate</span> <span class='ocrx_word' id='word_1_123' title='bbox 2958 514 3211 581; x_wconf 89' lang='lat' dir='ltr'>populus</span> <span class='ocrx_word' id='word_1_124' title='bbox 3232 512 3387 567; x_wconf 89' lang='lat' dir='ltr'>misit</span> <span class='ocrx_word' id='word_1_125' title='bbox 3416 530 3622 570; x_wconf 84' lang='lat' dir='ltr'>manus</span> 
     </span>
    </p>
   </div>
   <div class='ocr_carea' id='block_1_19' title="bbox 1921 596 2522 666">
    <p class='ocr_par' dir='ltr' id='par_1_19' title="bbox 1921 596 2522 666">
     <span class='ocr_line' id='line_1_19' title="bbox 1921 596 2522 666; baseline 0.002 -17"><span class='ocrx_word' id='word_1_126' title='bbox 1921 596 1992 649; x_wconf 93' lang='lat' dir='ltr'>ad</span> <span class='ocrx_word' id='word_1_127' title='bbox 2018 596 2322 665; x_wconf 87' lang='lat' dir='ltr'>mysticum</span> <span class='ocrx_word' id='word_1_128' title='bbox 2357 612 2522 666; x_wconf 90' lang='lat' dir='ltr'>opus.</span> 
     </span>
    </p>
   </div>
   <div class='ocr_carea' id='block_1_20' title="bbox 1992 685 3623 755">
    <p class='ocr_par' dir='ltr' id='par_1_20' title="bbox 1992 685 3623 755">
     <span class='ocr_line' id='line_1_20' title="bbox 1992 685 3623 755; baseline 0.004 -17"><span class='ocrx_word' id='word_1_129' title='bbox 1992 685 2277 753; x_wconf 65' lang='lat' dir='ltr'>zEdiﬁcare</span> <span class='ocrx_word' id='word_1_130' title='bbox 2305 688 2479 754; x_wconf 67' lang='lat' dir='ltr'>coepit.</span> <span class='ocrx_word' id='word_1_131' title='bbox 2517 685 2641 755; x_wconf 74' lang='lat'>(10.,</span> <span class='ocrx_word' id='word_1_132' title='bbox 2667 686 2823 751; x_wconf 85' lang='lat' dir='ltr'>ibid.)</span> <span class='ocrx_word' id='word_1_133' title='bbox 2860 685 2963 739; x_wconf 90' lang='lat' dir='ltr'>Ubi</span> <span class='ocrx_word' id='word_1_134' title='bbox 2994 686 3343 742; x_wconf 61' lang='lat' dir='ltr'>aediﬁcatum</span> <span class='ocrx_word' id='word_1_135' title='bbox 3374 689 3447 743; x_wconf 89' lang='lat' dir='ltr'>sit</span> <span class='ocrx_word' id='word_1_136' title='bbox 3478 696 3623 745; x_wconf 88' lang='lat' dir='ltr'>tem-</span> 
     </span>
    </p>
   </div>
   <div class='ocr_carea' id='block_1_21' title="bbox 1921 773 3621 848">
    <p class='ocr_par' dir='ltr' id='par_1_21' title="bbox 1921 773 3621 848">
     <span class='ocr_line' id='line_1_21' title="bbox 1921 773 3621 848; baseline 0.005 -23"><span class='ocrx_word' id='word_1_137' title='bbox 1921 773 2079 843; x_wconf 90' lang='lat' dir='ltr'>plum</span> <span class='ocrx_word' id='word_1_138' title='bbox 2110 774 2168 826; x_wconf 93' lang='lat' dir='ltr'>in</span> <span class='ocrx_word' id='word_1_139' title='bbox 2205 773 2653 843; x_wconf 84' lang='lat' dir='ltr'>Paralipomenis</span> <span class='ocrx_word' id='word_1_140' title='bbox 2688 774 3103 841; x_wconf 80' lang='lat' dir='ltr'>manifestatur,</span> <span class='ocrx_word' id='word_1_141' title='bbox 3155 781 3285 842; x_wconf 90' lang='lat' dir='ltr'>etc.,</span> <span class='ocrx_word' id='word_1_142' title='bbox 3335 793 3503 848; x_wconf 88' lang='lat' dir='ltr'>usque</span> <span class='ocrx_word' id='word_1_143' title='bbox 3546 780 3621 833; x_wconf 84' lang='lat' dir='ltr'>ad</span> 
     </span>
    </p>
   </div>
   <div class='ocr_carea' id='block_1_22' title="bbox 1920 862 3616 935">
    <p class='ocr_par' dir='ltr' id='par_1_22' title="bbox 1920 862 3616 935">
     <span class='ocr_line' id='line_1_22' title="bbox 1920 862 3616 935; baseline 0.005 -21"><span class='ocrx_word' id='word_1_144' title='bbox 1920 862 2017 914; x_wconf 90' lang='lat' dir='ltr'>sed</span> <span class='ocrx_word' id='word_1_145' title='bbox 2049 862 2286 915; x_wconf 63' lang='lat' dir='ltr'>interna:</span> <span class='ocrx_word' id='word_1_146' title='bbox 2318 863 2491 931; x_wconf 86' lang='lat' dir='ltr'>pacis,</span> <span class='ocrx_word' id='word_1_147' title='bbox 2517 877 2690 932; x_wconf 90' lang='lat' dir='ltr'>quam</span> <span class='ocrx_word' id='word_1_148' title='bbox 2722 879 2852 917; x_wconf 92' lang='lat' dir='ltr'>cum</span> <span class='ocrx_word' id='word_1_149' title='bbox 2882 864 3176 918; x_wconf 89' lang='lat' dir='ltr'>conditore</span> <span class='ocrx_word' id='word_1_150' title='bbox 3208 882 3310 920; x_wconf 90' lang='lat' dir='ltr'>suo</span> <span class='ocrx_word' id='word_1_151' title='bbox 3356 866 3616 935; x_wconf 85' lang='lat' dir='ltr'>haberet,</span> 
     </span>
    </p>
   </div>
   <div class='ocr_carea' id='block_1_23' title="bbox 1919 950 2755 1019">
    <p class='ocr_par' dir='ltr' id='par_1_23' title="bbox 1919 950 2755 1019">
     <span class='ocr_line' id='line_1_23' title="bbox 1919 950 2755 1019; baseline 0.002 -17"><span class='ocrx_word' id='word_1_152' title='bbox 1919 965 2150 1019; x_wconf 90' lang='lat' dir='ltr'>compos</span> <span class='ocrx_word' id='word_1_153' title='bbox 2181 950 2377 1004; x_wconf 81' lang='lat' dir='ltr'>ell&#39;ecta</span> <span class='ocrx_word' id='word_1_154' title='bbox 2411 956 2513 1004; x_wconf 90' lang='lat' dir='ltr'>est.</span> <span class='ocrx_word' id='word_1_155' title='bbox 2751 951 2755 954; x_wconf 78' lang='grc'><strong>’</strong></span> 
     </span>
    </p>
   </div>
   <div class='ocr_carea' id='block_1_24' title="bbox 1990 1039 3617 1107">
    <p class='ocr_par' dir='ltr' id='par_1_24' title="bbox 1990 1039 3617 1107">
     <span class='ocr_line' id='line_1_24' title="bbox 1990 1039 3617 1107; baseline 0.006 -17"><span class='ocrx_word' id='word_1_156' title='bbox 1990 1039 2120 1103; x_wconf 79' lang='lat' dir='ltr'>Quae</span> <span class='ocrx_word' id='word_1_157' title='bbox 2148 1044 2558 1107; x_wconf 74' lang='lat' dir='ltr'>praeparaverat</span> <span class='ocrx_word' id='word_1_158' title='bbox 2590 1040 2790 1105; x_wconf 87' lang='lat' dir='ltr'>David,</span> <span class='ocrx_word' id='word_1_159' title='bbox 2826 1046 2933 1093; x_wconf 90' lang='lat' dir='ltr'>etc.</span> <span class='ocrx_word' id='word_1_160' title='bbox 2972 1042 3273 1096; x_wconf 88' lang='lat' dir='ltr'>Paraverat</span> <span class='ocrx_word' id='word_1_161' title='bbox 3302 1042 3455 1097; x_wconf 92' lang='lat' dir='ltr'>enim</span> <span class='ocrx_word' id='word_1_162' title='bbox 3511 1046 3617 1099; x_wconf 90' lang='lat' dir='ltr'>Da-</span> 
     </span>
    </p>
   </div>
   <div class='ocr_carea' id='block_1_25' title="bbox 1916 1125 3618 1199">
    <p class='ocr_par' dir='ltr' id='par_1_25' title="bbox 1916 1125 3618 1199">
     <span class='ocr_line' id='line_1_25' title="bbox 1916 1125 3618 1199; baseline 0.006 -22"><span class='ocrx_word' id='word_1_163' title='bbox 1916 1125 2009 1178; x_wconf 85' lang='lat' dir='ltr'>vid</span> <span class='ocrx_word' id='word_1_164' title='bbox 2040 1126 2359 1195; x_wconf 84' lang='lat' dir='ltr'>psallendo,</span> <span class='ocrx_word' id='word_1_165' title='bbox 2390 1132 2733 1196; x_wconf 89' lang='lat' dir='ltr'>paraverunt</span> <span class='ocrx_word' id='word_1_166' title='bbox 2762 1128 2857 1180; x_wconf 88' lang='lat' dir='ltr'>alii</span> <span class='ocrx_word' id='word_1_167' title='bbox 2886 1129 3204 1199; x_wconf 57' lang='lat' dir='ltr'>[prophetia</span> <span class='ocrx_word' id='word_1_168' title='bbox 3256 1131 3618 1187; x_wconf 86' lang='lat' dir='ltr'>vaticinando</span> 
     </span>
    </p>
   </div>
   <div class='ocr_carea' id='block_1_26' title="bbox 1920 1213 3614 1291">
    <p class='ocr_par' dir='ltr' id='par_1_26' title="bbox 1920 1213 3614 1291">
     <span class='ocr_line' id='line_1_26' title="bbox 1920 1213 3614 1291; baseline 0.006 -26"><span class='ocrx_word' id='word_1_169' title='bbox 1920 1213 2104 1266; x_wconf 91' lang='lat' dir='ltr'>locum</span> <span class='ocrx_word' id='word_1_170' title='bbox 2144 1213 2384 1267; x_wconf 91' lang='lat' dir='ltr'>Domino</span> <span class='ocrx_word' id='word_1_171' title='bbox 2420 1230 2432 1267; x_wconf 94' lang='lat'>:</span> <span class='ocrx_word' id='word_1_172' title='bbox 2464 1230 2595 1267; x_wconf 89' lang='lat' dir='ltr'>vero</span> <span class='ocrx_word' id='word_1_173' title='bbox 2623 1214 2833 1269; x_wconf 86' lang='lat' dir='ltr'>scilicet</span> <span class='ocrx_word' id='word_1_174' title='bbox 2884 1216 3201 1283; x_wconf 88' lang='lat' dir='ltr'>Salomoni,</span> <span class='ocrx_word' id='word_1_175' title='bbox 3244 1219 3305 1272; x_wconf 91' lang='lat' dir='ltr'>in</span> <span class='ocrx_word' id='word_1_176' title='bbox 3358 1236 3473 1291; x_wconf 89' lang='lat' dir='ltr'>quo</span> <span class='ocrx_word' id='word_1_177' title='bbox 3512 1222 3614 1275; x_wconf 90' lang='lat' dir='ltr'>do-</span> 
     </span>
    </p>
   </div>
   <div class='ocr_carea' id='block_1_27' title="bbox 1920 1302 3615 1372">
    <p class='ocr_par' dir='ltr' id='par_1_27' title="bbox 1920 1302 3615 1372">
     <span class='ocr_line' id='line_1_27' title="bbox 1920 1302 3615 1372; baseline 0.006 -19"><span class='ocrx_word' id='word_1_178' title='bbox 1920 1316 2077 1354; x_wconf 91' lang='lat' dir='ltr'>mum</span> <span class='ocrx_word' id='word_1_179' title='bbox 2110 1302 2435 1367; x_wconf 65' lang='lat' dir='ltr'>mdiﬁcaret,</span> <span class='ocrx_word' id='word_1_180' title='bbox 2468 1303 2602 1372; x_wconf 88' lang='lat' dir='ltr'>quia</span> <span class='ocrx_word' id='word_1_181' title='bbox 2631 1303 2802 1357; x_wconf 91' lang='lat' dir='ltr'>corda</span> <span class='ocrx_word' id='word_1_182' title='bbox 2826 1304 3152 1358; x_wconf 89' lang='lat' dir='ltr'>auditorum</span> <span class='ocrx_word' id='word_1_183' title='bbox 3193 1306 3304 1361; x_wconf 90' lang='lat' dir='ltr'>ﬁde</span> <span class='ocrx_word' id='word_1_184' title='bbox 3354 1308 3615 1363; x_wconf 89' lang='lat' dir='ltr'>institue-</span> 
     </span>
    </p>
   </div>
   <div class='ocr_carea' id='block_1_28' title="bbox 1918 1391 3616 1456">
    <p class='ocr_par' dir='ltr' id='par_1_28' title="bbox 1918 1391 3616 1456">
     <span class='ocr_line' id='line_1_28' title="bbox 1918 1391 3616 1456; baseline 0.006 -13"><span class='ocrx_word' id='word_1_185' title='bbox 1918 1396 2070 1456; x_wconf 91' lang='lat' dir='ltr'>runt,</span> <span class='ocrx_word' id='word_1_186' title='bbox 2102 1397 2397 1445; x_wconf 91' lang='lat' dir='ltr'>monentes</span> <span class='ocrx_word' id='word_1_187' title='bbox 2429 1396 2491 1444; x_wconf 90' lang='lat' dir='ltr'>ut</span> <span class='ocrx_word' id='word_1_188' title='bbox 2520 1391 2879 1446; x_wconf 89' lang='lat' dir='ltr'>incarnatum</span> <span class='ocrx_word' id='word_1_189' title='bbox 2912 1394 3013 1447; x_wconf 89' lang='lat' dir='ltr'>Dei</span> <span class='ocrx_word' id='word_1_190' title='bbox 3054 1394 3261 1450; x_wconf 89' lang='lat' dir='ltr'>Filium</span> <span class='ocrx_word' id='word_1_191' title='bbox 3309 1398 3465 1452; x_wconf 93' lang='lat' dir='ltr'>ﬁdeli</span> <span class='ocrx_word' id='word_1_192' title='bbox 3513 1400 3616 1454; x_wconf 87' lang='lat' dir='ltr'>de-</span> 
     </span>
    </p>
   </div>
   <div class='ocr_carea' id='block_1_29' title="bbox 1917 1479 3614 1548">
    <p class='ocr_par' dir='ltr' id='par_1_29' title="bbox 1917 1479 3614 1548">
     <span class='ocr_line' id='line_1_29' title="bbox 1917 1479 3614 1548; baseline 0.006 -18"><span class='ocrx_word' id='word_1_193' title='bbox 1917 1479 2147 1532; x_wconf 88' lang='lat' dir='ltr'>votione</span> <span class='ocrx_word' id='word_1_194' title='bbox 2203 1479 2575 1548; x_wconf 73' lang='lat' dir='ltr'>susciperent.</span> <span class='ocrx_word' id='word_1_195' title='bbox 2626 1480 2823 1533; x_wconf 88' lang='lat' dir='ltr'>Unde:</span> <span class='ocrx_word' id='word_1_196' title='bbox 2878 1483 3070 1535; x_wconf 86' lang='lat' dir='ltr'>Levate</span> <span class='ocrx_word' id='word_1_197' title='bbox 3100 1485 3275 1538; x_wconf 90' lang='lat' dir='ltr'>oculos</span> <span class='ocrx_word' id='word_1_198' title='bbox 3327 1491 3532 1540; x_wconf 83' lang='lat' dir='ltr'>vestros</span> <span class='ocrx_word' id='word_1_199' title='bbox 3563 1493 3614 1541; x_wconf 86' lang='lat' dir='ltr'>et</span> 
     </span>
    </p>
   </div>
   <div class='ocr_carea' id='block_1_30' title="bbox 1919 1568 3618 1644">
    <p class='ocr_par' dir='ltr' id='par_1_30' title="bbox 1919 1568 3618 1644">
     <span class='ocr_line' id='line_1_30' title="bbox 1919 1568 3618 1644; baseline 0.006 -25"><span class='ocrx_word' id='word_1_200' title='bbox 1919 1568 2091 1621; x_wconf 72' lang='lat' dir='ltr'>ridete</span> <span class='ocrx_word' id='word_1_201' title='bbox 2119 1570 2379 1635; x_wconf 78' lang='lat' dir='ltr'>regiones,</span> <span class='ocrx_word' id='word_1_202' title='bbox 2415 1572 2543 1635; x_wconf 83' lang='lat' dir='ltr'>quia</span> <span class='ocrx_word' id='word_1_203' title='bbox 2575 1569 2709 1621; x_wconf 71' lang='lat' dir='ltr'>alba:</span> <span class='ocrx_word' id='word_1_204' title='bbox 2733 1575 2859 1622; x_wconf 86' lang='lat' dir='ltr'>sunt</span> <span class='ocrx_word' id='word_1_205' title='bbox 2882 1571 3001 1637; x_wconf 85' lang='lat' dir='ltr'>jam</span> <span class='ocrx_word' id='word_1_206' title='bbox 3030 1571 3105 1624; x_wconf 89' lang='lat' dir='ltr'>ad</span> <span class='ocrx_word' id='word_1_207' title='bbox 3132 1588 3351 1627; x_wconf 81' lang='lat' dir='ltr'>messem</span> <span class='ocrx_word' id='word_1_208' title='bbox 3384 1591 3396 1628; x_wconf 92' lang='lat'>:</span> <span class='ocrx_word' id='word_1_209' title='bbox 3433 1581 3484 1628; x_wconf 86' lang='lat' dir='ltr'>et</span> <span class='ocrx_word' id='word_1_210' title='bbox 3520 1581 3618 1644; x_wconf 91' lang='lat' dir='ltr'>qui</span> 
     </span>
    </p>
   </div>
   <div class='ocr_carea' id='block_1_31' title="bbox 1917 1656 3613 1725">
    <p class='ocr_par' dir='ltr' id='par_1_31' title="bbox 1917 1656 3613 1725">
     <span class='ocr_line' id='line_1_31' title="bbox 1917 1656 3613 1725; baseline 0.005 -16"><span class='ocrx_word' id='word_1_211' title='bbox 1917 1660 2086 1721; x_wconf 84' lang='lat' dir='ltr'>metit,</span> <span class='ocrx_word' id='word_1_212' title='bbox 2122 1656 2410 1709; x_wconf 87' lang='lat' dir='ltr'>mercedem</span> <span class='ocrx_word' id='word_1_213' title='bbox 2438 1659 2637 1724; x_wconf 82' lang='lat' dir='ltr'>accipit</span> <span class='ocrx_word' id='word_1_214' title='bbox 2669 1674 2680 1709; x_wconf 93' lang='lat'>:</span> <span class='ocrx_word' id='word_1_215' title='bbox 2714 1662 2764 1709; x_wconf 84' lang='lat' dir='ltr'>et</span> <span class='ocrx_word' id='word_1_216' title='bbox 2811 1665 3097 1724; x_wconf 82' lang='lat' dir='ltr'>congregat</span> <span class='ocrx_word' id='word_1_217' title='bbox 3140 1664 3380 1725; x_wconf 79' lang='lat' dir='ltr'>fructum</span> <span class='ocrx_word' id='word_1_218' title='bbox 3424 1666 3484 1717; x_wconf 89' lang='lat' dir='ltr'>in</span> <span class='ocrx_word' id='word_1_219' title='bbox 3531 1670 3613 1718; x_wconf 81' lang='lat' dir='ltr'>vi-</span> 
     </span>
    </p>
   </div>
   <div class='ocr_carea' id='block_1_32' title="bbox 143 1744 3616 1822">
    <p class='ocr_par' dir='ltr' id='par_1_32' title="bbox 143 1744 3616 1822">
     <span class='ocr_line' id='line_1_32' title="bbox 143 1744 3616 1822; baseline 0 -18"><span class='ocrx_word' id='word_1_220' title='bbox 143 1750 538 1819; x_wconf 66' lang='lat' dir='ltr'>Superzdiﬁcati</span> <span class='ocrx_word' id='word_1_221' title='bbox 593 1764 756 1811; x_wconf 85' lang='lat' dir='ltr'>super</span> <span class='ocrx_word' id='word_1_222' title='bbox 816 1747 1235 1813; x_wconf 78' lang='lat' dir='ltr'>fundamentum</span> <span class='ocrx_word' id='word_1_223' title='bbox 1321 1745 1687 1815; x_wconf 78' lang='lat' dir='ltr'>apostolorum</span> <span class='ocrx_word' id='word_1_224' title='bbox 1756 1744 1807 1795; x_wconf 75' lang='lat' dir='ltr'>et</span> <span class='ocrx_word' id='word_1_225' title='bbox 1842 1768 1879 1819; x_wconf 73' lang='grc' dir='ltr'>Β</span> <span class='ocrx_word' id='word_1_226' title='bbox 1921 1750 2029 1798; x_wconf 90' lang='lat' dir='ltr'>tam</span> <span class='ocrx_word' id='word_1_227' title='bbox 2081 1749 2358 1811; x_wconf 62' lang='lat' dir='ltr'>aeternam,</span> <span class='ocrx_word' id='word_1_228' title='bbox 2406 1752 2465 1797; x_wconf 87' lang='lat' dir='ltr'>ut</span> <span class='ocrx_word' id='word_1_229' title='bbox 2514 1748 2609 1812; x_wconf 88' lang='lat' dir='ltr'>qui</span> <span class='ocrx_word' id='word_1_230' title='bbox 2648 1748 2877 1800; x_wconf 80' lang='lat' dir='ltr'>seminat</span> <span class='ocrx_word' id='word_1_231' title='bbox 2920 1748 3083 1801; x_wconf 84' lang='lat' dir='ltr'>simul</span> <span class='ocrx_word' id='word_1_232' title='bbox 3121 1750 3359 1814; x_wconf 80' lang='lat' dir='ltr'>gaudeat</span> <span class='ocrx_word' id='word_1_233' title='bbox 3415 1757 3467 1808; x_wconf 88' lang='lat' dir='ltr'>et</span> <span class='ocrx_word' id='word_1_234' title='bbox 3519 1756 3616 1822; x_wconf 88' lang='lat' dir='ltr'>qui</span> 
     </span>
    </p>
   </div>
   <div class='ocr_carea' id='block_1_33' title="bbox 141 1834 847 1907">
    <p class='ocr_par' dir='ltr' id='par_1_33' title="bbox 141 1834 847 1907">
     <span class='ocr_line' id='line_1_33' title="bbox 141 1834 847 1907; baseline 0 -18"><span class='ocrx_word' id='word_1_235' title='bbox 141 1839 492 1907; x_wconf 84' lang='lat' dir='ltr'>prophetarum</span> <span class='ocrx_word' id='word_1_236' title='bbox 512 1837 734 1905; x_wconf 85' lang='lat' dir='ltr'>(Ephes.</span> <span class='ocrx_word' id='word_1_237' title='bbox 769 1834 847 1904; x_wconf 79' lang='grc' dir='ltr'>ιι).</span> 
     </span>
    </p>
   </div>
   <div class='ocr_carea' id='block_1_34' title="bbox 198 1918 1805 1995">
    <p class='ocr_par' dir='ltr' id='par_1_34' title="bbox 198 1918 1805 1995">
     <span class='ocr_line' id='line_1_34' title="bbox 198 1918 1805 1995; baseline -0.006 -15"><span class='ocrx_word' id='word_1_238' title='bbox 198 1926 407 1995; x_wconf 82' lang='lat' dir='ltr'>Lapides</span> <span class='ocrx_word' id='word_1_239' title='bbox 436 1925 694 1993; x_wconf 74' lang='lat' dir='ltr'>grandes.</span> <span class='ocrx_word' id='word_1_240' title='bbox 725 1925 919 1994; x_wconf 69' lang='grc' dir='ltr'>(Βεωλ.</span> <span class='ocrx_word' id='word_1_241' title='bbox 940 1964 951 1981; x_wconf 89' lang='grc'><strong>.</strong></span> <span class='ocrx_word' id='word_1_242' title='bbox 984 1922 1145 1987; x_wconf 79' lang='lat' dir='ltr'>ibid,</span> <span class='ocrx_word' id='word_1_243' title='bbox 1180 1938 1308 1992; x_wconf 85' lang='lat' dir='ltr'>cap.</span> <span class='ocrx_word' id='word_1_244' title='bbox 1346 1922 1423 1989; x_wconf 75' lang='grc'>4.)</span> <span class='ocrx_word' id='word_1_245' title='bbox 1458 1920 1553 1973; x_wconf 87' lang='lat' dir='ltr'>Vel</span> <span class='ocrx_word' id='word_1_246' title='bbox 1586 1918 1805 1988; x_wconf 86' lang='lat' dir='ltr'>lapides</span> 
     </span>
    </p>
   </div>
   <div class='ocr_carea' id='block_1_35' title="bbox 143 2004 1806 2084">
    <p class='ocr_par' dir='ltr' id='par_1_35' title="bbox 143 2004 1806 2084">
     <span class='ocr_line' id='line_1_35' title="bbox 143 2004 1806 2084; baseline -0.006 -16"><span class='ocrx_word' id='word_1_247' title='bbox 143 2014 355 2084; x_wconf 87' lang='lat' dir='ltr'>pretiosi,</span> <span class='ocrx_word' id='word_1_248' title='bbox 389 2014 654 2083; x_wconf 78' lang='lat' dir='ltr'>grandes,</span> <span class='ocrx_word' id='word_1_249' title='bbox 681 2012 960 2083; x_wconf 86' lang='lat' dir='ltr'>quadrati,</span> <span class='ocrx_word' id='word_1_250' title='bbox 993 2011 1167 2081; x_wconf 90' lang='lat' dir='ltr'>primi</span> <span class='ocrx_word' id='word_1_251' title='bbox 1213 2015 1346 2063; x_wconf 87' lang='lat' dir='ltr'>sunt</span> <span class='ocrx_word' id='word_1_252' title='bbox 1392 2004 1672 2078; x_wconf 83' lang='lat' dir='ltr'>magistri,</span> <span class='ocrx_word' id='word_1_253' title='bbox 1706 2005 1806 2077; x_wconf 90' lang='lat' dir='ltr'>qui</span> 
     </span>
    </p>
   </div>
   <div class='ocr_carea' id='block_1_36' title="bbox 141 2095 1808 2171">
    <p class='ocr_par' dir='ltr' id='par_1_36' title="bbox 141 2095 1808 2171">
     <span class='ocr_line' id='line_1_36' title="bbox 141 2095 1808 2171; baseline -0.004 -17"><span class='ocrx_word' id='word_1_254' title='bbox 141 2102 194 2154; x_wconf 84' lang='lat' dir='ltr'>ab</span> <span class='ocrx_word' id='word_1_255' title='bbox 216 2102 324 2171; x_wconf 91' lang='lat' dir='ltr'>ipso</span> <span class='ocrx_word' id='word_1_256' title='bbox 356 2101 599 2155; x_wconf 88' lang='lat' dir='ltr'>Domino</span> <span class='ocrx_word' id='word_1_257' title='bbox 627 2101 859 2154; x_wconf 88' lang='lat' dir='ltr'>audiere</span> <span class='ocrx_word' id='word_1_258' title='bbox 904 2099 1137 2153; x_wconf 86' lang='lat' dir='ltr'>verbum</span> <span class='ocrx_word' id='word_1_259' title='bbox 1184 2099 1402 2151; x_wconf 88' lang='lat' dir='ltr'>salutis.</span> <span class='ocrx_word' id='word_1_260' title='bbox 1450 2095 1808 2166; x_wconf 85' lang='lat' dir='ltr'>Superpositi</span> 
     </span>
    </p>
   </div>
   <div class='ocr_carea' id='block_1_37' title="bbox 140 2189 1807 2260">
    <p class='ocr_par' dir='ltr' id='par_1_37' title="bbox 140 2189 1807 2260">
     <span class='ocr_line' id='line_1_37' title="bbox 140 2189 1807 2260; baseline -0.002 -21"><span class='ocrx_word' id='word_1_261' title='bbox 140 2206 245 2242; x_wconf 83' lang='lat' dir='ltr'>vero</span> <span class='ocrx_word' id='word_1_262' title='bbox 273 2190 499 2244; x_wconf 87' lang='lat' dir='ltr'>ordines</span> <span class='ocrx_word' id='word_1_263' title='bbox 528 2189 781 2260; x_wconf 87' lang='lat' dir='ltr'>lapidum</span> <span class='ocrx_word' id='word_1_264' title='bbox 815 2189 901 2241; x_wconf 86' lang='lat' dir='ltr'>vel</span> <span class='ocrx_word' id='word_1_265' title='bbox 928 2189 1219 2257; x_wconf 89' lang='lat' dir='ltr'>lignorum</span> <span class='ocrx_word' id='word_1_266' title='bbox 1268 2191 1575 2256; x_wconf 89' lang='lat' dir='ltr'>sequentes</span> <span class='ocrx_word' id='word_1_267' title='bbox 1623 2200 1807 2237; x_wconf 89' lang='lat' dir='ltr'>sacer-</span> 
     </span>
    </p>
   </div>
   <div class='ocr_carea' id='block_1_38' title="bbox 140 2272 1805 2347">
    <p class='ocr_par' dir='ltr' id='par_1_38' title="bbox 140 2272 1805 2347">
     <span class='ocr_line' id='line_1_38' title="bbox 140 2272 1805 2347; baseline -0.004 -16"><span class='ocrx_word' id='word_1_268' title='bbox 140 2278 269 2331; x_wconf 90' lang='lat' dir='ltr'>dotes</span> <span class='ocrx_word' id='word_1_269' title='bbox 297 2280 375 2333; x_wconf 89' lang='lat' dir='ltr'>vel</span> <span class='ocrx_word' id='word_1_270' title='bbox 410 2279 687 2339; x_wconf 88' lang='lat' dir='ltr'>doctores,</span> <span class='ocrx_word' id='word_1_271' title='bbox 714 2293 962 2347; x_wconf 85' lang='lat' dir='ltr'>quorum</span> <span class='ocrx_word' id='word_1_272' title='bbox 997 2276 1404 2346; x_wconf 78' lang='lat' dir='ltr'>praedicatione</span> <span class='ocrx_word' id='word_1_273' title='bbox 1458 2272 1660 2327; x_wconf 88' lang='lat' dir='ltr'>crescit</span> <span class='ocrx_word' id='word_1_274' title='bbox 1708 2273 1805 2326; x_wconf 86' lang='lat' dir='ltr'>Ec-</span> 
     </span>
    </p>
   </div>
   <div class='ocr_carea' id='block_1_39' title="bbox 142 2365 987 2420">
    <p class='ocr_par' dir='ltr' id='par_1_39' title="bbox 142 2365 987 2420">
     <span class='ocr_line' id='line_1_39' title="bbox 142 2365 987 2420; baseline 0.001 -3"><span class='ocrx_word' id='word_1_275' title='bbox 142 2367 276 2419; x_wconf 87' lang='lat' dir='ltr'>clesia</span> <span class='ocrx_word' id='word_1_276' title='bbox 310 2372 361 2420; x_wconf 91' lang='lat' dir='ltr'>et</span> <span class='ocrx_word' id='word_1_277' title='bbox 392 2372 637 2420; x_wconf 85' lang='lat' dir='ltr'>ornatur</span> <span class='ocrx_word' id='word_1_278' title='bbox 664 2365 987 2419; x_wconf 85' lang='lat' dir='ltr'>virtutibus.</span> 
     </span>
    </p>
   </div>
   <div class='ocr_carea' id='block_1_40' title="bbox 200 2447 1805 2525">
    <p class='ocr_par' dir='ltr' id='par_1_40' title="bbox 200 2447 1805 2525">
     <span class='ocr_line' id='line_1_40' title="bbox 200 2447 1805 2525; baseline -0.007 -15"><span class='ocrx_word' id='word_1_279' title='bbox 200 2457 340 2521; x_wconf 75' lang='lat' dir='ltr'>(BAB.</span> <span class='ocrx_word' id='word_1_280' title='bbox 377 2471 444 2509; x_wconf 80' lang='lat' dir='ltr'>ex</span> <span class='ocrx_word' id='word_1_281' title='bbox 485 2454 643 2525; x_wconf 88' lang='lat' dir='ltr'>Bed.)</span> <span class='ocrx_word' id='word_1_282' title='bbox 696 2454 858 2518; x_wconf 90' lang='lat' dir='ltr'>Quali</span> <span class='ocrx_word' id='word_1_283' title='bbox 917 2458 1104 2506; x_wconf 87' lang='lat' dir='ltr'>autem</span> <span class='ocrx_word' id='word_1_284' title='bbox 1154 2452 1344 2506; x_wconf 85' lang='lat' dir='ltr'>colore</span> <span class='ocrx_word' id='word_1_285' title='bbox 1384 2451 1615 2505; x_wconf 86' lang='lat' dir='ltr'>fuerunt</span> <span class='ocrx_word' id='word_1_286' title='bbox 1662 2447 1805 2519; x_wconf 86' lang='lat' dir='ltr'>lapi-</span> 
     </span>
    </p>
   </div>
   <div class='ocr_carea' id='block_1_41' title="bbox 144 2541 1804 2613">
    <p class='ocr_par' dir='ltr' id='par_1_41' title="bbox 144 2541 1804 2613">
     <span class='ocr_line' id='line_1_41' title="bbox 144 2541 1804 2613; baseline -0.004 -18"><span class='ocrx_word' id='word_1_287' title='bbox 144 2544 235 2609; x_wconf 82' lang='lat' dir='ltr'>des,</span> <span class='ocrx_word' id='word_1_288' title='bbox 264 2550 385 2606; x_wconf 89' lang='lat' dir='ltr'>etc.,</span> <span class='ocrx_word' id='word_1_289' title='bbox 414 2560 589 2613; x_wconf 88' lang='lat' dir='ltr'>usque</span> <span class='ocrx_word' id='word_1_290' title='bbox 620 2543 694 2596; x_wconf 89' lang='lat' dir='ltr'>ad</span> <span class='ocrx_word' id='word_1_291' title='bbox 719 2558 970 2596; x_wconf 87' lang='lat' dir='ltr'>marmor</span> <span class='ocrx_word' id='word_1_292' title='bbox 1014 2541 1319 2595; x_wconf 87' lang='lat' dir='ltr'>candidum</span> <span class='ocrx_word' id='word_1_293' title='bbox 1371 2555 1436 2592; x_wconf 88' lang='lat' dir='ltr'>ex</span> <span class='ocrx_word' id='word_1_294' title='bbox 1487 2554 1600 2609; x_wconf 89' lang='lat' dir='ltr'>quo</span> <span class='ocrx_word' id='word_1_295' title='bbox 1668 2552 1804 2589; x_wconf 89' lang='lat' dir='ltr'>con-</span> 
     </span>
    </p>
   </div>
   <div class='ocr_carea' id='block_1_42' title="bbox 141 2626 1807 2697">
    <p class='ocr_par' dir='ltr' id='par_1_42' title="bbox 141 2626 1807 2697">
     <span class='ocr_line' id='line_1_42' title="bbox 141 2626 1807 2697; baseline -0.004 -14"><span class='ocrx_word' id='word_1_296' title='bbox 141 2637 315 2686; x_wconf 82' lang='lat' dir='ltr'>structa</span> <span class='ocrx_word' id='word_1_297' title='bbox 343 2639 425 2687; x_wconf 90' lang='lat' dir='ltr'>est</span> <span class='ocrx_word' id='word_1_298' title='bbox 449 2634 660 2687; x_wconf 89' lang='lat' dir='ltr'>domus</span> <span class='ocrx_word' id='word_1_299' title='bbox 701 2632 1035 2697; x_wconf 89' lang='lat' dir='ltr'>electorum,</span> <span class='ocrx_word' id='word_1_300' title='bbox 1089 2630 1373 2683; x_wconf 87' lang='lat' dir='ltr'>actionem</span> <span class='ocrx_word' id='word_1_301' title='bbox 1422 2626 1697 2679; x_wconf 89' lang='lat' dir='ltr'>mundam</span> <span class='ocrx_word' id='word_1_302' title='bbox 1750 2629 1807 2677; x_wconf 92' lang='lat' dir='ltr'>et</span> 
     </span>
    </p>
   </div>
   <div class='ocr_carea' id='block_1_43' title="bbox 139 2714 1803 2788">
    <p class='ocr_par' dir='ltr' id='par_1_43' title="bbox 139 2714 1803 2788">
     <span class='ocr_line' id='line_1_43' title="bbox 139 2714 1803 2788; baseline -0.004 -16"><span class='ocrx_word' id='word_1_303' title='bbox 139 2722 503 2775; x_wconf 80' lang='lat' dir='ltr'>conscientiam</span> <span class='ocrx_word' id='word_1_304' title='bbox 537 2723 609 2776; x_wconf 88' lang='lat' dir='ltr'>ab</span> <span class='ocrx_word' id='word_1_305' title='bbox 662 2721 821 2775; x_wconf 91' lang='lat' dir='ltr'>omni</span> <span class='ocrx_word' id='word_1_306' title='bbox 870 2736 991 2773; x_wconf 64' lang='lat' dir='ltr'>aevo</span> <span class='ocrx_word' id='word_1_307' title='bbox 1038 2717 1428 2788; x_wconf 90' lang='lat' dir='ltr'>corruptionis</span> <span class='ocrx_word' id='word_1_308' title='bbox 1470 2714 1803 2784; x_wconf 87' lang='lat' dir='ltr'>castigatam</span> 
     </span>
    </p>
   </div>
   <div class='ocr_carea' id='block_1_44' title="bbox 140 2805 1801 2878">
    <p class='ocr_par' dir='ltr' id='par_1_44' title="bbox 140 2805 1801 2878">
     <span class='ocr_line' id='line_1_44' title="bbox 140 2805 1801 2878; baseline -0.002 -19"><span class='ocrx_word' id='word_1_309' title='bbox 140 2808 413 2878; x_wconf 84' lang='lat' dir='ltr'>signiﬁcat;</span> <span class='ocrx_word' id='word_1_310' title='bbox 452 2810 656 2864; x_wconf 89' lang='lat' dir='ltr'>unde:</span> <span class='ocrx_word' id='word_1_311' title='bbox 710 2809 1028 2864; x_wconf 85' lang='lat' dir='ltr'>Mundemus</span> <span class='ocrx_word' id='word_1_312' title='bbox 1086 2822 1180 2861; x_wconf 89' lang='lat' dir='ltr'>nos</span> <span class='ocrx_word' id='word_1_313' title='bbox 1230 2806 1297 2860; x_wconf 89' lang='lat' dir='ltr'>ab</span> <span class='ocrx_word' id='word_1_314' title='bbox 1343 2807 1489 2859; x_wconf 89' lang='lat' dir='ltr'>omni</span> <span class='ocrx_word' id='word_1_315' title='bbox 1533 2805 1801 2872; x_wconf 84' lang='lat' dir='ltr'>inquina-</span> 
     </span>
    </p>
   </div>
   <div class='ocr_carea' id='block_1_45' title="bbox 138 2898 845 2967">
    <p class='ocr_par' dir='ltr' id='par_1_45' title="bbox 138 2898 845 2967">
     <span class='ocr_line' id='line_1_45' title="bbox 138 2898 845 2967; baseline 0.001 -19"><span class='ocrx_word' id='word_1_316' title='bbox 138 2903 291 2964; x_wconf 79' lang='lat' dir='ltr'>mento,</span> <span class='ocrx_word' id='word_1_317' title='bbox 320 2903 417 2952; x_wconf 89' lang='lat' dir='ltr'>etc.</span> <span class='ocrx_word' id='word_1_318' title='bbox 457 2899 542 2967; x_wconf 86' lang='lat' dir='ltr'>(II</span> <span class='ocrx_word' id='word_1_319' title='bbox 573 2899 691 2954; x_wconf 85' lang='lat' dir='ltr'>Cor.</span> <span class='ocrx_word' id='word_1_320' title='bbox 726 2898 845 2965; x_wconf 76' lang='lat' dir='ltr'>vn).</span> 
     </span>
    </p>
   </div>
   <div class='ocr_carea' id='block_1_46' title="bbox 193 2982 1802 3054">
    <p class='ocr_par' dir='ltr' id='par_1_46' title="bbox 193 2982 1802 3054">
     <span class='ocr_line' id='line_1_46' title="bbox 193 2982 1802 3054; baseline -0.005 -15"><span class='ocrx_word' id='word_1_321' title='bbox 193 2988 240 3039; x_wconf 85' lang='lat' dir='ltr'>In</span> <span class='ocrx_word' id='word_1_322' title='bbox 256 2988 666 3052; x_wconf 83' lang='lat' dir='ltr'>fundamentum</span> <span class='ocrx_word' id='word_1_323' title='bbox 696 2987 894 3054; x_wconf 85' lang='lat' dir='ltr'>templi.</span> <span class='ocrx_word' id='word_1_324' title='bbox 932 2986 1103 3051; x_wconf 78' lang='lat' dir='ltr'>(BEDA</span> <span class='ocrx_word' id='word_1_325' title='bbox 1150 2982 1312 3052; x_wconf 84' lang='lat' dir='ltr'>ibid.)</span> <span class='ocrx_word' id='word_1_326' title='bbox 1348 2982 1802 3036; x_wconf 74' lang='lat' dir='ltr'>Fundamentum</span> 
     </span>
    </p>
   </div>
   <div class='ocr_carea' id='block_1_47' title="bbox 1918 1832 3615 1901">
    <p class='ocr_par' dir='ltr' id='par_1_47' title="bbox 1918 1832 3615 1901">
     <span class='ocr_line' id='line_1_47' title="bbox 1918 1832 3615 1901; baseline 0.005 -15"><span class='ocrx_word' id='word_1_327' title='bbox 1918 1836 2068 1886; x_wconf 88' lang='lat' dir='ltr'>metit</span> <span class='ocrx_word' id='word_1_328' title='bbox 2095 1832 2268 1901; x_wconf 80' lang='lat' dir='ltr'>(Joan.</span> <span class='ocrx_word' id='word_1_329' title='bbox 2317 1832 2411 1901; x_wconf 81' lang='lat' dir='ltr'>v1).</span> <span class='ocrx_word' id='word_1_330' title='bbox 2456 1832 2617 1895; x_wconf 86' lang='lat' dir='ltr'>Quod</span> <span class='ocrx_word' id='word_1_331' title='bbox 2658 1833 2836 1887; x_wconf 89' lang='lat' dir='ltr'>dicit:</span> <span class='ocrx_word' id='word_1_332' title='bbox 2893 1836 3094 1889; x_wconf 88' lang='lat' dir='ltr'>Levate</span> <span class='ocrx_word' id='word_1_333' title='bbox 3153 1838 3345 1892; x_wconf 91' lang='lat' dir='ltr'>oculos</span> <span class='ocrx_word' id='word_1_334' title='bbox 3398 1845 3615 1894; x_wconf 87' lang='lat' dir='ltr'>vestros</span> 
     </span>
    </p>
   </div>
   <div class='ocr_carea' id='block_1_48' title="bbox 1916 1912 3612 1990">
    <p class='ocr_par' dir='ltr' id='par_1_48' title="bbox 1916 1912 3612 1990">
     <span class='ocr_line' id='line_1_48' title="bbox 1916 1912 3612 1990; baseline 0.005 -16"><span class='ocrx_word' id='word_1_335' title='bbox 1916 1925 1973 1974; x_wconf 90' lang='lat' dir='ltr'>et</span> <span class='ocrx_word' id='word_1_336' title='bbox 2002 1919 2183 1973; x_wconf 86' lang='lat' dir='ltr'>videte</span> <span class='ocrx_word' id='word_1_337' title='bbox 2215 1921 2398 1973; x_wconf 90' lang='lat' dir='ltr'>locum</span> <span class='ocrx_word' id='word_1_338' title='bbox 2431 1921 2531 1990; x_wconf 90' lang='lat' dir='ltr'>qui</span> <span class='ocrx_word' id='word_1_339' title='bbox 2562 1912 2796 1988; x_wconf 64' lang='lat' dir='ltr'>paratus</span> <span class='ocrx_word' id='word_1_340' title='bbox 2823 1928 2906 1975; x_wconf 91' lang='lat' dir='ltr'>est</span> <span class='ocrx_word' id='word_1_341' title='bbox 2947 1923 3017 1977; x_wconf 89' lang='lat' dir='ltr'>ad</span> <span class='ocrx_word' id='word_1_342' title='bbox 3065 1924 3463 1981; x_wconf 75' lang='lat' dir='ltr'>aediﬁcandam</span> <span class='ocrx_word' id='word_1_343' title='bbox 3508 1930 3612 1983; x_wconf 90' lang='lat' dir='ltr'>do-</span> 
     </span>
    </p>
   </div>
   <div class='ocr_carea' id='block_1_49' title="bbox 1915 2007 3612 2088">
    <p class='ocr_par' dir='ltr' id='par_1_49' title="bbox 1915 2007 3612 2088">
     <span class='ocr_line' id='line_1_49' title="bbox 1915 2007 3612 2088; baseline 0.005 -26"><span class='ocrx_word' id='word_1_344' title='bbox 1915 2023 2096 2072; x_wconf 90' lang='lat' dir='ltr'>mum,</span> <span class='ocrx_word' id='word_1_345' title='bbox 2142 2012 2198 2060; x_wconf 88' lang='lat' dir='ltr'>et</span> <span class='ocrx_word' id='word_1_346' title='bbox 2248 2007 2346 2077; x_wconf 86' lang='lat' dir='ltr'>qui</span> <span class='ocrx_word' id='word_1_347' title='bbox 2386 2008 2631 2062; x_wconf 67' lang='lat' dir='ltr'>aediﬁcat</span> <span class='ocrx_word' id='word_1_348' title='bbox 2683 2009 2961 2078; x_wconf 90' lang='lat' dir='ltr'>docendo,</span> <span class='ocrx_word' id='word_1_349' title='bbox 3015 2014 3337 2068; x_wconf 90' lang='lat' dir='ltr'>mercedem</span> <span class='ocrx_word' id='word_1_350' title='bbox 3387 2016 3612 2088; x_wconf 89' lang='lat' dir='ltr'>accipit,</span> 
     </span>
    </p>
   </div>
   <div class='ocr_carea' id='block_1_50' title="bbox 1917 2096 3609 2168">
    <p class='ocr_par' dir='ltr' id='par_1_50' title="bbox 1917 2096 3609 2168">
     <span class='ocr_line' id='line_1_50' title="bbox 1917 2096 3609 2168; baseline 0.008 -20"><span class='ocrx_word' id='word_1_351' title='bbox 1917 2100 1972 2148; x_wconf 89' lang='lat' dir='ltr'>et</span> <span class='ocrx_word' id='word_1_352' title='bbox 2008 2100 2317 2165; x_wconf 82' lang='lat' dir='ltr'>congregat</span> <span class='ocrx_word' id='word_1_353' title='bbox 2363 2096 2580 2166; x_wconf 91' lang='lat' dir='ltr'>lapides</span> <span class='ocrx_word' id='word_1_354' title='bbox 2629 2098 2906 2168; x_wconf 90' lang='lat' dir='ltr'>pretiosos</span> <span class='ocrx_word' id='word_1_355' title='bbox 2950 2101 3010 2153; x_wconf 89' lang='lat' dir='ltr'>in</span> <span class='ocrx_word' id='word_1_356' title='bbox 3061 2102 3231 2157; x_wconf 88' lang='lat' dir='ltr'>vitam</span> <span class='ocrx_word' id='word_1_357' title='bbox 3287 2108 3609 2161; x_wconf 65' lang='lat' dir='ltr'>aeternam:</span> 
     </span>
    </p>
   </div>
   <div class='ocr_carea' id='block_1_51' title="bbox 1920 2186 3614 2268">
    <p class='ocr_par' dir='ltr' id='par_1_51' title="bbox 1920 2186 3614 2268">
     <span class='ocr_line' id='line_1_51' title="bbox 1920 2186 3614 2268; baseline 0.008 -30"><span class='ocrx_word' id='word_1_358' title='bbox 1920 2190 1976 2238; x_wconf 88' lang='lat' dir='ltr'>ut</span> <span class='ocrx_word' id='word_1_359' title='bbox 2009 2190 2064 2239; x_wconf 92' lang='lat' dir='ltr'>et</span> <span class='ocrx_word' id='word_1_360' title='bbox 2090 2186 2188 2256; x_wconf 89' lang='lat' dir='ltr'>qui</span> <span class='ocrx_word' id='word_1_361' title='bbox 2216 2191 2379 2255; x_wconf 89' lang='lat' dir='ltr'>parat</span> <span class='ocrx_word' id='word_1_362' title='bbox 2411 2187 2599 2239; x_wconf 88' lang='lat' dir='ltr'>locum</span> <span class='ocrx_word' id='word_1_363' title='bbox 2631 2188 2871 2242; x_wconf 65' lang='lat' dir='ltr'>aediﬁcio</span> <span class='ocrx_word' id='word_1_364' title='bbox 2899 2190 3068 2245; x_wconf 90' lang='lat' dir='ltr'>simul</span> <span class='ocrx_word' id='word_1_365' title='bbox 3118 2194 3364 2262; x_wconf 85' lang='lat' dir='ltr'>gaudeat</span> <span class='ocrx_word' id='word_1_366' title='bbox 3409 2202 3466 2251; x_wconf 91' lang='lat' dir='ltr'>et</span> <span class='ocrx_word' id='word_1_367' title='bbox 3515 2199 3614 2268; x_wconf 88' lang='lat' dir='ltr'>qui</span> 
     </span>
    </p>
   </div>
   <div class='ocr_carea' id='block_1_52' title="bbox 1917 2274 3616 2351">
    <p class='ocr_par' dir='ltr' id='par_1_52' title="bbox 1917 2274 3616 2351">
     <span class='ocr_line' id='line_1_52' title="bbox 1917 2274 3616 2351; baseline 0.009 -25"><span class='ocrx_word' id='word_1_368' title='bbox 1917 2274 2178 2339; x_wconf 68' lang='lat' dir='ltr'>aediﬁcat,</span> <span class='ocrx_word' id='word_1_369' title='bbox 2238 2274 2296 2327; x_wconf 92' lang='lat' dir='ltr'>id</span> <span class='ocrx_word' id='word_1_370' title='bbox 2345 2280 2430 2328; x_wconf 88' lang='lat' dir='ltr'>est</span> <span class='ocrx_word' id='word_1_371' title='bbox 2476 2276 2753 2344; x_wconf 83' lang='lat' dir='ltr'>propheta</span> <span class='ocrx_word' id='word_1_372' title='bbox 2814 2286 3117 2334; x_wconf 85' lang='lat' dir='ltr'>venturum</span> <span class='ocrx_word' id='word_1_373' title='bbox 3182 2284 3515 2351; x_wconf 71' lang='lat' dir='ltr'>praedicens,</span> <span class='ocrx_word' id='word_1_374' title='bbox 3560 2292 3616 2341; x_wconf 89' lang='lat' dir='ltr'>et</span> 
     </span>
    </p>
   </div>
   <div class='ocr_carea' id='block_1_53' title="bbox 1916 2362 3613 2437">
    <p class='ocr_par' dir='ltr' id='par_1_53' title="bbox 1916 2362 3613 2437">
     <span class='ocr_line' id='line_1_53' title="bbox 1916 2362 3613 2437; baseline 0.009 -23"><span class='ocrx_word' id='word_1_375' title='bbox 1916 2364 2206 2431; x_wconf 86' lang='lat' dir='ltr'>apostolus</span> <span class='ocrx_word' id='word_1_376' title='bbox 2236 2362 2551 2432; x_wconf 71' lang='lat' dir='ltr'>prmdicans</span> <span class='ocrx_word' id='word_1_377' title='bbox 2578 2364 2883 2418; x_wconf 89' lang='lat' dir='ltr'>Dominum</span> <span class='ocrx_word' id='word_1_378' title='bbox 2913 2367 3260 2437; x_wconf 78' lang='lat' dir='ltr'>venientem,</span> <span class='ocrx_word' id='word_1_379' title='bbox 3299 2388 3411 2426; x_wconf 90' lang='lat' dir='ltr'>una</span> <span class='ocrx_word' id='word_1_380' title='bbox 3439 2374 3613 2428; x_wconf 90' lang='lat' dir='ltr'>simul</span> 
     </span>
    </p>
   </div>
   <div class='ocr_carea' id='block_1_54' title="bbox 1915 2451 2517 2521">
    <p class='ocr_par' dir='ltr' id='par_1_54' title="bbox 1915 2451 2517 2521">
     <span class='ocr_line' id='line_1_54' title="bbox 1915 2451 2517 2521; baseline 0.003 -18"><span class='ocrx_word' id='word_1_381' title='bbox 1915 2451 2174 2517; x_wconf 84' lang='lat' dir='ltr'>mercede</span> <span class='ocrx_word' id='word_1_382' title='bbox 2204 2452 2517 2521; x_wconf 89' lang='lat' dir='ltr'>potiantur.</span> 
     </span>
    </p>
   </div>
   <div class='ocr_carea' id='block_1_55' title="bbox 1986 2539 3609 2619">
    <p class='ocr_par' dir='ltr' id='par_1_55' title="bbox 1986 2539 3609 2619">
     <span class='ocr_line' id='line_1_55' title="bbox 1986 2539 3609 2619; baseline 0.007 -28"><span class='ocrx_word' id='word_1_383' title='bbox 1986 2540 2056 2592; x_wconf 91' lang='lat' dir='ltr'>In</span> <span class='ocrx_word' id='word_1_384' title='bbox 2097 2539 2453 2607; x_wconf 82' lang='lat' dir='ltr'>longitudine,</span> <span class='ocrx_word' id='word_1_385' title='bbox 2504 2544 2607 2594; x_wconf 91' lang='lat' dir='ltr'>etc.</span> <span class='ocrx_word' id='word_1_386' title='bbox 2654 2541 2970 2608; x_wconf 80' lang='lat' dir='ltr'>Longitudo</span> <span class='ocrx_word' id='word_1_387' title='bbox 3015 2544 3220 2599; x_wconf 91' lang='lat' dir='ltr'>domus</span> <span class='ocrx_word' id='word_1_388' title='bbox 3268 2547 3609 2619; x_wconf 85' lang='lat' dir='ltr'>longanimi-</span> 
     </span>
    </p>
   </div>
   <div class='ocr_carea' id='block_1_56' title="bbox 1916 2627 3608 2700">
    <p class='ocr_par' dir='ltr' id='par_1_56' title="bbox 1916 2627 3608 2700">
     <span class='ocr_line' id='line_1_56' title="bbox 1916 2627 3608 2700; baseline 0.007 -20"><span class='ocrx_word' id='word_1_389' title='bbox 1916 2632 2091 2681; x_wconf 91' lang='lat' dir='ltr'>tatem</span> <span class='ocrx_word' id='word_1_390' title='bbox 2125 2627 2383 2681; x_wconf 71' lang='lat' dir='ltr'>Ecclesia:</span> <span class='ocrx_word' id='word_1_391' title='bbox 2413 2628 2714 2697; x_wconf 88' lang='lat' dir='ltr'>signiﬁcat,</span> <span class='ocrx_word' id='word_1_392' title='bbox 2767 2646 2880 2700; x_wconf 89' lang='lat' dir='ltr'>qua</span> <span class='ocrx_word' id='word_1_393' title='bbox 2918 2632 3203 2700; x_wconf 88' lang='lat' dir='ltr'>patienter</span> <span class='ocrx_word' id='word_1_394' title='bbox 3251 2636 3483 2691; x_wconf 89' lang='lat' dir='ltr'>adversa</span> <span class='ocrx_word' id='word_1_395' title='bbox 3518 2642 3608 2692; x_wconf 86' lang='lat' dir='ltr'>to-</span> 
     </span>
    </p>
   </div>
   <div class='ocr_carea' id='block_1_57' title="bbox 1914 2716 3607 2787">
    <p class='ocr_par' dir='ltr' id='par_1_57' title="bbox 1914 2716 3607 2787">
     <span class='ocr_line' id='line_1_57' title="bbox 1914 2716 3607 2787; baseline 0.004 -19"><span class='ocrx_word' id='word_1_396' title='bbox 1914 2716 2075 2778; x_wconf 91' lang='lat' dir='ltr'>lerat,</span> <span class='ocrx_word' id='word_1_397' title='bbox 2128 2716 2311 2770; x_wconf 91' lang='lat' dir='ltr'>donec</span> <span class='ocrx_word' id='word_1_398' title='bbox 2353 2716 2423 2769; x_wconf 91' lang='lat' dir='ltr'>ad</span> <span class='ocrx_word' id='word_1_399' title='bbox 2469 2717 2714 2786; x_wconf 88' lang='lat' dir='ltr'>patriam</span> <span class='ocrx_word' id='word_1_400' title='bbox 2762 2719 3079 2787; x_wconf 87' lang='lat' dir='ltr'>perveniat.</span> <span class='ocrx_word' id='word_1_401' title='bbox 3133 2720 3258 2774; x_wconf 64' lang='lat' dir='ltr'>Haec</span> <span class='ocrx_word' id='word_1_402' title='bbox 3307 2726 3393 2775; x_wconf 91' lang='lat' dir='ltr'>est</span> <span class='ocrx_word' id='word_1_403' title='bbox 3447 2737 3607 2775; x_wconf 86' lang='lat' dir='ltr'>sexa-</span> 
     </span>
    </p>
   </div>
   <div class='ocr_carea' id='block_1_58' title="bbox 1913 2803 3607 2877">
    <p class='ocr_par' dir='ltr' id='par_1_58' title="bbox 1913 2803 3607 2877">
     <span class='ocr_line' id='line_1_58' title="bbox 1913 2803 3607 2877; baseline 0.005 -21"><span class='ocrx_word' id='word_1_404' title='bbox 1913 2803 2073 2873; x_wconf 88' lang='lat' dir='ltr'>ginta</span> <span class='ocrx_word' id='word_1_405' title='bbox 2104 2803 2449 2869; x_wconf 89' lang='lat' dir='ltr'>cubitorum,</span> <span class='ocrx_word' id='word_1_406' title='bbox 2491 2803 2626 2875; x_wconf 89' lang='lat' dir='ltr'>quia</span> <span class='ocrx_word' id='word_1_407' title='bbox 2674 2806 2933 2858; x_wconf 89' lang='lat' dir='ltr'>senarius</span> <span class='ocrx_word' id='word_1_408' title='bbox 2979 2807 3389 2877; x_wconf 85' lang='lat' dir='ltr'>perfectionem</span> <span class='ocrx_word' id='word_1_409' title='bbox 3427 2810 3607 2864; x_wconf 90' lang='lat' dir='ltr'>bono-</span> 
     </span>
    </p>
   </div>
   <div class='ocr_carea' id='block_1_59' title="bbox 1912 2893 3609 2969">
    <p class='ocr_par' dir='ltr' id='par_1_59' title="bbox 1912 2893 3609 2969">
     <span class='ocr_line' id='line_1_59' title="bbox 1912 2893 3609 2969; baseline 0.004 -23"><span class='ocrx_word' id='word_1_410' title='bbox 1912 2910 2041 2946; x_wconf 90' lang='lat' dir='ltr'>rum</span> <span class='ocrx_word' id='word_1_411' title='bbox 2068 2909 2308 2963; x_wconf 89' lang='lat' dir='ltr'>operum</span> <span class='ocrx_word' id='word_1_412' title='bbox 2340 2893 2619 2963; x_wconf 89' lang='lat' dir='ltr'>signiﬁcat</span> <span class='ocrx_word' id='word_1_413' title='bbox 2643 2912 2659 2958; x_wconf 90' lang='lat'><strong><em>;</em></strong></span> <span class='ocrx_word' id='word_1_414' title='bbox 2693 2894 2829 2965; x_wconf 91' lang='lat' dir='ltr'>quia</span> <span class='ocrx_word' id='word_1_415' title='bbox 2857 2894 3128 2949; x_wconf 91' lang='lat' dir='ltr'>debemus</span> <span class='ocrx_word' id='word_1_416' title='bbox 3147 2898 3609 2969; x_wconf 87' lang='lat' dir='ltr'>perlonganimi-</span> 
     </span>
    </p>
   </div>
   <div class='ocr_carea' id='block_1_60' title="bbox 1912 2980 3605 3058">
    <p class='ocr_par' dir='ltr' id='par_1_60' title="bbox 1912 2980 3605 3058">
     <span class='ocr_line' id='line_1_60' title="bbox 1912 2980 3605 3058; baseline 0.005 -24"><span class='ocrx_word' id='word_1_417' title='bbox 1912 2986 2087 3034; x_wconf 87' lang='lat' dir='ltr'>tatem</span> <span class='ocrx_word' id='word_1_418' title='bbox 2117 2980 2194 3034; x_wconf 91' lang='lat' dir='ltr'>ita</span> <span class='ocrx_word' id='word_1_419' title='bbox 2220 2981 2454 3035; x_wconf 87' lang='lat' dir='ltr'>adversa</span> <span class='ocrx_word' id='word_1_420' title='bbox 2486 2981 2750 3050; x_wconf 89' lang='lat' dir='ltr'>tolerare,</span> <span class='ocrx_word' id='word_1_421' title='bbox 2786 2986 2847 3036; x_wconf 93' lang='lat' dir='ltr'>ut</span> <span class='ocrx_word' id='word_1_422' title='bbox 2877 3000 2981 3054; x_wconf 90' lang='lat' dir='ltr'>per</span> <span class='ocrx_word' id='word_1_423' title='bbox 3000 2984 3149 3038; x_wconf 89' lang='lat' dir='ltr'>bona</span> <span class='ocrx_word' id='word_1_424' title='bbox 3172 3003 3345 3057; x_wconf 89' lang='lat' dir='ltr'>opera</span> <span class='ocrx_word' id='word_1_425' title='bbox 3365 2987 3605 3058; x_wconf 86' lang='lat' dir='ltr'>promis-</span> 
     </span>
    </p>
   </div>
   <div class='ocr_carea' id='block_1_61' title="bbox 136 3067 2924 3143">
    <p class='ocr_par' dir='ltr' id='par_1_61' title="bbox 136 3067 2924 3143">
     <span class='ocr_line' id='line_1_61' title="bbox 136 3067 2924 3143; baseline 0.001 -19"><span class='ocrx_word' id='word_1_426' title='bbox 136 3080 201 3126; x_wconf 87' lang='lat' dir='ltr'>est</span> <span class='ocrx_word' id='word_1_427' title='bbox 226 3076 486 3141; x_wconf 87' lang='lat' dir='ltr'>Christus,</span> <span class='ocrx_word' id='word_1_428' title='bbox 524 3080 658 3141; x_wconf 89' lang='lat' dir='ltr'>etc.,</span> <span class='ocrx_word' id='word_1_429' title='bbox 688 3090 859 3143; x_wconf 87' lang='lat' dir='ltr'>usque</span> <span class='ocrx_word' id='word_1_430' title='bbox 896 3074 969 3127; x_wconf 90' lang='lat' dir='ltr'>ad</span> <span class='ocrx_word' id='word_1_431' title='bbox 1000 3079 1063 3126; x_wconf 89' lang='lat' dir='ltr'>ut</span> <span class='ocrx_word' id='word_1_432' title='bbox 1110 3072 1343 3142; x_wconf 89' lang='lat' dir='ltr'>abjectis</span> <span class='ocrx_word' id='word_1_433' title='bbox 1386 3071 1592 3134; x_wconf 84' lang='lat' dir='ltr'>verbis,</span> <span class='ocrx_word' id='word_1_434' title='bbox 1642 3067 1803 3123; x_wconf 86' lang='lat' dir='ltr'>factis</span> <span class='ocrx_word' id='word_1_435' title='bbox 1846 3142 1857 3143; x_wconf 15' lang='grc' dir='ltr'>ί</span> <span class='ocrx_word' id='word_1_436' title='bbox 1909 3085 2028 3122; x_wconf 88' lang='lat' dir='ltr'>sam</span> <span class='ocrx_word' id='word_1_437' title='bbox 2064 3068 2308 3139; x_wconf 88' lang='lat' dir='ltr'>patriam</span> <span class='ocrx_word' id='word_1_438' title='bbox 2336 3085 2661 3124; x_wconf 88' lang='lat' dir='ltr'>mereamur</span> <span class='ocrx_word' id='word_1_439' title='bbox 2690 3070 2924 3127; x_wconf 87' lang='lat' dir='ltr'>intrare.</span> 
     </span>
    </p>
   </div>
   <div class='ocr_carea' id='block_1_62' title="bbox 134 3142 3605 3233">
    <p class='ocr_par' dir='ltr' id='par_1_62' title="bbox 134 3142 3605 3233">
     <span class='ocr_line' id='line_1_62' title="bbox 134 3142 3605 3233; baseline 0.002 -20"><span class='ocrx_word' id='word_1_440' title='bbox 134 3164 664 3233; x_wconf 82' lang='lat' dir='ltr'>cogitationibusque</span> <span class='ocrx_word' id='word_1_441' title='bbox 698 3142 1084 3232; x_wconf 80' lang='lat' dir='ltr'>supervacuis,</span> <span class='ocrx_word' id='word_1_442' title='bbox 1140 3162 1209 3215; x_wconf 89' lang='lat' dir='ltr'>ad</span> <span class='ocrx_word' id='word_1_443' title='bbox 1261 3160 1607 3232; x_wconf 89' lang='lat' dir='ltr'>portandum</span> <span class='ocrx_word' id='word_1_444' title='bbox 1654 3174 1798 3212; x_wconf 88' lang='lat' dir='ltr'>onus</span> <span class='ocrx_word' id='word_1_445' title='bbox 1831 3142 1871 3197; x_wconf 69' lang='grc' dir='ltr'>Ο</span> <span class='ocrx_word' id='word_1_446' title='bbox 1986 3159 2197 3225; x_wconf 83' lang='lat' dir='ltr'>Viginti</span> <span class='ocrx_word' id='word_1_447' title='bbox 2236 3158 2459 3213; x_wconf 76' lang='lat' dir='ltr'>subitos.</span> <span class='ocrx_word' id='word_1_448' title='bbox 2510 3160 2747 3230; x_wconf 86' lang='lat' dir='ltr'>Propter</span> <span class='ocrx_word' id='word_1_449' title='bbox 2793 3161 3085 3231; x_wconf 86' lang='lat' dir='ltr'>geminam</span> <span class='ocrx_word' id='word_1_450' title='bbox 3154 3164 3443 3219; x_wconf 88' lang='lat' dir='ltr'>charitatis</span> <span class='ocrx_word' id='word_1_451' title='bbox 3511 3166 3605 3221; x_wconf 87' lang='lat' dir='ltr'>di-</span> 
     </span>
    </p>
   </div>
   <div class='ocr_carea' id='block_1_63' title="bbox 140 3252 755 3323">
    <p class='ocr_par' dir='ltr' id='par_1_63' title="bbox 140 3252 755 3323">
     <span class='ocr_line' id='line_1_63' title="bbox 140 3252 755 3323; baseline 0.002 -19"><span class='ocrx_word' id='word_1_452' title='bbox 140 3252 366 3307; x_wconf 66' lang='lat' dir='ltr'>Ecclesiae</span> <span class='ocrx_word' id='word_1_453' title='bbox 397 3253 563 3323; x_wconf 86' lang='lat' dir='ltr'>digni</span> <span class='ocrx_word' id='word_1_454' title='bbox 592 3253 755 3306; x_wconf 85' lang='lat' dir='ltr'>ﬁant.</span> 
     </span>
    </p>
   </div>
   <div class='ocr_carea' id='block_1_64' title="bbox 188 3338 1803 3409">
    <p class='ocr_par' dir='ltr' id='par_1_64' title="bbox 188 3338 1803 3409">
     <span class='ocr_line' id='line_1_64' title="bbox 188 3338 1803 3409; baseline -0.001 -18"><span class='ocrx_word' id='word_1_455' title='bbox 188 3341 333 3395; x_wconf 74' lang='lat' dir='ltr'>Vens.</span> <span class='ocrx_word' id='word_1_456' title='bbox 371 3344 455 3396; x_wconf 86' lang='grc'>18.</span> <span class='ocrx_word' id='word_1_457' title='bbox 500 3372 573 3380; x_wconf 94' lang='lat'><strong><em>—</em></strong></span> <span class='ocrx_word' id='word_1_458' title='bbox 620 3344 787 3395; x_wconf 87' lang='lat' dir='ltr'>Porro</span> <span class='ocrx_word' id='word_1_459' title='bbox 846 3340 1022 3393; x_wconf 84' lang='lat' dir='ltr'>Giblii</span> <span class='ocrx_word' id='word_1_460' title='bbox 1059 3342 1511 3409; x_wconf 77' lang='lat' dir='ltr'>praeparaverunt</span> <span class='ocrx_word' id='word_1_461' title='bbox 1556 3338 1707 3403; x_wconf 88' lang='lat' dir='ltr'>ligna</span> <span class='ocrx_word' id='word_1_462' title='bbox 1753 3341 1803 3390; x_wconf 88' lang='lat' dir='ltr'>et</span> 
     </span>
    </p>
   </div>
   <div class='ocr_carea' id='block_1_65' title="bbox 132 3425 1803 3501">
    <p class='ocr_par' dir='ltr' id='par_1_65' title="bbox 132 3425 1803 3501">
     <span class='ocr_line' id='line_1_65' title="bbox 132 3425 1803 3501; baseline -0.001 -21"><span class='ocrx_word' id='word_1_463' title='bbox 132 3429 329 3497; x_wconf 84' lang='lat' dir='ltr'>lapides.</span> <span class='ocrx_word' id='word_1_464' title='bbox 362 3431 525 3501; x_wconf 68' lang='lat' dir='ltr'>(Rau.</span> <span class='ocrx_word' id='word_1_465' title='bbox 564 3447 630 3484; x_wconf 88' lang='lat' dir='ltr'>ex</span> <span class='ocrx_word' id='word_1_466' title='bbox 660 3430 814 3496; x_wconf 90' lang='lat' dir='ltr'>Bed.,</span> <span class='ocrx_word' id='word_1_467' title='bbox 854 3428 1017 3498; x_wconf 85' lang='lat' dir='ltr'>ibid.)</span> <span class='ocrx_word' id='word_1_468' title='bbox 1047 3428 1237 3482; x_wconf 87' lang='lat' dir='ltr'>Giblos</span> <span class='ocrx_word' id='word_1_469' title='bbox 1272 3432 1356 3481; x_wconf 89' lang='lat' dir='ltr'>est</span> <span class='ocrx_word' id='word_1_470' title='bbox 1402 3426 1600 3479; x_wconf 86' lang='lat' dir='ltr'>civitas</span> <span class='ocrx_word' id='word_1_471' title='bbox 1644 3425 1803 3479; x_wconf 78' lang='lat' dir='ltr'>PhCB-</span> 
     </span>
    </p>
   </div>
   <div class='ocr_carea' id='block_1_66' title="bbox 134 3512 1803 3586">
    <p class='ocr_par' dir='ltr' id='par_1_66' title="bbox 134 3512 1803 3586">
     <span class='ocr_line' id='line_1_66' title="bbox 134 3512 1803 3586; baseline -0.002 -17"><span class='ocrx_word' id='word_1_472' title='bbox 134 3517 265 3582; x_wconf 85' lang='lat' dir='ltr'>uicis,</span> <span class='ocrx_word' id='word_1_473' title='bbox 298 3523 426 3581; x_wconf 87' lang='lat' dir='ltr'>etc.,</span> <span class='ocrx_word' id='word_1_474' title='bbox 463 3534 635 3586; x_wconf 87' lang='lat' dir='ltr'>usque</span> <span class='ocrx_word' id='word_1_475' title='bbox 689 3517 764 3570; x_wconf 89' lang='lat' dir='ltr'>ad</span> <span class='ocrx_word' id='word_1_476' title='bbox 807 3532 911 3569; x_wconf 91' lang='lat' dir='ltr'>nec</span> <span class='ocrx_word' id='word_1_477' title='bbox 957 3515 1342 3569; x_wconf 89' lang='lat' dir='ltr'>sanctuarium</span> <span class='ocrx_word' id='word_1_478' title='bbox 1391 3512 1655 3578; x_wconf 90' lang='lat' dir='ltr'>Domino,</span> <span class='ocrx_word' id='word_1_479' title='bbox 1705 3513 1803 3566; x_wconf 91' lang='lat' dir='ltr'>sed</span> 
     </span>
    </p>
   </div>
   <div class='ocr_carea' id='block_1_67' title="bbox 132 3601 1805 3676">
    <p class='ocr_par' dir='ltr' id='par_1_67' title="bbox 132 3601 1805 3676">
     <span class='ocr_line' id='line_1_67' title="bbox 132 3601 1805 3676; baseline -0.002 -18"><span class='ocrx_word' id='word_1_480' title='bbox 132 3605 329 3661; x_wconf 89' lang='lat' dir='ltr'>ruinam</span> <span class='ocrx_word' id='word_1_481' title='bbox 361 3608 474 3661; x_wconf 88' lang='lat' dir='ltr'>sibi</span> <span class='ocrx_word' id='word_1_482' title='bbox 506 3605 770 3671; x_wconf 65' lang='lat' dir='ltr'>aediﬁcat,</span> <span class='ocrx_word' id='word_1_483' title='bbox 806 3603 905 3676; x_wconf 91' lang='lat' dir='ltr'>qui</span> <span class='ocrx_word' id='word_1_484' title='bbox 936 3604 1137 3659; x_wconf 89' lang='lat' dir='ltr'>docere</span> <span class='ocrx_word' id='word_1_485' title='bbox 1161 3603 1458 3674; x_wconf 60' lang='lat' dir='ltr'>praesumit</span> <span class='ocrx_word' id='word_1_486' title='bbox 1496 3601 1652 3672; x_wconf 89' lang='lat' dir='ltr'>quod</span> <span class='ocrx_word' id='word_1_487' title='bbox 1683 3602 1805 3671; x_wconf 89' lang='lat' dir='ltr'>ipse</span> 
     </span>
    </p>
   </div>
   <div class='ocr_carea' id='block_1_68' title="bbox 133 3695 469 3750">
    <p class='ocr_par' dir='ltr' id='par_1_68' title="bbox 133 3695 469 3750">
     <span class='ocr_line' id='line_1_68' title="bbox 133 3695 469 3750; baseline 0.009 -3"><span class='ocrx_word' id='word_1_488' title='bbox 133 3709 229 3749; x_wconf 90' lang='lat' dir='ltr'>non</span> <span class='ocrx_word' id='word_1_489' title='bbox 255 3695 469 3750; x_wconf 90' lang='lat' dir='ltr'>didicit.</span> 
     </span>
    </p>
   </div>
   <div class='ocr_carea' id='block_1_69' title="bbox 188 3778 1803 3854">
    <p class='ocr_par' dir='ltr' id='par_1_69' title="bbox 188 3778 1803 3854">
     <span class='ocr_line' id='line_1_69' title="bbox 188 3778 1803 3854; baseline -0.004 -16"><span class='ocrx_word' id='word_1_490' title='bbox 188 3785 270 3839; x_wconf 74' lang='lat' dir='ltr'>Ad</span> <span class='ocrx_word' id='word_1_491' title='bbox 302 3784 693 3854; x_wconf 71' lang='lat' dir='ltr'>aediﬁcandum</span> <span class='ocrx_word' id='word_1_492' title='bbox 735 3783 969 3837; x_wconf 89' lang='lat' dir='ltr'>domum.</span> <span class='ocrx_word' id='word_1_493' title='bbox 1022 3782 1144 3851; x_wconf 72' lang='lat' dir='ltr'>(In,</span> <span class='ocrx_word' id='word_1_494' title='bbox 1200 3780 1362 3849; x_wconf 85' lang='lat' dir='ltr'>ibid.)</span> <span class='ocrx_word' id='word_1_495' title='bbox 1415 3781 1549 3833; x_wconf 85' lang='lat' dir='ltr'>Post</span> <span class='ocrx_word' id='word_1_496' title='bbox 1597 3778 1803 3833; x_wconf 88' lang='lat' dir='ltr'>funda-</span> 
     </span>
    </p>
   </div>
   <div class='ocr_carea' id='block_1_70' title="bbox 135 3869 1807 3941">
    <p class='ocr_par' dir='ltr' id='par_1_70' title="bbox 135 3869 1807 3941">
     <span class='ocr_line' id='line_1_70' title="bbox 135 3869 1807 3941; baseline -0.002 -17"><span class='ocrx_word' id='word_1_497' title='bbox 135 3886 360 3926; x_wconf 85' lang='lat' dir='ltr'>mentum</span> <span class='ocrx_word' id='word_1_498' title='bbox 390 3874 462 3927; x_wconf 90' lang='lat' dir='ltr'>de</span> <span class='ocrx_word' id='word_1_499' title='bbox 493 3873 703 3926; x_wconf 88' lang='lat' dir='ltr'>talibus</span> <span class='ocrx_word' id='word_1_500' title='bbox 742 3871 1147 3941; x_wconf 87' lang='lat' dir='ltr'>compositum,</span> <span class='ocrx_word' id='word_1_501' title='bbox 1192 3869 1522 3924; x_wconf 65' lang='lat' dir='ltr'>aediﬁcanda</span> <span class='ocrx_word' id='word_1_502' title='bbox 1578 3873 1662 3923; x_wconf 90' lang='lat' dir='ltr'>est</span> <span class='ocrx_word' id='word_1_503' title='bbox 1707 3869 1807 3922; x_wconf 90' lang='lat' dir='ltr'>do-</span> 
     </span>
    </p>
   </div>
   <div class='ocr_carea' id='block_1_71' title="bbox 135 3957 1810 4033">
    <p class='ocr_par' dir='ltr' id='par_1_71' title="bbox 135 3957 1810 4033">
     <span class='ocr_line' id='line_1_71' title="bbox 135 3957 1810 4033; baseline -0.002 -20"><span class='ocrx_word' id='word_1_504' title='bbox 135 3976 238 4015; x_wconf 89' lang='lat' dir='ltr'>mus</span> <span class='ocrx_word' id='word_1_505' title='bbox 263 3962 603 4033; x_wconf 71' lang='lat' dir='ltr'>praeparatis</span> <span class='ocrx_word' id='word_1_506' title='bbox 632 3960 802 4031; x_wconf 79' lang='lat' dir='ltr'>lignis</span> <span class='ocrx_word' id='word_1_507' title='bbox 834 3964 889 4013; x_wconf 92' lang='lat' dir='ltr'>et</span> <span class='ocrx_word' id='word_1_508' title='bbox 915 3959 1221 4029; x_wconf 89' lang='lat' dir='ltr'>lapidibus,</span> <span class='ocrx_word' id='word_1_509' title='bbox 1274 3963 1330 4011; x_wconf 92' lang='lat' dir='ltr'>et</span> <span class='ocrx_word' id='word_1_510' title='bbox 1380 3957 1578 4011; x_wconf 88' lang='lat' dir='ltr'>ordine</span> <span class='ocrx_word' id='word_1_511' title='bbox 1633 3957 1810 4010; x_wconf 91' lang='lat' dir='ltr'>collo-</span> 
     </span>
    </p>
   </div>
   <div class='ocr_carea' id='block_1_72' title="bbox 132 4044 1813 4121">
    <p class='ocr_par' dir='ltr' id='par_1_72' title="bbox 132 4044 1813 4121">
     <span class='ocr_line' id='line_1_72' title="bbox 132 4044 1813 4121; baseline -0.004 -20"><span class='ocrx_word' id='word_1_512' title='bbox 132 4051 261 4117; x_wconf 87' lang='lat' dir='ltr'>catis,</span> <span class='ocrx_word' id='word_1_513' title='bbox 288 4051 387 4121; x_wconf 90' lang='lat' dir='ltr'>qui</span> <span class='ocrx_word' id='word_1_514' title='bbox 416 4052 489 4105; x_wconf 90' lang='lat' dir='ltr'>de</span> <span class='ocrx_word' id='word_1_515' title='bbox 541 4066 643 4103; x_wconf 91' lang='lat' dir='ltr'>suo</span> <span class='ocrx_word' id='word_1_516' title='bbox 694 4049 803 4102; x_wconf 91' lang='lat' dir='ltr'>situ</span> <span class='ocrx_word' id='word_1_517' title='bbox 858 4048 946 4101; x_wconf 86' lang='lat' dir='ltr'>vel</span> <span class='ocrx_word' id='word_1_518' title='bbox 998 4045 1263 4100; x_wconf 89' lang='lat' dir='ltr'>abstracti</span> <span class='ocrx_word' id='word_1_519' title='bbox 1316 4051 1467 4110; x_wconf 91' lang='lat' dir='ltr'>sunt,</span> <span class='ocrx_word' id='word_1_520' title='bbox 1510 4044 1646 4114; x_wconf 88' lang='lat' dir='ltr'>quia</span> <span class='ocrx_word' id='word_1_521' title='bbox 1682 4047 1813 4114; x_wconf 90' lang='lat' dir='ltr'>post</span> 
     </span>
    </p>
   </div>
   <div class='ocr_carea' id='block_1_73' title="bbox 133 4132 1815 4205">
    <p class='ocr_par' dir='ltr' id='par_1_73' title="bbox 133 4132 1815 4205">
     <span class='ocr_line' id='line_1_73' title="bbox 133 4132 1815 4205; baseline -0.002 -16"><span class='ocrx_word' id='word_1_522' title='bbox 133 4138 293 4205; x_wconf 89' lang='lat' dir='ltr'>prima</span> <span class='ocrx_word' id='word_1_523' title='bbox 322 4139 459 4193; x_wconf 88' lang='lat' dir='ltr'>ﬁdei</span> <span class='ocrx_word' id='word_1_524' title='bbox 509 4137 860 4203; x_wconf 89' lang='lat' dir='ltr'>rudimenta,</span> <span class='ocrx_word' id='word_1_525' title='bbox 910 4139 1038 4205; x_wconf 89' lang='lat' dir='ltr'>post</span> <span class='ocrx_word' id='word_1_526' title='bbox 1086 4135 1285 4188; x_wconf 88' lang='lat' dir='ltr'>collata</span> <span class='ocrx_word' id='word_1_527' title='bbox 1334 4134 1395 4187; x_wconf 89' lang='lat' dir='ltr'>in</span> <span class='ocrx_word' id='word_1_528' title='bbox 1444 4132 1607 4187; x_wconf 88' lang='lat' dir='ltr'>nobis</span> <span class='ocrx_word' id='word_1_529' title='bbox 1651 4133 1815 4202; x_wconf 81' lang='lat' dir='ltr'>juxta</span> 
     </span>
    </p>
   </div>
   <div class='ocr_carea' id='block_1_74' title="bbox 133 4220 1813 4298">
    <p class='ocr_par' dir='ltr' id='par_1_74' title="bbox 133 4220 1813 4298">
     <span class='ocr_line' id='line_1_74' title="bbox 133 4220 1813 4298; baseline -0.003 -21"><span class='ocrx_word' id='word_1_530' title='bbox 133 4229 433 4298; x_wconf 79' lang='lat' dir='ltr'>exemplum</span> <span class='ocrx_word' id='word_1_531' title='bbox 476 4226 812 4280; x_wconf 87' lang='lat' dir='ltr'>sublimium</span> <span class='ocrx_word' id='word_1_532' title='bbox 860 4224 1115 4278; x_wconf 87' lang='lat' dir='ltr'>virorum</span> <span class='ocrx_word' id='word_1_533' title='bbox 1160 4223 1534 4278; x_wconf 88' lang='lat' dir='ltr'>fundamenta</span> <span class='ocrx_word' id='word_1_534' title='bbox 1579 4220 1813 4274; x_wconf 88' lang='lat' dir='ltr'>humili-</span> 
     </span>
    </p>
   </div>
   <div class='ocr_carea' id='block_1_75' title="bbox 135 4312 1811 4382">
    <p class='ocr_par' dir='ltr' id='par_1_75' title="bbox 135 4312 1811 4382">
     <span class='ocr_line' id='line_1_75' title="bbox 135 4312 1811 4382; baseline -0.002 -17"><span class='ocrx_word' id='word_1_535' title='bbox 135 4314 264 4379; x_wconf 89' lang='lat' dir='ltr'>tatis,</span> <span class='ocrx_word' id='word_1_536' title='bbox 291 4316 595 4370; x_wconf 89' lang='lat' dir='ltr'>addendus</span> <span class='ocrx_word' id='word_1_537' title='bbox 626 4320 710 4368; x_wconf 90' lang='lat' dir='ltr'>est</span> <span class='ocrx_word' id='word_1_538' title='bbox 735 4314 793 4368; x_wconf 92' lang='lat' dir='ltr'>in</span> <span class='ocrx_word' id='word_1_539' title='bbox 823 4315 1005 4367; x_wconf 91' lang='lat' dir='ltr'>altum</span> <span class='ocrx_word' id='word_1_540' title='bbox 1036 4314 1223 4382; x_wconf 88' lang='lat' dir='ltr'>paries</span> <span class='ocrx_word' id='word_1_541' title='bbox 1252 4312 1534 4365; x_wconf 90' lang='lat' dir='ltr'>bonorum</span> <span class='ocrx_word' id='word_1_542' title='bbox 1552 4325 1811 4381; x_wconf 88' lang='lat' dir='ltr'>operum,</span> 
     </span>
    </p>
   </div>
   <div class='ocr_carea' id='block_1_76' title="bbox 134 4398 1816 4475">
    <p class='ocr_par' dir='ltr' id='par_1_76' title="bbox 134 4398 1816 4475">
     <span class='ocr_line' id='line_1_76' title="bbox 134 4398 1816 4475; baseline -0.002 -20"><span class='ocrx_word' id='word_1_543' title='bbox 134 4408 177 4455; x_wconf 87' lang='lat' dir='ltr'>et</span> <span class='ocrx_word' id='word_1_544' title='bbox 206 4406 361 4474; x_wconf 88' lang='lat' dir='ltr'>quasi</span> <span class='ocrx_word' id='word_1_545' title='bbox 393 4403 777 4475; x_wconf 87' lang='lat' dir='ltr'>superpositis</span> <span class='ocrx_word' id='word_1_546' title='bbox 808 4403 914 4456; x_wconf 90' lang='lat' dir='ltr'>sibi</span> <span class='ocrx_word' id='word_1_547' title='bbox 940 4402 1181 4456; x_wconf 89' lang='lat' dir='ltr'>invicem</span> <span class='ocrx_word' id='word_1_548' title='bbox 1218 4400 1513 4455; x_wconf 89' lang='lat' dir='ltr'>ordinibus</span> <span class='ocrx_word' id='word_1_549' title='bbox 1558 4398 1816 4469; x_wconf 91' lang='lat' dir='ltr'>lapidum</span> 
     </span>
    </p>
   </div>
   <div class='ocr_carea' id='block_1_77' title="bbox 134 4489 1285 4559">
    <p class='ocr_par' dir='ltr' id='par_1_77' title="bbox 134 4489 1285 4559">
     <span class='ocr_line' id='line_1_77' title="bbox 134 4489 1285 4559; baseline -0.003 -15"><span class='ocrx_word' id='word_1_550' title='bbox 134 4492 537 4559; x_wconf 88' lang='lat' dir='ltr'>proﬁciendum</span> <span class='ocrx_word' id='word_1_551' title='bbox 571 4492 642 4546; x_wconf 89' lang='lat' dir='ltr'>de</span> <span class='ocrx_word' id='word_1_552' title='bbox 668 4491 877 4545; x_wconf 89' lang='lat' dir='ltr'>virtute</span> <span class='ocrx_word' id='word_1_553' title='bbox 907 4490 969 4543; x_wconf 91' lang='lat' dir='ltr'>in</span> <span class='ocrx_word' id='word_1_554' title='bbox 998 4489 1285 4542; x_wconf 87' lang='lat' dir='ltr'>virtutem.</span> 
     </span>
    </p>
   </div>
   <div class='ocr_carea' id='block_1_78' title="bbox 803 4578 1261 4632">
    <p class='ocr_par' dir='ltr' id='par_1_78' title="bbox 803 4578 1261 4632">
     <span class='ocr_line' id='line_1_78' title="bbox 803 4578 1261 4632; baseline -0.011 0"><span class='ocrx_word' id='word_1_555' title='bbox 803 4578 1029 4632; x_wconf 85' lang='lat' dir='ltr'><strong>CAPUT</strong></span> <span class='ocrx_word' id='word_1_556' title='bbox 1057 4578 1143 4630; x_wconf 90' lang='lat' dir='ltr'>VI.</span> <span class='ocrx_word' id='word_1_557' title='bbox 1250 4620 1261 4627; x_wconf 85' lang='lat'>_</span> 
     </span>
    </p>
   </div>
   <div class='ocr_carea' id='block_1_79' title="bbox 194 4661 1816 4733">
    <p class='ocr_par' dir='ltr' id='par_1_79' title="bbox 194 4661 1816 4733">
     <span class='ocr_line' id='line_1_79' title="bbox 194 4661 1816 4733; baseline -0.002 -14"><span class='ocrx_word' id='word_1_558' title='bbox 194 4668 347 4722; x_wconf 76' lang='lat' dir='ltr'>Vens.</span> <span class='ocrx_word' id='word_1_559' title='bbox 384 4673 433 4722; x_wconf 80' lang='lat' dir='ltr'>l.</span> <span class='ocrx_word' id='word_1_560' title='bbox 481 4698 551 4707; x_wconf 91' lang='lat'><strong>—</strong></span> <span class='ocrx_word' id='word_1_561' title='bbox 587 4668 805 4720; x_wconf 85' lang='lat' dir='ltr'>Factum</span> <span class='ocrx_word' id='word_1_562' title='bbox 834 4667 1132 4731; x_wconf 88' lang='lat' dir='ltr'>estigitur.</span> <span class='ocrx_word' id='word_1_563' title='bbox 1181 4664 1341 4733; x_wconf 73' lang='grc' dir='ltr'>(ΗΑΒ.</span> <span class='ocrx_word' id='word_1_564' title='bbox 1383 4678 1449 4717; x_wconf 87' lang='lat' dir='ltr'>ex</span> <span class='ocrx_word' id='word_1_565' title='bbox 1500 4662 1672 4731; x_wconf 88' lang='lat' dir='ltr'>Bed.,</span> <span class='ocrx_word' id='word_1_566' title='bbox 1719 4661 1816 4715; x_wconf 91' lang='lat' dir='ltr'>lib.</span> 
     </span>
    </p>
   </div>
   <div class='ocr_carea' id='block_1_80' title="bbox 135 4752 1818 4826">
    <p class='ocr_par' dir='ltr' id='par_1_80' title="bbox 135 4752 1818 4826">
     <span class='ocr_line' id='line_1_80' title="bbox 135 4752 1818 4826; baseline -0.004 -17"><span class='ocrx_word' id='word_1_567' title='bbox 135 4754 189 4809; x_wconf 86' lang='lat' dir='ltr'>de</span> <span class='ocrx_word' id='word_1_568' title='bbox 215 4758 424 4826; x_wconf 86' lang='lat' dir='ltr'>Templa</span> <span class='ocrx_word' id='word_1_569' title='bbox 460 4757 687 4823; x_wconf 87' lang='lat' dir='ltr'>Salom.,</span> <span class='ocrx_word' id='word_1_570' title='bbox 721 4771 842 4825; x_wconf 89' lang='lat' dir='ltr'>cap.</span> <span class='ocrx_word' id='word_1_571' title='bbox 880 4755 955 4823; x_wconf 74' lang='lat'>‘5.)</span> <span class='ocrx_word' id='word_1_572' title='bbox 992 4754 1080 4807; x_wconf 86' lang='lat' dir='ltr'>Fit</span> <span class='ocrx_word' id='word_1_573' title='bbox 1108 4752 1574 4807; x_wconf 86' lang='lat' dir='ltr'>commemoratio</span> <span class='ocrx_word' id='word_1_574' title='bbox 1623 4766 1818 4820; x_wconf 86' lang='lat' dir='ltr'>egres-</span> 
     </span>
    </p>
   </div>
   <div class='ocr_carea' id='block_1_81' title="bbox 136 4839 1820 4913">
    <p class='ocr_par' dir='ltr' id='par_1_81' title="bbox 136 4839 1820 4913">
     <span class='ocr_line' id='line_1_81' title="bbox 136 4839 1820 4913; baseline -0.001 -21"><span class='ocrx_word' id='word_1_575' title='bbox 136 4842 289 4896; x_wconf 88' lang='lat' dir='ltr'>sionis</span> <span class='ocrx_word' id='word_1_576' title='bbox 320 4844 391 4897; x_wconf 89' lang='lat' dir='ltr'>de</span> <span class='ocrx_word' id='word_1_577' title='bbox 424 4845 692 4913; x_wconf 65' lang='lat' dir='ltr'>Egypto,</span> <span class='ocrx_word' id='word_1_578' title='bbox 723 4848 848 4905; x_wconf 86' lang='lat' dir='ltr'>etc.,</span> <span class='ocrx_word' id='word_1_579' title='bbox 883 4857 1051 4909; x_wconf 89' lang='lat' dir='ltr'>usque</span> <span class='ocrx_word' id='word_1_580' title='bbox 1094 4840 1168 4894; x_wconf 89' lang='lat' dir='ltr'>ad</span> <span class='ocrx_word' id='word_1_581' title='bbox 1209 4857 1312 4894; x_wconf 91' lang='lat' dir='ltr'>nec</span> <span class='ocrx_word' id='word_1_582' title='bbox 1354 4839 1645 4909; x_wconf 87' lang='lat' dir='ltr'>Scriptura</span> <span class='ocrx_word' id='word_1_583' title='bbox 1691 4853 1820 4909; x_wconf 73' lang='lat' dir='ltr'>quae</span> 
     </span>
    </p>
   </div>
   <div class='ocr_carea' id='block_1_82' title="bbox 136 4929 1569 5001">
    <p class='ocr_par' dir='ltr' id='par_1_82' title="bbox 136 4929 1569 5001">
     <span class='ocr_line' id='line_1_82' title="bbox 136 4929 1569 5001; baseline -0.001 -16"><span class='ocrx_word' id='word_1_584' title='bbox 136 4932 358 5001; x_wconf 89' lang='lat' dir='ltr'>gratiam</span> <span class='ocrx_word' id='word_1_585' title='bbox 395 4934 543 4988; x_wconf 83' lang='lat' dir='ltr'>Novi</span> <span class='ocrx_word' id='word_1_586' title='bbox 568 4934 912 4986; x_wconf 85' lang='lat' dir='ltr'>Testamenti</span> <span class='ocrx_word' id='word_1_587' title='bbox 940 4931 1239 4984; x_wconf 84' lang='lat' dir='ltr'>intimaret</span> <span class='ocrx_word' id='word_1_588' title='bbox 1264 4930 1327 4983; x_wconf 93' lang='lat' dir='ltr'>in</span> <span class='ocrx_word' id='word_1_589' title='bbox 1361 4929 1569 4984; x_wconf 90' lang='lat' dir='ltr'>Veteri.</span> 
     </span>
    </p>
   </div>
   <div class='ocr_carea' id='block_1_83' title="bbox 195 5017 1825 5093">
    <p class='ocr_par' dir='ltr' id='par_1_83' title="bbox 195 5017 1825 5093">
     <span class='ocr_line' id='line_1_83' title="bbox 195 5017 1825 5093; baseline -0.002 -18"><span class='ocrx_word' id='word_1_590' title='bbox 195 5027 351 5077; x_wconf 78' lang='lat' dir='ltr'>Anno</span> <span class='ocrx_word' id='word_1_591' title='bbox 381 5028 607 5093; x_wconf 83' lang='lat' dir='ltr'>quarto.</span> <span class='ocrx_word' id='word_1_592' title='bbox 642 5022 851 5086; x_wconf 89' lang='lat' dir='ltr'>Quarto</span> <span class='ocrx_word' id='word_1_593' title='bbox 902 5036 1052 5073; x_wconf 90' lang='lat' dir='ltr'>anno</span> <span class='ocrx_word' id='word_1_594' title='bbox 1094 5019 1242 5090; x_wconf 88' lang='lat' dir='ltr'>regis</span> <span class='ocrx_word' id='word_1_595' title='bbox 1291 5018 1610 5073; x_wconf 84' lang='lat' dir='ltr'>Salomonis</span> <span class='ocrx_word' id='word_1_596' title='bbox 1656 5017 1825 5088; x_wconf 81' lang='lat' dir='ltr'>coepit</span> 
     </span>
    </p>
   </div>
   <div class='ocr_carea' id='block_1_84' title="bbox 139 5107 1820 5180">
    <p class='ocr_par' dir='ltr' id='par_1_84' title="bbox 139 5107 1820 5180">
     <span class='ocr_line' id='line_1_84' title="bbox 139 5107 1820 5180; baseline 0 -20"><span class='ocrx_word' id='word_1_597' title='bbox 139 5108 390 5164; x_wconf 63' lang='lat' dir='ltr'>adificari</span> <span class='ocrx_word' id='word_1_598' title='bbox 421 5111 634 5164; x_wconf 89' lang='lat' dir='ltr'>domus</span> <span class='ocrx_word' id='word_1_599' title='bbox 666 5126 678 5163; x_wconf 91' lang='lat'>:</span> <span class='ocrx_word' id='word_1_600' title='bbox 714 5109 847 5180; x_wconf 89' lang='lat' dir='ltr'>quia</span> <span class='ocrx_word' id='word_1_601' title='bbox 879 5114 1008 5180; x_wconf 91' lang='lat' dir='ltr'>post</span> <span class='ocrx_word' id='word_1_602' title='bbox 1046 5109 1331 5178; x_wconf 86' lang='lat' dir='ltr'>expletam</span> <span class='ocrx_word' id='word_1_603' title='bbox 1382 5107 1592 5161; x_wconf 85' lang='lat' dir='ltr'>Christi</span> <span class='ocrx_word' id='word_1_604' title='bbox 1634 5107 1820 5161; x_wconf 87' lang='lat' dir='ltr'>incar-</span> 
     </span>
    </p>
   </div>
   <div class='ocr_carea' id='block_1_85' title="bbox 140 5195 1823 5269">
    <p class='ocr_par' dir='ltr' id='par_1_85' title="bbox 140 5195 1823 5269">
     <span class='ocr_line' id='line_1_85' title="bbox 140 5195 1823 5269; baseline 0.001 -21"><span class='ocrx_word' id='word_1_605' title='bbox 140 5198 365 5253; x_wconf 84' lang='lat' dir='ltr'>nationis</span> <span class='ocrx_word' id='word_1_606' title='bbox 398 5198 896 5269; x_wconf 87' lang='lat' dir='ltr'>dispensationem</span> <span class='ocrx_word' id='word_1_607' title='bbox 940 5197 1000 5250; x_wconf 90' lang='lat' dir='ltr'>in</span> <span class='ocrx_word' id='word_1_608' title='bbox 1032 5200 1278 5268; x_wconf 90' lang='lat' dir='ltr'>quatuor</span> <span class='ocrx_word' id='word_1_609' title='bbox 1316 5195 1633 5266; x_wconf 87' lang='lat' dir='ltr'>Evangeliis</span> <span class='ocrx_word' id='word_1_610' title='bbox 1680 5195 1823 5249; x_wconf 91' lang='lat' dir='ltr'>scri-</span> 
     </span>
    </p>
   </div>
   <div class='ocr_carea' id='block_1_86' title="bbox 144 5284 1826 5357">
    <p class='ocr_par' dir='ltr' id='par_1_86' title="bbox 144 5284 1826 5357">
     <span class='ocr_line' id='line_1_86' title="bbox 144 5284 1826 5357; baseline -0.001 -17"><span class='ocrx_word' id='word_1_611' title='bbox 144 5289 295 5353; x_wconf 85' lang='lat' dir='ltr'>ptam,</span> <span class='ocrx_word' id='word_1_612' title='bbox 356 5288 540 5342; x_wconf 84' lang='lat' dir='ltr'>misso</span> <span class='ocrx_word' id='word_1_613' title='bbox 581 5286 795 5357; x_wconf 90' lang='lat' dir='ltr'>Spiritu</span> <span class='ocrx_word' id='word_1_614' title='bbox 843 5291 1034 5339; x_wconf 88' lang='lat' dir='ltr'>sancto</span> <span class='ocrx_word' id='word_1_615' title='bbox 1084 5284 1341 5339; x_wconf 62' lang='lat' dir='ltr'>Ecclesia“:</span> <span class='ocrx_word' id='word_1_616' title='bbox 1392 5290 1672 5339; x_wconf 89' lang='lat' dir='ltr'>structura</span> <span class='ocrx_word' id='word_1_617' title='bbox 1714 5300 1826 5338; x_wconf 75' lang='lat' dir='ltr'>coe-</span> 
     </span>
    </p>
   </div>
   <div class='ocr_carea' id='block_1_87' title="bbox 145 5375 231 5442">
    <p class='ocr_par' dir='ltr' id='par_1_87' title="bbox 145 5375 231 5442">
     <span class='ocr_line' id='line_1_87' title="bbox 145 5375 231 5442; baseline 0.023 -15"><span class='ocrx_word' id='word_1_618' title='bbox 145 5375 231 5442; x_wconf 84' lang='lat' dir='ltr'>pit.</span> 
     </span>
    </p>
   </div>
   <div class='ocr_carea' id='block_1_88' title="bbox 202 5462 1823 5534">
    <p class='ocr_par' dir='ltr' id='par_1_88' title="bbox 202 5462 1823 5534">
     <span class='ocr_line' id='line_1_88' title="bbox 202 5462 1823 5534; baseline -0.002 -15"><span class='ocrx_word' id='word_1_619' title='bbox 202 5465 371 5519; x_wconf 77' lang='lat' dir='ltr'>Mense</span> <span class='ocrx_word' id='word_1_620' title='bbox 403 5467 519 5519; x_wconf 90' lang='lat' dir='ltr'>Zio</span> <span class='ocrx_word' id='word_1_621' title='bbox 550 5466 687 5534; x_wconf 80' lang='lat' dir='ltr'>(ipse</span> <span class='ocrx_word' id='word_1_622' title='bbox 723 5469 800 5519; x_wconf 89' lang='lat' dir='ltr'>est</span> <span class='ocrx_word' id='word_1_623' title='bbox 842 5464 1085 5532; x_wconf 84' lang='lat' dir='ltr'>mensis.)</span> <span class='ocrx_word' id='word_1_624' title='bbox 1137 5462 1325 5534; x_wconf 57' lang='lat' dir='ltr'>(Bene,</span> <span class='ocrx_word' id='word_1_625' title='bbox 1372 5463 1614 5529; x_wconf 88' lang='lat' dir='ltr'>ibidem.)</span> <span class='ocrx_word' id='word_1_626' title='bbox 1662 5462 1823 5527; x_wconf 88' lang='lat' dir='ltr'>Quod</span> 
     </span>
    </p>
   </div>
   <div class='ocr_carea' id='block_1_89' title="bbox 150 5552 1824 5623">
    <p class='ocr_par' dir='ltr' id='par_1_89' title="bbox 150 5552 1824 5623">
     <span class='ocr_line' id='line_1_89' title="bbox 150 5552 1824 5623; baseline 0 -18"><span class='ocrx_word' id='word_1_627' title='bbox 150 5566 322 5609; x_wconf 86' lang='lat' dir='ltr'>mense</span> <span class='ocrx_word' id='word_1_628' title='bbox 355 5554 632 5620; x_wconf 87' lang='lat' dir='ltr'>secundo,</span> <span class='ocrx_word' id='word_1_629' title='bbox 661 5558 791 5619; x_wconf 90' lang='lat' dir='ltr'>etc.,</span> <span class='ocrx_word' id='word_1_630' title='bbox 822 5568 990 5623; x_wconf 89' lang='lat' dir='ltr'>usque</span> <span class='ocrx_word' id='word_1_631' title='bbox 1017 5552 1091 5607; x_wconf 92' lang='lat' dir='ltr'>ad</span> <span class='ocrx_word' id='word_1_632' title='bbox 1125 5552 1273 5606; x_wconf 89' lang='lat' dir='ltr'>unde</span> <span class='ocrx_word' id='word_1_633' title='bbox 1311 5556 1467 5622; x_wconf 85' lang='lat' dir='ltr'>patet</span> <span class='ocrx_word' id='word_1_634' title='bbox 1510 5552 1646 5622; x_wconf 90' lang='lat' dir='ltr'>quia</span> <span class='ocrx_word' id='word_1_635' title='bbox 1695 5568 1824 5606; x_wconf 84' lang='lat' dir='ltr'>mox</span> 
     </span>
    </p>
   </div>
   <div class='ocr_carea' id='block_1_90' title="bbox 494 5625 1034 5692">
    <p class='ocr_par' dir='ltr' id='par_1_90' title="bbox 494 5625 1034 5692">
     <span class='ocr_line' id='line_1_90' title="bbox 494 5625 1034 5692; baseline -0.006 0"><span class='ocrx_word' id='word_1_636' title='bbox 494 5627 769 5692; x_wconf 74' lang='lat' dir='ltr'>PATROL.</span> <span class='ocrx_word' id='word_1_637' title='bbox 818 5625 1034 5691; x_wconf 82' lang='lat' dir='ltr'><strong>CXIII.</strong></span> 
     </span>
    </p>
   </div>
   <div class='ocr_carea' id='block_1_91' title="bbox 1910 3247 3339 3321">
    <p class='ocr_par' dir='ltr' id='par_1_91' title="bbox 1910 3247 3339 3321">
     <span class='ocr_line' id='line_1_91' title="bbox 1910 3247 3339 3321; baseline 0.005 -21"><span class='ocrx_word' id='word_1_638' title='bbox 1910 3247 2194 3309; x_wconf 89' lang='lat' dir='ltr'>stantiam,</span> <span class='ocrx_word' id='word_1_639' title='bbox 2222 3263 2335 3318; x_wconf 90' lang='lat' dir='ltr'>qua</span> <span class='ocrx_word' id='word_1_640' title='bbox 2362 3248 2542 3301; x_wconf 90' lang='lat' dir='ltr'>Deum</span> <span class='ocrx_word' id='word_1_641' title='bbox 2575 3248 2867 3319; x_wconf 86' lang='lat' dir='ltr'>diligimus</span> <span class='ocrx_word' id='word_1_642' title='bbox 2902 3256 2959 3304; x_wconf 90' lang='lat' dir='ltr'>et</span> <span class='ocrx_word' id='word_1_643' title='bbox 2991 3252 3339 3321; x_wconf 89' lang='lat' dir='ltr'>proximum.</span> 
     </span>
    </p>
   </div>
   <div class='ocr_carea' id='block_1_92' title="bbox 1979 3335 3605 3415">
    <p class='ocr_par' dir='ltr' id='par_1_92' title="bbox 1979 3335 3605 3415">
     <span class='ocr_line' id='line_1_92' title="bbox 1979 3335 3605 3415; baseline 0.006 -25"><span class='ocrx_word' id='word_1_644' title='bbox 1979 3339 2043 3390; x_wconf 89' lang='lat' dir='ltr'><strong>In</strong></span> <span class='ocrx_word' id='word_1_645' title='bbox 2068 3336 2378 3390; x_wconf 85' lang='lat' dir='ltr'>altitudine.</span> <span class='ocrx_word' id='word_1_646' title='bbox 2422 3335 2679 3390; x_wconf 90' lang='lat' dir='ltr'>Latitudo</span> <span class='ocrx_word' id='word_1_647' title='bbox 2725 3338 3063 3393; x_wconf 85' lang='lat' dir='ltr'>cbaritatem</span> <span class='ocrx_word' id='word_1_648' title='bbox 3116 3341 3418 3413; x_wconf 90' lang='lat' dir='ltr'>signiﬁcat,</span> <span class='ocrx_word' id='word_1_649' title='bbox 3475 3360 3605 3415; x_wconf 66' lang='lat' dir='ltr'>quas</span> 
     </span>
    </p>
   </div>
   <div class='ocr_carea' id='block_1_93' title="bbox 1912 3424 3605 3496">
    <p class='ocr_par' dir='ltr' id='par_1_93' title="bbox 1912 3424 3605 3496">
     <span class='ocr_line' id='line_1_93' title="bbox 1912 3424 3605 3496; baseline 0.006 -19"><span class='ocrx_word' id='word_1_650' title='bbox 1912 3424 2148 3478; x_wconf 89' lang='lat' dir='ltr'>dilatato</span> <span class='ocrx_word' id='word_1_651' title='bbox 2175 3424 2306 3478; x_wconf 89' lang='lat' dir='ltr'>sinu</span> <span class='ocrx_word' id='word_1_652' title='bbox 2334 3425 2539 3478; x_wconf 89' lang='lat' dir='ltr'>mentis</span> <span class='ocrx_word' id='word_1_653' title='bbox 2572 3426 2784 3480; x_wconf 88' lang='lat' dir='ltr'>amicos</span> <span class='ocrx_word' id='word_1_654' title='bbox 2813 3426 2875 3481; x_wconf 93' lang='lat' dir='ltr'>in</span> <span class='ocrx_word' id='word_1_655' title='bbox 2924 3429 3058 3496; x_wconf 92' lang='lat' dir='ltr'>Deo,</span> <span class='ocrx_word' id='word_1_656' title='bbox 3108 3435 3165 3484; x_wconf 90' lang='lat' dir='ltr'>et</span> <span class='ocrx_word' id='word_1_657' title='bbox 3208 3430 3472 3486; x_wconf 86' lang='lat' dir='ltr'>inimicos</span> <span class='ocrx_word' id='word_1_658' title='bbox 3520 3433 3605 3488; x_wconf 92' lang='lat' dir='ltr'>di-</span> 
     </span>
    </p>
   </div>
   <div class='ocr_carea' id='block_1_94' title="bbox 1911 3514 3608 3589">
    <p class='ocr_par' dir='ltr' id='par_1_94' title="bbox 1911 3514 3608 3589">
     <span class='ocr_line' id='line_1_94' title="bbox 1911 3514 3608 3589; baseline 0.007 -23"><span class='ocrx_word' id='word_1_659' title='bbox 1911 3514 2041 3585; x_wconf 88' lang='lat' dir='ltr'>ligit</span> <span class='ocrx_word' id='word_1_660' title='bbox 2086 3519 2321 3585; x_wconf 90' lang='lat' dir='ltr'>propter</span> <span class='ocrx_word' id='word_1_661' title='bbox 2364 3516 2542 3569; x_wconf 92' lang='lat' dir='ltr'>Deum</span> <span class='ocrx_word' id='word_1_662' title='bbox 2599 3516 2780 3571; x_wconf 90' lang='lat' dir='ltr'>donec</span> <span class='ocrx_word' id='word_1_663' title='bbox 2826 3519 2898 3572; x_wconf 90' lang='lat' dir='ltr'>ad</span> <span class='ocrx_word' id='word_1_664' title='bbox 2947 3535 3145 3589; x_wconf 89' lang='lat' dir='ltr'>pacem</span> <span class='ocrx_word' id='word_1_665' title='bbox 3191 3524 3477 3577; x_wconf 87' lang='lat' dir='ltr'>conversis</span> <span class='ocrx_word' id='word_1_666' title='bbox 3520 3525 3608 3579; x_wconf 89' lang='lat' dir='ltr'>vel</span> 
     </span>
    </p>
   </div>
   <div class='ocr_carea' id='block_1_95' title="bbox 1912 3601 3605 3677">
    <p class='ocr_par' dir='ltr' id='par_1_95' title="bbox 1912 3601 3605 3677">
     <span class='ocr_line' id='line_1_95' title="bbox 1912 3601 3605 3677; baseline 0.006 -21"><span class='ocrx_word' id='word_1_667' title='bbox 1912 3601 2170 3656; x_wconf 88' lang='lat' dir='ltr'>funditus</span> <span class='ocrx_word' id='word_1_668' title='bbox 2201 3602 2508 3667; x_wconf 81' lang='lat' dir='ltr'>exstinctis,</span> <span class='ocrx_word' id='word_1_669' title='bbox 2542 3618 2674 3657; x_wconf 90' lang='lat' dir='ltr'>cum</span> <span class='ocrx_word' id='word_1_670' title='bbox 2704 3603 2835 3658; x_wconf 92' lang='lat' dir='ltr'>solis</span> <span class='ocrx_word' id='word_1_671' title='bbox 2865 3605 3063 3660; x_wconf 89' lang='lat' dir='ltr'>amicis</span> <span class='ocrx_word' id='word_1_672' title='bbox 3094 3609 3341 3677; x_wconf 88' lang='lat' dir='ltr'>gaudeat</span> <span class='ocrx_word' id='word_1_673' title='bbox 3384 3609 3444 3665; x_wconf 92' lang='lat' dir='ltr'>in</span> <span class='ocrx_word' id='word_1_674' title='bbox 3492 3612 3605 3666; x_wconf 88' lang='lat' dir='ltr'>Do-</span> 
     </span>
    </p>
   </div>
   <div class='ocr_carea' id='block_1_96' title="bbox 1917 3706 2095 3745">
    <p class='ocr_par' dir='ltr' id='par_1_96' title="bbox 1917 3706 2095 3745">
     <span class='ocr_line' id='line_1_96' title="bbox 1917 3706 2095 3745; baseline 0.006 -1"><span class='ocrx_word' id='word_1_675' title='bbox 1917 3706 2095 3745; x_wconf 82' lang='lat' dir='ltr'>mlDO.</span> 
     </span>
    </p>
   </div>
   <div class='ocr_carea' id='block_1_97' title="bbox 1988 3778 3609 3853">
    <p class='ocr_par' dir='ltr' id='par_1_97' title="bbox 1988 3778 3609 3853">
     <span class='ocr_line' id='line_1_97' title="bbox 1988 3778 3609 3853; baseline 0.006 -21"><span class='ocrx_word' id='word_1_676' title='bbox 1988 3781 2177 3847; x_wconf 72' lang='lat' dir='ltr'>(BKDA,</span> <span class='ocrx_word' id='word_1_677' title='bbox 2210 3778 2366 3846; x_wconf 88' lang='lat' dir='ltr'>ibid.)</span> <span class='ocrx_word' id='word_1_678' title='bbox 2402 3778 2747 3845; x_wconf 88' lang='lat' dir='ltr'>Notandum,</span> <span class='ocrx_word' id='word_1_679' title='bbox 2778 3779 2914 3850; x_wconf 90' lang='lat' dir='ltr'>quia</span> <span class='ocrx_word' id='word_1_680' title='bbox 2943 3781 3178 3853; x_wconf 87' lang='lat' dir='ltr'>triginta</span> <span class='ocrx_word' id='word_1_681' title='bbox 3204 3785 3380 3839; x_wconf 90' lang='lat' dir='ltr'>cubiti</span> <span class='ocrx_word' id='word_1_682' title='bbox 3412 3786 3609 3841; x_wconf 88' lang='lat' dir='ltr'>altitu-</span> 
     </span>
    </p>
   </div>
   <div class='ocr_carea' id='block_1_98' title="bbox 1917 3866 3611 3942">
    <p class='ocr_par' dir='ltr' id='par_1_98' title="bbox 1917 3866 3611 3942">
     <span class='ocr_line' id='line_1_98' title="bbox 1917 3866 3611 3942; baseline 0.005 -21"><span class='ocrx_word' id='word_1_683' title='bbox 1917 3866 2065 3921; x_wconf 91' lang='lat' dir='ltr'>dinis</span> <span class='ocrx_word' id='word_1_684' title='bbox 2098 3881 2211 3918; x_wconf 89' lang='lat' dir='ltr'>non</span> <span class='ocrx_word' id='word_1_685' title='bbox 2241 3881 2421 3935; x_wconf 89' lang='lat' dir='ltr'>usque</span> <span class='ocrx_word' id='word_1_686' title='bbox 2454 3866 2523 3919; x_wconf 89' lang='lat' dir='ltr'>ad</span> <span class='ocrx_word' id='word_1_687' title='bbox 2554 3870 2767 3919; x_wconf 87' lang='lat' dir='ltr'>tectum</span> <span class='ocrx_word' id='word_1_688' title='bbox 2797 3868 3019 3938; x_wconf 91' lang='lat' dir='ltr'>templi,</span> <span class='ocrx_word' id='word_1_689' title='bbox 3048 3870 3144 3923; x_wconf 91' lang='lat' dir='ltr'>sed</span> <span class='ocrx_word' id='word_1_690' title='bbox 3176 3886 3358 3942; x_wconf 90' lang='lat' dir='ltr'>usque</span> <span class='ocrx_word' id='word_1_691' title='bbox 3390 3873 3461 3927; x_wconf 92' lang='lat' dir='ltr'>ad</span> <span class='ocrx_word' id='word_1_692' title='bbox 3495 3890 3611 3929; x_wconf 73' lang='lat' dir='ltr'>cm-</span> 
     </span>
    </p>
   </div>
   <div class='ocr_carea' id='block_1_99' title="bbox 1917 3952 3612 4026">
    <p class='ocr_par' dir='ltr' id='par_1_99' title="bbox 1917 3952 3612 4026">
     <span class='ocr_line' id='line_1_99' title="bbox 1917 3952 3612 4026; baseline 0.004 -16"><span class='ocrx_word' id='word_1_693' title='bbox 1917 3954 2185 4010; x_wconf 90' lang='lat' dir='ltr'>naculum</span> <span class='ocrx_word' id='word_1_694' title='bbox 2213 3952 2902 4024; x_wconf 82' lang='lat' dir='ltr'>inferiuspertingebant.</span> <span class='ocrx_word' id='word_1_695' title='bbox 2935 3959 3143 4026; x_wconf 83' lang='lat' dir='ltr'>Aperte</span> <span class='ocrx_word' id='word_1_696' title='bbox 3172 3959 3325 4012; x_wconf 91' lang='lat' dir='ltr'>enim</span> <span class='ocrx_word' id='word_1_697' title='bbox 3356 3960 3417 4014; x_wconf 92' lang='lat' dir='ltr'>in</span> <span class='ocrx_word' id='word_1_698' title='bbox 3448 3963 3612 4017; x_wconf 87' lang='lat' dir='ltr'>Para-</span> 
     </span>
    </p>
   </div>
   <div class='ocr_carea' id='block_1_100' title="bbox 1919 4041 3612 4121">
    <p class='ocr_par' dir='ltr' id='par_1_100' title="bbox 1919 4041 3612 4121">
     <span class='ocr_line' id='line_1_100' title="bbox 1919 4041 3612 4121; baseline 0.005 -24"><span class='ocrx_word' id='word_1_699' title='bbox 1919 4042 2223 4114; x_wconf 88' lang='lat' dir='ltr'>lipomenis</span> <span class='ocrx_word' id='word_1_700' title='bbox 2262 4041 2537 4111; x_wconf 90' lang='lat' dir='ltr'>scriptum</span> <span class='ocrx_word' id='word_1_701' title='bbox 2567 4046 2651 4097; x_wconf 88' lang='lat' dir='ltr'>est</span> <span class='ocrx_word' id='word_1_702' title='bbox 2681 4045 2837 4114; x_wconf 89' lang='lat' dir='ltr'>quod</span> <span class='ocrx_word' id='word_1_703' title='bbox 2866 4044 3106 4100; x_wconf 90' lang='lat' dir='ltr'>altitudo</span> <span class='ocrx_word' id='word_1_704' title='bbox 3139 4053 3371 4102; x_wconf 91' lang='lat' dir='ltr'>centum</span> <span class='ocrx_word' id='word_1_705' title='bbox 3403 4050 3612 4121; x_wconf 88' lang='lat' dir='ltr'>viginti</span> 
     </span>
    </p>
   </div>
   <div class='ocr_carea' id='block_1_101' title="bbox 1921 4131 3615 4207">
    <p class='ocr_par' dir='ltr' id='par_1_101' title="bbox 1921 4131 3615 4207">
     <span class='ocr_line' id='line_1_101' title="bbox 1921 4131 3615 4207; baseline 0.005 -21"><span class='ocrx_word' id='word_1_706' title='bbox 1921 4132 2246 4187; x_wconf 87' lang='lat' dir='ltr'>cubitorum</span> <span class='ocrx_word' id='word_1_707' title='bbox 2290 4134 2431 4197; x_wconf 87' lang='lat' dir='ltr'>erat,</span> <span class='ocrx_word' id='word_1_708' title='bbox 2482 4131 2549 4184; x_wconf 91' lang='lat' dir='ltr'>de</span> <span class='ocrx_word' id='word_1_709' title='bbox 2596 4132 2756 4202; x_wconf 90' lang='lat' dir='ltr'>cujus</span> <span class='ocrx_word' id='word_1_710' title='bbox 2787 4134 2869 4187; x_wconf 90' lang='lat' dir='ltr'>rei</span> <span class='ocrx_word' id='word_1_711' title='bbox 2913 4136 3278 4190; x_wconf 88' lang='lat' dir='ltr'>sacramentis</span> <span class='ocrx_word' id='word_1_712' title='bbox 3328 4138 3516 4207; x_wconf 87' lang='lat' dir='ltr'>aptius</span> <span class='ocrx_word' id='word_1_713' title='bbox 3555 4139 3615 4194; x_wconf 89' lang='lat' dir='ltr'>in</span> 
     </span>
    </p>
   </div>
   <div class='ocr_carea' id='block_1_102' title="bbox 1923 4219 3616 4293">
    <p class='ocr_par' dir='ltr' id='par_1_102' title="bbox 1923 4219 3616 4293">
     <span class='ocr_line' id='line_1_102' title="bbox 1923 4219 3616 4293; baseline 0.005 -17"><span class='ocrx_word' id='word_1_714' title='bbox 1923 4220 2181 4293; x_wconf 88' lang='lat' dir='ltr'>sequenti</span> <span class='ocrx_word' id='word_1_715' title='bbox 2211 4219 2563 4286; x_wconf 89' lang='lat' dir='ltr'>tractabitur,</span> <span class='ocrx_word' id='word_1_716' title='bbox 2599 4220 2696 4274; x_wconf 88' lang='lat' dir='ltr'>ubi</span> <span class='ocrx_word' id='word_1_717' title='bbox 2721 4221 2792 4275; x_wconf 92' lang='lat' dir='ltr'>ad</span> <span class='ocrx_word' id='word_1_718' title='bbox 2844 4223 3101 4278; x_wconf 88' lang='lat' dir='ltr'>medium</span> <span class='ocrx_word' id='word_1_719' title='bbox 3150 4227 3507 4283; x_wconf 85' lang='lat' dir='ltr'>coenaeulum</span> <span class='ocrx_word' id='word_1_720' title='bbox 3560 4236 3616 4284; x_wconf 89' lang='lat' dir='ltr'>et</span> 
     </span>
    </p>
   </div>
   <div class='ocr_carea' id='block_1_103' title="bbox 1922 4308 2985 4380">
    <p class='ocr_par' dir='ltr' id='par_1_103' title="bbox 1922 4308 2985 4380">
     <span class='ocr_line' id='line_1_103' title="bbox 1922 4308 2985 4380; baseline 0.001 -14"><span class='ocrx_word' id='word_1_721' title='bbox 1922 4310 2157 4366; x_wconf 89' lang='lat' dir='ltr'>tertium</span> <span class='ocrx_word' id='word_1_722' title='bbox 2187 4308 2444 4362; x_wconf 89' lang='lat' dir='ltr'>lectionis</span> <span class='ocrx_word' id='word_1_723' title='bbox 2470 4309 2610 4363; x_wconf 93' lang='lat' dir='ltr'>ordo</span> <span class='ocrx_word' id='word_1_724' title='bbox 2642 4313 2985 4380; x_wconf 88' lang='lat' dir='ltr'>pervenerit.</span> 
     </span>
    </p>
   </div>
   <div class='ocr_carea' id='block_1_104' title="bbox 1998 4398 3617 4471">
    <p class='ocr_par' dir='ltr' id='par_1_104' title="bbox 1998 4398 3617 4471">
     <span class='ocr_line' id='line_1_104' title="bbox 1998 4398 3617 4471; baseline 0.004 -17"><span class='ocrx_word' id='word_1_725' title='bbox 1998 4401 2246 4467; x_wconf 79' lang='lat' dir='ltr'>Triginta</span> <span class='ocrx_word' id='word_1_726' title='bbox 2285 4398 2507 4453; x_wconf 88' lang='lat' dir='ltr'>cubitos.</span> <span class='ocrx_word' id='word_1_727' title='bbox 2559 4400 2800 4470; x_wconf 90' lang='lat' dir='ltr'>Propter</span> <span class='ocrx_word' id='word_1_728' title='bbox 2842 4401 3013 4456; x_wconf 88' lang='lat' dir='ltr'>ﬁdem</span> <span class='ocrx_word' id='word_1_729' title='bbox 3055 4402 3365 4471; x_wconf 88' lang='lat' dir='ltr'>Trinitatis,</span> <span class='ocrx_word' id='word_1_730' title='bbox 3416 4406 3477 4459; x_wconf 96' lang='lat' dir='ltr'>in</span> <span class='ocrx_word' id='word_1_731' title='bbox 3522 4423 3617 4460; x_wconf 87' lang='lat' dir='ltr'>cu-</span> 
     </span>
    </p>
   </div>
   <div class='ocr_carea' id='block_1_105' title="bbox 1845 4487 3616 4563">
    <p class='ocr_par' dir='ltr' id='par_1_105' title="bbox 1845 4487 3616 4563">
     <span class='ocr_line' id='line_1_105' title="bbox 1845 4487 3616 4563; baseline 0.003 -20"><span class='ocrx_word' id='word_1_732' title='bbox 1845 4489 1888 4543; x_wconf 94' lang='lat' dir='ltr'>D</span> <span class='ocrx_word' id='word_1_733' title='bbox 1923 4490 2017 4560; x_wconf 90' lang='lat' dir='ltr'>jus</span> <span class='ocrx_word' id='word_1_734' title='bbox 2046 4487 2263 4541; x_wconf 89' lang='lat' dir='ltr'>visione</span> <span class='ocrx_word' id='word_1_735' title='bbox 2291 4491 2493 4541; x_wconf 90' lang='lat' dir='ltr'>cuncta</span> <span class='ocrx_word' id='word_1_736' title='bbox 2524 4487 2804 4542; x_wconf 88' lang='lat' dir='ltr'>desideria</span> <span class='ocrx_word' id='word_1_737' title='bbox 2846 4491 2966 4560; x_wconf 90' lang='lat' dir='ltr'>spei</span> <span class='ocrx_word' id='word_1_738' title='bbox 3009 4498 3218 4548; x_wconf 65' lang='lat' dir='ltr'>nostrae</span> <span class='ocrx_word' id='word_1_739' title='bbox 3266 4493 3616 4563; x_wconf 88' lang='lat' dir='ltr'>suspendan-</span> 
     </span>
    </p>
   </div>
   <div class='ocr_carea' id='block_1_106' title="bbox 1928 4574 3623 4653">
    <p class='ocr_par' dir='ltr' id='par_1_106' title="bbox 1928 4574 3623 4653">
     <span class='ocr_line' id='line_1_106' title="bbox 1928 4574 3623 4653; baseline 0.002 -21"><span class='ocrx_word' id='word_1_740' title='bbox 1928 4584 2040 4632; x_wconf 86' lang='lat' dir='ltr'>tur.</span> <span class='ocrx_word' id='word_1_741' title='bbox 2074 4574 2294 4646; x_wconf 90' lang='lat' dir='ltr'>Singuli</span> <span class='ocrx_word' id='word_1_742' title='bbox 2325 4576 2551 4628; x_wconf 89' lang='lat' dir='ltr'>numeri</span> <span class='ocrx_word' id='word_1_743' title='bbox 2577 4591 2679 4646; x_wconf 91' lang='lat' dir='ltr'>per</span> <span class='ocrx_word' id='word_1_744' title='bbox 2724 4577 2917 4632; x_wconf 90' lang='lat' dir='ltr'>decem</span> <span class='ocrx_word' id='word_1_745' title='bbox 2965 4580 3442 4650; x_wconf 84' lang='lat' dir='ltr'>multiplicantur,</span> <span class='ocrx_word' id='word_1_746' title='bbox 3487 4583 3623 4653; x_wconf 90' lang='lat' dir='ltr'>quia</span> 
     </span>
    </p>
   </div>
   <div class='ocr_carea' id='block_1_107' title="bbox 1927 4665 3625 4739">
    <p class='ocr_par' dir='ltr' id='par_1_107' title="bbox 1927 4665 3625 4739">
     <span class='ocr_line' id='line_1_107' title="bbox 1927 4665 3625 4739; baseline 0.002 -20"><span class='ocrx_word' id='word_1_747' title='bbox 1927 4683 2030 4738; x_wconf 91' lang='lat' dir='ltr'>per</span> <span class='ocrx_word' id='word_1_748' title='bbox 2083 4665 2251 4719; x_wconf 84' lang='lat' dir='ltr'>ﬁdem</span> <span class='ocrx_word' id='word_1_749' title='bbox 2313 4670 2371 4718; x_wconf 88' lang='lat' dir='ltr'>et</span> <span class='ocrx_word' id='word_1_750' title='bbox 2418 4665 2730 4720; x_wconf 90' lang='lat' dir='ltr'>custodiam</span> <span class='ocrx_word' id='word_1_751' title='bbox 2793 4667 2932 4738; x_wconf 89' lang='lat' dir='ltr'>legis</span> <span class='ocrx_word' id='word_1_752' title='bbox 2985 4669 3262 4739; x_wconf 90' lang='lat' dir='ltr'>patientia</span> <span class='ocrx_word' id='word_1_753' title='bbox 3323 4671 3625 4725; x_wconf 86' lang='lat' dir='ltr'>salubriter</span> 
     </span>
    </p>
   </div>
   <div class='ocr_carea' id='block_1_108' title="bbox 1930 4754 3622 4828">
    <p class='ocr_par' dir='ltr' id='par_1_108' title="bbox 1930 4754 3622 4828">
     <span class='ocr_line' id='line_1_108' title="bbox 1930 4754 3622 4828; baseline 0.003 -19"><span class='ocrx_word' id='word_1_754' title='bbox 1930 4762 2224 4809; x_wconf 89' lang='lat' dir='ltr'>exercetur</span> <span class='ocrx_word' id='word_1_755' title='bbox 2255 4769 2269 4807; x_wconf 89' lang='lat'><strong>:</strong></span> <span class='ocrx_word' id='word_1_756' title='bbox 2299 4754 2541 4807; x_wconf 79' lang='lat' dir='ltr'>Charitas</span> <span class='ocrx_word' id='word_1_757' title='bbox 2573 4755 2810 4809; x_wconf 89' lang='lat' dir='ltr'>viriliter</span> <span class='ocrx_word' id='word_1_758' title='bbox 2834 4758 3095 4825; x_wconf 88' lang='lat' dir='ltr'>ardescit,</span> <span class='ocrx_word' id='word_1_759' title='bbox 3149 4763 3206 4812; x_wconf 90' lang='lat' dir='ltr'>et</span> <span class='ocrx_word' id='word_1_760' title='bbox 3252 4775 3381 4828; x_wconf 89' lang='lat' dir='ltr'>spes</span> <span class='ocrx_word' id='word_1_761' title='bbox 3444 4760 3622 4814; x_wconf 90' lang='lat' dir='ltr'>subli-</span> 
     </span>
    </p>
   </div>
   <div class='ocr_carea' id='block_1_109' title="bbox 1930 4843 2710 4913">
    <p class='ocr_par' dir='ltr' id='par_1_109' title="bbox 1930 4843 2710 4913">
     <span class='ocr_line' id='line_1_109' title="bbox 1930 4843 2710 4913; baseline -0.001 -14"><span class='ocrx_word' id='word_1_762' title='bbox 1930 4844 2101 4900; x_wconf 89' lang='lat' dir='ltr'>miter</span> <span class='ocrx_word' id='word_1_763' title='bbox 2131 4843 2199 4897; x_wconf 90' lang='lat' dir='ltr'>ad</span> <span class='ocrx_word' id='word_1_764' title='bbox 2231 4847 2444 4897; x_wconf 65' lang='lat' dir='ltr'>interna</span> <span class='ocrx_word' id='word_1_765' title='bbox 2471 4843 2710 4913; x_wconf 87' lang='lat' dir='ltr'>rapitur.</span> 
     </span>
    </p>
   </div>
   <div class='ocr_carea' id='block_1_110' title="bbox 2000 4932 3625 5004">
    <p class='ocr_par' dir='ltr' id='par_1_110' title="bbox 2000 4932 3625 5004">
     <span class='ocr_line' id='line_1_110' title="bbox 2000 4932 3625 5004; baseline 0.002 -16"><span class='ocrx_word' id='word_1_766' title='bbox 2000 4936 2061 4988; x_wconf 89' lang='lat' dir='ltr'>In</span> <span class='ocrx_word' id='word_1_767' title='bbox 2091 4932 2401 4987; x_wconf 87' lang='lat' dir='ltr'>altitudine.</span> <span class='ocrx_word' id='word_1_768' title='bbox 2450 4932 2707 4987; x_wconf 89' lang='lat' dir='ltr'>Altitudo</span> <span class='ocrx_word' id='word_1_769' title='bbox 2756 4932 3041 5003; x_wconf 91' lang='lat' dir='ltr'>signiﬁcat</span> <span class='ocrx_word' id='word_1_770' title='bbox 3089 4949 3250 5004; x_wconf 89' lang='lat' dir='ltr'>spem</span> <span class='ocrx_word' id='word_1_771' title='bbox 3297 4936 3625 4990; x_wconf 88' lang='lat' dir='ltr'>retributio-</span> 
     </span>
    </p>
   </div>
   <div class='ocr_carea' id='block_1_111' title="bbox 1931 5022 3628 5093">
    <p class='ocr_par' dir='ltr' id='par_1_111' title="bbox 1931 5022 3628 5093">
     <span class='ocr_line' id='line_1_111' title="bbox 1931 5022 3628 5093; baseline 0.001 -16"><span class='ocrx_word' id='word_1_772' title='bbox 1931 5023 2020 5077; x_wconf 89' lang='lat' dir='ltr'>nis</span> <span class='ocrx_word' id='word_1_773' title='bbox 2052 5022 2278 5089; x_wconf 65' lang='lat' dir='ltr'>futuraa,</span> <span class='ocrx_word' id='word_1_774' title='bbox 2307 5038 2412 5091; x_wconf 92' lang='lat' dir='ltr'>pro</span> <span class='ocrx_word' id='word_1_775' title='bbox 2445 5038 2557 5092; x_wconf 90' lang='lat' dir='ltr'>qua</span> <span class='ocrx_word' id='word_1_776' title='bbox 2589 5037 2860 5091; x_wconf 88' lang='lat' dir='ltr'>prospera</span> <span class='ocrx_word' id='word_1_777' title='bbox 2899 5024 2987 5074; x_wconf 90' lang='lat' dir='ltr'>vel</span> <span class='ocrx_word' id='word_1_778' title='bbox 3027 5022 3261 5075; x_wconf 87' lang='lat' dir='ltr'>adversa</span> <span class='ocrx_word' id='word_1_779' title='bbox 3291 5024 3628 5093; x_wconf 91' lang='lat' dir='ltr'>contemnit,</span> 
     </span>
    </p>
   </div>
   <div class='ocr_carea' id='block_1_112' title="bbox 1933 5109 3395 5168">
    <p class='ocr_par' dir='ltr' id='par_1_112' title="bbox 1933 5109 3395 5168">
     <span class='ocr_line' id='line_1_112' title="bbox 1933 5109 3395 5168; baseline -0.001 0"><span class='ocrx_word' id='word_1_780' title='bbox 1933 5113 2113 5168; x_wconf 92' lang='lat' dir='ltr'>donec</span> <span class='ocrx_word' id='word_1_781' title='bbox 2140 5110 2327 5164; x_wconf 89' lang='lat' dir='ltr'>videat</span> <span class='ocrx_word' id='word_1_782' title='bbox 2358 5112 2506 5165; x_wconf 85' lang='lat' dir='ltr'>bona</span> <span class='ocrx_word' id='word_1_783' title='bbox 2537 5109 2766 5164; x_wconf 92' lang='lat' dir='ltr'>Domini</span> <span class='ocrx_word' id='word_1_784' title='bbox 2795 5109 2854 5162; x_wconf 89' lang='lat' dir='ltr'>in</span> <span class='ocrx_word' id='word_1_785' title='bbox 2882 5114 3036 5163; x_wconf 88' lang='lat' dir='ltr'>terra</span> <span class='ocrx_word' id='word_1_786' title='bbox 3060 5110 3395 5166; x_wconf 90' lang='lat' dir='ltr'>viventium.</span> 
     </span>
    </p>
   </div>
   <div class='ocr_carea' id='block_1_113' title="bbox 2002 5199 3629 5258">
    <p class='ocr_par' dir='ltr' id='par_1_113' title="bbox 2002 5199 3629 5258">
     <span class='ocr_line' id='line_1_113' title="bbox 2002 5199 3629 5258; baseline 0 -5"><span class='ocrx_word' id='word_1_787' title='bbox 2002 5202 2165 5254; x_wconf 70' lang='lat' dir='ltr'>Vens.</span> <span class='ocrx_word' id='word_1_788' title='bbox 2202 5202 2254 5254; x_wconf 89' lang='lat'>3.</span> <span class='ocrx_word' id='word_1_789' title='bbox 2288 5231 2355 5239; x_wconf 89' lang='lat'>—-</span> <span class='ocrx_word' id='word_1_790' title='bbox 2406 5201 2643 5253; x_wconf 86' lang='lat' dir='ltr'>Porticus</span> <span class='ocrx_word' id='word_1_791' title='bbox 2690 5203 2827 5258; x_wconf 84' lang='lat' dir='ltr'>erat.</span> <span class='ocrx_word' id='word_1_792' title='bbox 2889 5204 2992 5252; x_wconf 89' lang='lat' dir='ltr'>etc.</span> <span class='ocrx_word' id='word_1_793' title='bbox 3049 5199 3127 5252; x_wconf 91' lang='lat' dir='ltr'>De</span> <span class='ocrx_word' id='word_1_794' title='bbox 3186 5199 3291 5253; x_wconf 90' lang='lat' dir='ltr'>hac</span> <span class='ocrx_word' id='word_1_795' title='bbox 3347 5200 3409 5253; x_wconf 92' lang='lat' dir='ltr'>in</span> <span class='ocrx_word' id='word_1_796' title='bbox 3458 5201 3629 5253; x_wconf 86' lang='lat' dir='ltr'>Para-</span> 
     </span>
    </p>
   </div>
   <div class='ocr_carea' id='block_1_114' title="bbox 1934 5287 3634 5360">
    <p class='ocr_par' dir='ltr' id='par_1_114' title="bbox 1934 5287 3634 5360">
     <span class='ocr_line' id='line_1_114' title="bbox 1934 5287 3634 5360; baseline -0.001 -17"><span class='ocrx_word' id='word_1_797' title='bbox 1934 5287 2233 5360; x_wconf 91' lang='lat' dir='ltr'>lipomenis</span> <span class='ocrx_word' id='word_1_798' title='bbox 2264 5287 2344 5341; x_wconf 89' lang='lat' dir='ltr'>ita</span> <span class='ocrx_word' id='word_1_799' title='bbox 2376 5287 2689 5357; x_wconf 88' lang='lat' dir='ltr'>scriptum:</span> <span class='ocrx_word' id='word_1_800' title='bbox 2744 5288 3012 5341; x_wconf 83' lang='lat' dir='ltr'>Porticum</span> <span class='ocrx_word' id='word_1_801' title='bbox 3065 5302 3188 5340; x_wconf 76' lang='lat' dir='ltr'>vero</span> <span class='ocrx_word' id='word_1_802' title='bbox 3231 5292 3355 5341; x_wconf 84' lang='lat' dir='ltr'>ante</span> <span class='ocrx_word' id='word_1_803' title='bbox 3400 5289 3634 5353; x_wconf 83' lang='lat' dir='ltr'>frontem</span> 
     </span>
    </p>
   </div>
   <div class='ocr_carea' id='block_1_115' title="bbox 1936 5376 3636 5447">
    <p class='ocr_par' dir='ltr' id='par_1_115' title="bbox 1936 5376 3636 5447">
     <span class='ocr_line' id='line_1_115' title="bbox 1936 5376 3636 5447; baseline -0.001 -15"><span class='ocrx_word' id='word_1_804' title='bbox 1936 5393 2058 5447; x_wconf 71' lang='lat' dir='ltr'>qua:</span> <span class='ocrx_word' id='word_1_805' title='bbox 2088 5376 2407 5432; x_wconf 83' lang='lat' dir='ltr'>tendebatur</span> <span class='ocrx_word' id='word_1_806' title='bbox 2445 5378 2503 5429; x_wconf 85' lang='lat' dir='ltr'>in</span> <span class='ocrx_word' id='word_1_807' title='bbox 2548 5377 2763 5440; x_wconf 88' lang='lat' dir='ltr'>longum</span> <span class='ocrx_word' id='word_1_808' title='bbox 2804 5376 2976 5443; x_wconf 73' lang='lat' dir='ltr'>juxta</span> <span class='ocrx_word' id='word_1_809' title='bbox 3020 5391 3329 5430; x_wconf 83' lang='lat' dir='ltr'>mensuram</span> <span class='ocrx_word' id='word_1_810' title='bbox 3376 5378 3636 5431; x_wconf 83' lang='lat' dir='ltr'>latitudi-</span> 
     </span>
    </p>
   </div>
   <div class='ocr_carea' id='block_1_116' title="bbox 1932 5462 3633 5537">
    <p class='ocr_par' dir='ltr' id='par_1_116' title="bbox 1932 5462 3633 5537">
     <span class='ocr_line' id='line_1_116' title="bbox 1932 5462 3633 5537; baseline 0.005 -26"><span class='ocrx_word' id='word_1_811' title='bbox 1932 5469 2018 5519; x_wconf 79' lang='lat' dir='ltr'>nis</span> <span class='ocrx_word' id='word_1_812' title='bbox 2047 5466 2345 5520; x_wconf 77' lang='lat' dir='ltr'>cubitorum</span> <span class='ocrx_word' id='word_1_813' title='bbox 2373 5463 2574 5531; x_wconf 75' lang='lat' dir='ltr'>viginti</span> <span class='ocrx_word' id='word_1_814' title='bbox 2605 5462 2689 5533; x_wconf 84' lang='lat' dir='ltr'>(Il</span> <span class='ocrx_word' id='word_1_815' title='bbox 2713 5463 2903 5519; x_wconf 88' lang='lat' dir='ltr'>Paral.</span> <span class='ocrx_word' id='word_1_816' title='bbox 2954 5466 3051 5534; x_wconf 83' lang='lat' dir='ltr'>In).</span> <span class='ocrx_word' id='word_1_817' title='bbox 3106 5466 3270 5519; x_wconf 89' lang='lat' dir='ltr'>Patet</span> <span class='ocrx_word' id='word_1_818' title='bbox 3316 5480 3451 5535; x_wconf 88' lang='lat' dir='ltr'>ergo</span> <span class='ocrx_word' id='word_1_819' title='bbox 3494 5466 3633 5537; x_wconf 85' lang='lat' dir='ltr'>quia</span> 
     </span>
    </p>
   </div>
   <div class='ocr_carea' id='block_1_117' title="bbox 1939 5547 3637 5625">
    <p class='ocr_par' dir='ltr' id='par_1_117' title="bbox 1939 5547 3637 5625">
     <span class='ocr_line' id='line_1_117' title="bbox 1939 5547 3637 5625; baseline 0.002 -20"><span class='ocrx_word' id='word_1_820' title='bbox 1939 5552 2187 5623; x_wconf 88' lang='lat' dir='ltr'>porticus</span> <span class='ocrx_word' id='word_1_821' title='bbox 2220 5549 2327 5603; x_wconf 86' lang='lat' dir='ltr'>ista</span> <span class='ocrx_word' id='word_1_822' title='bbox 2356 5548 2425 5603; x_wconf 86' lang='lat' dir='ltr'>ad</span> <span class='ocrx_word' id='word_1_823' title='bbox 2457 5547 2796 5605; x_wconf 88' lang='lat' dir='ltr'>orientalem</span> <span class='ocrx_word' id='word_1_824' title='bbox 2825 5553 3024 5624; x_wconf 89' lang='lat' dir='ltr'>templi</span> <span class='ocrx_word' id='word_1_825' title='bbox 3064 5558 3287 5625; x_wconf 89' lang='lat' dir='ltr'>partem</span> <span class='ocrx_word' id='word_1_826' title='bbox 3330 5553 3482 5609; x_wconf 76' lang='lat' dir='ltr'>facta</span> <span class='ocrx_word' id='word_1_827' title='bbox 3533 5560 3637 5609; x_wconf 86' lang='lat' dir='ltr'>est.</span> 
     </span>
    </p>
   </div>
   <div class='ocr_carea' id='block_1_118' title="bbox 3144 5630 3225 5692">
    <p class='ocr_par' dir='ltr' id='par_1_118' title="bbox 3144 5630 3225 5692">
     <span class='ocr_line' id='line_1_118' title="bbox 3144 5630 3225 5692; baseline 0.037 -3"><span class='ocrx_word' id='word_1_828' title='bbox 3144 5630 3225 5692; x_wconf 81' lang='grc'><strong>19</strong></span> 
     </span>
    </p>
   </div>
  </div>
