4062 6180
359 348 457 401 587

999 339 1397 396 WALAFRIDI
1435 340 1683 396 STRABI
1726 337 1925 394 Fl’LD.
1970 338 2055 392 MC

2202 338 2330 393 lPP.
2378 335 2553 393 PARS
2593 335 2634 390 Ι.
2676 362 2748 376 -
2784 332 3241 390 TllEOl.OGlCA.

3754 336 3845 389 588

353 467 653 537 Templum
686 464 841 519 enim
871 480 1093 518 versum
1126 463 1193 518 ad
1228 462 1506 517 orientem
1541 466 1663 515 erat
1701 461 1839 515 sicut
1870 465 1927 515 et
1966 466 2051 515 ta-
2082 463 2131 518 A
2175 461 2258 515 vis
2286 460 2507 516 dicatur
2536 477 2549 514 :
2582 460 2689 515 Nec
2718 461 2806 512 vir
2848 460 3121 527 perfectus
3164 459 3221 512 in
3260 456 3690 525 generationibus
3719 459 3844 525 suis,

351 553 727 608 bernaculum
762 569 775 606 :
816 550 1174 621 habebatque
1222 547 1434 602 ostium
1483 546 1554 600 ab
1579 545 1801 600 oriente
1856 550 2051 600 contra

355 642 564 696 ostium
595 640 999 710 templi,juxta
1045 637 1376 708 Josephum,
1428 635 1510 689 ita
1554 639 1617 688 ut
1666 635 1747 688 sol
1797 635 2052 706 inquine-

355 724 535 783 ctialis
563 729 752 783 oriens
779 725 1006 783 directis
1038 725 1331 780 radiorum
1368 724 1532 778 lineis
1574 739 1677 794 per
1726 723 1870 777 ostia
1920 723 2050 791 tria,

354 817 629 889 porticus,
676 816 906 882 scilicet,
965 814 1166 885 templi
1213 818 1271 867 et
1319 811 1554 879 oraculi,
1622 827 1810 865 arcam
1884 816 2052 866 testa-

355 905 535 961 menti
566 904 953 975 perfunderet,
992 902 1291 973 Templum
1324 900 1632 955 Ecclesiam
1665 899 1894 968 ﬁgurat,
1928 915 2056 970 por-

356 995 502 1048 ticus
529 1009 657 1065 quas
688 998 821 1047 ante
846 993 1125 1063 templum
1156 991 1315 1062 prior
1339 992 1531 1044 lumen
1554 989 1688 1043 solis
1719 988 2052 1060 recipiebat,

356 1083 511 1137 illam
558 1082 814 1137 Ecclesia:
864 1086 1088 1152 partem
1139 1096 1267 1151 quia.
1318 1078 1546 1134 Domini
1594 1078 2092 1132 incarnattonem-

358 1170 650 1243 prmccssit
683 1185 696 1223 :
725 1169 784 1224 in
815 1185 926 1241 qua
956 1168 1295 1239 patriarcha:
1325 1173 1383 1221 et
1428 1165 1727 1238 prophetae
1775 1165 2051 1220 orientem

355 1259 593 1331 justitise
625 1259 803 1314 solem
834 1257 1008 1328 primi
1037 1260 1427 1328 susceperunt,
1460 1259 1516 1309 et
1534 1254 1790 1310 nascenti
1813 1254 2056 1310 Domino

360 1350 419 1404 in
450 1366 618 1404 carne
648 1349 901 1413 vivendo,
937 1347 1320 1419 praedicando,
1344 1346 1649 1415 nascendo,
1672 1351 1727 1400 et
1759 1345 2055 1400 moriendo

361 1439 687 1495 testimonio
718 1438 1114 1510 praabuerunt.

437 1529 652 1597 Viginti
713 1527 1013 1582 cubitorum
1083 1524 1463 1593 longitudinis.
1518 1524 1689 1593 jumta
1750 1537 2054 1577 mensuram

364 1616 674 1671 latitudinis
706 1616 907 1684 templi.
946 1614 1129 1682 (Bana,
1163 1613 1261 1666 lib.
1295 1612 1363 1665 de
1390 1619 1547 1681 temp.
1602 1612 1826 1679 Sulom.,
1875 1627 1922 1665 c.
1979 1611 2057 1678 6.)

364 1703 507 1769 Quia
562 1702 785 1774 antiqui
836 1702 974 1772 justi
1053 1701 1111 1754 in
1170 1699 1446 1771 patientia
1503 1704 1558 1754 ct
1618 1699 2057 1771 longanimitate

366 1792 789 1863 exspectabant,
822 1796 950 1854 etc.,
996 1805 1164 1858 usque
1210 1790 1283 1843 ad
1328 1793 1520 1843 tamen
1571 1789 1888 1843 doctrinam
1939 1789 2061 1858 ejus

367 1882 565 1936 audire
596 1885 653 1934 et
690 1883 1041 1933 sacramenta
1075 1878 1368 1949 percipere
1392 1876 1791 1949 nequiverunt.

440 1971 601 2024 Vsus.
635 1969 687 2022 4.
726 1999 791 2007 -
820 1967 1180 2021 —Fcnestras
1205 1966 1451 2035 obliquas
1505 1968 1619 2032 (ln.,
1643 1966 1803 2032 ibid.,
1825 1982 1950 2036 cap.
1980 1966 2062 2035 7.)

370 2059 600 2114 Sanctos
651 2057 911 2111 doctores
977 2056 1185 2125 quibus
1232 2060 1423 2109 mente
1464 2055 1866 2109 excedentibus
1926 2055 2063 2120 Deo,

368 2163 572 2203 arcana
601 2144 916 2200 caelestium
965 2144 1268 2215 specialius
1322 2143 1510 2198 videre
1566 2143 1916 2199 conceditur.
1958 2142 2067 2207 Qui

370 2237 509 2290 dum
557 2250 684 2306 quae
716 2233 774 2288 in
810 2233 1029 2288 occulto
1075 2232 1283 2294 vident,
1334 2232 1560 2303 publice
1589 2232 1870 2302 pandunt,
1904 2225 2068 2303 quasi

369 2329 629 2395 suscepto
659 2322 878 2377 lumine
909 2321 1044 2376 solis
1083 2322 1347 2376 fenestrae
1393 2326 1595 2375 cuncta
1646 2320 1845 2391 templi
1885 2336 2066 2392 pene-

367 2412 535 2469 tralia
563 2413 808 2483 replent.
841 2410 1000 2466 Unde
1044 2410 1313 2481 obliquae,
1363 2409 1420 2464 id
1469 2416 1574 2476 est,
1631 2409 1786 2464 intus
1834 2406 2061 2464 latiores

366 2502 538 2557 fuisse
567 2501 942 2572 perhibentur
975 2516 987 2553 :
1019 2499 1154 2571 quia
1184 2498 1284 2570 qui
1309 2498 1483 2570 jubar
1512 2515 1775 2571 superum
1805 2504 2060 2553 contem-

366 2590 635 2662 plationis
655 2590 740 2643 vel
762 2590 828 2641 ad
855 2594 1193 2642 mouentum
1217 2587 1476 2659 percipit,
1501 2604 1630 2641 mox
1657 2587 1845 2641 sinum
1878 2587 2063 2642 cordis

369 2679 616 2751 amplius
645 2677 974 2748 castigando
1008 2676 1226 2743 dilatat,
1263 2680 1320 2731 et
1347 2676 1416 2731 ad
1448 2676 1666 2747 majora
1718 2675 2063 2747 capessenda

370 2768 562 2828 solerti
591 2766 992 2822 exercitatione
1020 2769 1325 2837 prasparat.

441 2858 603 2911 Vsus.
639 2858 690 2909 6.
724 2855 793 2909 Et
822 2853 1132 2920 aediﬁcavit,
1174 2856 1280 2905 etc.
1317 2852 1438 2920 (10.,
1480 2849 1639 2920 ibid.)
1664 2850 1795 2903 llaec
1813 2849 2066 2904 tabulata

369 2947 430 3001 in
461 2943 768 3015 Evangelio
799 2941 897 2996 ubi
928 2941 1205 2995 Dominus
1234 2943 1486 2994 tentatur
1524 2956 1556 2993 a
1589 2939 1841 3007 diabolo,
1874 2939 2070 3011 pinna-

371 3035 498 3089 cula
522 3032 721 3103 templi
746 3034 1037 3097 vocantur,
1070 3034 1199 3098 etc.,
1233 3044 1403 3098 usque
1460 3027 1533 3083 ad
1579 3044 1825 3099 quorum
1879 3029 2066 3083 maxi-

2170 556 2225 606 et
2257 568 2270 606 :
2317 553 2473 607 Beati
2520 548 2859 605 immaculati
2885 549 2944 601 in
2989 549 3104 616 via,
3139 553 3191 602 et
3224 546 3642 618 hujuscemodi,
3675 548 3848 602 nullus

2164 654 2293 693 vere
2321 638 2605 711 perfectus
2637 642 2693 691 ct
2725 637 2848 691 sine
2886 637 3107 690 macula
3136 635 3284 689 viam
3318 635 3487 707 hujus
3530 635 3662 689 vitae
3706 635 3844 689 ince-

2164 727 2297 782 dere
2325 730 2534 798 potest.
2568 726 2692 780 Non
2721 730 2807 778 est
2837 723 2993 778 enim
3027 722 3126 796 qui
3152 724 3318 778 faciat
3359 724 3602 792 bonum,
3643 728 3701 778 et
3744 741 3844 779 non

2166 821 2377 887 peccet.
2409 814 2517 870 Sed
2545 813 2861 868 secundum
2908 812 3080 883 hujus
3124 810 3402 883 temporis
3450 812 3686 865 modum
3730 827 3849 881 per-

2165 904 2297 959 fecti
2328 909 2385 958 et
2432 902 2787 958 immaculati
2836 906 3133 968 vocantur,
3189 901 3288 972 qui
3332 905 3469 955 tunc
3511 917 3642 955 vere
3690 899 3845 971 perﬁ-

2165 993 2414 1058 ciuntur,
2447 1008 2577 1047 cum
2612 992 2851 1047 nexibus
2879 990 3134 1061 corporis
3165 989 3410 1044 absoluti
3442 990 3514 1045 ad
3564 990 3845 1044 immorta-

2166 1084 2279 1137 lem
2306 1082 2513 1137 domus
2544 1080 2771 1136 Domini
2802 1080 3066 1135 decorem
3097 1079 3484 1148 pervenerint.

2236 1172 2399 1226 Vens.
2435 1173 2487 1225 8.
2522 1202 2588 1211 —
2619 1170 2826 1226 Ostium
2852 1170 3055 1223 lateris.
3089 1168 3273 1236 (BEDA,
3304 1166 3466 1231 ibid.,
3492 1184 3614 1239 cap.
3645 1167 3728 1234 8.)
3752 1167 3848 1232 Qui

2168 1260 2299 1315 dam
2329 1260 2484 1314 hunc
2512 1260 2701 1314 locum
2733 1258 2882 1311 male
2913 1256 3320 1328 intelligentes.
3356 1261 3467 1312 etc.
3486 1298 3500 1324 ,
3523 1272 3694 1327 usque
3715 1257 3782 1311 ad
3800 1262 3849 1310 et

2166 1348 2311 1402 bene
2340 1363 2523 1403 unum
2567 1347 2801 1412 ostium,
2854 1351 3092 1417 propter
3133 1361 3442 1399 consonam
3494 1345 3554 1399 in
3599 1344 3850 1399 omnibus

2167 1436 2377 1491 sanctis
2399 1436 2572 1491 tidem
2598 1440 2653 1490 et
2682 1435 3045 1490 dilectionem
3071 1433 3345 1489 veritatis.

2236 1525 2617 1581 Ascendebant
2656 1527 2714 1579 in
2764 1523 2997 1578 medium
3026 1523 3353 1577 ctenaculum
3405 1528 3454 1576 ct
3504 1538 3539 1576 a
3588 1522 3758 1577 medio
3800 1524 3853 1575 in

2167 1617 2405 1670 tertium.
2440 1613 2846 1676 Etardi/icavit.
2898 1612 3089 1683 (Dens,
3121 1610 3285 1679 ibid.)
3341 1611 3665 1665 Notandum
3715 1612 3852 1682 quod

2092 1703 2403 1802 B.triginta
2435 1702 2609 1757 cubiti
2642 1700 2958 1755 altitudinis
2984 1700 3053 1755 de
3079 1716 3192 1771 quo
3233 1716 3406 1769 supra
3452 1701 3682 1769 legitur,
3732 1708 3853 1763 etc.,

2172 1808 2342 1860 usque
2366 1792 2439 1845 ad
2468 1791 2602 1862 quia
2631 1806 2881 1845 consona
2910 1794 3103 1843 mente
3133 1792 3192 1843 et
3229 1804 3364 1842 voce
3416 1805 3615 1843 omnes
3664 1789 3855 1843 divinae

2173 1880 2487 1951 majestatis
2517 1879 2759 1950 gloriam
2791 1877 3213 1932 collaudabunt.

2246 1970 2416 2023 Vsus.
2458 1971 2507 2023 9.
2542 1997 2610 2009 —
2637 1966 3030 2037 Laquearibus.
3066 1967 3261 2036 (8am,
3294 1965 3453 2034 ibid,
3485 1982 3616 2039 cap.
3659 1967 3736 2037 9.)
3770 1968 3858 2021 La—

2173 2056 2407 2128 quearia
2445 2061 2579 2111 sunt
2605 2056 2877 2123 tabulata,
2911 2071 3025 2127 quo
3058 2070 3269 2125 magno
3298 2053 3501 2109 decore
3548 2055 3853 2127 composita

2176 2151 2231 2201 et
2255 2151 2474 2214 ornata,
2509 2145 2579 2200 ab
2611 2143 2870 2200 inferiori
2904 2148 3066 2215 parte
3114 2143 3371 2198 trabibus
3425 2143 3759 2213 at‘llgnntur,
3808 2148 3857 2197 ct

2174 2235 2311 2307 quia
2361 2239 2540 2288 ternae
2591 2233 2907 2287 altitudinis
2961 2233 3164 2287 domus
3217 2230 3445 2286 Domini
3500 2231 3649 2287 facta
3723 2237 3856 2297 erat,

2175 2327 2339 2377 terna
2364 2321 2611 2377 habebat
2657 2320 2968 2392 laquearia.
3014 2320 3232 2375 Sanctis
3282 2319 3718 2373 sublimioribus
3768 2319 3862 2372 sci-

2174 2410 2323 2480 licet,
2357 2426 2602 2483 quorum
2635 2425 2782 2481 opus
2812 2415 2870 2464 et
2896 2409 3154 2465 doctrina
3188 2409 3403 2461 cunctis
3423 2408 3484 2461 in
3509 2410 3723 2479 templo
3747 2424 3863 2480 pro-

2167 2499 2372 2570 posita,
2407 2498 2571 2570 quasi
2602 2497 2831 2569 longius
2860 2498 2919 2551 in
2952 2499 3066 2551 alto
3095 2496 3510 2568 prmeminent;
3540 2498 3863 2569 quicunque

2169 2586 2597 2654 intercedendo,
2661 2586 3034 2652 exhortando,
3096 2585 3317 2639 animas
3386 2585 3748 2641 inﬁrmorum
3796 2602 3864 2640 ne

2171 2674 2459 2743 deﬁciant,
2494 2679 2816 2746 protegant.

2244 2763 2509 2821 Cedrinis.
2543 2764 2668 2833 (ln.,
2705 2762 2864 2831 ibid.)
2892 2762 3103 2817 Codrus
3129 2762 3299 2817 arbor
3319 2761 3713 2832 imputribilis,
3740 2767 3866 2827 etc.,

2173 2867 2343 2923 usque
2394 2853 2469 2907 ad
2515 2852 2630 2906 nisi
2679 2851 2917 2923 diligere
2968 2853 3148 2906 Deum
3212 2867 3277 2905 ex
3342 2855 3458 2906 toto
3508 2850 3701 2919 corde,
3753 2857 3869 2904 tota

2176 2941 2390 3011 anima,
2445 2944 2563 2996 tota
2619 2940 2852 3005 virtute,
2921 2945 2978 2993 et
3047 2939 3371 3010 proximum
3428 2945 3702 3010 tanquam
3769 2955 3869 2993 nos

2178 3046 2353 3102 lpSOS.

372 3138 524 3176 mam
556 3098 775 3192 partem
809 3134 1015 3173 uxores
1046 3117 1346 3190 reliquisse
1373 3098 1713 3188 completius
1738 3118 1917 3172 sancti
1944 3117 2065 3171 Ste-
2100 3098 2140 3153 Ο
2204 3098 2216 3102 ⁷
2249 3119 2411 3173 Vnus.
2476 3120 2560 3173 l0.
2620 3150 2687 3159 —
2749 3118 3075 3172 Tabulatum
3132 3132 3295 3187 super
3368 3132 3573 3172 omnem
3656 3118 3869 3172 domum

371 3208 550 3279 plrani
579 3212 818 3261 testatur
845 3205 1102 3271 historia,
1133 3205 1232 3259 ubi
1263 3204 1504 3259 feminas
1543 3205 1744 3259 eadem
1786 3205 2068 3275 religione

373 3298 653 3368 pollentes
682 3311 798 3349 non
829 3294 1121 3365 conjuges,
1151 3293 1247 3348 sed
1278 3294 1475 3347 viduas
1496 3308 1694 3347 eorum
1717 3294 1991 3364 appellat.

443 3386 659 3439 Latera.
695 3382 822 3453 (ln.,
853 3381 1015 3451 ibid.)
1051 3382 1110 3435 ld
1157 3385 1243 3435 est
1292 3381 1583 3449 luriculas,
1636 3397 1710 3435 ne
1762 3382 1890 3453 quis
1934 3382 2068 3436 inde

374 3473 536 3527 facile
566 3472 634 3526 ad
668 3471 943 3525 inferiora
971 3469 1277 3537 decideret,
1332 3475 1463 3538 etc.,
1511 3485 1680 3539 usque
1728 3470 1803 3524 ad
1842 3470 2064 3542 Latera,

375 3563 431 3618 id
467 3566 570 3629 est,
606 3577 799 3615 muros
846 3561 933 3615 vel
980 3560 1280 3629 cancellos,
1331 3561 1417 3613 vel
1464 3560 1755 3627 luriculas,
1808 3560 2069 3616 doctores

376 3653 435 3705 in
468 3649 737 3705 tabulatis
762 3648 1039 3715 sedentes,
1073 3647 1170 3720 qui
1203 3648 1271 3702 ad
1322 3647 1784 3703 circumstantem
1830 3648 2068 3704 inferius

376 3740 657 3812 populum
693 3738 1196 3793 concionabantur.

448 3827 608 3881 Vens.
642 3828 693 3880 6.
725 3857 793 3865 —
828 3827 1026 3881 Trabes
1056 3830 1233 3880 autem
1259 3825 1443 3896 posuit
1479 3828 1538 3880 in
1566 3826 1720 3882 domo
1742 3842 1840 3896 per
1869 3830 2068 3883 circui-

380 3919 493 3969 tum
519 3916 839 3981 forinsecus.
896 3914 1108 3984 (Βιςιδμλ.⁸
1166 3912 1329 3983 ibid.)
1381 3914 1596 3968 Domus
1640 3930 1768 3986 quas
1817 3916 2071 3970 tabulata

379 4007 627 4074 portant,
644 4006 788 4069 'etc.,
820 4017 990 4072 usque
1021 4002 1096 4057 ad
1127 4007 1183 4057 et
1196 4007 1389 4057 tamen
1408 4018 1474 4057 ex
1496 4002 1579 4057 eis
1598 4019 1727 4075 quae
1753 4004 2068 4075 loquendo,

378 4091 622 4162 agendo,
653 4090 742 4144 vel
771 4089 1046 4160 patiendo
1076 4089 1212 4145 foris
1241 4091 1572 4158 ostendunt,
1615 4090 1939 4147 invenimus
1982 4108 2069 4146 sa-

380 4180 515 4236 lutis
545 4179 841 4235 auxilium.

455 4269 674 4334 Trabes,
725 4273 851 4333 etc.,
897 4269 1217 4333 forinsecus.
1263 4267 1458 4322 Tantae
1505 4267 1882 4338 longitudinis
1929 4273 2071 4339 erat,

380 4362 445 4413 ut
499 4356 685 4429 capita
734 4371 930 4410 earum
962 4355 1275 4409 forinsecus
1316 4355 1735 4426 prominerent.
1765 4355 1828 4410 In
1870 4356 2071 4410 intimo

2176 3208 2417 3277 quinque
2432 3203 2628 3263 cubitis
2643 3206 2973 3261 altitudinis.
3004 3206 3381 3276 (Bansﬁibid)
3409 3205 3509 3259 Hic
3538 3221 3870 3276 supremum

2176 3296 2356 3367 ipsius
2386 3296 2591 3351 domus
2621 3300 2832 3350 tectum
2865 3294 3091 3361 dicitur,
3147 3300 3280 3363 etc.,
3338 3296 3509 3364 usque
3544 3294 3620 3348 ad
3666 3296 3726 3348 in
3771 3297 3875 3364 spi-

2175 3387 2291 3440 ritu
2311 3390 2361 3440 et
2385 3387 2587 3439 virtute
2612 3386 2765 3439 Elite.

2249 3474 2412 3527 Vens.
2450 3476 2535 3527 l5.
2567 3501 2635 3514 —
2665 3473 2745 3526 Et
2772 3473 3065 3542 wdiﬁcavit
3091 3475 3343 3542 parietes.
3382 3473 3555 3542 (Ban.,
3588 3472 3757 3542 ibid.)
3787 3472 3874 3525 ln-

2176 3560 2455 3616 trinsecus
2484 3560 2717 3632 quidem
2742 3561 2947 3616 domus
2974 3562 3140 3616 cedro
3169 3565 3291 3615 erat
3326 3560 3547 3628 vestita,
3600 3566 3730 3628 etc.,
3782 3574 3875 3613 us-

2178 3665 2280 3721 que
2310 3649 2385 3704 ad
2409 3650 2502 3704 sed
2530 3665 2646 3703 non
2678 3648 2895 3705 habens
2925 3666 3069 3721 quos
3097 3653 3349 3721 portent.

2248 3740 2486 3794 Parietes
2535 3737 2745 3794 domus.
2778 3739 3129 3809 Operiuntur
3172 3753 3303 3792 cum
3374 3736 3547 3791 corda
3612 3736 3869 3792 ﬁdelium

2178 3843 2371 3882 amore
2409 3828 2684 3881 virtutum
2721 3827 3061 3881 redundant.
3095 3825 3251 3881 Sicut
3288 3826 3444 3880 enim
3490 3826 3699 3880 cedrus
3742 3841 3874 3896 per-

2177 3916 2354 3971 fectos
2396 3914 2702 3987 signiﬁcat,
2752 3915 2833 3970 ita
2878 3915 3016 3970 locis
3055 3915 3414 3987 opportunis,
3464 3913 3865 3968 celsitudinem

2179 4004 2476 4072 virtutum,
2505 4004 2714 4076 quibus
2759 4003 2833 4059 ad
2878 4004 3142 4060 eamdem
3185 4003 3518 4076 pervcnitur
3570 4002 3873 4075 perfectio-

2180 4108 2332 4147 nem.

2250 4184 2299 4237 Α
2329 4183 2655 4252 pavimento.
2697 4182 2991 4253 Teguntur
3017 4180 3210 4236 omnia
3239 4181 3431 4253 lignis,
3474 4197 3504 4235 a
3550 4181 3876 4252 pavimento

2182 4272 2384 4327 domus
2414 4286 2594 4342 usque
2623 4269 2693 4324 ad
2721 4270 3108 4325 summitatem
3144 4271 3431 4341 parietum
3475 4274 3532 4325 et
3577 4287 3762 4342 usque
3807 4268 3877 4323 ad

2181 4358 2492 4431 laquearia,
2521 4374 2651 4413 cum
2680 4359 2842 4413 electi
2873 4376 2903 4413 a
2932 4359 3134 4430 primis
3165 4359 3300 4414 fidei
3324 4358 3671 4415 rudimentis
3702 4374 3876 4430 usque

380 4446 578 4501 ordine
610 4443 934 4499 cubitorum
973 4448 1209 4514 septem,
1242 4441 1301 4497 in
1333 4443 1521 4498 medio
1561 4460 1677 4509 sex,
1710 4443 1772 4498 in
1798 4460 2067 4515 supremo
2099 4448 2143 4502 D
2180 4449 2249 4503 ad
2277 4448 2684 4520 perfectionem
2715 4448 2881 4503 bona:
2923 4448 3183 4517 actionis,
3220 4453 3278 4503 et
3308 4465 3491 4521 usque
3528 4449 3602 4504 ad
3652 4449 3878 4520 ingres-

380 4534 657 4607 quinque,
686 4536 747 4587 ut
796 4531 854 4586 in
898 4531 1181 4602 capitibus
1225 4548 1419 4586 earum
1465 4532 1717 4587 tabulata
1764 4548 2074 4604 compone-

379 4627 599 4689 rentur,
630 4635 746 4673 non
771 4618 950 4672 muris
975 4618 1174 4688 templi
1199 4618 1394 4686 infixa,
1429 4620 1522 4674 sed
1550 4619 1714 4690 juxta
1742 4635 1940 4675 muros
1968 4625 2078 4675 tra-

379 4707 545 4763 bibus
574 4722 701 4779 quaa
730 4705 800 4760 de
831 4704 1011 4760 muris
1037 4705 1310 4774 exierant,
1344 4707 1722 4779 superposita.

453 4797 614 4851 Vens.
648 4800 706 4851 7.
744 4824 815 4836 —
843 4796 1041 4850 Domus
1075 4799 1274 4861 autem,
1323 4800 1428 4849 etc.
1474 4796 1603 4850 Haec
1649 4796 1718 4850 ad
1770 4795 1930 4851 illam
1976 4798 2048 4852 Ec

381 4885 567 4940 clesie
597 4888 817 4955 partem
849 4899 979 4955 quae
1008 4887 1134 4954 post
1163 4884 1357 4937 saeculi
1391 4883 1612 4938 labores
1663 4888 1716 4939 et
1764 4885 2078 4940 certamina

382 4974 450 5029 ad
482 4978 698 5028 aeterna
750 4972 989 5044 praemia
1014 4970 1247 5044 (meruit
1291 4971 1574 5027 introduci
1620 4974 1850 5045 proprie
1897 4975 2075 5045 perti-

382 5067 541 5117 nent.
579 5061 731 5117 Nihil
764 5062 921 5116 enim
952 5060 1316 5133 inquinatum
1348 5060 1587 5117 intrabit
1628 5061 1689 5116 in
1736 5063 1893 5117 illam
1934 5063 2076 5117 civi-

382 5154 578 5205 tatem.

453 5240 524 5294 Et
548 5238 772 5293 malleus
820 5242 869 5293 et
906 5242 1125 5295 securis.
1159 5238 1300 5304 Quia
1346 5238 1439 5293 hic
1485 5238 1787 5295 tundimur
1826 5239 2074 5294 adversi-

383 5326 596 5383 tatibus
624 5333 682 5382 et
712 5326 1009 5398 disciplina
1033 5328 1288 5383 veritatis
1317 5344 1670 5396 exercemur,
1691 5333 1754 5384 ut
1781 5328 1897 5383 illic
1912 5329 2078 5400 juxta

382 5416 655 5472 meritum
684 5416 821 5471 locis
850 5417 1115 5488 congruis
1156 5417 1552 5487 disponamur,
1597 5424 1656 5473 et
1701 5418 2077 5490 castigatione

384 5509 636 5561 cessante
664 5505 786 5559 solo
815 5504 1023 5559 amoris
1050 5505 1276 5576 glutino
1321 5522 1435 5577 quo
1465 5506 1534 5560 ad
1560 5506 1801 5562 invicem
1841 5508 2073 5578 capule-

384 5609 536 5661 mur,
570 5609 685 5649 uno
720 5592 941 5666 impleti
990 5592 1195 5664 spiritu
1222 5594 1655 5663 perfundamur.
1701 5594 1809 5650 Sed
1868 5611 2073 5666 quam-

2187 4553 2313 4593 sum
2342 4537 2541 4608 patrie
2570 4538 2808 4593 caelestis
2836 4537 3108 4593 insudant
3143 4537 3412 4609 operibus
3442 4538 3631 4607 bonis,
3681 4554 3814 4593 cum
3852 4553 3880 4590 a

2184 4625 2386 4698 primis
2404 4625 2571 4697 justis
2596 4642 2777 4697 usque
2806 4626 2877 4681 ad
2905 4627 3142 4681 ultimos
3171 4627 3231 4681 in
3260 4628 3760 4683 consummatione
3789 4641 3885 4681 sm-

2187 4714 2300 4769 culi
2348 4730 2547 4768 omnes
2591 4714 2897 4770 virtutibus
2945 4715 3197 4782 student,
3241 4731 3485 4786 quarum
3537 4715 3750 4770 merito
3797 4713 3883 4767 di-

2187 4816 2313 4856 cere
2356 4801 2655 4857 audeant:
2733 4802 2940 4859 Christi
2999 4803 3164 4859 bonus
3209 4802 3342 4858 odor
3397 4817 3582 4858 sumus
3641 4806 3756 4860 Deo
3812 4801 3888 4874 (ΙΙ

2187 4889 2319 4944 Cor.
2354 4888 2434 4960 ιι).

2257 4980 2328 5034 Et
2352 4979 2904 5049 temitpavimentum.
2956 4980 3134 5052 (850.,
3186 4980 3347 5051 ibid).
3399 4981 3512 5035 Hoc
3557 4980 3618 5036 in
3670 4978 3884 5037 Parali-

2184 5066 2448 5138 pomenis
2501 5067 2729 5138 plenius
2757 5068 3034 5140 scriptum
3078 5074 3184 5136 est,
3230 5074 3361 5136 etc.,
3412 5085 3583 5139 usque
3626 5071 3706 5125 ad
3759 5068 3886 5124 sub-

2178 5156 2369 5227 junxit
2399 5172 2412 5210 :
2448 5157 2622 5226 Super
2645 5160 2827 5213 omnia
2854 5164 3034 5214 autem
3074 5159 3396 5214 charitatem
3438 5159 3716 5228 habentes,
3780 5162 3883 5212 etc.

2183 5245 2232 5316 (Ι
2254 5246 2389 5300 Tim.
2415 5246 2605 5312 1;Col.
2640 5248 2746 5302 ml.

2254 5333 2416 5387 Vsus.
2446 5337 2530 5389 l6.
2554 5335 2950 5405 —£diftcavit
2967 5335 3189 5405 viginti.
3223 5335 3402 5407 (Βευ.,
3424 5335 3585 5403 ibid,
3609 5352 3740 5408 cap.
3777 5334 3884 5403 l0.)

2182 5421 2343 5487 Quod
2372 5421 2647 5491 tabulata,
2685 5429 2829 5491 etc.,
2857 5439 3029 5495 usque
3056 5424 3132 5480 ad
3161 5429 3219 5479 et
3244 5424 3351 5481 hoc
3395 5440 3500 5496 per
3547 5430 3736 5481 totam
3786 5425 3884 5480 Ec-

2183 5509 2369 5565 clesia
2398 5510 2759 5567 latitudinem
2788 5512 3010 5569 diffusas
3041 5529 3145 5586 per
3171 5514 3394 5569 orbem.

2252 5598 2415 5654 Vens.
2454 5602 2537 5657 l7.
2573 5631 2641 5641 —
2671 5601 2852 5657 Porro.
2887 5602 3003 5672 (10.,
3032 5601 3192 5671 ibid.)
3221 5602 3425 5659 Decem
3464 5606 3670 5673 quater
3715 5602 3885 5657 ducta
