3998 6178
228 354 333 403 2389
1309 361 1562 417 GLOSSA
1602 363 1895 420 ORDINAF

2068 396 2113 406 —-
2156 369 2289 424 LIB.
2339 370 2410 423 Ill
2454 372 2611 427 ΗΕΒ.

3627 393 3729 444 590

221 472 858 543 quadragintafaciunt,
915 481 1044 541 etc.,
1096 495 1263 548 usque
1297 481 1373 535 ad
1423 484 1736 554 quadratus
1787 493 1996 545 veroA
2036 490 2136 555 vit,
2164 493 2313 547 unde
2371 501 2427 549 et
2514 498 2806 552 cherubim
2870 500 3154 570 dicuntur,
3244 506 3301 560 id
3360 512 3461 571 est,
3530 514 3727 568 multi-

220 562 463 615 mundus
480 562 536 615 in
558 579 673 633 quo
695 580 799 634 pro
817 566 1014 619 eadem
1040 569 1386 638 acquirenda
1408 575 1710 629 certamus.
1733 575 1910 629 Unde:

220 650 294 702 De
314 651 624 717 regionibus
654 657 1004 720 congregavit
1029 670 1131 709 eos.
1167 658 1213 711 A
1246 660 1373 712 solis
1445 666 1566 714 ortu
1621 667 1671 715 ct
1703 678 1911 730 occasu,

215 736 279 789 ab
317 738 587 807 Aquilone
641 746 692 793 et
720 743 865 793 mari
894 742 1057 811 (Psal.
1094 745 1226 813 ενι).

286 827 448 880 Vens.
497 830 579 881 18.
616 858 683 867 -
716 831 785 883 Et
839 830 993 884 cedro
1042 836 1236 887 omnis.
1295 834 1508 889 Cedrus
1551 836 1912 910 insuperabi-

216 912 322 967 lem
356 914 631 969 virtutum
682 924 1038 973 venustatem
1085 921 1289 991 signat,
1341 940 1454 993 quo
1513 925 1671 995 ligno
1727 928 1914 982 omnis

214 1002 420 1056 domus
446 1003 785 1058 intrinsecus
815 1007 1066 1072 vestitur,
1100 1025 1232 1063 cum
1264 1012 1431 1065 corda
1467 1012 1754 1083 justorum
1788 1018 1912 1072 solo

215 1094 492 1148 honorum
526 1111 767 1165 operum
793 1113 987 1151 amore
1016 1098 1321 1155 nitescunt.

279 1184 491 1237 [lubens
521 1190 845 1239 tornaturas.
880 1187 1068 1257 (BEDA,
1104 1190 1264 1255 ibid,
1298 1208 1421 1263 cap.
1450 1197 1568 1259 tl.)
1598 1196 1779 1251 Habet
1809 1198 1909 1251 do-

209 1290 333 1325 mus
362 1273 421 1326 in
458 1274 664 1328 tabulis
705 1276 948 1330 cedrinis
995 1283 1321 1334 tornaturas
1351 1299 1479 1336 suas
1526 1290 1580 1336 et
1610 1284 1910 1353 juncturas

208 1361 559 1428 fabrefactas,
591 1378 719 1417 cum
753 1364 918 1418 electi
952 1367 1023 1419 ad
1056 1366 1302 1423 invicem
1356 1372 1746 1440 pulcherrima
1778 1376 1911 1429 cha-

207 1450 385 1503 ritatis
436 1452 639 1520 copula
690 1458 1011 1520 nectentur,
1074 1460 1134 1509 ut
1166 1457 1416 1513 habeant
1482 1476 1579 1513 cor
1623 1478 1806 1515 unum
1858 1480 1914 1536 et

203 1540 453 1593 animam
478 1557 671 1594 unam.
705 1542 1039 1596 'l‘ornaturae
1072 1546 1223 1597 enim
1258 1564 1386 1616 quas
1414 1548 1699 1617 juncturis
1756 1552 1913 1605 tatu-

204 1627 384 1682 larum
418 1635 811 1697 opponuntur,
865 1638 925 1685 ut
958 1649 1135 1686 unum
1194 1635 1515 1690 tabulatum
1570 1639 1669 1693 ﬁat
1698 1656 1761 1692 ex
1793 1657 1913 1694 om-

202 1716 383 1783 nibus,
419 1718 611 1771 ofﬁcia
641 1724 771 1772 sunt
802 1720 1097 1775 charitatis
1144 1724 1349 1793 quibus
1410 1732 1599 1779 sancta
1639 1727 1909 1782 fraterni-

2026 580 2232 650 plicata
2263 583 2516 651 scientia,
2575 587 2659 640 vel
2718 588 2968 643 scientim
3044 594 3372 651 multitudo.
3427 600 3504 653 De
3558 600 3730 672 lignis

2026 668 2303 724 olivarum
2335 680 2467 725 sunt
2494 674 2647 739 facti,
2699 676 2833 746 quia
2863 678 3046 734 lucem
3110 683 3277 737 nobis
3336 685 3587 743 scientia?
3607 668 3729 744 Vtri-

2025 758 2227 826 buunt,
2256 761 2490 829 juvante
2521 764 2751 817 flamma
2781 765 3073 823 charitatis
3108 771 3224 839 Dei,
3258 790 3388 843 qum
3421 792 3522 846 per
3547 778 3725 849 Spiri-

2025 852 2147 901 tum
2181 847 2520 903 diffunditur
2548 850 2605 905 in
2638 854 2902 907 cordibus
2930 858 3158 913 nostris.

2097 946 2277 999 Decem
2325 947 2642 1003 cubitorum.
2698 952 2871 1019 (BEDA
2924 953 3084 1024 ibid.)
3142 957 3348 1013 Decem
3399 961 3724 1017 cubitorum

2028 1032 2344 1087 altitudinis
2375 1044 2527 1099 sunt,
2562 1038 2696 1108 quia
2717 1040 2951 1094 denario
2980 1048 3211 1098 aeterna:
3269 1048 3396 1102 vita:
3427 1049 3721 1117 fruuntur,

2027 1119 2299 1175 habentes
2347 1123 2677 1179 inviolatam
2731 1129 3042 1184 conditoris
3108 1132 3443 1204 imaginem,
3500 1146 3724 1195 servata

2028 1210 2324 1265 sanctitate
2356 1216 2411 1265 et
2434 1213 2676 1282 justitia,
2708 1222 2763 1270 et
2794 1218 3025 1273 veritate
3056 1220 3117 1275 in
3168 1239 3280 1294 qua
3313 1226 3527 1281 conditi
3558 1234 3719 1283 sunt-

2034 1297 2305 1352 Denarius
2326 1300 2477 1354 enim
2510 1300 2706 1357 decem
2727 1304 2906 1359 obolis
2960 1315 3198 1376 constat,
3234 1316 3289 1365 et
3339 1315 3631 1371 continere
3660 1318 3721 1373 in

2027 1401 2084 1437 se
2117 1387 2263 1456 regis
2290 1405 2500 1443 nomen
2534 1396 2589 1444 et
2628 1392 2937 1464 imaginem
2985 1400 3296 1455 consuevit.
3356 1402 3487 1457 Ideo
3517 1405 3720 1476 ﬁgurae

2025 1476 2745 1550 regnicoelestiscongruit,
2780 1483 2877 1537 ubi
2934 1487 3126 1555 angeli
3174 1488 3233 1542 in
3302 1490 3552 1561 imagine
3583 1511 3720 1549 con-

2027 1565 2226 1618 ditoris
2257 1568 2326 1619 ad
2358 1585 2533 1637 quam
2589 1570 2720 1623 facti
2746 1577 2900 1638 sunt,
2962 1590 3189 1643 semper
3262 1583 3516 1647 manent,
3556 1581 3719 1635 electi

2027 1652 2308 1722 homines,
2332 1656 2643 1727 imaginem
2665 1659 3134 1731 quamlpeccando
3153 1665 3484 1733 amiserunt,
3505 1670 3717 1723 ctreci-

2028 1738 2211 1811 piunt,
2251 1742 2446 1794 unde:
2504 1744 2646 1795 Cum
2693 1749 3035 1813 apparuerit,
3092 1750 3293 1803 similes
3338 1753 3387 1804 ei
3431 1755 3628 1807 erimus
3668 1761 3718 1808 et

203 1812 281 1857 tas
311 1808 637 1875 copulatur,
671 1810 726 1861 et
762 1808 820 1861 in
860 1826 1030 1864 unum
1079 1811 1284 1866 Christi
1339 1813 1571 1868 domum
1624 1821 1739 1870 toto
1770 1818 1906 1872 orbe
1940 1827 1979 1879 Β
2017 1808 2315 1881 videbimus
2344 1845 2466 1882 eum
2490 1833 2630 1884 sicut
2658 1808 2931 1902 est—(Joan.
2967 1808 3065 1897 ιιι).

203 1898 485 1948 terrarum
516 1896 898 1967 componitur.

268 1984 587 2038 Cwlaturas.
651 1986 835 2056 Opera
904 1991 1233 2043 sanctorum
1294 1991 1595 2045 manifesta
1671 2009 1907 2063 expres-

202 2068 354 2123 sioue
388 2072 589 2141 quales
621 2071 809 2125 sintin
850 2074 1173 2143 exemplum
1216 2077 1341 2129 aliis
1388 2078 1703 2148 proferunt.
1748 2082 1905 2136 Unde

202 2158 405 2211 Paulus
468 2164 525 2213 et
578 2160 737 2214 factis
803 2166 861 2215 et
911 2162 1074 2217 dictis
1141 2180 1199 2218 se
1257 2166 1317 2219 in
1391 2167 1719 2238 exemplum
1776 2185 1906 2240 pro-

201 2247 377 2315 ponit.

266 2336 463 2389 Omnia
492 2336 747 2403 cedrinis,
784 2343 889 2392 etc.
913 2340 1033 2409 (10..
1066 2340 1226 2411 ibid.)
1273 2342 1507 2413 Lapides
1554 2345 1787 2415 parietis
1815 2348 1903 2401 vel

198 2423 612 2491 pavimentum,
646 2430 702 2478 et
732 2426 962 2492 tabulae,
995 2431 1051 2480 et
1088 2444 1316 2495 aurum,
1355 2434 1484 2497 etc.,
1542 2447 1710 2502 usque
1748 2438 1805 2487 et
1828 2434 1903 2487 ad

199 2512 291 2581 qui
322 2511 571 2580 gratiam
605 2513 898 2582 Evangelii
944 2516 1190 2585 perfecte
1237 2526 1629 2589 susceperunt,
1688 2527 1901 2576 interna

200 2600 301 2652 vita
332 2600 556 2669 pariter
584 2601 981 2671 perfruuntur.

264 2690 427 2744 Vens.
469 2692 552 2743 19.
586 2720 652 2729 -
679 2691 985 2746 Oraculum.
1036 2693 1219 2764 (820.,
1250 2696 1411 2766 ibid.)
1470 2698 1774 2754 Oraculum
1799 2701 1899 2755 ubi

196 2784 275 2831 rat
317 2796 473 2845 arca,
534 2784 666 2847 etc.,
729 2796 898 2849 usque
950 2782 1024 2835 ad
1057 2783 1156 2853 qui
1207 2789 1334 2854 post
1418 2788 1897 2844 resurrectionem

199 2867 506 2920 ascendens
535 2867 594 2920 in
626 2869 831 2921 ccelum
878 2885 1108 2924 carnem
1139 2879 1424 2942 sumptam
1460 2874 1529 2928 de.
1586 2875 1805 2947 virgine
1838 2878 1897 2932 in

201 2955 373 3008 Patris
402 2956 635 3009 dextera
666 2957 977 3011 collocavit.

265 3043 535 3097 Vsas.20.
569 3074 639 3082 —
672 3047 835 3100 Porro
880 3047 1173 3101 oraculum.
1223 3049 1373 3103 Bene
1418 3055 1609 3105 autem
1655 3052 1898 3107 interior

195 3130 391 3185 domus
451 3131 654 3202 viginti
712 3133 921 3187 cubitis
978 3135 1150 3205 longa
1205 3142 1304 3200 est,
1369 3153 1474 3207 pro
1498 3141 1767 3210 mysterio
1794 3158 1891 3213 ge-
1927 3176 1966 3229 Ο

196 3220 362 3275 mina
382 3220 727 3287 dilectionis,
762 3222 831 3275 de
863 3239 976 3292 qua
1000 3225 1121 3293 jam
1155 3225 1369 3280 dictum
1426 3232 1527 3295 est,
1563 3244 1692 3299 qua:
1713 3230 1773 3284 in
1790 3231 1896 3286 hac

194 3310 301 3362 vita
340 3326 409 3362 ex
444 3314 602 3380 parte
632 3310 882 3364 maxima
907 3311 1150 3367 illustrat
1184 3313 1497 3369 electorum
1522 3324 1760 3385 mentes,
1796 3320 1893 3375 sed

193 3396 248 3451 in
298 3396 484 3468 patria
539 3400 892 3453 cessantibus
969 3400 1207 3456 aliarum
1273 3403 1551 3460 virtutum
1624 3408 1893 3478 operibus

194 3486 307 3539 sola
338 3490 563 3555 regnat.

255 3574 359 3629 Sed
388 3578 443 3628 et
466 3575 657 3629 altare.
712 3576 835 3645 (10.,
890 3577 1048 3645 ibid,
1108 3595 1231 3650 cap.
1294 3583 1403 3649 l2.)
1460 3583 1891 3654 Thymiamatiis

188 3661 418 3729 scilicet,
448 3667 577 3725 etc.,
624 3678 792 3731 usque
821 3664 895 3717 ad
927 3665 1063 3735 quid
1094 3673 1287 3722 autem
1317 3669 1479 3739 lapis,
1533 3674 1753 3740 cedrus,
1788 3692 1892 3729 au-

188 3766 433 3821 rumque
463 3750 807 3820 signiﬁcent,
841 3770 1014 3823 supra
1045 3754 1259 3810 dictum
1290 3761 1393 3812 est.

254 3840 422 3892 Vens.
464 3842 553 3893 2t.
590 3868 655 3880 —
682 3842 901 3894 Domum
928 3858 1135 3911 quoque
1190 3849 1315 3899 ante
1378 3850 1672 3904 oraculum.
1708 3852 1884 3919 (830.,

188 3927 350 3995 ibid.)
387 3928 602 3980 Domus
632 3934 761 3982 ante
792 3932 1085 3986 oraculum
1116 3949 1256 3987 auro
1290 3937 1436 3988 tecta
1495 3940 1598 4001 est,
1633 3944 1763 4005 etc.,
1794 3957 1889 3995 us—

191 4032 286 4084 que
307 4016 384 4069 ad
419 4016 613 4071 unde:
662 4020 775 4085 Ego
830 4019 1059 4088 diligam
1112 4038 1251 4086 eum,
1327 4030 1377 4078 et
1440 4029 1801 4093 manifestabo
1841 4034 1891 4084 ei

191 4107 472 4173 meipsum.
506 4106 569 4157 Et
589 4106 844 4160 iterum:
914 4109 1071 4163 Venit
1128 4111 1261 4163 hora
1316 4127 1435 4165 cum
1481 4116 1603 4181 jam
1658 4131 1762 4169 non
1828 4119 1887 4170 in

186 4193 488 4258 proverbiis
533 4194 725 4261 loquar
754 4196 921 4259 vobis,
958 4204 1064 4252 etc.
1100 4197 1277 4267 (Joan.
1348 4218 1438 4254 xxv
1472 4222 1487 4269 ;
1528 4205 1639 4273 xvi)

255 4282 441 4336 Clanis
479 4285 677 4337 aureis.
725 4285 845 4351 (10.,
896 4286 1060 4355 ibid.)
1120 4288 1271 4343 Clavi
1331 4294 1522 4344 autem
1572 4296 1707 4345 sunt
1733 4308 1886 4362 pra:-

187 4374 344 4439 cepta
376 4368 689 4438 charitatis,
724 4377 851 4443 etc.,
906 4390 1073 4444 usque
1098 4412 1101 4417 -
1123 4377 1198 4430 ad
1230 4378 1329 4448 qui
1390 4395 1619 4434 rursum
1651 4381 1720 4434 ad
1754 4398 1881 4451 per-

183 4456 489 4512 fectionem
518 4460 751 4514 veniens
780 4462 849 4516 de
887 4464 1056 4517 clavis
1100 4465 1414 4521 dilectionis
1467 4467 1584 4523 ait:
1618 4471 1758 4523 Mihi
1785 4486 1882 4524 au-

185 4548 283 4599 tem
338 4545 616 4600 adharrere
641 4550 759 4615 Deo,
788 4554 897 4604 etc.
932 4552 1097 4620 (Psal.
1133 4569 1315 4619 cxviu,
1358 4556 1466 4621 72).

252 4635 420 4688 Vens.
453 4635 633 4688 22.—
680 4637 935 4707 Nihilque
983 4646 1099 4694 erat
1161 4642 1220 4695 in
1279 4644 1489 4711 templo.
1552 4644 1677 4714 (10.,
1727 4645 1884 4715 ibid.)

188 4721 311 4775 Hazc
341 4722 403 4775 in
444 4724 892 4794 Paralipomenis
929 4727 1155 4796 plenius
1203 4731 1562 4801 explicantur
1627 4732 1698 4801 (Il
1752 4736 1882 4789 Par.

187 4811 289 4877 ιιι),
323 4814 455 4878 etc.,
478 4828 647 4880 usque
678 4813 752 4867 ad
782 4832 798 4867 :
858 4820 908 4869 et
952 4832 1070 4886 qua:
1124 4832 1341 4873 sursum
1382 4826 1510 4874 sunt
1550 4824 1746 4891 sapite,
1780 4839 1885 4877 non

185 4914 301 4967 quae
330 4915 495 4969 super
521 4907 722 4956 terram
751 4904 886 4972 (Col.
917 4908 1021 4975 Ill).

250 4985 422 5041 Vnus.
460 4989 547 5041 23.
596 5018 668 5029 —
718 4990 994 5045 Cherubin
1050 4992 1114 5046 de
1144 4995 1326 5060 lignis.
1390 4997 1515 5066 (10.,
1564 4999 1724 5066 ibid.,
1759 5016 1881 5071 cap.

186 5075 294 5145 t3.)
324 5076 611 5147 Angelicze
663 5077 955 5149 dignitatis
994 5080 1356 5152 [vocabulum
1407 5090 1510 5151 est,
1552 5093 1627 5141 etv
1679 5088 1887 5144 dicitur

184 5162 553 5233 singulariter
608 5166 841 5233 cherub,
887 5169 1189 5238 pluraliter
1219 5171 1538 5227 cherubim.
1598 5177 1704 5230 Per
1750 5179 1883 5232 che-

183 5250 371 5305 rubim
402 5269 537 5323 ergo
581 5255 839 5324 angelica
890 5256 1207 5313 ministeria
1237 5276 1366 5331 quae
1416 5262 1699 5316 conditori
1728 5280 1885 5318 sem-

180 5337 301 5409 iper
327 5340 595 5396 assistunt
642 5341 702 5396 in
767 5344 940 5413 caelis,
1003 5352 1243 5415 possunt
1309 5349 1576 5420 intelligi.
1646 5383 1705 5391 —-
1763 5352 1876 5407 Oli-

180 5442 391 5483 uarum.
444 5430 589 5495 Quia
683 5434 871 5503 angeli
918 5436 1099 5505 gratia
1167 5437 1448 5508 spirituali
1504 5445 1637 5494 sunt
1700 5443 1872 5509 uncti,

180 5530 250 5570 ne
303 5534 561 5591 unquam
612 5530 868 5575 arescant
949 5524 1020 5577 ab
1075 5541 1268 5580 amore
1361 5527 1479 5593 Dei,
1555 5517 1699 5599 quos
1755 5531 1879 5585 luce

183 5606 421 5662 scelestis
472 5609 769 5679 sapientiae
830 5627 958 5666 mox
1016 5612 1137 5683 ipse
1208 5612 1307 5684 qui
1384 5616 1613 5683 creavit,
1673 5617 1881 5689 imple-

2092 1924 2249 1977 Vens.
2301 1925 2388 1977 2i.
2480 1929 2726 1996 Quinque
2806 1930 3127 1986 cubitorum.
3207 1934 3328 2003 (10.,
3396 1936 3551 2005 ibid.)
3599 1938 3716 1992 Ales

2014 2027 2143 2065 cum
2175 2012 2234 2064 in
2262 2017 2586 2067 sanctorum
2621 2015 2924 2071 hominum
2955 2020 3197 2089 ﬁguram
3232 2029 3549 2092 ponuntur,
3582 2030 3713 2095 etc.,

2013 2116 2181 2168 usque
2208 2101 2282 2155 ad
2312 2102 2409 2172 qui
2443 2104 2757 2172 promissus
2791 2111 2875 2159 est
2904 2106 3032 2162 vitae
3092 2110 3425 2179 cultoribus,
3479 2113 3714 2169 veniunt

2012 2188 2333 2246 denarium.

2082 2288 2196 2340 Ala
2233 2288 2427 2341 cherub
2460 2289 2658 2344 altera.
2724 2291 3229 2361 Geminas’habent
3272 2298 3411 2365 alas,
3467 2299 3603 2369 quia
3635 2304 3711 2353 te-

2011 2379 2292 2429 stamenta
2323 2392 2486 2446 aeque
2519 2393 2618 2447 per
2674 2394 2947 2450 prospera
2992 2386 3049 2435 et
3110 2382 3364 2453 adversa,
3422 2385 3711 2443 indefesso

2008 2464 2301 2542 proposito
2340 2481 2565 2534 semper
2621 2468 2691 2520 ad
2745 2468 2996 2523 cmlestia
3042 2471 3346 2526 tetendisse
3399 2478 3455 2527 et
3506 2490 3713 2544 perve-

2010 2553 2158 2606 nisse
2188 2553 2500 2619 declarant,
2534 2554 2671 2625 quia
2720 2555 2827 2609 hoc
2867 2556 3019 2611 idem
3076 2559 3192 2613 suis
3245 2560 3605 2618 auditoribus
3624 2564 3709 2619 fa-

2008 2641 2276 2696 ciendum
2306 2658 2426 2696 esse
2448 2642 2861 2698 demonstrant.

2079 2741 2236 2793 Vens.
2270 2742 2357 2793 25.
2391 2770 2458 2778 —
2489 2740 2681 2795 Decem
2712 2757 2922 2810 quoque
2950 2744 3268 2799 cubitorum.
3305 2746 3496 2815 (BEDA,
3541 2749 3706 2818 ibid.)

2005 2828 2120 2882 Alti
2140 2834 2274 2882 sunt
2294 2828 2490 2882 decem
2531 2829 2757 2890 cubitis,
2809 2831 2945 2901 quia
2975 2848 3079 2902 per
3135 2834 3557 2890 observantiam
3597 2839 3711 2893 De-

2005 2916 2186 2985 calogi
2218 2917 2332 2970 Deo
2359 2917 2719 2971 serviendum
2743 2920 3074 2988 praedicant,
3110 2921 3245 2993 quia
3273 2924 3276 2927 ‘
3300 2925 3415 2978 Deo
3464 2925 3712 2981 ﬁdeliter

2005 3005 2308 3058 servientes
2340 3004 2540 3059 aeterni
2590 3006 2756 3076 regni
2813 3008 3048 3063 denario
3102 3015 3553 3069 remunerandos
3586 3032 3708 3071 esse

2006 3094 2335 3148 ostendunt.

2077 3191 2198 3260 (10.,
2252 3189 2411 3257 ibid.)
2469 3193 2540 3245 Et
2604 3207 2756 3261 opus.
2820 3194 2942 3248 Duo
2988 3194 3119 3249 facti
3190 3202 3353 3252 erant
3409 3200 3706 3257 cherubim

2005 3284 2238 3349 propter
2263 3279 2617 3333 consortium
2679 3280 2973 3336 charitatis
3050 3284 3514 3356 signiﬁcandum,
3571 3296 3705 3361 etc.,

2003 3383 2171 3436 usque
2200 3368 2275 3421 ad
2303 3367 2512 3439 quibus
2545 3373 2674 3439 post
2702 3369 2917 3441 frigora
2946 3377 3003 3425 et
3035 3374 3297 3429 tenebras
3336 3374 3699 3448 idololatria,

2002 3458 2187 3511 lucem
2219 3456 2471 3512 veritatis
2499 3474 2838 3528 cognoscere
2870 3460 3065 3515 datum
3100 3466 3203 3517 est.

2073 3554 2199 3621 (10.,
2228 3553 2397 3619 ibid.)
2432 3555 2674 3609 Possunt
2716 3571 2821 3625 per
2850 3556 2963 3611 duo
3023 3559 3321 3614 cherubim
3369 3562 3483 3618 duo
3512 3565 3704 3621 Testa-

2001 3648 2194 3696 menta
2239 3642 2497 3712 ﬁgurari,
2548 3649 2681 3709 etc.,
2729 3659 2898 3713 usque
2954 3647 3028 3700 ad
3086 3648 3182 3702 sed
3249 3649 3385 3720 quia
3430 3653 3615 3723 major
3634 3656 3705 3709 sit

1998 3730 2272 3785 festivitas
2304 3731 2544 3785 internae
2575 3732 2948 3788 beatitudinis
2976 3735 3045 3789 de
3106 3739 3393 3793 consortio
3438 3742 3703 3797 adunataa

2000 3820 2389 3873 fraternitatis.

2068 3920 2129 3971 In
2158 3917 2329 3970 medio
2363 3917 2548 3985 templi
2573 3908 2868 3972 interioris.
2923 3919 3061 3988 (10.,
3113 3920 3272 3988 ibid.)
3342 3922 3699 3981 Manifestum

1998 4010 2082 4058 est
2107 4021 2170 4058 ex
2203 4003 2508 4074 praedictis,
2540 4009 2669 4071 etc.,
2691 4021 2860 4075 usque
2909 4006 2985 4060 ad
3016 4017 3166 4072 ;eam
3224 4009 3544 4066 dilectionis
3577 4029 3701 4084 gra-

1996 4094 2136 4147 tiam
2206 4109 2319 4163 qua
2372 4110 2431 4147 se
2484 4093 2825 4148 alterutrum
2891 4097 3366 4166 complectuntur,
3432 4103 3701 4172 exprimit

2068 4191 2226 4245 Vens.
2260 4194 2347 4244 27.
2414 4220 2480 4229 —-
2564 4191 2941 4246 Emtendebant
2996 4197 3174 4248 autem
3217 4196 3355 4261 alas,
3417 4203 3522 4252 etc.
3568 4199 3694 4269 (10.,

1995 4279 2156 4349 ibid.)
2188 4277 2511 4331 Extendunt
2535 4283 2724 4332 autem
2776 4279 3074 4335 cherubim
3130 4283 3199 4337 ad
3255 4290 3566 4358 utrumque
3591 4306 3697 4359 pa-

1995 4368 2196 4422 rietem
2226 4366 2437 4421 oraculi
2481 4367 2617 4433 alas,
2655 4372 2783 4435 etc.,
2831 4384 2998 4438 usque
3035 4371 3109 4424 ad
3165 4373 3465 4444 scriptores
3495 4392 3696 4430 eorum

1991 4456 2112 4528 jam
2143 4460 2446 4526 regnantes
2470 4471 2597 4509 cum
2625 4456 2862 4510 Domino
2912 4458 3217 4531 ipsumque
3275 4462 3568 4518 laudantes
3599 4480 3697 4518 cu-

2000 4561 2120 4599 ram
2152 4550 2359 4615 gerunt
2421 4544 2635 4611 salutis,
2692 4545 3118 4617 interpellantes
3184 4566 3288 4621 pro
3343 4552 3528 4607 nobis.

2065 4642 2226 4696 Vsus.
2264 4644 2349 4695 28.
2409 4670 2477 4680 —
2539 4644 2696 4696 Teait
2749 4658 2956 4711 quoque
3002 4645 3295 4699 cherubim.
3350 4647 3697 4702 Circumdati

1993 4735 2128 4783 sunt
2157 4746 2318 4796 auro,
2352 4729 2483 4801 quia
2515 4730 2802 4800 praeclaris
2847 4730 3190 4801 scriptorum
3222 4751 3455 4789 suorum
3507 4738 3694 4808 operi-

1994 4818 2101 4872 bus
2121 4820 2455 4873 conﬁrmata
2476 4824 2562 4872 est
2605 4819 2907 4873 auctoritas
2958 4826 3451 4890 testamentorum,
3509 4826 3693 4879 mani-

1994 4907 2195 4961 festata
2254 4912 2444 4961 autem
2492 4924 2594 4978 per
2652 4909 2848 4962 orbem
2917 4908 3165 4978 cognitio
3237 4916 3321 4965 est
3369 4912 3693 4969 divinarum

1993 4995 2436 5066 Scripturarum,
2495 4998 2582 5051 vel
2641 4997 2865 5050 interna
2892 4997 3074 5067 gloria
3140 5000 3453 5055 caelestium
3505 5004 3693 5074 agmi-

1992 5101 2153 5139 num.
2191 5086 2504 5156 Utrumque
2549 5086 2705 5139 enim
2746 5085 3041 5140 cherubim
3072 5090 3129 5140 et
3180 5089 3432 5158 angelos,
3483 5091 3695 5146 scilicet

1992 5180 2048 5228 et
2072 5178 2412 5228 testamenta
2444 5175 2753 5243 signiﬁcat.

2047 5272 2207 5325 Vens.
2241 5273 2328 5324 29.
2362 5301 2425 5310 —-
2449 5271 2684 5339 Sculpsit
2713 5272 2884 5325 variis
2939 5272 3229 5326 cmlaluris.
3293 5273 3479 5343 (BEDA,
3528 5276 3689 5342 ibid,

1991 5359 2253 5428 capti.)
2312 5358 2661 5428 Sculpuntur
2720 5358 2962 5429 parietes
2991 5366 3172 5428 torno,
3234 5366 3363 5430 etc.,
3422 5379 3591 5434 usque
3620 5366 3694 5419 ad

1991 5446 2162 5516 longo
2186 5462 2292 5499 usu
2350 5447 2624 5501 virtutum
2684 5447 2986 5502 exercitata
3041 5449 3257 5504 didicit.
3319 5453 3389 5505 Et
3450 5455 3690 5521 palmas.

1991 5535 2112 5605 (10.,
2168 5534 2326 5603 ibid.)
2390 5537 2611 5590 Palmas
2679 5536 2828 5598 facit,
2886 5554 3014 5592 cum
3070 5539 3411 5593 memoriam
3467 5546 3692 5597 aeternae

1988 5622 2468 5678 remunerationis
2560 5629 2887 5679 sanctorum
2966 5627 3254 5680 mentibus
3336 5627 3540 5697 inﬁgit,
3633 5638 3693 5683 ut
