4062 6180
258 318 351 368 591

872 309 1267 366 WALAFRIDI
1311 311 1556 364 STRABI
1598 311 1796 364 FULD.
1849 309 1950 364 ΜΟῙ

2161 310 2219 364 Ρ.
2270 310 2442 364 PARS
2482 310 2531 364 Ι.
2579 338 2645 348 —
2687 308 3152 366 THEOLOGICA.

3665 312 3762 365 59’2

257 454 324 491 eo
357 436 548 490 minus
579 436 648 489 ab
710 451 854 488 arcas
904 434 1142 504 justitiae.
1206 433 1427 497 cadant,
1487 449 1599 502 quo
1645 432 1960 487 mercedem
1993 434 2039 486 Α
2077 448 2570 502 superuorumque
2621 431 2827 485 civium
2851 448 2955 486 nos
3007 431 3290 486 introduci
3337 431 3760 487 desideramus:

249 525 489 598 justitim
520 540 746 595 semper
776 529 907 577 ante
934 523 1129 576 oculos
1170 522 1403 576 habent.

329 617 399 669 Et
418 616 661 684 picturas
686 615 894 667 varias.
929 612 1082 666 Facit
1109 611 1356 681 picturas
1386 610 1566 664 varias
1617 609 1779 680 quasi
1819 626 1953 681 pro-

258 703 541 758 minentes
568 704 635 756 de
663 702 879 772 pariete
919 706 973 754 et
1003 701 1378 772 egredientes,
1413 716 1543 754 cum
1566 716 1763 753 omnes
1807 700 1955 752 mul-

258 791 452 845 ifarias
473 791 746 844 virtutum
787 789 1144 860 operationes
1193 789 1453 842 ﬁdelibus
1493 787 1711 855 tribuit,
1778 787 1954 840 visce-

261 895 322 930 ra
351 879 564 933 scilicet
593 877 1018 942 misericordiae,
1070 875 1502 946 benignitatem,
1571 875 1957 928 humilitatem

258 966 616 1035 patientiam,
689 965 1050 1025 modestiam,
1114 970 1243 1030 etc.,
1321 979 1482 1032 super
1527 966 1705 1017 omnia
1780 967 1958 1017 autem

259 1055 602 1119 charitaiem,
662 1070 781 1122 quae
819 1059 895 1108 est
915 1054 1187 1107 vinculum
1249 1054 1600 1121 perfectionis
1675 1051 1805 1121 (Col.
1855 1051 1954 1120 ιιι).

260 1145 357 1197 Hae
388 1143 644 1208 virtutes,
697 1159 825 1196 cum
866 1143 922 1195 in
977 1147 1196 1194 tantam
1251 1141 1442 1194 electis
1487 1139 1957 1194 consuetudinem

229 1231 538 1297 “venerint,
573 1235 638 1284 ut
664 1231 1005 1283 naturaliter
1032 1228 1216 1281 insitae
1261 1227 1582 1296 videantur,
1633 1227 1769 1297 quid
1803 1226 1958 1280 aliud

267 1336 440 1391 quam
472 1319 607 1390 quia
655 1323 717 1371 ut
758 1317 999 1389 picturae
1028 1317 1230 1370 domus
1287 1316 1516 1369 Domini
1570 1315 1960 1386 prominentes

265 1409 334 1461 de
363 1407 580 1476 pariete
610 1411 821 1459 exeunt
846 1407 875 1458 ?
904 1404 1046 1468 Quia
1078 1404 1252 1457 verba
1274 1408 1330 1458 et
1350 1420 1525 1474 opera
1560 1404 1813 1459 veritatis
1844 1421 1959 1458 non

264 1493 448 1547 adhuc
477 1494 547 1547 ab
578 1493 703 1546 aliis
755 1491 1103 1545 extrinsecus
1165 1490 1405 1555 discunt,
1477 1491 1575 1545 sed
1622 1491 1850 1546 sibimet
1870 1491 1959 1545 in—

266 1583 377 1634 ﬁxa
410 1581 674 1634 radicitus
704 1585 899 1651 parata
951 1595 1176 1649 semper
1218 1581 1287 1632 ab
1319 1579 1537 1633 intimis
1573 1582 1779 1646 cordis,
1833 1597 1961 1652 quae

265 1676 399 1724 sunt
427 1670 649 1740 agenda
673 1671 756 1722 vel
787 1669 1043 1722 docenda
1087 1668 1406 1738 proferunt.
1467 1667 1718 1721 Diximus
1769 1675 1962 1722 autem

2063 520 2140 575 ita
2167 521 2430 574 introitus
2463 521 2520 573 in
2571 520 2869 589 templum,
2918 520 3234 591 primordia
3267 525 3476 576 nostra:
3533 537 3766 575 conver-

2065 609 2242 664 sionis
2269 609 2336 662 ad
2396 609 2597 674 Deum,
2658 608 2890 679 quando
2945 609 3005 662 in
3077 615 3416 680 praesentem
3462 609 3763 664 Ecclesiam

2064 699 2364 752 intramus.
2396 699 2504 752 Iste
2539 698 2856 768 ingressum
2889 703 3148 752 nostrum
3178 699 3247 752 ad
3303 697 3496 766 ﬁdem,
3535 698 3634 752 ille
3671 700 3767 752 de-

2065 787 2254 858 signat
2297 787 2364 839 ad
2416 802 2591 856 spem.
2638 785 2793 840 Unde
2841 791 3033 856 postes
3087 787 3258 857 hujus
3310 786 3580 841 introitus
3623 804 3764 857 qua-

2066 876 2390 945 drangulati
2447 879 2579 928 sunt
2620 881 2858 947 propter
2907 881 3152 945 quatuor
3229 875 3519 945 Evangelii
3567 877 3766 942 libros,

2066 981 2310 1035 quarum
2364 963 2620 1017 doctrina
2670 962 2730 1015 in
2779 962 2891 1017 ﬁde
2940 962 3192 1016 veritatis
3237 964 3550 1017 erudimur.
3587 967 3767 1018 Postes

2066 1051 2334 1120 delignis.
2393 1051 2586 1117 (BEDA,
2627 1049 2791 1117 ibid.)
2852 1049 3282 1121 Quadrangulos
3330 1056 3566 1121 propter
3625 1068 3767 1123 qua-

2067 1146 2202 1195 tuor
2259 1138 2472 1192 scilicet
2536 1137 2880 1207 principales
2940 1138 3196 1204 virtutes,
3280 1144 3408 1205 etc.,
3470 1155 3638 1208 usque
3689 1141 3769 1194 ad

2068 1232 2269 1300 quarta
2300 1229 2426 1298 post
2451 1225 2852 1296 prudentiam,
2912 1225 3308 1281 fortitudinem
3351 1232 3407 1281 et
3443 1233 3769 1299 temperan-

2069 1321 2230 1379 tiam,
2261 1315 2484 1388 justitia
2505 1315 2782 1385 sequitur.

2140 1403 2414 1460 Vaas.34.
2457 1433 2526 1442 ——
2583 1403 2950 1457 Altrinsecus.
3011 1403 3154 1468 Quia
3181 1404 3256 1458 ad
3311 1401 3553 1458 invicem
3585 1407 3772 1477 respi-

2070 1497 2248 1560 ciunt,
2273 1498 2337 1546 ut
2370 1508 2482 1545 una
2503 1491 2624 1544 sine
2654 1491 2832 1544 altera
2861 1490 3058 1544 haberi
3091 1507 3207 1544 non
3253 1491 3452 1561 possit.
3514 1493 3774 1546 Exterius

2073 1584 2282 1637 ostium
2335 1580 2564 1635 dilectio
2621 1580 2891 1646 fraterna,
2923 1581 3164 1633 interius
3212 1579 3453 1633 divina:
3509 1582 3644 1651 quia
3677 1581 3776 1635 illa

2072 1671 2232 1741 prior
2284 1675 2564 1739 tempore,
2627 1667 2748 1720 haec
2805 1666 3109 1720 sublimior
3187 1667 3514 1736 dignitate:
3563 1673 3640 1722 et‘
3671 1685 3772 1740 per

265 1759 416 1828 quod
439 1758 754 1828 pavimenti
779 1758 1090 1826 aequalitas,
1125 1757 1402 1810 humilem
1459 1758 1818 1811 concordiam
1848 1757 1960 1812 fra-
1998 1782 2037 1836 Β
2078 1760 2210 1812 llam
2244 1757 2312 1811 ad
2381 1757 2527 1809 hanc
2601 1755 2891 1808 intratur:
2952 1755 3088 1826 quia
3143 1755 3205 1808 in
3265 1771 3459 1812 amore
3525 1757 3774 1826 proximi

268 1847 552 1900 ternitatis
580 1846 861 1916 signiﬁcat
889 1864 901 1899 :
937 1845 1035 1898 ubi
1063 1861 1190 1898 cum
1216 1846 1330 1898 sint
1384 1846 1564 1900 Judzei
1609 1847 1698 1900 vel
1747 1852 1967 1916 gentes,

268 1935 498 1988 barbari
529 1939 585 1987 et
613 1934 852 2005 Scythae,
882 1934 1045 1987 liberi
1074 1939 1131 1986 et
1160 1934 1325 1996 servi,
1378 1934 1598 1988 nobiles
1665 1939 1722 1989 et
1751 1935 1974 2005 ignobi-

268 2024 387 2078 les:
424 2023 612 2076 cuncti
663 2040 720 2075 se
771 2023 828 2075 in
863 2023 1083 2076 Christo
1116 2038 1236 2075 esse
1283 2023 1506 2089 fratres,
1581 2027 1636 2076 et
1679 2025 1968 2092 eumdem,

272 2116 494 2180 patrem
546 2110 755 2163 habere
824 2111 880 2162 in
933 2111 1084 2163 caelis
1133 2110 1467 2179 gloriantur.
1521 2109 1972 2167 Concordissima

270 2200 422 2253 enim
456 2199 748 2252 humilitas
779 2215 1158 2268 supernorum
1211 2199 1421 2252 civium
1453 2200 1596 2252 nulli
1653 2201 1822 2254 dubia
1864 2207 1966 2255 est.

266 2288 428 2341 Texit
458 2304 593 2354 ergo
617 2287 883 2341 Salomon
913 2289 1309 2354 pavimentum
1336 2289 1538 2341 domus
1582 2305 1721 2341 auro
1759 2289 1818 2342 in
1843 2307 1970 2344 ora-

270 2377 397 2430 culo
454 2377 816 2442 intrinsecus,
879 2381 935 2430 et
987 2377 1047 2429 in
1121 2377 1337 2445 templo
1397 2375 1786 2430 extrinsecus:
1835 2378 1972 2447 quia

269 2465 525 2519 Christus
581 2467 814 2535 angelos
859 2471 915 2519 et
955 2466 1172 2518 animas
1213 2465 1500 2533 justorum
1551 2464 1609 2517 in
1635 2466 1812 2528 caelis,
1845 2467 1968 2536 ple-

267 2554 429 2608 nario
459 2555 607 2608 dono
638 2553 1003 2623 perfectionis
1051 2552 1327 2622 implevit,
1356 2558 1413 2605 et
1459 2552 1891 2623 peregrinantes
1912 2553 1970 2605 in

269 2645 477 2696 saeculo
533 2644 679 2696 cives
732 2643 934 2712 patriae
991 2641 1254 2708 cmlestis,
1309 2641 1604 2711 signaculo
1652 2641 1971 2696 dilectionis

271 2737 503 2796 aeterno,
537 2748 568 2784 a
610 2731 934 2785 mortalium
967 2731 1183 2784 vilitate
1213 2729 1470 2783 secrevit.
1512 2731 1704 2785 Unde:
1776 2733 1837 2784 In
1876 2731 1971 2784 hoc

269 2825 579 2886 cognoscent
611 2835 809 2884 omnes,
871 2821 1002 2887 quia
1029 2819 1287 2887 discipuli
1330 2821 1436 2872 mei
1453 2821 1602 2886 estis,
1642 2823 1692 2872 si
1736 2820 1974 2874 dilectio-

271 2925 390 2963 nem
419 2909 717 2963 habueritis
733 2908 807 2962 ad
826 2910 1050 2961 invicem
1082 2909 1252 2976 (Joan.
1313 2910 1454 2974 xm).

347 2999 504 3052 Vens.
540 3001 631 3052 3t.
689 3027 756 3035 -—
805 2998 883 3050 Et
929 2999 987 3049 in
1038 2999 1286 3063 ingressu
1337 2997 1564 3062 oraculi,
1627 3001 1730 3051 etc.
1793 2997 1964 3068 (BEDA

274 3087 433 3153 ibid.,
491 3103 612 3156 cap.
663 3085 771 3155 l5.)
821 3086 973 3138 Unus
1044 3091 1166 3138 erat
1220 3085 1530 3154 ingressus,
1593 3085 1687 3138 sed
1750 3085 1971 3139 duobus

275 3175 434 3228 ostiis
458 3175 846 3243 claudebatur,
888 3179 1018 3238 etc.,
1068 3188 1236 3242 usque
1282 3173 1356 3226 ad
1396 3173 1515 3226 imo
1561 3189 1757 3226 omnes
1809 3173 1971 3227 electi

275 3280 377 3334 per
408 3279 566 3316 arma
598 3262 736 3315 lucis
766 3267 822 3315 et
851 3261 1078 3332 pietatis
1107 3261 1328 3315 aditum
1359 3262 1467 3315 sibi
1497 3261 1699 3332 patriae
1729 3262 1970 3316 ccelestis

279 3351 566 3421 aperiunt.
1847 3393 1850 3395 Α

346 3444 448 3494 Deo
478 3439 670 3494 ostiola
690 3439 754 3492 de
783 3439 928 3505 ligno
983 3439 1270 3492 olivarum.
1308 3439 1434 3506 (10.,
1489 3438 1645 3500 ibid.)
1699 3439 1818 3492 Duo
1839 3444 1973 3493 sunt

275 3529 494 3594 ostiola,
526 3527 660 3598 quia
692 3527 872 3580 Deum
911 3532 967 3580 et
1027 3527 1351 3596 proximum
1404 3527 1649 3596 diligunt
1694 3528 1884 3598 angeli
1917 3534 1974 3582 et

275 3617 535 3672 homines
565 3615 760 3679 sancti,
779 3631 963 3686 neque
984 3602 1225 3684 janiiam
1248 3615 1381 3668 vitae
1412 3614 1522 3667 nisi
1546 3631 1648 3684 per
1677 3616 1967 3684 geminam

273 3706 636 3760 dilectionem
668 3708 908 3774 possunt
939 3704 1168 3757 intrare.
1221 3703 1317 3756 Vel
1344 3702 1478 3773 quia
1539 3702 1834 3774 utriusque
1867 3720 1971 3774 po-

272 3795 396 3864 puli
443 3793 728 3858 ﬁdelibus,
784 3792 1016 3861 Judmis,
1065 3792 1297 3854 scilicet,
1338 3796 1395 3846 et
1448 3792 1715 3861 gentibus
1771 3794 1972 3847 eadem

273 3883 405 3938 vita:
429 3883 607 3952 janua
637 3885 940 3935 reseratur.

376 3974 661 4039 Postesque
707 3970 1047 4036 angulorum.
1108 3969 1302 4020 Postes
1358 3967 1574 4021 habens
1625 3969 1968 4038 angulorum

273 4059 705 4130 quinque,quia
762 4073 881 4110 non
955 4057 1142 4110 solum
1207 4054 1427 4108 animas
1483 4055 1792 4109 electorum
1843 4057 1975 4109 aula

273 4147 755 4215 cmlestisrecipit,
814 4145 909 4198 sed
957 4149 1012 4198 et
1044 4143 1380 4213 corporibus
1427 4142 1739 4197 immortali
1791 4143 1974 4214 gloria

272 4235 606 4305 praeditisiu
652 4233 868 4302 judicio
901 4232 1047 4285 fores
1096 4232 1302 4300 aperit.
1362 4231 1616 4301 quinque
1657 4231 1811 4285 enim
1842 4236 1973 4284 sunt

272 4323 527 4394 corporis
547 4338 760 4376 sensus.
797 4321 895 4374 Vel
928 4325 1166 4390 uterque
1195 4318 1376 4389 postis
1430 4318 1643 4372 oraculi
1703 4319 1851 4372 altus
1891 4324 1976 4372 est

273 4416 526 4485 quinque
559 4411 904 4474 cubitorum,
955 4409 1091 4479 quia
1138 4408 1271 4461 solis
1322 4407 1434 4460 illis
1481 4423 1744 4477 supernaa
1774 4408 1975 4478 patria:

2081 1847 2338 1913 discitur,
2367 1845 2611 1916 qualiter
2641 1843 2901 1898 conditor
2917 1844 3121 1898 debeat
3149 1844 3349 1899 amari.

2178 1939 2248 1990 Et
2271 1941 2559 2002 utrumque
2583 1935 2797 1988 ostium.
2833 1934 3023 2002 (BEDA,
3055 1933 3216 2003 ibid.)
3243 1933 3384 1998 Quia
3441 1935 3497 1989 in
3531 1940 3776 2006 utraque

2079 2024 2380 2080 dilectione
2439 2024 2552 2076 duo
2606 2026 2739 2075 sunt
2785 2021 3179 2092 principaliter
3225 2023 3599 2091 observanda,
3635 2032 3772 2088 etc.,

2079 2128 2247 2181 usque
2277 2111 2351 2166 ad
2398 2111 2527 2182 quia
2585 2109 2876 2164 exstinctis
2928 2110 3170 2180 peccatis
3227 2111 3493 2165 omnibus
3519 2113 3586 2166 ad
3616 2113 3777 2167 littus

2080 2209 2136 2256 et
2164 2201 2506 2255 soliditatem
2531 2200 2806 2253 virtutum
2852 2203 3227 2252 transeamus.

2153 2293 2339 2361 (BEDA,
2395 2289 2492 2342 ubi
2538 2289 2754 2357 supra.)
2840 2288 3161 2341 Notandum
3219 2289 3368 2359 quod
3427 2290 3488 2343 in
3543 2306 3776 2360 egressu

2081 2380 2296 2434 oraculi
2352 2379 2464 2432 duo
2524 2378 2794 2432 dicuntur
2849 2377 3020 2430 fuisse
3078 2378 3242 2442 ostia,
3303 2386 3428 2443 etc.,
3488 2395 3658 2448 usque
3706 2383 3783 2435 ad

2081 2470 2236 2523 aliud
2267 2467 2526 2538 mysterii
2547 2466 3034 2536 dispensationem
3067 2469 3464 2538 prmﬁgurans.

2187 2562 2255 2614 Et
2277 2574 2335 2611 se
2363 2558 2611 2612 invicem.
2649 2556 2743 2608 Vel
2791 2555 3001 2608 ostium
3063 2557 3216 2626 quod
3247 2573 3305 2610 se
3353 2557 3591 2611 invicem
3617 2563 3776 2612 tene-

2080 2649 2176 2702 bat
2206 2647 2481 2717 aperitur,
2516 2661 2646 2698 cum
2677 2660 2780 2714 per
2807 2644 3188 2699 ministerium
3247 2646 3640 2717 praedicatoris
3668 2647 3785 2701 dis-

2080 2735 2333 2789 cernitur
2371 2735 2509 2806 quid
2543 2733 2776 2805 proprie
2803 2734 2870 2787 ad
2919 2735 3304 2804 cognitionem
3336 2736 3490 2803 ﬁdei,
3552 2737 3691 2807 quid
3713 2738 3785 2791 ad

2079 2824 2308 2878 vivendi
2339 2824 2650 2878 castitatem
2679 2823 2980 2894 pertineat,
3015 2840 3141 2894 quze
3190 2830 3431 2895 utraque
3489 2831 3788 2897 nequeunt

2080 2911 2354 2984 separari,
2391 2917 2445 2966 et
2475 2912 2630 2982 quod
2652 2928 2855 2982 parum
2887 2911 2960 2965 sit
2990 2913 3384 2983 proximorum
3443 2915 3591 2968 mala
3640 2915 3786 2968 tole-

2080 3015 2228 3066 rare,
2263 3003 2316 3052 et
2347 2999 2426 3052 eis
2474 2999 2625 3053 bona
2646 3015 2759 3052 non
2801 2999 3190 3065 commodare,
3238 3015 3368 3054 cum
3426 3000 3550 3055 haec
3586 3000 3784 3055 certis-

2080 3088 2221 3142 sime
2252 3088 2475 3142 soleant
2527 3089 2588 3142 in
2643 3088 2810 3141 corde
2862 3087 3244 3159 perfectorum
3309 3090 3790 3144 iudissolubiliter

2080 3189 2441 3243 permanere.

2155 3262 2315 3314 Vens.
2350 3263 2436 3314 35.
2471 3290 2540 3299 —-
2574 3262 2644 3314 Et
2686 3260 2912 3330 sculpsit
2957 3261 3249 3314 cherubim.
3298 3263 3425 3315 Haec
3471 3279 3642 3333 supra
3689 3278 3785 3318 ex-

2081 3349 2268 3419 posita
2291 3347 2615 3417 sunt,-quia
2657 3346 2717 3400 in
2776 3346 3086 3418 parietibus
3132 3348 3357 3414 domus,
3421 3354 3478 3402 et
3520 3350 3578 3402 in
3619 3351 3787 3405 ostiis

2080 3435 2450 3490 interioribus
2488 3436 2702 3488 eaedem
2733 3434 2970 3504 picturae
2986 3436 3066 3488 vel
3101 3436 3385 3490 caelatura:
3413 3437 3574 3490 facta:
3605 3443 3746 3492 sunt
3775 3459 3790 3505 ;

2081 3525 2216 3596 quia
2254 3525 2454 3578 eadem
2537 3540 2742 3577 arcana
2797 3523 2953 3592 ﬁdei,
3007 3523 3126 3594 spei
3179 3531 3236 3578 et
3286 3526 3596 3594 charitatis,
3653 3544 3790 3598 qum

2081 3613 2353 3666 sublimes
2383 3617 2436 3665 et
2459 3611 2693 3682 perfecti
2733 3612 3055 3665 sublimiter
3093 3613 3350 3683 capiunt,
3393 3619 3450 3667 et
3493 3630 3621 3684 qua:
3655 3632 3790 3670 om-

2082 3718 2181 3756 nes
2203 3700 2368 3756 electi
2396 3703 2564 3770 plene
2594 3701 2653 3754 in
2684 3707 2900 3755 aeterna
2931 3701 3147 3754 visione
3203 3703 3550 3773 percipiunt,
3607 3705 3790 3759 etiam

2080 3789 2496 3844 catechizandis
2525 3789 2766 3843 rudibus
2809 3806 2913 3860 pro
2945 3807 3047 3844 suo
3087 3789 3295 3861 cuique
3351 3799 3519 3861 captu
3553 3793 3789 3848 discen-

2081 3880 2153 3933 da
2174 3883 2231 3932 et
2259 3878 2587 3932 conﬁtenda
2611 3878 2938 3944 traduntur,
2977 3882 3038 3930 ut
3081 3880 3252 3932 sacris
3305 3879 3513 3934 initiati
3569 3889 3791 3954 myste-

2080 3967 2201 4034 riis,
2244 3966 2589 4037 quandoque.
2621 3965 2691 4020 ad
2715 3966 2992 4036 capienda
3020 3983 3087 4020 ea
3117 3983 3246 4038 qua:
3275 3967 3370 4038 pie
3396 3969 3791 4037 crediderunt,

2081 4055 2442 4128 proveniant.

2154 4145 2314 4198 Vens.
2370 4145 2456 4198 36.
2515 4174 2585 4182 —
2641 4142 2956 4212 xEdiﬁcavit
2993 4146 3214 4198 atrium.
3252 4145 3442 4215 (Bena,
3477 4145 3790 4217 ubisupra,

2082 4249 2205 4303 cap.
2243 4232 2350 4303 16.)
2405 4233 2480 4286 De
2526 4231 2786 4286 interiori
2839 4232 2983 4286 atrio
3043 4233 3293 4288 breviter
3339 4234 3617 4304 loquitur,
3651 4242 3793 4303 etc.,

2080 4337 2251 4390 usque
2278 4321 2354 4374 ad
2401 4319 2550 4373 unde
2601 4320 2889 4390 sequitur:
2926 4321 3237 4389 Ediﬁcavit
3293 4324 3497 4376 atrium
3551 4324 3795 4377 interius

2086 4406 2555 4462 tribusordinibus
2577 4405 2623 4476 (ι
2655 4407 2774 4462 Cor.
2812 4412 2901 4469 ιι).

274 4473 538 4558 introitus
577 4499 867 4570 panditur,
929 4498 1030 4568 qui
1079 4497 1347 4550 omnibus
1397 4496 1654 4566 corporis
1683 4501 1739 4549 et
1791 4495 1976 4549 cordis
2005 4473 2048 4526 D
2156 4498 2227 4552 Et
2243 4511 2345 4550 uno
2373 4496 2580 4549 ordine.
2611 4495 2768 4548 Unus
2798 4495 2937 4548 ordo
2979 4495 3267 4564 lignorum
3322 4497 3476 4551 cedri
3522 4499 3678 4554 bona
3705 4506 3795 4554 est

273 4591 530 4646 sensibus
559 4587 802 4642 Domino
830 4587 1084 4640 serviunt
1114 4601 1126 4639 :
1161 4585 1416 4654 corporis
1474 4584 1685 4638 scilicet
1716 4601 1846 4638 cum
1877 4601 1980 4655 per

273 4698 370 4734 eos
397 4677 614 4748 aliquid
646 4692 749 4747 pro
785 4676 882 4728 illa
914 4679 1091 4745 agunt
1124 4689 1137 4739 ;
1173 4674 1358 4727 cordis
1403 4689 1556 4739 vero,
1612 4689 1743 4727 cum
1762 4673 1975 4742 sobrie,

273 4774 330 4822 et
351 4768 526 4839 juste,
558 4771 615 4819 et
666 4763 758 4834 pie
811 4762 1068 4832 cogitant
1123 4761 1192 4815 de
1259 4760 1340 4814 eis
1370 4777 1474 4831 per
1526 4760 1679 4831 ipsos
1721 4762 1978 4832 corporis

271 4873 470 4912 sensus
499 4869 667 4925 agere
701 4852 1034 4907 decernunt.

343 4948 505 4999 Vens.
566 4946 651 4998 32.
713 4971 780 4980 -—
837 4939 1192 5008 Anaglypha.
1250 4939 1443 4992 Posset
1521 4937 1630 4991 dici
1685 4939 1978 5009 sculptura

273 5031 419 5085 facta
447 5033 507 5085 in
561 5031 833 5101 junctura
884 5028 1231 5093 tabularum,
1291 5025 1387 5079 sed
1451 5027 1609 5096 large
1672 5026 1969 5096 accipitur.

273 5121 462 5191 (BEDA,
487 5120 649 5189 ibid.)
686 5115 982 5188 Ἀνὰγλυφα
1004 5114 1325 5186 anaglypha
1381 5115 1590 5181 Greece,
1660 5113 1857 5169 Latine
1887 5114 1975 5169 di-

271 5213 480 5262 cuntur
502 5207 804 5272 caelatura,
839 5211 970 5272 etc.,
1002 5219 1170 5274 usque
1207 5202 1282 5257 ad
1337 5202 1547 5256 horum
1591 5201 1802 5256 intuitu
1833 5217 1966 5256 con-

269 5295 432 5350 tinuo
463 5295 699 5366 vestigia
731 5299 921 5348 nostra
947 5293 1236 5362 regimus.)

366 5385 528 5438 Vens.
563 5386 649 5438 33.
692 5385 940 5451 Fecitque
1027 5384 1087 5435 in
1167 5382 1416 5435 introitu.
1464 5379 1625 5434 Sicut
1679 5379 1970 5449 ingressus

264 5473 480 5530 oraculi
517 5489 632 5544 quo
678 5487 868 5526 arcam
936 5469 1168 5525 Domini
1241 5468 1652 5539 cherubimquc
1710 5466 1968 5538 perveni-

262 5572 377 5634 tur,
401 5563 700 5618 introitum
744 5561 865 5615 coeli
900 5559 1201 5629 signiﬁcat,
1262 5574 1375 5628 quo
1453 5557 1524 5611 ad
1552 5556 1831 5612 visionem
1865 5555 1966 5610 Dei

2087 4584 2342 4656 operatio
2373 4587 2493 4638 sine
2525 4584 2892 4654 corruptione
2923 4585 3305 4639 simulationis
3343 4585 3616 4652 exhibita,
3665 4589 3796 4641 sine

2084 4675 2246 4744 cujus
2275 4674 2590 4744 adjectione
2632 4673 2793 4742 ﬁdes,
2840 4689 2988 4743 spes,
3053 4679 3108 4727 et
3171 4674 3423 4728 charitas
3477 4691 3611 4729 vera
3666 4693 3796 4730 esse

2085 4779 2200 4816 non
2226 4767 2427 4833 potest.
2463 4761 2640 4832 Ligna
2669 4761 2823 4815 enim
2853 4761 3007 4815 cedri
3042 4769 3275 4833 propter
3310 4764 3502 4817 odoris
3540 4766 3794 4834 gratiam

2085 4856 2140 4905 et
2169 4851 2588 4921 imputribilem
2619 4855 2839 4904 natura;
2886 4850 3221 4920 potentiam,
3278 4855 3795 4923 perseverantiam,

2084 4943 2139 4994 et
2169 4940 2378 4993 famam
2431 4939 2539 5010 piae
2598 4937 2832 4992 actionis
2901 4937 3222 5010 designant.
3289 4941 3475 5012 Usque
3535 4943 3603 4997 ad
3679 4945 3798 5000 hoc

2083 5028 2294 5083 atrium
2339 5027 2588 5081 universi
2643 5027 3036 5082 conscendunt
3087 5029 3272 5097 electi,
3342 5029 3443 5101 qui
3496 5031 3630 5098 ﬁde,
3657 5050 3788 5104 spe,

2081 5116 2356 5169 charitate
2378 5119 2434 5168 et
2492 5130 2688 5184 opere,
2739 5117 2852 5170 Deo
2904 5117 3127 5187 placere
3177 5125 3472 5189 appetunt,
3525 5121 3634 5175 hoc
3666 5123 3793 5178 alta

2081 5204 2420 5259 meritorum
2491 5204 2675 5274 gratia
2732 5205 3142 5260 transcendunt
3211 5207 3469 5277 perfecti,
3548 5225 3683 5264 cum
3729 5211 3794 5267 in

2078 5297 2235 5347 tanto
2259 5293 2536 5347 virtutum
2567 5292 2817 5347 culmine
2845 5293 3174 5363 proﬁciunt,
3209 5299 3273 5350 ut
3317 5295 3504 5350 dicere
3557 5298 3792 5353 audito-

2079 5381 2236 5436 ribus
2283 5381 2552 5452 possint:
2592 5384 2900 5437 Imitatares
2969 5385 3076 5437 mei
3134 5388 3294 5438 estote
3374 5387 3516 5440 sicut
3560 5385 3635 5457 ζει
3691 5403 3795 5455 ego

2076 5470 2292 5524 Christi
2359 5469 2410 5539 (Ι
2462 5469 2587 5524 Cor.
2645 5471 2769 5542 1v);
2829 5474 2885 5524 et
2964 5473 3198 5530 Nescitis
3255 5476 3511 5543 quoniam
3565 5477 3797 5544 angelos

2069 5557 2460 5626 judicabimus,
2494 5562 2696 5626 quanto
2723 5560 2901 5625 magis
2919 5560 3206 5616 saecularia
3243 5561 3400 5632 (Ibid.
3434 5561 3530 5630 Vl).
