3998 6178
263 262 363 314 593

1364 263 1622 320 GLOSSA
1667 263 2073 321 ORDINARIA.
2106 295 2173 305 -—
2220 266 2347 321 LIB.
2396 267 2471 322 III
2513 268 2668 323 REG.

3668 271 3772 324 594

338 383 493 435 Vens.
538 386 625 437 38.
686 412 755 424 —
800 385 921 454 Ipse
970 390 1049 439 est
1098 386 1313 440 mensis.
1375 387 1543 455 (ΒευΑ
1600 386 1696 441 ubi
1749 388 1958 457 supra.)
1988 389 2033 442 Α
2074 405 2138 442 ex
2188 389 2491 443 virtutibus
2549 395 2888 456 nascuntnr,
2948 397 3003 443 et
3057 390 3212 460 quod
3267 391 3447 444 sancti
3485 393 3767 447 ambulant

254 471 549 534 Quaeritur
584 473 874 542 quomodo
918 473 1140 527 dicatur
1178 474 1385 528 domus
1419 475 1644 529 Domini
1678 476 1735 529 in
1769 490 1963 530 mense

255 564 456 614 octavo
490 561 743 631 perfecta
796 561 855 615 in
886 561 1045 616 omni
1096 578 1268 633 opere
1329 580 1453 629 suo,
1504 569 1633 628 etc.,
1670 580 1839 635 usque
1890 565 1964 618 ad

255 649 409 703 unde
442 649 614 704 David
666 651 956 704 Psalmum
1006 667 1109 721 pro
1160 656 1359 705 octava
1408 652 1741 718 intitulavit,
1790 671 1961 725 quem

249 754 357 808 pro
420 744 579 792 metu
618 738 824 807 judicii
869 740 1135 806 cantavit,
1191 740 1385 794 dicens
1439 758 1451 795 :
1505 745 1748 809 Domine,
1800 760 1863 797 ne
1904 745 1962 798 in

248 828 443 891 furore
476 832 565 881 tuo
617 843 823 895 arguas
862 844 964 888 me,
1011 844 1179 898 neque
1212 832 1268 883 in
1313 832 1399 883 ira
1436 835 1531 884 tua
1570 832 1832 899 corripias
1882 847 1963 885 me

253 915 427 982 (Psal.
458 918 559 986 v1).

324 1004 745 1075 Ediﬁcavitque
783 1020 918 1059 eam.
962 1005 1104 1069 Quia
1145 1007 1390 1061 Ecclesia
1419 1012 1535 1060 toto
1569 1007 1739 1077 hujus
1769 996 1962 1061 saeculi

253 1096 542 1163 tempore,
585 1094 741 1164 quod
781 1099 998 1165 septem
1029 1094 1254 1149 dierum
1281 1096 1517 1149 circuitu
1546 1096 1858 1166 peragitur,
1891 1114 1960 1151 ex

251 1181 454 1235 electis
484 1182 832 1236 construitur
862 1183 1161 1238 animabus
1199 1200 1212 1237 :
1249 1189 1305 1238 et
1332 1185 1392 1237 in
1424 1183 1538 1239 ﬁne
1569 1185 1762 1238 saeculi
1789 1202 1957 1239 suum

249 1270 679 1324 incrementum
722 1271 791 1325 ad
826 1271 1001 1326 ﬁnem
1046 1273 1322 1343 perducit.
1359 1273 1453 1326 Vel
1484 1273 1555 1327 ob
1586 1272 1957 1344 signiﬁcatio-

250 1375 392 1413 nem
418 1360 619 1430 gratiaa
650 1360 982 1431 spiritualis,
1012 1378 1118 1432 per
1161 1377 1336 1432 quam
1374 1361 1638 1427 Ecclesia,
1677 1362 1862 1414 solum
1894 1365 1957 1414 ut

251 1449 329 1501 sit
363 1448 631 1515 Ecclesia,
664 1449 910 1520 percipit
942 1466 955 1503 :
991 1449 1128 1520 quia
1160 1450 1282 1503 sine
1324 1450 1489 1503 donis
1538 1448 1800 1520 Spiritus,
1847 1465 1953 1502 ne-

250 1552 349 1590 mo
383 1535 569 1591 ﬁdelis
603 1536 772 1604 efﬁci,
808 1538 894 1591 vel
947 1537 1123 1593 ﬁdem
1170 1554 1414 1602 servare,
1446 1538 1531 1591 vel
1583 1538 1786 1592 merito
1819 1537 1954 1591 ﬁdei

248 1624 323 1678 ad
355 1640 629 1679 coronam
655 1625 896 1695 justitiaz
925 1630 1113 1696 potest
1138 1626 1453 1697 pervenire.

922 1762 1147 1816 CAPUT
1186 1762 1300 1815 VII.
1348 1770 1355 1775 '

322 1888 552 1940 Domum
600 1888 770 1938 autem
830 1885 1071 1938 mulieris
1119 1885 1193 1937 vi.
1253 1884 1431 1954 (Ben,
1491 1883 1585 1938 lib.
1648 1884 1713 1937 de
1762 1886 1954 1954 templo

250 1976 483 2039 Salom.,
531 1990 655 2044 cap.
715 1975 823 2043 l7.)
874 1973 1155 2038 Ecclesiae,
1208 1972 1423 2027 scilicet
1476 1971 1794 2042 praesentis,
1847 1988 1952 2041 pro

250 2079 372 2134 qua
420 2061 677 2118 Christus
721 2062 805 2115 vir
834 2079 970 2116 suus
1018 2068 1201 2115 morte
1233 2066 1457 2131 gustata
1508 2060 1769 2125 surrexit,
1818 2066 1950 2130 etc.,

248 2168 426 2222 usque
456 2152 531 2206 ad
558 2153 649 2206 Ais
680 2146 835 2204 enim
871 2156 954 2205 est
980 2151 1143 2204 valde
1176 2150 1434 2204 durabile
1465 2153 1522 2203 et
1552 2165 1843 2202 sonorum.

324 2242 492 2295 Vens.
531 2242 615 2295 14.
645 2270 712 2281 --
745 2242 889 2295 Fecit
926 2255 1076 2294 omne
1115 2254 1273 2310 opus.
1309 2238 1451 2302 Quia
1489 2237 1665 2291 sancti
1695 2237 1955 2291 doctores

249 2331 393 2385 dum
451 2328 774 2382 ministerio
828 2328 986 2381 verbi
1034 2326 1276 2382 ﬁdeliter
1323 2325 1615 2392 insistunt,
1661 2341 1804 2395 opus
1857 2325 1955 2379 Dei

251 2424 595 2489 operantur,
644 2417 780 2488 quia
826 2417 1117 2487 loquendo
1166 2416 1302 2470 foris
1347 2414 1496 2468 viam
1540 2414 1788 2468 veritatis
1820 2430 1954 2484 ape-

250 2509 416 2563 riunt
444 2507 579 2575 illis,
607 2522 751 2577 quos
789 2506 911 2576 ipse
941 2506 1097 2560 intus
1126 2504 1467 2558 illustrando
1500 2503 1568 2557 ad
1601 2503 1772 2556 vitam
1804 2520 1951 2572 prae-

251 2595 548 2653 ordinavit
593 2602 889 2649 mternam.
940 2594 1098 2650 Unde
1133 2610 1146 2647 :
1197 2596 1310 2661 Ego
1334 2594 1611 2663 plantavi,
1651 2593 1849 2660 Apollo
1875 2593 1951 2644 ri-

248 2689 432 2757 gavit,
464 2687 721 2741 Dominus
761 2688 940 2738 autem
982 2686 1363 2737 incrementum
1404 2681 1555 2735 dedit
1584 2681 1664 2751 (Il
1691 2682 1811 2735 Cor.
1843 2682 1949 2749 Ill).

324 2776 489 2827 Vens.
548 2776 631 2827 l5.
681 2802 749 2813 —
787 2775 857 2827 Et
904 2771 1053 2842 ﬁxit.
1090 2773 1245 2841 (Ben.
1292 2770 1386 2824 ubi
1436 2785 1626 2838 supra,
1680 2785 1801 2839 cap.
1846 2769 1951 2839 l8.)

166 2890 171 2893 ~
251 2863 542 2919 Columna
571 2864 703 2915 ante
733 2860 886 2914 fores
915 2860 1115 2931 templi
1144 2861 1340 2914 decem
1370 2864 1428 2913 et
1457 2864 1582 2912 octo
1613 2858 1817 2912 cubitis
1838 2858 1953 2911 alta

251 2958 360 3017 est,
395 2957 529 3016 etc.,
584 2965 753 3019 usque
799 2950 873 3003 ad
927 2965 961 3002 a
1006 2953 1158 3003 recta
1205 2948 1295 3001 via
1337 2964 1450 3018 qua
1496 2947 1568 3001 ad
1609 2946 1950 3017 promissam
1980 2987 2020 3041 Ο

246 3041 501 3114 patriam
535 3038 849 3109 gradimur,
883 3039 997 3091 ulla
1029 3038 1087 3091 in
1114 3043 1274 3108 parte
1306 3036 1679 3090 declinemus.

322 3134 534 3193 Decem,
564 3132 668 3181 etc.
716 3128 824 3182 Ter
871 3127 1025 3181 enim
1056 3126 1178 3180 seni
1225 3127 1419 3180 decem
1448 3130 1504 3178 et
1531 3130 1656 3178 octo
1686 3123 1900 3178 faciunt
1933 3140 1945 3177 :

247 3219 384 3283 tria,
420 3217 635 3270 scilicet
665 3216 735 3270 ad
778 3215 950 3270 ﬁdem
982 3215 1275 3284 pertinent
1302 3219 1536 3285 propter
1580 3212 1945 3279 Trinitatem;

248 3324 350 3362 sex
381 3305 454 3360 ad
490 3304 906 3375 operationem,
949 3303 1081 3374 quia
1114 3320 1206 3356 sex
1238 3302 1439 3356 diebus
1466 3302 1646 3356 factus
1675 3304 1759 3355 est
1788 3317 1951 3354 mun-

247 3393 381 3459 dus,
436 3391 547 3445 tria
608 3407 711 3463 per
763 3406 858 3444 sex
925 3390 1397 3459 multiplicantur,
1456 3405 1586 3442 cum
1638 3389 1827 3459 justus
1883 3405 1948 3443 ex

245 3481 366 3537 ﬁde
408 3480 545 3534 vivit
589 3486 646 3535 et
684 3479 1076 3550 cognitionem
1110 3479 1217 3549 piae
1260 3478 1393 3532 ﬁdei
1434 3478 1689 3531 cumulat
1727 3494 1951 3531 exsecu-

244 3572 409 3626 tione
443 3555 617 3625 bonaai
643 3568 897 3623 actionis.

317 3662 392 3716 Et
424 3661 587 3714 linea.
632 3659 823 3728 (BI-30A,
870 3657 1034 3728 ibid.)
1085 3658 1297 3712 Norma
1344 3654 1672 3726 apostolica:
1718 3655 1947 3709 institu-

245 3750 427 3804 tionis
458 3748 636 3803 ambit
678 3750 1003 3801 columnam
1056 3753 1384 3817 utramque,
1431 3762 1562 3799 cum
1614 3746 1813 3799 doctor
1857 3746 1949 3797 Ju-

243 3840 387 3895 dazis
440 3838 527 3891 vel
569 3838 834 3909 gentibus
871 3836 1174 3908 prendit-are
1214 3836 1443 3903 missus,
1489 3850 1555 3887 ea
1598 3839 1821 3888 tantum
1866 3834 1945 3886 fa-

244 3943 377 3981 cere
424 3930 587 3980 curat
636 3930 692 3978 et
737 3926 956 3991 docere,
990 3939 1114 3994 qua
1162 3939 1265 3993 per
1303 3923 1589 3993 apostolos
1640 3920 1853 3990 accepit
1894 3926 1948 3972 et

243 4014 451 4070 didicit
505 4014 769 4068 Ecclesia.
815 4014 957 4067 Nam
1001 4011 1101 4083 qui
1149 4011 1313 4065 aliter
1361 4012 1585 4076 docere,
1628 4010 1814 4089 vivere
1861 4009 1945 4061 vel

243 4103 565 4176 praedicare
624 4102 891 4166 voluerit,
943 4106 999 4155 et
1045 4100 1353 4170 apostolica
1400 4100 1625 4153 decreta
1680 4112 1948 4167 spernere

244 4194 338 4248 vel
368 4209 477 4263 pro
508 4191 666 4245 libito
698 4206 800 4244 suo
838 4206 985 4243 nova
1014 4194 1286 4253 statuere,
1330 4204 1449 4241 non
1479 4193 1565 4241 est
1592 4187 1859 4240 columna
1890 4185 1947 4238 in

245 4282 470 4351 templo
525 4279 624 4334 Dei
669 4295 683 4333 :

245 4370 589 4436 contemnit,
639 4370 728 4425 vel
780 4367 1030 4422 exilitate
1085 4366 1327 4432 inertiae,
1378 4366 1466 4420 vel
1498 4364 1757 4419 elationis
1784 4380 1945 4435 gros-

247 4458 504 4513 situdine
581 4456 884 4512 duodecim
959 4455 1284 4509 cubitorum
1341 4454 1507 4509 lineae
1577 4469 1694 4507 non
1749 4469 1949 4507 conve-

249 4547 365 4603 nit.

324 4638 490 4691 Vens.
528 4638 612 4690 16.
657 4663 729 4676 —
752 4637 885 4701 Duo,
917 4638 1024 4689 etc.
1063 4634 1182 4703 (10.,
1221 4631 1383 4701 ibid.)
1416 4630 1613 4701 Capita
1650 4631 1947 4683 columna-

252 4741 407 4791 rum,
441 4729 573 4789 etc.,
623 4738 792 4792 usque
836 4722 909 4777 ad
956 4720 1301 4792 evangelicae
1348 4718 1713 4792 perfectionis
1756 4721 1841 4773 est
1869 4718 1950 4771 in-

244 4813 359 4867 sita
386 4811 591 4882 gratia.

324 4902 482 4956 Vens.
521 4904 600 4955 17.
627 4928 695 4941 -
725 4901 978 4970 Septena,
1010 4903 1114 4954 etc.
1152 4900 1272 4969 (10.,
1302 4897 1465 4968 ibid.)
1497 4898 1611 4952 Hoc
1640 4897 1699 4951 in
1738 4896 1949 4951 Parali-

246 4989 517 5061 pomenis
564 4989 643 5042 ita
682 4988 960 5059 scriptum
990 4992 1094 5053 est,
1130 4991 1261 5053 etc.,
1294 5000 1462 5056 usque
1491 4986 1566 5039 ad
1595 4984 1731 5056 quia
1761 4989 1953 5055 patres

248 5079 561 5146 utriusque
588 5076 911 5131 testamenti
932 5092 1035 5147 per
1054 5075 1298 5147 gratiam
1327 5075 1499 5128 unius
1520 5073 1764 5145 Spiritus
1784 5072 1952 5143 septi-

251 5168 479 5230 formis,
516 5171 790 5221 utessent
818 5165 979 5220 electi
1009 5168 1369 5236 acceperunt.

326 5258 492 5311 νειιε.
531 5258 614 5309 18.
657 5285 717 5294 -
746 5258 817 5310 Et
841 5255 993 5310 duos.
1024 5253 1445 5323 (ln.)Videntur
1474 5252 1863 5321 malagranata
1878 5249 1955 5303 fa-

254 5350 345 5399 cta
376 5360 498 5398 esse
528 5344 588 5397 in
618 5343 857 5397 circuitu
884 5342 1283 5414 capitellorum
1312 5336 1800 5411 aparteinferiori,
1820 5343 1950 5391 etex

256 5434 399 5504 ipsis
430 5430 855 5502 malisgrauatis
893 5431 1030 5486 oriri
1072 5430 1348 5485 retiacula
1392 5446 1403 5484 :
1448 5428 1655 5499 quibus
1694 5427 1957 5498 capitella

259 5538 325 5575 ex
359 5527 522 5591 parte
575 5520 767 5590 aliqua
819 5524 1167 5590 tegerentur,
1220 5518 1476 5588 signatur
1523 5517 1671 5587 quod
1726 5518 1956 5570 virtutes

738 4277 873 4349 quia
922 4277 1061 4331 dum
1115 4276 1424 4347 apostolica
1469 4276 1730 4329 instituta
1782 4273 1943 4344 sequi
1977 4296 2019 4349 ι)

2072 478 2137 531 de
2160 481 2362 532 virtute
2384 481 2439 531 in
2467 482 2722 533 virtutem
2748 477 2915 548 (Psal.
2950 478 3194 547 Lxxxni).

2141 577 2265 642 (lo.,
2294 575 2455 645 ibid.)
2491 577 2609 629 Duo
2644 576 2871 629 ordines
2903 580 3068 629 erant
3096 574 3502 629 retiaculorum
3532 575 3592 631 in
3621 592 3763 646 gyro

2069 664 2334 733 capitelli,
2371 670 2503 729 etc.,
2530 679 2699 733 usque
2724 664 2799 717 ad
2823 668 2879 717 et
2909 664 2968 717 in
2994 663 3075 717 eis
3096 680 3225 735 qua:
3248 664 3627 733 intelligimus
3652 666 3762 719 late

2066 757 2242 822 patet.

2142 853 2207 904 Ut
2237 856 2486 919 tegerent.
2523 852 2650 917 (ln.,
2672 851 2833 919 ibid.)
2862 851 3001 903 Cum
3021 850 3237 903 dictum
3257 850 3329 903 sit
3357 850 3427 903 de
3450 850 3756 919 retiaculis,

2066 944 2195 1005 etc.,
2240 955 2409 1007 usque
2455 939 2529 992 ad
2576 944 2705 1008 apte
2754 939 3123 1007 subjungitur
3178 955 3190 991 ε
3263 940 3527 1007 Capitella
3581 947 3759 995 autem

2065 1043 2183 1096 qua
2211 1033 2366 1080 erant
2393 1042 2555 1095 super
2579 1029 2763 1095 capita
2787 1028 3174 1091 columnarum,
3209 1032 3313 1080 etc.

2134 1124 2655 1189 Matogranatorum.
2730 1122 2866 1185 Quae
2944 1138 3057 1174 uno
3122 1122 3259 1176 foris
3316 1122 3521 1177 cortice
3578 1125 3759 1177 multa

2061 1209 2301 1264 interius
2347 1227 2527 1280 grana
2569 1210 2946 1277 circumdant,
2990 1217 3121 1273 etc.,
3170 1226 3338 1278 uSque
3385 1212 3459 1264 ad
3499 1212 3593 1265 sed
3627 1229 3756 1283 quae

2062 1298 2215 1352 intus
2261 1304 2345 1352 est
2392 1298 2546 1366 ﬁdei,
2595 1298 2739 1369 spei,
2789 1304 2847 1352 et
2902 1298 3244 1362 dilectionis,
3302 1304 3755 1370 caaterorumque

2061 1388 2239 1441 animi
2269 1387 2556 1440 bonorum
2595 1388 2777 1457 gratia
2806 1403 2921 1440 non
2952 1387 3221 1440 cernitur.

2136 1487 2290 1539 Vens.
2349 1488 2432 1538 19.
2490 1515 2555 1523 ——
2624 1486 2815 1548 Quasi.
2878 1488 2981 1538 etc.
3045 1484 3180 1552 (ln.,
3242 1483 3401 1552 ibid.)
3462 1485 3566 1537 Per
3615 1485 3753 1551 lilia,

2059 1574 2286 1627 claritas
2341 1589 2605 1642 superna:
2654 1572 2855 1642 patriae
2910 1576 2968 1624 et
3020 1570 3464 1625 immortalitatis
3519 1571 3757 1627 floribus

1984 1676 2025 1728 Β
2062 1662 2327 1715 redolens
2379 1660 2626 1731 paradisi
2681 1660 3015 1730 designatur
3066 1660 3399 1726 ammnitas,
3456 1664 3601 1725 etc.,
3664 1677 3757 1717 us-

2065 1765 2166 1820 que
2215 1750 2289 1803 ad
2334 1749 2470 1819 quia
2517 1765 2632 1802 non
2678 1748 2787 1802 nisi
2822 1765 2924 1818 per
2980 1749 3347 1817 Evangelium
3406 1752 3601 1819 optata
3652 1766 3755 1803 vox

2063 1838 2160 1892 illa
2189 1838 2408 1891 mundo
2458 1837 2731 1903 insonuit,
2782 1840 3153 1892 Paenitentiam
3190 1839 3356 1903 agite,
3408 1841 3512 1891 etc.
3557 1839 3756 1892 Matth.

2064 1926 2162 1993 in).
2241 1926 2305 1979 1n
2372 1928 2611 1994 porticu.
2675 1926 2997 1980 Notandum
3071 1930 3265 1978 autem
3339 1925 3399 1979 in
3470 1927 3575 1979 hac
3630 1942 3759 1980 sen-

2062 2014 2241 2069 tentia
2286 2014 2739 2083 Paralipomenis
2790 2014 2943 2084 quod
2996 2014 3193 2067 eadem
3249 2014 3500 2084 porticus
3557 2014 3759 2085 templi

2064 2102 2237 2155 etiam
2264 2102 2607 2156 vestibulum
2641 2101 2843 2171 templi
2875 2107 3124 2157 vocatur.
3170 2103 3327 2158 Unde
3366 2120 3377 2157 :
3424 2106 3570 2159 Inter
3593 2106 3757 2159 vesti-

2064 2191 2247 2245 bulum
2290 2196 2340 2245 et
2372 2192 2546 2244 altare
2594 2191 2919 2259 plorabant;
2970 2191 3028 2245 id
3062 2196 3167 2259 est,
3198 2192 3349 2245 inter
3395 2192 3681 2261 porticum
3705 2197 3760 2245 et

2063 2280 2260 2333 altare.

2132 2379 2296 2431 Vens.
2328 2380 2418 2430 20.
2452 2406 2519 2418 —
2548 2381 2617 2432 Et
2667 2391 2886 2430 rursum
2915 2377 3070 2444 (BED.
3114 2377 3209 2429 ubi
3254 2378 3470 2446 supra.)
3503 2377 3757 2440 Quorum

2062 2467 2277 2521 scilicet
2323 2466 2543 2520 factura
2599 2465 2866 2536 perennis
2923 2465 3085 2535 regni
3142 2464 3551 2517 sublimitatem
3611 2464 3755 2517 desi-

2061 2558 2221 2624 gnat,
2252 2556 2384 2620 etc.,
2412 2568 2585 2621 usque
2632 2552 2706 2606 ad
2736 2552 2830 2605 sed
2874 2551 3008 2622 quia
3040 2551 3139 2603 illa
3179 2551 3416 2603 societas
3458 2550 3756 2620 utriusque

2061 2641 2263 2712 populi
2296 2641 2558 2696 ﬁdelibus
2598 2641 2890 2709 tribuitur,
2933 2645 3082 2693 recte
3126 2639 3491 2709 subjungitur
3524 2655 3535 2691 :
3586 2640 3755 2692 Malo-

2062 2735 2436 2799 granatorum.
2472 2730 2594 2799 (ln.,
2628 2730 2791 2799 ibid.)
2824 2732 2883 2783 ln
2935 2730 3329 2797 malogranato
3360 2732 3535 2781 totam
3580 2725 3756 2796 signi-

2061 2818 2193 2872 ﬁcat
2223 2819 2545 2884 Ecclesium,
2598 2822 2730 2883 etc.,
2764 2833 2931 2886 usque
2984 2817 3059 2869 ad
3108 2821 3162 2870 et
3211 2815 3508 2886 utriusque
3554 2814 3755 2885 pepuli

2062 2909 2269 2961 electos
2295 2906 2352 2960 in
2382 2923 2494 2959 una
2524 2906 2893 2960 beatitudinis
2923 2921 3050 2958 arce
3080 2903 3375 2974 colligunt.

2132 3005 2461 3059 Columnam.
2515 3003 2643 3069 (11).,
2694 3002 2853 3071 ibid.)
2892 3003 3126 3055 Dextera
3181 3002 3446 3053 columna
3501 3000 3756 3053 doctores

2058 3091 2365 3162 primitivaa
2421 3089 2677 3145 Ecclesia!
2720 3089 3031 3158 signiﬁcat,
3089 3093 3220 3156 etc.,
3272 3104 3439 3158 usque
3481 3088 3553 3140 ad
3606 3086 3750 3139 nihil

2058 3179 2355 3232 industria:
2386 3180 2587 3231 saltem
2617 3177 2688 3230 ad
2716 3177 3120 3246 intelligendos
3151 3191 3348 3230 eorum
3372 3175 3578 3246 quibus
3611 3190 3750 3244 prae-

2061 3269 2156 3323 lati
2186 3275 2319 3321 sunt
2348 3283 2589 3321 errores.

2130 3368 2272 3419 Fecit
2302 3381 2526 3433 quoque.
2582 3364 2707 3431 (ln..
2741 3363 2894 3432 ibid.)
2930 3365 3042 3417 Hoc
3083 3378 3237 3415 mare
3284 3362 3342 3415 in
3374 3361 3619 3430 ﬁguram
3650 3360 3749 3413 ba-

2056 3453 2253 3525 ptismi
2296 3453 2505 3506 factum
2535 3457 2637 3516 est,
2671 3456 2810 3512 etc.,
2854 3465 3020 3518 usque
3049 3450 3122 3502 ad
3154 3465 3284 3502 cum
3316 3448 3469 3502 hunc
3501 3447 3558 3500 in
3589 3447 3751 3499 vinea

2060 3542 2448 3596 laborantibus
2478 3542 2733 3595 dandum
2762 3556 2881 3593 esse
2910 3537 3197 3608 praedixit.

2134 3639 2289 3691 Vens.
2326 3640 2412 3691 '23.
2448 3667 2514 3675 —
2546 3639 2595 3689 Α
2632 3635 2779 3689 labio
2802 3650 2970 3702 usque
2996 3633 3068 3686 ad
3097 3633 3320 3686 labium.
3343 3629 3537 3694 Quiaa
3564 3629 3749 3699 primo

2057 3725 2344 3794 baptizato
2402 3724 2459 3777 in
2492 3724 2726 3777 nomine
2771 3725 2904 3777 Jesu
2934 3721 3139 3777 Christi
3171 3736 3352 3789 usque
3383 3719 3450 3773 ad
3483 3718 3749 3771 ultimum

2059 3812 2158 3882 qui
2189 3812 2248 3865 in
2278 3813 2391 3866 ﬁne
2420 3811 2614 3866 saeculi
2652 3812 2970 3865 crediturus
3010 3816 3064 3862 et
3096 3808 3468 3878 baptizandus
3497 3812 3602 3872 est,
3636 3822 3752 3859 om-

2057 3901 2142 3953 nis
2173 3902 2432 3955 ﬁdelium
2484 3901 2710 3965 chorus,
2745 3899 3004 3952 eamdem
3036 3896 3285 3949 veritatis
3326 3895 3477 3947 viam
3504 3894 3748 3964 ingredi,

2058 3996 2113 4043 et
2146 4005 2512 4043 communem
2559 3988 2727 4041 debet
2776 4002 3007 4056 sperare
3056 4003 3088 4037 a
3121 3983 3363 4037 Domino
3389 3982 3626 4053 justitiaz
3656 3998 3749 4035 co-

2059 4094 2283 4131 ronam.

2128 4178 2374 4244 Quinque
2423 4174 2743 4228 cubitorum.
2807 4170 2951 4235 Quia
3005 4168 3291 4240 quidquid
3334 4168 3478 4233 visu,
3527 4165 3747 4227 auditu,

2061 4270 2253 4335 gustu,
2285 4264 2547 4329 odoratu,
2572 4267 2840 4331 tactuque
2881 4259 3291 4329 delinquimus,
3325 4255 3509 4326 gratia
3531 4254 3627 4309 Dei
3651 4270 3750 4307 no-

2058 4354 2145 4408 bis
2190 4370 2292 4425 per
2347 4352 2703 4406 ablutionem
2748 4348 2956 4403 viviﬁci
3008 4346 3182 4401 fontis
3223 4347 3450 4399 relaxat.
3497 4344 3606 4399 Sed
3637 4358 3752 4396 non

2056 4442 2265 4497 sufﬁcit
2296 4441 2719 4512 praeteritorum
2752 4437 3014 4493 remissio
3045 4439 3430 4507 peccatorum,
3484 4431 3593 4487 nisi
3625 4429 3753 4502 quis

2055 4532 2324 4601 deinceps
2353 4530 2522 4584 bonis
2572 4527 2798 4582 studeat
2843 4525 3144 4595 operibus;
3190 4521 3443 4593 alioquin
3492 4519 3753 4574 diabolus
3820 4584 3829 4593 .

2056 4620 2157 4692 qui
2188 4620 2401 4674 exierat
2440 4618 2510 4673 de
2542 4616 2799 4681 homine,
2834 4614 2880 4667 si
2912 4615 3065 4667 hunc
3107 4630 3141 4665 a
3168 4612 3332 4666 bonis
3362 4609 3629 4680 operibus
3656 4624 3751 4661 va.-

2056 4725 2183 4764 care
2247 4708 2473 4771 viderit,
2532 4704 2905 4776 multiplicius
2951 4700 3119 4768 redit,
3151 4704 3207 4753 et
3258 4698 3391 4753 facit
3448 4694 3754 4751 novissima

2056 4798 2213 4852 illius
2238 4798 2435 4869 pejora
2462 4794 2783 4866 prioribus;
2816 4791 2963 4845 unde
2996 4788 3257 4842 subditur
3290 4803 3301 4839 :

2129 4897 2209 4949 Et
2254 4896 2509 4950 resticula
2560 4895 2793 4960 triginta
2838 4890 3138 4944 cubitorum
3196 4884 3439 4951 cingebat
3477 4882 3633 4937 illud.
3668 4881 3756 4937 Di-

2060 4985 2299 5055 sciplina
2331 4982 2648 5037 caelestium
2687 4982 3110 5050 praeceptorum
3141 4989 3254 5043 qua
3297 4988 3331 5024 a
3368 4971 3756 5041 voluptatibus

2061 5073 2403 5143 religamur;
2439 5072 2591 5125 unde
2622 5086 2632 5123 :
2666 5068 2960 5124 Funiculus
2994 5064 3195 5133 triplex
3221 5062 3447 5129 difficile
3482 5062 3758 5129 rumpitur

2061 5162 2237 5233 (Eccl.
2271 5161 2367 5230 ιν),
2416 5158 2552 5229 quia
2584 5157 2904 5212 observatio
2946 5152 3353 5208 mandatorum
3385 5164 3513 5220 quin
3539 5147 3599 5201 in
3630 5163 3755 5201 cor-

2062 5249 2228 5303 dibus
2261 5249 2571 5301 electorum
2624 5245 2754 5309 ﬁde,
2790 5242 3117 5308 dilectione,
3172 5255 3271 5310 spe
3305 5252 3569 5307 superna:
3597 5235 3760 5289 retri-

2064 5336 2319 5393 butionis
2353 5336 2579 5388 firmata
2626 5338 2726 5397 est,
2772 5331 2930 5386 nullo
2962 5333 3152 5400 potest
3182 5326 3475 5381 obstaculo
3506 5322 3755 5377 dissolvi.

2066 5425 2352 5481 Resticula
2404 5438 2560 5476 mare
2605 5420 2807 5487 ambit,
2858 5435 2988 5473 cum
3028 5420 3452 5471 sacramentum
3488 5412 3762 5483 baptismi

2066 5514 2222 5584 quod
2254 5511 2597 5581 accepimus,
2620 5509 2729 5580 piis
2749 5507 3018 5579 operibus
3044 5506 3270 5560 munire
3289 5506 3603 5559 studemus.
3632 5502 3762 5555 Hac
