3998 6178
238 205 337 254 5395

848 201 1242 256 WALAFBIDI
1281 204 1526 259 STRABI
1567 205 1760 260 FULU.
1803 202 1974 260 MON.
2016 207 2165 264 OPP.
2208 207 2381 262 PARS
2419 208 2461 261 Ι.
2506 236 2571 244 ——
2612 205 3063 261 THEOLOGICA.
3636 213 3728 262 5915

232 323 471 396 triginta
498 324 822 379 cubitorum
872 328 977 390 est,
1013 323 1320 395 quinquies
1357 324 1510 378 enim
1541 324 1663 378 seni
1695 324 1930 395 triginta
1957 327 2004 380 Α
2041 341 2360 398 eorumque
2391 342 2760 391 successores,
2793 325 3115 396 injunctum
3147 325 3256 380 sibi
3292 326 3578 397 Evangelii
3611 331 3728 382 ot‘ti-

233 411 474 467 faciunt.
508 411 744 467 Senario
797 417 987 466 autem
1039 413 1100 464 in
1149 427 1261 482 quo
1313 412 1587 465 Dominus
1639 412 1931 466 hominem

235 501 385 566 fecit,
422 518 553 556 cum
586 517 701 555 non
732 507 897 565 esset,
946 506 1002 554 et
1049 500 1245 553 refecit
1276 516 1404 553 cum
1452 499 1730 570 periisset,
1785 503 1934 555 bona

238 590 497 661 operatio
525 596 718 644 nostra
749 590 1049 660 ﬁguratur.
1093 589 1159 642 Et
1189 605 1284 642 sex
1319 605 1422 659 per
1452 589 1706 660 quinque
1736 591 1934 644 multi-

237 679 543 750 plicantur,
577 683 637 733 ut
664 679 734 732 ad
764 678 1001 748 triginta
1031 677 1387 748 perveniant,
1419 694 1548 732 cum
1575 695 1772 732 omnes
1804 695 1937 732 cor-

241 768 396 838 poris
426 783 623 822 sensus
649 767 854 821 divinis
884 767 1308 837 subjungantur
1337 766 1613 837 imperiis.

313 885 491 938 Aliter
543 900 554 937 :
589 887 676 936 ter
714 882 848 936 deni
880 881 1097 936 faciunt
1127 881 1382 951 triginta,
1419 887 1475 936 et
1520 899 1701 952 genus
1730 883 1938 938 huma-

242 987 383 1026 num
425 975 554 1040 post
580 970 860 1024 diluvium
906 971 976 1025 de
1020 970 1296 1041 progenie
1330 971 1505 1024 trium
1535 971 1786 1025 ﬁliorum
1824 973 1939 1026 Noe

243 1059 607 1114 latitudinem
642 1059 817 1114 totius
849 1059 1000 1112 orbis
1030 1059 1307 1129 implevit.
1337 1059 1463 1112 Sem
1488 1060 1702 1130 quippe
1724 1061 1937 1124 Asiam,

245 1148 422 1203 Cham
453 1148 722 1214 Africam,
761 1149 966 1218 Japhet
1009 1148 1235 1202 soboles
1293 1149 1570 1218 Europam
1619 1159 1674 1202 et
1722 1149 1940 1202 insulas

246 1236 420 1290 maris
451 1236 716 1290 obtinuit.
751 1237 817 1289 Et
856 1236 988 1304 quia
1020 1236 1284 1306 baptismi
1325 1235 1658 1305 mysterium
1691 1253 1819 1290 cum
1854 1254 1942 1290 cx-

248 1325 538 1379 secutione
589 1341 827 1394 operum
883 1329 939 1378 et
968 1341 1066 1394 spe
1098 1324 1413 1378 cmlestium
1446 1325 1660 1378 cunctis
1691 1333 1810 1378 erat
1842 1343 1939 1378 na-

248 1411 500 1465 tionibus
538 1412 1003 1477 ministrandum,
1038 1412 1302 1465 resticula
1331 1411 1568 1481 triginta
1595 1413 1938 1478 cubitorum,

253 1517 404 1555 mare
444 1501 500 1554 in
533 1517 647 1571 quo
675 1500 993 1571 baptismus
1032 1501 1406 1571 ﬁgurabatur,
1438 1502 1716 1572 cingebat.
1751 1503 1854 1556 Sed
1888 1507 1946 1554 et

249 1588 340 1643 hic
395 1588 721 1654 dicendum,
769 1588 920 1658 quod
981 1588 1258 1642 Dominus
1311 1605 1442 1642 cum
1500 1596 1648 1643 esset
1708 1591 2014 1663 triginta};

251 1694 535 1732 annorum
564 1679 718 1731 venit
749 1678 819 1730 ad
857 1677 1228 1748 baptismum,
1263 1679 1362 1748 qui
1394 1679 1670 1748 quoniam
1702 1696 1804 1733 suo
1839 1680 1944 1733 ba-

253 1767 518 1837 ptismate
532 1766 686 1833 quod
705 1766 1042 1820 tricenarius
1067 1766 1283 1836 accepit
1303 1767 1652 1836 baptismum
1683 1774 1942 1822 nostrum

254 1855 624 1919 consecravit,
658 1860 809 1908 recte
857 1871 1034 1920 mare,
1085 1855 1242 1925 quod
1288 1860 1545 1910 nostrum
1593 1856 1944 1924 baptismum

255 1942 558 2014 ﬁgurabat,
607 1942 840 2011 triginta
888 1943 1209 1997 cubitorum
1259 1943 1422 1997 restis
1465 1943 1832 2011 circumibat,
1885 1951 1947 2000 ut

251 2031 668 2102 signiﬁcaretur
693 2032 842 2085 dono
875 2031 1028 2085 illius
1059 2032 1159 2102 qui
1187 2031 1538 2102 baptismum
1567 2033 1686 2086 sine
1716 2038 1944 2104 peccato

251 2120 446 2182 subiit,
489 2120 839 2191 baptismum
885 2120 1048 2174 nobis
1078 2121 1136 2174 in
1181 2137 1312 2174 eum
1346 2121 1704 2176 credentibus
1737 2121 1794 2176 in
1847 2138 1942 2176 re-

251 2208 579 2264 missionem
603 2214 967 2280 peccatorum
999 2209 1266 2264 dedicari.

321 2336 392 2389 Et
420 2334 722 2403 sculptura.
756 2334 896 2388 Cum
950 2335 1289 2404 pradictum
1343 2333 1434 2399 sit,
1482 2334 1633 2405 quod
1679 2333 1943 2387 resticula

250 2421 486 2494 triginta
513 2422 835 2476 cubitorum
880 2439 1036 2477 mare
1069 2422 1436 2489 circumierit,
1478 2427 1534 2476 et
1581 2438 1731 2476 nunc
1776 2422 1944 2476 adda-

250 2515 346 2566 tur
375 2511 530 2582 quod
559 2511 852 2582 sculptura
895 2512 1016 2566 haec
1047 2512 1239 2566 subter
1266 2511 1480 2565 labium
1510 2511 1713 2582 posita,
1747 2511 1942 2564 decem

249 2599 454 2654 cubitis
513 2599 795 2660 ambierit,
856 2605 1016 2671 patet
1073 2599 1207 2670 quia
1262 2615 1357 2652 vas
1415 2605 1535 2653 erat
1587 2599 1646 2652 in
1705 2599 1942 2653 modum

249 2689 458 2760 phialae
489 2705 802 2760 expansum
836 2693 892 2742 et
931 2689 1224 2758 diffusum,
1255 2688 1410 2758 quod
1448 2704 1478 2741 a
1511 2688 1745 2759 triginta
1776 2689 1942 2743 cubi-

247 2778 319 2832 tis
349 2777 620 2832 circuitus
651 2793 791 2848 quos
837 2777 1079 2830 habebat
1111 2778 1170 2830 in
1221 2777 1368 2830 labio
1427 2792 1607 2847 usque
1646 2777 1714 2831 ad
1747 2777 1942 2831 decem

249 2871 332 2921 est
361 2870 637 2921 coactum.
684 2866 984 2936 Sculptura
1016 2872 1206 2920 autem
1256 2865 1512 2918 histriata
1556 2869 1642 2918 est
1679 2881 1806 2936 qum
1839 2865 1944 2918 ali-

249 2972 392 3028 quas
423 2970 614 3008 rerum
664 2953 928 3010 historias
975 2954 1252 3008 imitatur.
1290 2953 1445 3008 Unde
1483 2967 1587 3022 per
1624 2953 1945 3022 sculpturas

248 3044 538 3100 histriatas
569 3042 776 3115 quibus
807 3058 963 3097 mare
992 3042 1377 3097 circumdatur
1397 3041 1657 3110 exempla
1686 3040 1943 3112 priorum

248 3138 574 3204 temporum
614 3133 930 3203 signantur,
985 3149 1113 3202 qua;
1160 3132 1326 3187 nobis
1370 3135 1504 3185 sunt
1550 3130 1848 3195 intuenda,
1883 3135 1948 3184 ut

249 3221 544 3275 videamus
575 3221 785 3291 quibus
823 3221 1091 3290 operibus
1119 3220 1188 3273 ab
1237 3220 1398 3272 initio
1449 3219 1626 3272 sancti
1677 3220 1789 3272 Deo
1820 3220 1947 3289 pla-

249 3314 510 3374 cuerunt,
545 3325 660 3380 qua
707 3309 1091 3362 obstinatione
1134 3308 1317 3378 iniqui
1367 3309 1424 3360 in
1473 3307 1778 3360 sceleribus
1823 3323 1947 3377 per-

251 3399 618 3464 duraverunt,
681 3401 895 3466 quanta
958 3395 1289 3449 infelicitate
1339 3395 1567 3465 reprobi
1626 3395 1942 3465 perierunt.

250 3485 549 3550 Quomodo
583 3485 641 3539 in
675 3484 908 3540 exordio
952 3484 1237 3538 nascentis
1270 3484 1460 3537 saeculi
1494 3484 1629 3538 Cain
1656 3483 1728 3538 ob
1777 3484 1946 3538 mali-

248 3574 387 3627 tiam
418 3572 647 3626 invidise
683 3573 1008 3638 damnatus,
1039 3573 1172 3626 Abel
1199 3572 1435 3642 justitiaa
1467 3572 1671 3626 merito
1704 3588 1948 3627 corona-

249 3666 364 3731 tus,
402 3662 640 3716 Lamech
697 3661 769 3715 ob
808 3660 1153 3715 adulterium
1185 3666 1240 3714 et
1289 3659 1663 3714 homicidium
1712 3661 1942 3715 maledi-

251 3756 393 3817 ctus,
427 3750 613 3804 Enoch
645 3750 716 3804 ob
764 3749 1007 3821 gratiam
1049 3750 1277 3820 pietatis
1320 3749 1390 3803 ad
1421 3749 1745 3819 paradisum
1782 3751 1948 3803 redu-

250 3845 393 3906 ctus,
427 3840 600 3894 tiliam
630 3843 757 3910 post
787 3839 1068 3892 diluvium
1110 3839 1179 3892 ob
1225 3838 1580 3908 impietatem
1613 3838 1942 3905 detestatus,

249 3930 376 3984 Sem
403 3933 460 3982 et
487 3928 690 3998 Japhet
715 3944 820 3998 pro
854 3927 1128 3998 obsequio
1172 3927 1504 3981 reverentiae
1538 3933 1816 3998 perpetua
1852 3928 1947 3982 be-

250 4017 568 4072 nedictione
623 4015 838 4083 donati,
874 4016 1158 4070 Abraham
1210 4015 1346 4069 tidei
1393 4015 1598 4069 merito
1645 4016 1826 4069 haeres
1857 4015 1944 4069 di-

250 4107 394 4160 vina:
419 4105 820 4176 promissionis
851 4103 1106 4169 effectus,
1127 4108 1330 4158 caetera
1351 4103 1610 4174 gentium
1640 4104 1942 4159 multitudo

248 4213 352 4265 pro
384 4194 722 4248 infidelitate
752 4193 964 4248 relicta.
1017 4192 1364 4248 Adveniente
1403 4208 1634 4263 quoque
1683 4193 1741 4245 in
1773 4208 1940 4246 carne

250 4283 513 4348 Domino,
544 4282 648 4337 Jud
664 4299 745 4336 rea
773 4297 876 4352 pro
906 4281 1149 4351 perﬁdia
1178 4281 1423 4352 repulsa,
1448 4279 1736 4350 gentilitas
1761 4281 1942 4352 gratia

248 4371 317 4424 ad
359 4371 602 4424 salutem
636 4369 888 4434 reducta,
945 4373 1000 4421 et
1039 4367 1392 4438 hujusmodi,
1437 4383 1564 4438 quae
1607 4367 1667 4422 in
1698 4371 1942 4440 utroque

248 4463 588 4513 testamento
648 4459 890 4511 solerter
941 4456 1296 4511 considerata
1349 4457 1615 4511 studiosis
1675 4463 1936 4527 prosunt.

250 4549 380 4602 Ideo
410 4546 650 4601 forsitan
675 4546 788 4600 duo
810 4548 943 4600 sunt
965 4545 1194 4600 ordines
1220 4545 1643 4614 scalpturarum
1665 4544 1944 4600 histriata-

248 4653 376 4690 rum
417 4635 476 4690 in
510 4635 655 4689 mari
684 4651 866 4702 aeneo,
899 4640 962 4691 ut
1003 4635 1104 4706 qui
1133 4635 1291 4689 fonte
1338 4633 1693 4704 baptismatis
1731 4633 1940 4696 imbuti

245 4729 399 4793 sunt,
448 4723 743 4796 utriusque
773 4723 1101 4779 testamenti
1131 4724 1453 4778 auscultant
1471 4722 1737 4777 historias
1768 4742 1780 4778 ε
1809 4724 1938 4778 ideo

247 4813 445 4868 decem
475 4813 803 4868 cubitorum
849 4818 1012 4867 erant
1058 4812 1120 4866 in
1167 4828 1328 4884 gyro,
1375 4816 1437 4866 ut
1475 4828 1847 4884 quoscunque
1880 4813 1939 4867 in

245 4901 462 4956 eisdem
494 4901 749 4956 historiis
797 4901 1015 4957 deditos
1037 4901 1210 4972 jussis
1247 4901 1565 4956 caelestibus
1595 4901 1848 4971 obedire,
1885 4906 1940 4956 et

243 4993 363 5044 tota
395 4989 714 5044 intentione
764 4991 834 5045 ad
883 5006 1129 5061 superna
1176 4989 1414 5061 praemia
1469 5005 1774 5060 suspensos
1818 5007 1939 5061 pro-

243 5078 548 5151 spexerint,
581 5078 793 5132 imitari
819 5078 1182 5133 contendant.

316 5195 477 5247 Vens.
511 5196 600 5248 25.
652 5224 718 5232 —
755 5193 1066 5248 Duodecim.
1117 5193 1270 5264 (Ben.
1303 5193 1398 5246 ubi
1433 5194 1643 5263 supra).
1695 5195 1933 5264 Aposto-

244 5282 332 5336 lus
372 5281 770 5352 evangelistas,
823 5282 938 5336 imo
969 5298 1167 5336 omnes
1195 5281 1351 5336 verbi
1385 5281 1705 5347 ministros;
1733 5283 1882 5336 unde
1916 5300 1928 5337 :

247 5373 364 5426 Non
394 5371 650 5436 alligabis
688 5385 744 5425 os
789 5371 910 5425 bovi
937 5373 1257 5435 trituranti,
1311 5374 1414 5424 etc.
1465 5373 1512 5440 (Ι
1557 5372 1677 5426 Cor.
1717 5371 1810 5434 ix).
1868 5371 1934 5424 Hi

247 5475 404 5514 mare
460 5458 567 5512 sibi
625 5457 1135 5529 superimpositum
1190 5462 1446 5529 portant,
1505 5473 1633 5512 cum
1692 5459 1931 5528 apostoli

2043 414 2193 468 cium
2220 419 2484 485 prompta
2515 413 2815 468 devotione
2845 413 3108 484 implent.

2115 507 2161 558 E
2200 505 2396 573 quibus
2450 509 2575 558 tres.
2637 503 2781 568 Quia
2833 503 2892 556 in
2942 502 3224 556 universis
3279 501 3541 573 quadrati
3592 503 3735 556 orbis

2047 593 2303 665 partibus
2360 593 2532 646 tidem
2581 591 2896 662 praedicant
2942 591 3252 645 Trinitatis.
3314 591 3459 645 Hinc
3517 607 3736 662 quoque

2047 681 2287 752 apostoli
2319 681 2642 744 duodm-im,
2677 681 2729 734 id
2776 687 2861 734 est
2891 685 3093 752 quater
3121 680 3268 734 terni
3300 685 3432 734 sunt
3461 680 3644 745 electi,
3677 688 3733 734 ut

2047 771 2217 824 tidem
2257 775 2312 824 et
2353 771 2766 823 confessionum
2799 769 3090 823 Trinitatis
3121 786 3220 840 per
3270 775 3518 840 quatuor
3549 770 3735 823 mundi

2047 859 2243 930 plagas
2292 857 2768 928 evangelizantes,
2820 857 3181 928 baptizarent
3220 874 3418 912 omnes
3457 864 3656 928 gentes
3683 859 3734 912 iu

2048 947 2284 1000 nomine
2316 946 2518 1012 Patris,
2553 951 2609 1001 et
2639 947 2779 1008 Filii,
2815 955 2870 1000 et
2899 947 3142 1017 Spiritus
3176 947 3374 1000 sancti.
3406 947 3660 1011 Quorum
3687 955 3739 1002 et

2051 1051 2442 1089 successorum
2489 1051 2723 1089 suorum
2755 1035 2947 1102 verba,
2982 1041 3140 1090 actus
3172 1041 3227 1089 et
3256 1035 3551 1106 passiones
3582 1035 3737 1089 facile

2051 1125 2107 1178 in
2139 1123 2406 1194 prmsenti
2451 1123 2642 1177 videre
2690 1128 2746 1177 et
2790 1139 3130 1194 cognoscere
3179 1124 3419 1193 legendo
3470 1125 3738 1178 valemus.

2051 1215 2188 1278 Quae
2217 1229 2351 1267 vero
2391 1211 2518 1266 illos
2549 1212 2611 1266 in
2639 1213 2833 1266 futuro
2867 1218 3097 1266 maneat
3122 1212 3302 1283 gloria
3330 1211 3737 1278 retributionis,

2053 1301 2308 1356 nondum
2338 1301 2530 1355 videre
2560 1317 2879 1370 possumus.

2129 1391 2288 1444 Vens.
2344 1392 2432 1444 26.
2492 1418 2565 1431 —
2611 1389 2947 1446 Grossitudo.
3003 1391 3151 1458 (Ben.
3221 1390 3316 1442 ubi
3367 1389 3584 1459 supra.)
3643 1389 3739 1452 Qui

2053 1480 2339 1532 lavacrum
2373 1477 2641 1549 baptismi
2667 1479 2734 1532 ad
2758 1479 2999 1532 salutem
3019 1484 3076 1532 et
3095 1479 3270 1532 vitam
3291 1478 3548 1548 suscipit,
3574 1477 3739 1531 ﬁdem

2053 1575 2110 1622 et
2137 1585 2297 1640 spem
2317 1572 2372 1622 et
2387 1568 2724 1622 charitatem
2747 1569 2916 1623 debet
2936 1568 3170 1633 habere,
3195 1567 3317 1622 sine
3347 1567 3558 1640 quibus
3579 1584 3743 1622 nemo

2056 1662 2244 1728 potest
2292 1661 2441 1711 recte
2489 1657 2744 1727 operari;
2786 1656 2937 1711 unde
2982 1656 3367 1727 subjungitur,
3403 1656 3741 1711 Grossitudo.

2054 1745 2196 1810 Quia
2244 1744 2447 1798 robore
2496 1744 2650 1812 ﬁdei,
2706 1745 2848 1815 spei,
2897 1749 2955 1798 et
3000 1744 3291 1799 cbaritatis
3338 1745 3598 1799 munitur
3626 1761 3748 1815 per-

2055 1834 2239 1906 ceptio
2283 1833 2575 1904 baptismi,
2623 1849 2810 1904 neque
2841 1833 3005 1888 aliter
3051 1834 3373 1904 proﬁcuum
3428 1850 3551 1888 esse
3603 1834 3744 1887 acci-

2053 1923 2345 1994 pientibus
2375 1921 2713 1988 ostenditur,
2747 1921 2856 1976 nisi
2884 1923 3088 1977 harum
3119 1923 3393 1977 virtutum
3438 1923 3606 1976 ﬁrma
3628 1938 3744 1975 cer-

2055 2011 2238 2066 titudo
2269 2017 2520 2065 mentem
2548 2011 2951 2081 accipientium
2983 2017 3039 2065 et
3069 2027 3309 2082 corpora
3337 2013 3662 2065 continuet.

2124 2101 2276 2154 Lilii.
2331 2099 2460 2167 (11).,
2501 2099 2663 2166 ibid.)
2715 2099 2920 2153 Lilium
2965 2099 3510 2154 comitante.odoris
3564 2099 3748 2170 gratia

2053 2187 2358 2242 candidum
2389 2187 2639 2240 colorem
2693 2186 2852 2255 foris,
2897 2190 3026 2253 etc.,
3079 2202 3245 2256 usque
3296 2187 3371 2240 ad
3417 2187 3568 2242 unde
3618 2187 3748 2240 sub-

2054 2275 2208 2330 ditur
2235 2292 2248 2329 :

2123 2368 2236 2419 Duo
2284 2364 2459 2418 millia
2492 2363 2641 2418 batos
2683 2363 2931 2432 capiebat
2975 2367 3025 2418 et
3073 2366 3183 2418 tria
3235 2365 3432 2432 millia,
3466 2368 3572 2418 etc.
3628 2365 3747 2432 (10.,

2053 2454 2210 2520 ibid.)
2257 2454 2424 2506 Batus
2454 2451 2823 2506 Hebraeorum
2863 2467 3132 2505 mensura
3163 2455 3265 2518 est,
3317 2457 3446 2518 etc.,
3478 2467 3650 2522 usque
3683 2452 3752 2505 ad

2053 2540 2311 2610 ejusdem
2341 2539 2504 2609 regni
2542 2539 2676 2593 facit
2705 2556 2824 2592 esse
2853 2539 3176 2609 participes.

2126 2627 2291 2681 Vnus.
2334 2630 2419 2680 27.
2471 2656 2539 2667 —
2577 2627 2696 2696 (In,
2746 2627 2906 2697 ibid.)
2939 2627 3085 2680 Mille
3124 2627 3536 2697 perfectionem
3566 2626 3752 2696 signi-

2054 2716 2204 2784 ﬁcat,
2237 2714 2373 2786 quia
2419 2715 2716 2769 denarium
2767 2716 3110 2786 quadratum
3160 2716 3404 2770 solidum
3449 2715 3599 2769 facit.
3650 2717 3752 2769 De-

2053 2805 2167 2859 cies
2214 2804 2367 2859 enim
2403 2806 2620 2866 decem,
2669 2810 2899 2859 centum
2948 2805 3180 2873 faciunt,
3233 2822 3361 2877 qua:
3417 2805 3599 2875 ﬁgura
3627 2805 3748 2874 jam

2054 2893 2349 2965 quadrata,
2381 2893 2478 2948 sed
2510 2893 2697 2948 adhuc
2729 2895 2914 2964 plana.
2950 2895 3157 2947 Verum
3199 2899 3261 2948 ut
3291 2894 3350 2948 in
3381 2893 3747 2948 altitudinem

2055 2987 2252 3053 surgat
2282 2987 2339 3036 et
2364 2983 2543 3036 solida
2576 2982 2872 3050 efﬁciatur,
2911 2982 3227 3053 multiplica
3258 2987 3491 3036 centum
3524 2997 3627 3052 per
3656 2983 3749 3035 de-

2053 3087 2194 3135 cem,
2231 3075 2287 3124 et
2315 3069 2464 3124 ﬁunt
2516 3069 2688 3124 mille.
2736 3071 2858 3134 Quo
2913 3087 3151 3125 numero
3210 3070 3426 3125 stabilis
3481 3076 3540 3124 et
3592 3070 3750 3124 velut

2055 3158 2330 3230 quadrata
2377 3159 2664 3229 justorum
2695 3159 3040 3212 conscientia
3069 3159 3346 3230 signatur.
3376 3159 3749 3228 Quocumque

2055 3248 2208 3302 enim
2238 3247 2462 3300 infertis
2511 3247 2879 3318 quadratum,
2929 3247 3119 3316 stabit,
3161 3247 3241 3302 sic
3287 3247 3511 3301 animus
3543 3248 3748 3301 electo-

2055 3351 2182 3390 rum
2215 3335 2373 3388 nulla
2404 3334 2717 3388 tentatioue
2752 3352 2785 3388 a
2829 3339 2974 3387 statu
3021 3335 3377 3389 rectitudinis
3420 3335 3746 3388 inclinatur.

2124 3427 2194 3478 Et
2221 3425 2372 3489 fecit.
2407 3423 2527 3491 (10.,
2559 3421 2720 3488 ibid.,
2764 3438 2887 3492 cap.
2935 3424 3048 3493 20.)
3086 3423 3387 3476 Multifarie
3433 3423 3749 3494 multisque

2055 3511 2238 3566 modis
2297 3511 2498 3565 eadem
2545 3516 2756 3565 nostrae
2814 3511 3014 3565 salutis
3073 3517 3428 3566 sacramenta
3485 3511 3748 3583 ﬁguran-

2055 3606 2166 3665 tur,
2196 3605 2326 3666 etc.,
2354 3615 2523 3669 usque
2546 3600 2620 3654 ad
2645 3600 2834 3653 divino
2867 3600 3001 3654 fecit
3027 3616 3218 3654 amore
3250 3601 3579 3654 fervescere.

2125 3689 2254 3757 (10.,
2285 3688 2445 3757 ibid.)
2477 3687 2637 3753 Quod
2671 3688 2740 3741 ad
2775 3688 3087 3758 portandos
3117 3689 3326 3742 iuteres
3358 3690 3553 3744 decem
3586 3689 3748 3743 bases

2053 3784 2186 3832 sunt
2232 3779 2413 3843 facta},
2463 3782 2594 3844 etc.,
2637 3793 2806 3848 usque
2845 3780 2918 3832 ad
2966 3780 3061 3834 sed
3105 3796 3218 3834 uno
3264 3779 3586 3852 eodemque
3637 3797 3748 3834 no-

2054 3867 2208 3921 mine
2262 3867 2442 3920 Deum
2476 3869 2700 3922 Patrem
2737 3872 2972 3937 propter
3020 3867 3191 3922 unius
3237 3868 3457 3923 donum
3503 3869 3746 3940 Spiritus

2053 3955 2400 4010 invocantes.

2125 4049 2366 4114 ()uatuor
2419 4045 2723 4100 cubitorum
2767 4046 3146 4114 longitudinis.
3201 4047 3328 4115 (10.,
3387 4047 3545 4110 ibid.)
3591 4049 3739 4113 Qua-

2052 4135 2350 4186 ternorum
2379 4131 2703 4186 cubitorum
2747 4138 2870 4187 erat
2919 4134 3220 4204 longitudo
3269 4139 3326 4189 et
3363 4135 3608 4190 latitudo
3639 4137 3740 4191 ba-

1970 4235 2014 4289 D
2054 4219 2222 4287 sium,
2275 4220 2412 4291 quia
2462 4221 2894 4292 praedicatores,
2943 4222 3058 4278 sive
3123 4224 3359 4277 adversa
3414 4225 3637 4291 mundi,
3691 4230 3744 4280 et

2053 4309 2477 4380 longitudinem
2521 4310 2722 4376 exsilii,
2774 4315 2832 4364 et
2879 4311 3139 4365 laborum
3194 4313 3569 4382 praesentium
3612 4312 3744 4368 foris

2052 4399 2318 4464 tolerent,
2362 4397 2478 4451 sive
2525 4414 2624 4451 cor
2669 4398 2726 4451 in
2775 4398 3078 4453 dilectione
3129 4400 3229 4454 Dei
3286 4405 3342 4455 et
3370 4401 3624 4473 proximi
3671 4401 3747 4454 in-

2050 4491 2213 4540 terna
2270 4486 2644 4540 exsultatione
2691 4487 2949 4555 dilatent,
3012 4505 3239 4559 semper
3283 4489 3592 4544 virtutibus
3637 4495 3743 4544 stu-

2051 4574 2205 4643 dent,
2251 4576 2564 4646 prudenter
2612 4575 2825 4629 scilicet
2871 4575 3024 4630 inter
3074 4577 3227 4632 bona
3265 4581 3320 4631 et
3351 4580 3501 4632 mala
3542 4579 3746 4632 discer-

2049 4667 2272 4730 nentes,
2303 4661 2526 4718 fortiter
2553 4664 2790 4718 adversa
2839 4665 3208 4734 sustinentes,
3256 4682 3356 4720 cor
3383 4667 3453 4722 ab
3485 4669 3741 4738 appetitu

2048 4754 2406 4822 voluptatum
2437 4757 2843 4824 temperantes,
2875 4753 3162 4824 justitiam
3193 4754 3253 4808 in
3297 4756 3633 4826 operatione
3661 4763 3740 4809 te-

2045 4847 2266 4897 nentes.

2117 4931 2282 4984 Vens.
2340 4931 2430 4985 28.
2482 4959 2550 4970 -—-
2605 4932 2676 4984 Et
2713 4932 2892 5000 ipsum
2921 4945 3054 5000 opus
3110 4931 3340 4987 basium.
3397 4932 3630 4989 Tabulae
3677 4950 3740 4988 ex

2045 5019 2255 5090 quibus
2283 5019 2446 5074 bases
2493 5019 2657 5074 factas
2697 5025 2851 5090 sunt,
2886 5021 3181 5092 quadratae
3221 5021 3473 5090 fuerunt,
3517 5022 3577 5078 in
3609 5024 3739 5096 qui—

2043 5109 2150 5163 bus
2177 5108 2444 5162 formulas
2475 5108 2734 5163 rotundae
2763 5113 2943 5176 erant,
2981 5126 3110 5182 quae
3142 5111 3432 5164 coronulas
3477 5111 3593 5166 sive
3626 5113 3739 5184 ple-

2043 5201 2146 5250 ctaa
2177 5197 2558 5267 appellantur,
2587 5197 2646 5250 in
2677 5211 2921 5268 quarum
2951 5198 3137 5252 medio
3164 5199 3450 5254 cazlatura:
3481 5200 3734 5269 leonum,

2043 5288 2148 5338 etc.

2112 5373 2273 5426 Vens.
2307 5377 2394 5426 29.
2423 5401 2494 5438 —.
2540 5375 2689 5428 Inter
2731 5377 2781 5425 et
2810 5376 3090 5429 coronulas
3138 5381 3186 5427 el
3230 5377 3452 5442 plectar,
3487 5378 3657 5432 leones
3687 5384 3733 5430 et

2043 5461 2200 5516 boves
2232 5466 2282 5515 et
2310 5463 2605 5516 cherubim.
2633 5463 2758 5528 (lD.,
2797 5463 2952 5528 ibid.)
3006 5465 3126 5517 Non
3159 5468 3279 5517 erat
3323 5464 3492 5534 plana
3525 5466 3642 5520 ulla
3670 5481 3732 5519 ex
