3998 6178
168 245 255 294 597
1259 244 1513 299 GLOSSA
1552 245 1954 301 ORDINARIA.
1998 274 2062 281 ——-
2107 245 2234 299 LIB.
2279 244 2351 299 Ill
2394 246 2555 302 ltEG.

3550 254 3652 307 598

158 364 315 429 parte
372 360 698 430 superﬁcies
744 361 989 428 basium,
1049 366 1179 427 etc.,
1234 378 1402 432 usque
1439 364 1513 418 ad
1554 364 1707 419 unde
1754 364 1847 419 hic
1876 368 1921 419 Α
1958 364 2208 418 fructum
2239 364 2451 420 debent
2496 370 2667 420 recte:
2717 365 3067 437 operationis
3098 368 3420 442 ostendere,
3442 370 3653 440 singuli

159 464 381 518 quoque
404 453 531 519 post
562 448 883 519 sculpturas
909 450 1207 504 cherubim
1240 451 1383 505 bene
1407 452 1771 523 adjungitur:

221 541 289 593 Lt
341 539 522 592 subter
575 540 764 593 leones.
812 540 956 604 Quia.
1020 541 1281 594 doctores
1332 554 1386 595 et
1440 543 1498 596 iu
1548 544 1847 597 severitate

151 626 517 682 districtionis
568 643 680 698 qua
728 634 1051 698 peccatores
1092 630 1373 700 judicent,
1420 637 1476 685 et
1511 638 1846 687 mansuetu-

156 715 281 769 dine
351 715 599 769 lenitatis
647 732 758 787 qua
807 716 1218 787 pmnitentibus
1276 719 1588 781 remittunt,
1641 719 1847 773 timent

147 803 420 873 judicium
454 805 572 869 Dei,
607 821 677 858 ne
709 805 917 875 injuste
965 806 1196 877 ligando
1238 812 1408 878 atque
1452 810 1720 863 solvendo
1744 809 1845 879 ju-

153 896 229 946 ste
258 892 508 963 ﬁgentur
536 894 606 947 ab
633 910 699 947 eo
729 895 889 964 cujus
923 896 1121 965 nequit
1150 912 1340 949 errare
1365 896 1665 967 judicium.

218 981 378 1037 Vens.
409 984 497 1036 30.
527 1011 600 1024 —
629 985 698 1037 Et
727 988 962 1050 quatuor
990 990 1136 1038 rotae.
1180 986 1366 1053 (BEDA,
1400 985 1560 1055 ibid.)
1591 986 1846 1050 Quatuor

155 1071 589 1140 Evangeliorum
639 1072 790 1138 libri,
847 1078 976 1139 etc.,
1006 1088 1173 1142 usque
1210 1074 1284 1126 ad
1313 1090 1407 1127 eos
1441 1074 1509 1127 ab
1554 1074 1684 1127 imis
1717 1092 1845 1128 sus-

153 1159 352 1213 tollunt
382 1164 437 1213 et
468 1161 621 1214 velut
660 1160 932 1214 immissis
973 1162 1112 1215 rotis
1144 1178 1271 1215 axes
1303 1180 1331 1215 a
1374 1169 1520 1216 terra
1551 1162 1730 1217 basim
1758 1164 1845 1217 al-

154 1250 259 1302 tius
289 1249 607 1303 sublevant.

244 1336 546 1392 Humeruli.
582 1339 661 1408 (10
695 1378 709 1406 ,
760 1338 920 1408 ibid.)
966 1338 1074 1403 Qui
1106 1338 1245 1393 rotis
1294 1340 1627 1410 antepositis
1675 1359 1744 1395 ne
1775 1341 1844 1394 ab

154 1441 248 1479 axe
297 1425 473 1479 dilabi
512 1431 741 1496 possent
790 1426 1157 1493 obsistebant,
1205 1428 1487 1498 praeconia
1537 1433 1668 1482 sunt
1710 1445 1844 1499 pro-

152 1514 474 1584 phetarum,
509 1514 714 1585 quibus
755 1516 1078 1583 evangelica
1108 1520 1163 1569 et
1191 1516 1500 1587 apostolica
1532 1516 1840 1586 Scriptura,

154 1620 219 1657 ne
232 1603 322 1656 cui
338 1602 651 1674 legentium
675 1603 733 1657 in
745 1603 983 1658 dubium
1000 1604 1206 1670 veniat,
1226 1607 1630 1672 conﬁrmatur;
1660 1605 1838 1659 unde:

155 1693 418 1747 Habemus
465 1692 760 1762 ﬁrmiorem
802 1693 1179 1763 propheticum
1227 1709 1539 1761 sermonem,
1587 1696 1673 1749 cui
1720 1694 1844 1748 bene

152 1784 333 1847 facitis
384 1781 734 1846 attendentes,
785 1787 888 1835 etc.
945 1783 1022 1848 (ΙΙ
1048 1783 1157 1836 Pet.
1190 1784 1277 1850 I):
1339 1783 1494 1836 Unde
1529 1787 1584 1836 et
1631 1783 1845 1836 Marcus

153 1869 263 1923 ait:
295 1872 525 1924 Initium
568 1869 854 1936 Evangelii
900 1871 1027 1923 Filii
1073 1872 1165 1924 Dei
1192 1873 1330 1924 sicut
1370 1873 1631 1939 scriptum
1669 1877 1745 1925 est
1786 1873 1845 1924 in

154 1962 291 2014 Isaia
331 1960 641 2027 propheta;
690 1965 744 2012 et
776 1960 1110 2013 Matthzeus:
1162 1961 1269 2013 Hoc
1320 1966 1498 2013 autem
1546 1964 1713 2014 totum
1752 1962 1843 2025 fa-

154 2054 283 2102 ctum
342 2053 442 2111 est,
510 2053 570 2101 ut
631 2048 1020 2116 adimpteretur
1096 2050 1383 2116 Scriptura
1458 2050 1846 2117 prophetarum

158 2138 309 2203 (Mar.
342 2152 395 2201 ις
429 2137 624 2190 Matth.
655 2138 821 2201 xxvi).

218 2226 437 2280 Contra.
471 2224 596 2291 (10.,
640 2224 796 2295 ibid.)
850 2223 990 2289 Quia
1031 2225 1215 2278 omnis
1263 2224 1555 2293 Scriptura
1599 2224 1845 2294 prophe-

155 2312 255 2365 tica
282 2310 395 2365 sibi
428 2316 511 2365 est
556 2319 957 2378 consentanea,
1004 2313 1147 2366 sicut
1187 2329 1300 2366 uno
1350 2313 1551 2383 spiritu
1582 2314 1837 2367 condita.

157 2400 406 2463 Quatuor
457 2404 651 2454 autem
701 2401 856 2455 fuere
906 2417 1007 2471 per
1054 2401 1214 2454 bases
1259 2401 1512 2472 singulas
1557 2401 1848 2455 humeruli

152 2490 302 2559 juxta
332 2488 551 2543 scilicet
597 2505 903 2543 numerum
952 2494 1228 2555 rotarum,
1274 2506 1388 2543 non
1419 2490 1570 2560 quod
1604 2495 1849 2561 quatuor

160 2577 262 2631 sint
306 2582 534 2632 tantum
578 2577 710 2631 libri
759 2578 1094 2649 prophetici,
1147 2578 1242 2632 sed
1275 2579 1468 2631 omnia
1517 2596 1644 2649 qua:
1677 2579 1848 2632 locuti

160 2670 280 2719 sunt
306 2666 608 2737 prophetas
639 2672 886 2736 quatuor
916 2666 1234 2737 Evangeliis
1268 2665 1656 2720 testimonium
1694 2683 1847 2736 prie-

159 2755 343 2824 baere,
371 2760 441 2809 ut
469 2771 535 2809 ex
577 2771 859 2809 consensu
901 2755 1198 2826 utriusque
1240 2755 1586 2809 Testamenti
1635 2772 1748 2809 una
1779 2756 1848 2808 ﬁ-

160 2843 249 2897 des
292 2849 349 2897 et
390 2844 621 2897 dilectio
668 2842 876 2898 Christi
923 2842 1137 2914 [nostra
1203 2842 1464 2897 omnium
1517 2844 1687 2898 corda
1750 2845 1848 2897 tir-

159 2936 345 2986 meret.

222 3023 379 3076 Vens.
438 3024 525 3076 31.
575 3052 642 3060 -
694 3023 865 3076 Unum
909 3021 1169 3076 cubitum.
1218 3023 1344 3092 (10.,
1398 3021 1564 3091 ibid.)
1610 3023 1849 3093 Propter

160 3110 581 3179 perfectionem,
638 3115 769 3178 etc.,
817 3124 985 3179 usque
1027 3110 1101 3163 ad
1149 3110 1342 3164 unde:
1395 3112 1480 3164 Ea:
1507 3116 1667 3179 parte
1708 3113 1848 3165 enim

158 3201 537 3269 cognoscimus,
584 3203 635 3253 et
677 3215 743 3253 ea:
788 3204 947 3270 parte
991 3199 1396 3268 prophetamus,
1457 3203 1561 3252 etc.
1621 3198 1675 3269 (Ι
1724 3201 1845 3255 Cor.

158 3290 287 3355 xui).

220 3376 422 3431 Media.
468 3374 614 3429 Dicit
662 3375 914 3429 tabulam
955 3373 1327 3444 superiorem,
1367 3391 1493 3446 qum
1543 3376 1688 3429 sicut
1724 3375 1849 3429 alim

158 3466 432 3535 quadrata
473 3469 593 3518 erat
633 3463 1011 3534 similiterque
1057 3463 1296 3533 sculpta,
1341 3468 1397 3517 et
1424 3464 1485 3517 in
1518 3465 1846 3517 summitate

156 3554 236 3607 sui
264 3553 518 3609 habebat
564 3552 970 3607 rotunditatem
1013 3552 1184 3606 unius
1213 3557 1270 3605 et
1298 3552 1523 3605 dimidii
1555 3552 1755 3618 cubiti,
1788 3553 1847 3606 in

160 3659 263 3713 qua
292 3644 449 3698 luter
477 3642 815 3713 ponebatur.

224 3733 383 3787 Vsus.
426 3734 511 3785 37.
544 3761 613 3770 —
642 3732 704 3785 In
733 3732 873 3785 hunc
909 3730 1124 3784 modum
1160 3732 1292 3795 fecit
1330 3730 1507 3783 decem
1547 3729 1717 3793 bases,
1750 3731 1848 3793 fu-

156 3836 278 3876 sura
309 3837 448 3888 una,
482 3826 533 3875 et
560 3834 830 3885 mensura,
869 3821 1273 3888 sculpturaque,
1316 3822 1423 3871 etc.
1458 3818 1640 3885 (880.,
1678 3817 1846 3891 ibid.)

158 3908 331 3972 Quare
362 3908 567 3963 decem
595 3907 756 3961 bases
784 3906 896 3959 sint
923 3907 1083 3960 factie
1114 3910 1170 3959 et
1202 3905 1433 3959 totidem
1465 3906 1678 3959 luteres
1708 3922 1849 3975 sup-

156 3998 336 4068 positi,
388 3996 608 4051 dictum
651 3999 736 4050 est
765 4011 971 4066 supra;
1016 3994 1169 4065 quod
1215 4010 1347 4047 vero
1388 4010 1503 4048 una
1533 4000 1655 4048 erat
1684 4010 1850 4047 men-

158 4102 280 4140 sura
335 4086 748 4155 sculpturaque
800 4084 1111 4137 consimilis
1162 4084 1419 4137 omnium
1480 4082 1702 4137 basium
1765 4081 1849 4135 vel

158 4176 423 4239 luterum,
487 4190 601 4227 non
661 4189 727 4226 ea
789 4172 1205 4242 signiﬁcatione
1259 4172 1472 4225 factum
1533 4176 1636 4235 est,
1694 4170 1849 4240 quod

158 4263 399 4333 aequalia
435 4261 655 4331 possint
684 4277 803 4315 esse
842 4260 1103 4314 omnium
1144 4259 1349 4313 merita
1378 4259 1674 4314 doctorum
1702 4273 1716 4324 ;
1752 4258 1848 4311 sed
1881 4274 1923 4327 ι)

160 4350 290 4421 quia
338 4350 427 4403 eis
470 4353 554 4403 est
598 4364 709 4403 una
759 4348 898 4402 ﬁdes
950 4346 1258 4418 Evangelii,
1309 4363 1425 4417 qua
1470 4346 1849 4413 instruuntur,

163 4456 337 4493 unum
391 4441 814 4491 sacramentum
860 4436 1129 4508 baptismi
1175 4452 1288 4507 quo
1332 4436 1665 4500 abluuntur,
1708 4450 1856 4487 unus

162 4527 433 4598 idemque
474 4526 717 4596 Spiritus
763 4541 891 4596 quae
936 4540 1134 4578 omnes
1180 4531 1599 4589 consecrantur,
1653 4538 1857 4594 quam-

163 4617 240 4671 vis
268 4616 525 4671 habeant
568 4615 815 4670 diversas
863 4614 1196 4669 donationes
1234 4613 1296 4667 in
1334 4614 1457 4685 ipso
1488 4611 1727 4683 Spiritu,
1760 4611 1860 4682 qui

165 4706 365 4759 dividit
398 4703 641 4773 singulis
669 4707 842 4774 prout
870 4703 1007 4756 vult.

232 4795 395 4849 Vens.
460 4795 547 4849 30.
605 4824 672 4833 —
743 4792 1123 4859 Quadraginta
1199 4790 1349 4845 batos
1420 4790 1668 4859 capiebat
1722 4789 1864 4842 tuter

168 4900 320 4951 unus,
351 4887 466 4937 etc.
501 4883 627 4950 (10.,
662 4882 825 4950 ibid.)
852 4879 1243 4949 Quadraginta
1267 4894 1535 4949 magnam
1568 4876 1865 4949 perfectio-

170 4988 297 5027 nem
331 4970 639 5043 signiﬁcat,
667 4970 802 5040 quia
832 4974 1033 5040 quater
1062 4968 1193 5022 deni
1223 4967 1438 5022 faciunt
1463 4967 1861 5039 quadraginta,

172 5062 366 5115 decem
414 5064 608 5114 autem
649 5063 782 5113 sunt
832 5062 1117 5129 praecepta
1164 5057 1371 5129 quibus
1430 5060 1624 5110 nostra
1681 5055 1866 5109 omnis

173 5150 428 5221 operatio
461 5149 697 5220 praeﬁxa
727 5152 812 5201 est
840 5147 900 5202 in
928 5148 1051 5217 lege
1084 5144 1202 5201 Dei.
1244 5145 1499 5209 Quatuor
1530 5160 1660 5198 vero
1695 5145 1867 5197 Evan-

176 5240 453 5309 geliorum
494 5237 646 5304 libri,
680 5237 739 5291 in
779 5236 988 5309 quibus
1016 5251 1119 5308 per
1156 5234 1640 5305 dispensationem
1674 5231 1867 5286 Domi-

178 5327 311 5382 nica:
362 5326 798 5391 incarnationis,
848 5326 1090 5380 caelestis
1117 5323 1320 5394 patrim
1350 5322 1515 5377 nobis
1553 5321 1869 5392 patefactus

180 5422 256 5469 est
304 5417 596 5481 introitus,
643 5419 698 5468 et
725 5416 859 5486 quia
908 5430 1107 5468 omnes
1156 5413 1254 5484 qui
1285 5412 1351 5465 ad
1388 5410 1717 5480 mysterium
1764 5410 1859 5462 ba-

183 5507 363 5572 ptismi
413 5504 725 5574 pertinent,
756 5519 883 5557 cum
918 5504 1029 5557 tide
1060 5506 1115 5555 et
1145 5503 1513 5555 sacramentis
1560 5497 1863 5567 Evangelii,

1959 455 2167 510 luteres
2196 456 2253 509 in
2278 456 2489 528 quibus
2520 456 2849 510 holocausta
2880 455 3238 520 lavabantur,
3272 458 3654 529 quadraginta

1960 545 2119 599 batos
2150 544 2469 614 capiebant.

2026 636 2285 703 Eratque.
2325 633 2451 704 (10.,
2502 632 2661 701 ibid).
2698 632 2860 695 Quod
2909 632 3299 703 supradictum
3330 638 3414 688 est
3446 651 3458 688 :
3491 637 3652 703 pari-

1958 724 2140 791 terque
2184 722 2412 775 habebat
2456 737 2623 775 unum
2666 722 2902 775 cubitum
2931 726 2980 775 ct
3025 722 3337 788 dimidium,
3368 728 3424 776 et
3461 728 3652 778 utrum

1955 810 2034 864 ibi
2059 809 2494 881 amplitudinem
2528 826 2598 863 an
2632 809 2992 863 altitudinem
3015 809 3379 879 signiﬁcaret,
3416 828 3531 865 non
3559 812 3652 866 ad-

1948 898 2087 968 jecit
2116 915 2127 951 :
2167 898 2389 951 videtur
2421 898 2570 969 quod
2606 898 2848 951 fundum
2891 898 3070 968 ipsius
3101 899 3298 952 luteris
3330 900 3500 969 hujus
3529 917 3649 954 esse

1956 986 2347 1056 amplitudinis
2412 986 2651 1040 voluerit
2723 987 2987 1056 intelligi,
3045 988 3195 1058 quod
3253 1005 3319 1041 ex
3383 1005 3650 1043 mensura

1956 1075 2105 1128 basis
2156 1075 2209 1128 in
2260 1092 2372 1145 qua
2420 1076 2639 1145 positus
2690 1080 2810 1128 erat
2860 1075 3102 1146 quisque
3156 1077 3323 1142 luter,
3380 1076 3648 1131 facillime

1955 1162 2276 1234 conjicitur,
2330 1164 2478 1233 quod
2522 1164 2599 1216 ita
2643 1164 3015 1217 describitur:
3068 1167 3131 1219 In
3182 1168 3489 1218 summitate
3547 1182 3647 1218 au—

1958 1256 2058 1305 tem
2113 1251 2254 1304 basis
2302 1256 2418 1305 erat
2468 1251 2715 1320 quddam
2768 1253 3075 1305 rotunditas
3126 1255 3283 1306 unius
3323 1257 3373 1306 ct
3421 1253 3647 1307 dimidii

1956 1341 2142 1400 cubiti.
2201 1343 2281 1393 ita
2338 1341 2654 1405 fabrefacta
2712 1346 2768 1394 ut
2824 1343 2966 1394 tuter
3024 1343 3395 1409 superimponi
3442 1347 3641 1410 posset.

1962 1428 2220 1483 Latitudo
2256 1445 2392 1497 ergo
2439 1430 2603 1483 fundi
2632 1430 2690 1482 in
2735 1430 3011 1483 luteribus
3046 1430 3211 1482 unius
3243 1436 3364 1483 erat
3393 1429 3567 1483 cubiti
3589 1434 3646 1484 et

1956 1517 2197 1572 dimidii.
2236 1519 2356 1588 Ipsa
2406 1534 2534 1570 vero
2567 1518 2843 1588 capacitas
2892 1519 3141 1572 luterum
3189 1524 3435 1589 quatuor
3463 1520 3643 1573 habe-

1955 1606 2051 1661 bat
2094 1606 2332 1671 cubitus,
2366 1607 2462 1659 sed
2501 1612 2692 1660 utrum
2724 1612 2780 1660 et
2815 1606 3134 1673 altitudine,
3166 1624 3237 1661 an
3276 1607 3335 1661 in
3366 1607 3644 1678 amplitu-

1955 1694 2109 1762 dine,
2140 1711 2213 1747 an
2245 1695 2305 1747 in
2339 1699 2602 1765 utroque,
2635 1694 2784 1749 dicat
2811 1695 2911 1766 qui
2939 1695 3179 1749 noverit.

2024 1784 2149 1853 (10.,
2190 1784 2349 1853 ibid.)
2391 1786 2631 1855 Propter
2678 1790 2927 1855 quatuor
2977 1784 3286 1856 Evangelia
3336 1785 3394 1839 in
3435 1785 3643 1856 quibus

1952 1871 2135 1926 forma
2161 1872 2432 1943 baptismi
2479 1873 2561 1926 vel
2602 1873 2913 1927 cardinales
2943 1875 3178 1927 virtutes
3211 1873 3420 1944 quibus
3448 1872 3643 1944 bapti-

1954 1962 2063 2015 zati
2101 1960 2308 2015 debent
2344 1960 2587 2030 institui,
2622 1963 2702 2015 vel
2740 1966 2973 2032 propter
3013 1967 3259 2032 quatuor
3290 1962 3490 2016 mundi
3520 1962 3643 2032 pla-

1951 2068 2052 2122 gas
2083 2050 2291 2120 quibus
2323 2050 2605 2119 baptisma
2638 2050 3010 2105 ministratur.

2024 2148 2184 2201 Vens.
2241 2150 2328 2202 39.
2388 2176 2457 2188 —
2502 2151 2571 2202 Et
2625 2150 2902 2202 constituit
2960 2149 3136 2203 decem
3186 2149 3358 2215 bases,
3410 2151 3645 2218 quinque

1953 2236 2027 2290 ad
2073 2236 2353 2291 dexteram
2392 2240 2606 2305 partem
2661 2238 2863 2306 templi,
2896 2241 2945 2290 et
2975 2240 3211 2307 quinque
3241 2239 3314 2291 ad
3362 2240 3646 2292 sinistram

1956 2322 2081 2392 (10.,
2113 2324 2275 2389 ibid.)
2320 2324 2428 2378 Sed
2463 2324 2753 2377 dexteram
2790 2328 3010 2394 partem
3038 2325 3239 2395 templi
3270 2331 3327 2379 et
3356 2325 3642 2379 sinistram

1957 2428 2068 2465 non
2110 2413 2266 2466 intus
2315 2413 2372 2466 in
2404 2412 2526 2483 ipso
2572 2415 2806 2484 templo,
2839 2417 2967 2477 etc.,
3011 2429 3177 2481 usque
3206 2414 3279 2468 ad
3319 2419 3374 2467 et
3416 2416 3647 2467 tlamma

1954 2501 2161 2555 divinae
2192 2501 2484 2555 cliaritatis
2515 2502 2698 2555 aliena
2723 2518 2842 2555 esse
2873 2502 3193 2556 considero.

2028 2600 2176 2654 Mare
2204 2605 2382 2653 autem
2419 2602 2599 2668 posuit
2642 2599 2716 2653 ad
2756 2599 3034 2653 dexteram
3061 2604 3271 2668 partem
3302 2599 3504 2667 templi,
3538 2601 3641 2651 etc.

1958 2687 2079 2757 (10.,
2132 2687 2294 2755 ibid.)
2350 2689 2414 2741 Et
2467 2688 2526 2740 in
2575 2688 2683 2740 hoc
2732 2687 2933 2741 eodem
2976 2687 3138 2751 atrio,
3189 2692 3319 2746 etc.,
3364 2702 3531 2755 usque
3572 2686 3646 2740 ad

1957 2792 2058 2845 per
2106 2792 2279 2846 quam
2335 2775 2535 2829 eadem
2593 2775 2817 2830 dilectio
2881 2776 3220 2830 ditt’unditur
3271 2776 3331 2829 in
3384 2776 3647 2828 cordibus

1959 2863 2184 2918 nostris.

2030 2961 2195 3015 Vens.
2248 2963 2334 3014 46.
2382 2990 2451 3001 -
2498 2961 2752 3015 Jordanis
2781 2962 2931 3028 fudit
2960 2978 3020 3015 ea
3058 2978 3154 3015 rea:
3191 2964 3267 3016 in.
3312 2962 3434 3031 (10.,
3488 2960 3645 3029 ibid.)

1959 3051 2023 3104 1n
2053 3066 2167 3120 quo
2209 3049 2483 3103 Dominus
2512 3038 2705 3103 noster
2733 3050 3049 3120 baptizatus
3077 3056 3178 3117 est,
3207 3056 3338 3116 etc.,
3380 3066 3546 3119 usque
3575 3050 3649 3102 ad

1959 3155 2062 3209 per
2087 3143 2267 3192 totam
2292 3139 2492 3192 mundi
2522 3138 2881 3193 latitudinem
2918 3139 3193 3209 implevit.

2029 3236 2309 3301 Argiltosa
2356 3239 2520 3289 terra.
2571 3235 2698 3305 (10.,
2732 3236 2893 3301 ibid,
2941 3251 3065 3305 cap.
3094 3237 3202 3304 21.)
3233 3237 3311 3289 De
3345 3251 3457 3305 qua
3488 3234 3649 3288 facta:

1958 3328 2093 3377 sunt
2117 3324 2318 3377 forma:
2351 3322 2423 3376 ad
2462 3324 2754 3377 fundentia
2786 3341 2914 3376 vasa
2951 3324 3276 3395 Scripturee,
3319 3330 3452 3392 etc.,
3483 3338 3652 3393 usque

1958 3413 2032 3465 ad
2061 3417 2125 3465 ut
2152 3412 2221 3466 ad
2251 3412 2485 3482 praemia
2515 3428 2713 3466 eorum
2745 3414 2889 3468 bene
2919 3413 3201 3467 currendo
3229 3412 3647 3483 perveniamus.

2030 3509 2190 3561 Vens.
2258 3510 2349 3567 48.
2406 3538 2475 3548 -
2530 3510 2779 3577 Fecitque
2845 3510 3094 3565 Salomon
3160 3511 3342 3563 omnia
3404 3523 3538 3562 vasa
3596 3510 3654 3561 in

1958 3598 2132 3663 domo,
2173 3600 2279 3651 etc.
2320 3598 2443 3665 (10.,
2486 3598 2649 3667 ibid.)
2704 3597 2977 3667 Superius
3028 3598 3171 3651 dixit
3218 3599 3407 3651 Hiram
3456 3596 3652 3650 fecisse

1958 3686 2245 3740 Salomoni
2293 3685 2489 3739 omnia
2558 3702 2707 3749 vasa,
2775 3703 2929 3739 nunc
2993 3686 3283 3756 Scriptura
3357 3685 3654 3755 subjungit

1960 3776 2160 3829 eadem
2207 3775 2403 3829 fecisse
2452 3775 2836 3829 Salomonem.
2891 3776 3159 3829 Salomon
3209 3775 3365 3828 enim
3407 3774 3539 3829 fecit
3569 3774 3651 3827 di-

1960 3864 2183 3927 ctando,
2222 3862 2414 3916 Hiram
2446 3862 2756 3932 operando.

2031 3962 2223 4015 Attare
2276 3975 2516 4013 aureum.
2582 3960 2701 4027 (10.,

1961 4050 2201 4103 internae
2246 4048 2538 4102 charitatis
2576 4051 2632 4100 et
2674 4047 2947 4100 castitatis
2990 4048 3113 4100 luce
3158 4051 3471 4113 coruscant,
3523 4050 3651 4111 etc.,

1960 4153 2128 4206 usque
2179 4138 2252 4191 ad
2297 4136 2390 4189 sed
2437 4136 2800 4189 solummodo
2850 4136 3228 4205 lacrymarum
3273 4139 3328 4189 et
3382 4133 3655 4187 orationis

1965 4227 2016 4280 ei
2054 4230 2183 4280 vota
2213 4241 2318 4295 pro
2352 4224 2635 4278 desiderio
2678 4223 2839 4294 regni
2864 4224 3105 4278 cmlestis
3137 4224 3401 4278 oﬁ‘eront.

2038 4325 2157 4393 (10.,
2192 4323 2326 4377 ibid.
2359 4338 2480 4393 cap.
2516 4322 2627 4391 2'2.)
2660 4322 2850 4375 Altare
2882 4321 3270 4393 thymiamatis
3302 4322 3478 4375 Moses
3504 4319 3655 4385 fecit,

1967 4418 2100 4479 etc.,
2160 4428 2327 4481 usque
2374 4412 2447 4465 ad
2487 4412 2638 4465 unde
2687 4410 2786 4481 qui
2835 4410 2895 4464 in
2937 4411 3101 4465 vinea
3151 4409 3347 4481 magni
3389 4407 3657 4480 patrisfa-

1969 4501 2156 4555 milias
2184 4500 2463 4566 laborant,
2495 4500 2726 4553 denario
2759 4504 3152 4553 numerantur.

2788 3959 2951 4027 ibid.)
3012 3958 3196 4012 Corda
3269 3959 3651 4027 perfectornm

2041 4602 2295 4655 Mensam.
2340 4601 2465 4670 (10.,
2508 4599 2671 4669 ibid.)
2705 4598 2995 4668 Scriptura
3023 4596 3305 4668 spirituali
3334 4594 3659 4665 intelligen-

1970 4684 2049 4739 tia
2106 4684 2272 4745 clara,
2336 4688 2468 4741 etc.,
2518 4697 2686 4750 usque
2734 4682 2807 4735 ad
2853 4697 2983 4752 quas
3032 4680 3322 4751 quondam
3365 4680 3526 4749 juxta
3570 4676 3660 4730 lit-

1970 4778 2152 4827 teram
2183 4771 2560 4842 intelligenda
2587 4771 2914 4840 putabatur.

2043 4869 2167 4938 (10.,
2201 4868 2359 4939 ibid.)
2394 4868 2550 4923 Sicut
2594 4883 2803 4921 mensae
2834 4865 2892 4919 in
2926 4870 3062 4935 typo
3093 4863 3399 4934 Scripturae
3430 4879 3665 4933 ponun-

1972 4963 2083 5021 tur,
2118 4963 2249 5022 etc.,
2297 4973 2462 5026 usque
2494 4956 2568 5010 ad
2614 4956 2691 5010 ita
2735 4955 2899 5008 electi
2929 4955 2988 5008 in
3034 4954 3322 5023 Scriptura
3369 4953 3667 5006 continen-

1974 5051 2068 5101 tur
2107 5050 2293 5099 erecto
2340 5046 2408 5099 ad
2456 5061 2703 5114 superna
2734 5060 2900 5097 sensu
2949 5043 3100 5096 bona
3132 5041 3379 5095 cmlestia
3411 5060 3439 5094 a
3473 5041 3664 5095 Domi-

1976 5153 2050 5190 no
2078 5140 2346 5207 quaerunt
2374 5143 2428 5189 et
2459 5132 2797 5205 percipiunt.

2049 5233 2217 5286 Vens.
2271 5233 2357 5285 49.
2408 5260 2474 5270 -
2522 5230 2691 5295 Quasi
2730 5230 2856 5283 lilii.
2912 5228 3035 5297 (10.,
3070 5228 3233 5296 ibid.)
3289 5228 3403 5281 Hoc
3445 5226 3671 5280 videtur

1977 5320 2183 5386 dicere,
2237 5318 2371 5389 quia
2414 5334 2681 5387 suprema
2731 5333 2861 5387 pars
2910 5316 3383 5370 candelabrorum
3427 5315 3486 5369 in
3539 5331 3670 5368 mo-

1979 5409 2114 5462 dum
2148 5406 2382 5478 repandi
2410 5406 2513 5460 lilii
2545 5410 2663 5458 erat
2696 5406 3007 5459 etlormata.

2053 5499 2317 5550 Lucernus
2367 5495 2594 5563 desuper
2636 5508 2847 5548 aureus.
2902 5494 3005 5547 Per
3054 5492 3205 5564 quod
3247 5492 3570 5546 continetur
3617 5491 3672 5546 id
