4062 6180
373 276 477 328 599

990 270 1382 326 WALAFRIDI
1423 270 1674 326 STRABI
1716 271 1918 326 FULD.
1960 269 2066 326 ΜΟ]

2242 271 2316 324 Ῥ.
2362 271 2536 326 PARS
2571 271 2614 324 I.
2656 299 2724 308 -—
2764 269 3223 326 THEOLOGICA.

3777 272 3878 324 600

373 397 528 468 quod
573 394 848 461 continet,
879 394 933 449 id
965 399 1050 450 est
1077 395 1303 448 vascula
1343 411 1516 450 aurea
1545 395 1604 448 in
1635 394 1843 466 quibus
1883 395 2073 449 oleum
2103 395 2148 447 A
2260 395 2420 450 Vens.
2481 396 2533 449 8.
2573 424 2637 434 —
2689 394 2943 464 Cumque.
2988 393 3102 463 (10.)
3151 394 3263 450 Hoc
3316 391 3691 460 manifestius,
3751 399 3878 461 etc.,

375 484 621 550 lucebat,
650 483 1004 554 designatur.

445 575 714 642 Forcipes.
771 574 976 638 (BEDA.,
1029 572 1192 641 ibid.)
1241 571 1301 626 1d
1331 577 1435 638 est,
1464 572 1818 626 emunctoria
1867 571 2076 642 quibus

379 661 841 732 emungebantur
867 659 1077 731 lychni,
1112 665 1177 712 ut
1207 660 1455 730 reparati
1489 660 1696 714 melius
1725 661 2002 714 lucerent.

452 751 612 803 Vens.
656 750 748 802 50.
805 778 874 787 —
923 749 1184 816 Hydrias.
1239 748 1463 819 Hydriae
1508 748 1824 819 praecordia
1855 753 2074 802 sancto-

382 853 510 892 rum
542 837 794 904 signant,
842 853 989 907 aqua
1033 837 1327 906 sapientiae
1358 841 1414 890 et
1459 838 1588 890 vino
1619 836 2076 908 compunctionis

380 927 613 998 repleta.

448 1014 785 1070 Fuscinulus.
850 1013 1170 1067 Fuscinulae
1229 1013 1436 1084 quibus
1493 1030 1690 1068 carnes
1747 1029 2075 1085 praeparan-

381 1107 494 1168 tur,
525 1101 942 1173 praedicatores,
977 1102 1075 1172 qui
1109 1102 1224 1156 suis
1257 1103 1614 1156 auditoribus
1647 1103 1832 1156 cibum
1867 1103 2074 1156 intelli-

380 1191 588 1264 gentiae
648 1191 1088 1245 administrant:
1143 1207 1392 1262 quorum
1441 1191 1692 1244 ofﬁcium
1740 1197 1822 1244 est
1871 1208 2076 1261 corpus

381 1286 440 1336 et
470 1281 807 1351 sanguinem
841 1280 1048 1335 Christi
1086 1280 1450 1334 credentibus
1483 1280 1839 1341 distribuere,
1873 1279 2073 1333 intide-

381 1370 530 1424 libus
564 1371 868 1439 abnegare.

454 1463 649 1513 Domus
686 1461 979 1512 interioris.
1028 1460 1109 1526 (10
1143 1499 1156 1522 ,
1189 1459 1347 1524 ibid.,
1383 1474 1506 1528 cap.
1539 1460 1652 1526 ‘22.)
1689 1457 1843 1511 Ostia
1873 1458 2076 1512 domus

382 1545 673 1600 interioris
718 1545 991 1616 angelica,
1041 1551 1170 1613 etc.,
1203 1561 1372 1614 usque
1417 1545 1490 1598 ad
1521 1545 1606 1598 vel
1661 1560 1832 1615 quam
1865 1544 2078 1598 habent

384 1633 442 1688 in
476 1637 650 1688 Deum
683 1633 994 1688 charitatis.

403 1733 410 1738 ‘
455 1725 616 1778 Vens.
651 1727 737 1776 5t.
770 1754 838 1760 —
869 1724 1101 1789 Perfecit
1147 1739 1296 1777 omne
1337 1738 1470 1792 opus
1519 1723 1640 1792 (10.,
1694 1721 1849 1791 ibid.)
1898 1722 2076 1776 Deum

384 1817 561 1866 status
604 1812 797 1865 saeculi
846 1812 1082 1881 geritur,
1116 1811 1250 1865 facit
1279 1811 1508 1882 quidem
1553 1827 1696 1881 opus
1733 1811 1937 1864 domus
1969 1811 2075 1864 Do-

383 1901 544 1965 mini,
578 1901 673 1954 sed
701 1900 953 1953 nondum
985 1901 1224 1970 perﬁcit,
1254 1899 1389 1969 quia
1420 1899 1590 1953 corda
1620 1899 1928 1952 electorum
1966 1901 2073 1952 Do-

383 1988 596 2056 minus,
621 1994 685 2042 ut
705 1987 856 2041 bona
877 1993 1208 2058 operentur,
1231 1988 1474 2058 inspirat
1496 1992 1551 2042 et
1571 1988 1826 2058 adjuvat;
1853 1988 2076 2042 nullum

381 2081 573 2132 tamen
605 2077 664 2130 in
696 2077 800 2130 hac
831 2077 942 2130 vita
975 2082 1426 2131 commorantem
1454 2078 1666 2148 absque
1697 2081 1926 2148 peccato
1957 2093 2078 2131 esse

381 2165 598 2220 tribuit.
658 2166 912 2236 Namque
962 2165 1067 2219 hoc
1137 2166 1346 2220 futurae
1403 2165 1744 2220 beatitudini
1804 2170 2073 2219 reservat.

383 2254 609 2310 Perﬁcit
635 2269 767 2308 vero
797 2269 966 2308 omne
996 2271 1140 2325 opus
1183 2254 1384 2326 templi
1415 2254 1736 2310 Salomonis
1767 2259 1824 2308 et
1852 2254 2076 2308 dedica-

381 2343 524 2398 tioni
575 2347 772 2413 aptum
822 2343 1030 2407 reddit,
1103 2359 1232 2396 cum
1285 2348 1478 2396 noster
1546 2342 1814 2412 paciﬁcus
1860 2341 1920 2394 in
1985 2339 2076 2393 die

380 2431 689 2486 novissima
737 2433 940 2486 electos
984 2431 1417 2486 resurrectionis
1465 2431 1892 2485 immortalitate
1945 2430 2076 2499 glo—

380 2521 583 2587 riﬁcat,
615 2527 672 2575 et
700 2526 980 2575 aeternum
1027 2519 1290 2590 perducit
1319 2520 1388 2574 ad
1439 2535 1702 2590 regnum.
1739 2519 1898 2573 Unde
1929 2522 2073 2571 tem-

377 2609 539 2681 plum
585 2615 804 2680 septem
848 2610 1012 2663 annis
1063 2610 1426 2674 aediﬁcatum,
1475 2613 1670 2662 octavo
1716 2613 1906 2661 autem
1942 2622 2074 2676 per-

376 2699 586 2753 fectum
643 2713 707 2752 ac
761 2697 1086 2752 dedicatum
1152 2702 1254 2752 est.
1320 2697 1424 2752 Cui
1479 2703 1737 2768 tempore
1813 2694 2075 2750 convenit

378 2788 531 2859 quod
563 2787 825 2858 sequitur
851 2803 864 2840 :

446 2879 518 2931 Et
545 2877 734 2930 intulit
762 2891 882 2944 quae
911 2877 1364 2942 sanctiﬁcaverat.
1400 2875 1526 2941 (10.,
1562 2873 1719 2942 ibid.)
1751 2872 2075 2928 Sanctiﬁca-

375 2969 532 3018 verat
582 2963 754 3018 David
802 2968 964 3034 pater
1000 2963 1322 3018 Salomonis
1370 2966 1674 3033 argentum
1730 2977 1860 3015 cum
1920 2963 2066 3015 Deus
2104 2963 2144 3018 C

379 3055 548 3108 Pater
591 3056 924 3123 eloquentes
974 3051 1158 3121 gratia
1190 3052 1277 3106 sui
1324 3051 1570 3119 Spiritus
1599 3051 1669 3106 ad
1719 3050 2071 3122 loquendum

379 3141 638 3195 verbum
671 3141 770 3196 Dei
817 3141 1116 3195 confortat.
1164 3142 1491 3196 Sanctiticat
1537 3155 1764 3203 aurum,
1805 3155 1934 3192 cum
1965 3155 2072 3192 na-

376 3230 547 3283 turali
592 3229 825 3300 ingenio
857 3230 1127 3300 praeditos
1153 3229 1222 3284 ad
1261 3229 1692 3299 intelligendam
1723 3228 1910 3298 legem
1941 3227 2071 3280 illii-

378 3317 578 3372 minat.
625 3316 950 3372 Sanctiﬁcat
997 3317 1169 3371 etiam
1203 3334 1356 3383 vasa,
1405 3334 1532 3371 cum
1579 3317 1844 3370 omnibus
1889 3316 2072 3370 Eccle-

377 3404 476 3459 siae
504 3405 639 3459 ﬁliis
667 3403 913 3474 Spiritus
943 3406 1123 3458 sancti
1162 3406 1404 3474 gratiam
1443 3405 1702 3476 largitur.
1737 3407 1868 3460 Haec
1905 3420 2072 3458 sanc-

377 3493 590 3546 tiﬁcata
629 3493 901 3547 Salomon
945 3491 1118 3546 infert
1156 3493 1215 3546 in
1260 3493 1563 3563 templum,
1613 3509 1746 3546 cum
1801 3492 2072 3547 Dominus

375 3585 606 3650 peracto
656 3580 876 3650 judicio
939 3581 1240 3634 doctorum
1288 3587 1345 3635 et
1405 3586 1742 3636 ceterorum
1813 3581 2070 3636 ﬁdelium

376 3673 587 3723 coetum
616 3668 675 3721 in
707 3669 984 3738 gaudium
1018 3669 1260 3723 ccelestis
1286 3669 1448 3739 regni
1481 3669 1812 3724 introducit.

450 3760 772 3827 Repositque
816 3759 875 3811 in
923 3759 1192 3812 thesauris
1236 3759 1425 3813 domus
1469 3761 1701 3813 Domini.
1736 3760 1864 3827 (10.,
1911 3758 2072 3827 ibid.)

377 3847 520 3912 Quia
547 3847 684 3900 deos
715 3863 847 3900 suos
897 3846 1194 3901 abscondit
1223 3847 1283 3901 in
1307 3847 1500 3902 abdito
1525 3848 1715 3902 vultus
1744 3847 1832 3901 sui
1857 3865 1891 3901 a
1937 3863 2073 3902 con-

377 3934 698 3990 turbatione
732 3935 1052 3990 hominum.
1091 3936 1250 3990 Multi
1281 3941 1414 3990 sunt
1441 3938 1696 3991 thesauri
1726 3937 1785 3991 in
1817 3953 1932 3990 una
1965 3937 2074 3990 do-

379 4040 472 4078 mo
520 4024 769 4090 Domini,
800 4025 937 4096 quia
977 4025 1036 4079 in
1067 4041 1185 4078 una
1227 4025 1472 4080 Ecclesia
1519 4026 1699 4080 sancti
1739 4025 1959 4080 meritis
1987 4025 2074 4079 di-

377 4117 546 4168 stant.
581 4117 650 4169 Et
680 4129 789 4166 una
819 4118 897 4168 est
943 4117 1131 4183 patria
1162 4115 1412 4180 celestis,
1464 4117 1712 4185 quamvis
1741 4117 1800 4170 in
1828 4131 1891 4168 ea
1919 4115 2075 4169 stella

375 4218 411 4256 a
434 4203 590 4255 stella
618 4202 840 4270 differat
868 4204 927 4255 in
959 4203 1210 4257 claritate
1239 4203 1328 4274 (II
1347 4205 1468 4260 Cor.
1500 4205 1610 4273 xv).
1652 4203 1814 4268 Quod
1847 4207 2071 4258 utrum-

379 4304 490 4358 que
520 4287 857 4342 distributor
905 4291 1275 4360 praemiorum
1321 4291 1755 4355 demonstravit,
1787 4306 1916 4344 cum
1949 4291 2028 4344 ait
2059 4307 2071 4344 :
2107 4306 2150 4360 ι)

375 4379 441 4431 1η
472 4376 625 4430 domo
656 4379 836 4432 Patris
879 4381 984 4432 mei
1010 4381 1313 4434 mansiones
1359 4381 1541 4435 multae
1567 4383 1694 4436 sunt
1723 4380 1916 4448 (Joan.
1955 4381 2068 4446 xv).

1017 4521 1242 4576 CAPUT
1289 4521 1436 4576 VIII.

451 4643 612 4698 Vans.
670 4647 721 4699 6.
784 4675 856 4684 —
906 4646 970 4700 In
1027 4650 1274 4700 sanctum
1338 4647 1512 4715 (880.,
1563 4647 1664 4702 lib.
1732 4647 1799 4702 de
1855 4646 2072 4716 Templa

379 4731 612 4804 Salom.)
643 4733 854 4787 Domus
880 4733 1082 4802 templi
1113 4733 1356 4789 exterior
1379 4735 1843 4806 peregrinantem
1878 4736 2067 4791 Eccle-

377 4822 546 4890 siam,
606 4827 806 4877 sancta
871 4827 1198 4877 sanctorum
1263 4839 1525 4894 superna!
1581 4823 1781 4894 patriae
1829 4825 2072 4879 caelestis

374 4907 706 4964 felicitatem
736 4909 1060 4980 designant.
1090 4910 1250 4964 Illata
1277 4909 1338 4964 in
1367 4915 1560 4965 sancta
1585 4916 1908 4966 sanctorum
1941 4927 2071 4964 arca

335 5023 341 5030 -
377 5003 728 5068 assumptam
779 4998 986 5052 Christi
1027 4999 1446 5054 humanitatem
1500 4998 1652 5054 intra
1681 5000 1868 5054 velum
1895 5001 2069 5071 regiae

374 5085 616 5140 cmlestis
648 5085 960 5141 inductam.

449 5171 643 5226 Subter
690 5173 826 5226 alas.
887 5173 1014 5242 (10.)
1061 5173 1237 5227 Moses
1279 5172 1412 5227 fecit
1456 5173 1597 5227 duos
1639 5173 1934 5228 cherubim
1965 5190 2066 5228 au-

375 5275 523 5326 reos,
557 5275 702 5330 quos
722 5260 914 5330 posuit
936 5260 994 5315 in
1019 5261 1416 5332 propitiatorio
1447 5261 1602 5332 quod
1637 5269 1758 5317 erat
1777 5279 1950 5334 super
1979 5278 2067 5316 ar-

373 5363 518 5403 cam.
574 5347 841 5403 Salomon
895 5349 1111 5404 addidit
1166 5350 1306 5405 duos
1363 5351 1630 5421 majores,
1681 5351 1784 5406 sub
1814 5367 2062 5422 quorum

371 5437 476 5491 alis
502 5452 690 5491 arcam
738 5453 891 5492 nunc
936 5437 1142 5493 dicitur
1189 5439 1443 5509 posuisse
1481 5455 1612 5494 cum
1659 5439 2062 5511 propitiatorio

369 5530 426 5581 et
453 5526 675 5582 duobus
705 5526 1000 5582 cherubim
1029 5527 1332 5598 prioribus.

2185 498 2354 551 usque
2383 483 2457 537 ad
2487 483 2529 537 si
2561 483 2956 553 prominentes
2994 482 3142 536 ultra
3173 482 3381 536 ostium
3428 486 3610 535 vectes
3660 481 3878 552 produ-

2185 571 2379 625 cendis
2412 571 2480 626 ad
2508 571 2887 626 claudendum
2919 571 3077 624 ostiis
3105 571 3293 625 locum
3321 587 3438 624 non
3464 571 3682 624 darent.

2256 661 2360 726 Qui
2387 666 2437 715 et
2464 661 2707 726 fuerunt.
2743 661 2804 714 In
2845 660 3298 730 Paralipomenis
3328 659 3535 714 dicitur
3566 675 3578 713 :
3615 659 3747 713 Fuit
3777 662 3875 712 ita-

2184 765 2285 818 que
2317 765 2445 803 arca
2488 749 2568 802 ibi
2597 766 2763 816 usque
2795 749 2868 800 ml
2895 755 3208 818 prasentem
3227 749 3406 803 diem:
3438 749 3589 819 quod
3613 749 3681 802 ab
3700 749 3876 802 histo-

2185 839 2491 910 riographo
2522 838 2782 893 additum
2813 851 2914 902 εμὲ,
2947 839 3303 909 signiﬁcante
3336 854 3514 909 usque
3545 839 3614 891 ad
3649 846 3870 908 tempo-

2184 944 2246 981 ra
2301 926 2484 981 aetatis
2533 943 2648 981 sum
2696 944 2824 981 eam
2863 927 2942 982 ibi
2992 927 3389 998 permansisse,
3446 927 3594 998 quod
3637 943 3753 980 non
3787 928 3875 981 Es-

2185 1015 2288 1069 dra
2328 1020 2518 1085 potest
2578 1015 2847 1086 intelligi,
2885 1015 3020 1088 quia
3057 1017 3179 1086 jam
3219 1020 3340 1070 erat
3389 1016 3685 1069 incensum
3735 1020 3875 1070 tem~

2185 1105 2366 1174 plum,
2423 1103 2520 1157 sed
2576 1103 2644 1157 de
2705 1104 2929 1158 Nathan
2977 1104 3061 1158 vel
3111 1104 3305 1174 aliquo
3363 1104 3797 1172 prophetarum,
3848 1120 3878 1157 a

2185 1193 2392 1264 quibus
2437 1193 2631 1248 omnia
2679 1199 2839 1264 gesta
2878 1209 3114 1248 suorum
3163 1197 3488 1263 temporum
3519 1191 3728 1261 scripta
3759 1207 3875 1246 esse

2186 1283 2510 1337 creduntur.

2259 1381 2419 1433 Vens.
2450 1381 2502 1434 9.
2535 1408 2602 1418 —
2633 1381 2696 1433 In
2727 1393 2876 1432 arca.
2909 1377 3096 1448 (ΗΑΒ.)
3130 1378 3262 1431 Erat
3288 1376 3348 1430 in
3379 1391 3506 1431 arca
3536 1392 3682 1430 urna
3706 1391 3876 1431 aurea

2185 1468 2401 1522 habens
2445 1484 2676 1532 manna,
2721 1471 2852 1533 etc.,
2911 1482 3080 1537 usque
3129 1466 3203 1520 ad
3265 1465 3402 1536 quia
3458 1464 3564 1518 soli
3616 1479 3876 1534 superna:

2187 1554 2385 1624 patriae
2415 1554 2564 1609 cives
2591 1553 2832 1625 gloriam
2863 1553 2942 1608 ibi
2978 1551 3376 1623 Redemptoris
3416 1551 3582 1623 plene
3625 1554 3875 1604 contem-

2109 1674 2148 1728 Β
2187 1643 2438 1714 plantur.

2257 1743 2416 1797 Vaas.
2489 1744 2570 1796 10.
2624 1771 2692 1782 --
2750 1742 2954 1798 Nebula
2999 1741 3244 1810 implevit
3301 1740 3515 1794 domum
3567 1740 3801 1802 Domini,
3830 1744 3875 1792 et

2184 1849 2290 1886 non
2314 1836 2584 1902 poterant.
2621 1830 2745 1902 (10.)
2774 1831 2836 1885 Id
2866 1835 2969 1896 est,
3020 1845 3372 1901 synagogam
3421 1827 3697 1898 implevit,
3743 1828 3877 1898 quia

2185 1937 2386 1976 eorum
2435 1925 2656 1975 mentes
2694 1919 3048 1974 inﬁdelitatis
3085 1918 3269 1988 caligo
3315 1917 3572 1986 replevit,
3606 1923 3664 1970 et
3693 1931 3874 1969 sacer-

2185 2011 2344 2066 dotes
2381 2015 2619 2082 propter
2640 2008 2907 2062 nebulam
2937 2007 3262 2061 ministrare
3288 2023 3404 2060 non
3427 2011 3714 2077 poterant,
3744 2005 3878 2075 quia

2186 2101 2321 2154 dum
2353 2099 2623 2169 mysticos
2654 2114 2851 2151 sensus
2893 2097 3098 2150 litterae
3143 2096 3424 2149 velamine
3472 2099 3790 2164 coopertos,
3825 2098 3880 2147 et

2187 2186 2496 2241 nativitatis
2536 2185 2744 2240 Christi
2773 2189 3127 2238 sacramenta
3153 2184 3496 2253 investigare
3534 2180 3876 2251 despiciunt,

2185 2276 2443 2331 debitum
2473 2275 2608 2329 ﬁdei
2647 2291 2764 2328 suae
2805 2273 3188 2328 ministerium
3225 2288 3327 2342 per
3368 2271 3636 2326 nebulam
3669 2269 3879 2323 erroris

2185 2365 2581 2436 perdiderunt,
2603 2364 2680 2417 ita
2714 2368 2776 2416 ut
2803 2363 3160 2433 exigentibus
3181 2361 3399 2415 meritis
3420 2376 3537 2414 non
3568 2362 3882 2429 agnoscant

2184 2454 2401 2507 cultum
2433 2453 2808 2516 credulitatis,
2840 2451 3048 2522 quibus
3104 2450 3165 2504 in
3194 2450 3405 2504 nebula
3451 2447 3728 2502 doctrinas
3760 2462 3881 2500 suae

2185 2542 2462 2596 Dominus
2491 2543 2560 2596 de
2593 2557 2652 2594 se
2704 2540 2877 2595 etiam
2910 2545 3106 2610 aperta
3158 2539 3428 2592 narravit.
3463 2536 3576 2593 Sed
3606 2536 3740 2607 quia
3769 2552 3880 2590 au-

2183 2631 2435 2685 ditorum
2464 2635 2686 2684 mentes
2715 2629 3066 2683 inﬁdelitatis
3107 2628 3288 2698 caligo
3319 2626 3676 2697 impleverat,
3711 2624 3881 2696 quasi

2183 2719 2456 2774 emissum
2515 2719 2648 2772 solis
2698 2719 2922 2772 radium
2980 2717 3191 2772 nebula
3247 2716 3590 2786 interjacens
3636 2714 3880 2768 abscon-

2185 2809 2376 2863 debat.

2254 2906 2418 2960 Vaas.
2480 2907 2566 2958 55.
2631 2933 2700 2944 ——
2756 2905 2934 2959 Stetit.
2992 2906 3054 2956 In
3123 2901 3573 2973 Paralipomenis
3631 2901 3886 2954 refertur

2183 2993 2334 3064 quod
2413 2993 2503 3046 hic
2570 3009 2685 3046 non
2761 2991 2997 3046 dicitur:
3079 2994 3295 3046 Fecerat
3361 2991 3611 3046 Salomon
3700 2989 3884 3043 basim

2179 3097 2400 3146 meam,
2427 3087 2477 3136 et
2504 3085 2686 3150 posuit
2729 3084 2787 3135 in
2833 3081 3006 3136 medio
3033 3081 3285 3148 basilicae,
3328 3093 3491 3149 super
3520 3095 3684 3148 quam
3721 3084 3884 3134 stans

2184 3170 2459 3224 benedia'it
2489 3173 2634 3225 omni
2662 3171 2882 3225 Eclesiae
2908 3171 3096 3226 Israel.

2252 3267 2321 3320 Et
2369 3265 2659 3318 benedixit.
2695 3265 2878 3334 (tua)
2910 3265 3208 3336 Templum
3241 3265 3489 3330 Domini,
3534 3269 3666 3332 etc.,
3707 3280 3887 3333 usque

2180 3353 2256 3408 ad
2281 3357 2337 3407 et
2365 3353 2638 3407 virtutum
2667 3354 2938 3424 operibus
2966 3353 3244 3424 proximis
3276 3357 3536 3424 prosunt.

2255 3453 2410 3504 Vens.
2445 3452 2532 3505 64.
2558 3481 2626 3491 -
2653 3453 2715 3505 In
2765 3451 2871 3505 die.
2915 3451 3083 3519 (Rau.
3149 3453 3209 3505 in
3236 3450 3329 3504 lib.
3383 3453 3536 3517 Reg.,
3579 3453 3720 3506 tom.
3757 3451 3885 3522 ΙΙΙ.)

2181 3539 2325 3606 Quid
2357 3545 2442 3594 est
2471 3540 2621 3610 quod
2653 3539 2922 3594 Salomon
2954 3539 3255 3594 aediﬁcavit
3284 3539 3541 3594 medium
3571 3538 3703 3592 atrii
3737 3540 3885 3595 oﬁ‘eo

2183 3645 2312 3683 rens
2365 3627 2465 3695 ibi,
2501 3633 2631 3690 etc.,
2693 3643 2862 3696 usque
2891 3628 2964 3681 ad
3015 3627 3290 3682 sacriﬁcia
3339 3627 3708 3702 acceptabilia
3737 3645 3885 3700 quo-

2183 3717 2324 3772 tidie
2352 3716 2729 3787 spiritualiter
2758 3717 2871 3770 Deo
2901 3716 3238 3771 offeruntur.

2255 3815 2463 3868 Altare.
2521 3813 2683 3877 Quod
2740 3812 2874 3868 fecit
2902 3814 3080 3868 Moses
3113 3813 3362 3885 positum
3389 3818 3512 3868 erat
3541 3817 3674 3868 ante
3729 3817 3882 3868 tem-

2181 3902 2341 3972 plum
2356 3902 2782 3982 pontrajanuas
2813 3903 2960 3972 ejus,
2985 3908 3042 3956 et
3069 3903 3204 3974 quia
3225 3903 3367 3958 illud
3393 3907 3704 3974 angustum
3732 3909 3878 3968 erat,

2182 3997 2239 4046 et
2268 4007 2470 4062 capere
2502 4007 2617 4045 non
2651 3995 2897 4061 poterat,
2932 3992 3186 4046 medium
3215 3991 3348 4046 atrii
3369 3991 3473 4046 sub
3503 3991 3632 4046 divo
3665 3995 3882 4048 sancti-

2181 4077 2380 4139 ﬁcavit,
2413 4077 2513 4130 ubi
2543 4077 2735 4148 posuit
2791 4077 2932 4132 illud
2964 4079 3140 4132 altare
3171 4077 3508 4146 maximum,
3541 4078 3697 4149 quod
3727 4079 3880 4134 fece-

2181 4171 2271 4220 rat
2301 4165 2504 4237 viginti
2533 4166 2878 4220 cubitorum.

2255 4263 2418 4316 Vans.
2479 4265 2565 4316 65.
2609 4293 2678 4303 —
2745 4265 3123 4317 Festivitatem.
3171 4263 3332 4332 (Ras.
3388 4262 3484 4316 ubi
3529 4263 3745 4334 supra)
3815 4265 3878 4318 In

2184 4351 2378 4405 Verbis
2408 4351 2662 4419 Dierum,
2701 4356 2806 4406 etc.
2828 4392 2842 4418 ,
2877 4367 3046 4421 usque
3076 4351 3151 4406 ad
3201 4351 3358 4423 quod
3386 4350 3557 4406 etiam
3587 4352 3882 4423 Iosephus

2183 4442 2499 4494 attestatur.

2253 4539 2376 4608 (10.,
2409 4537 2590 4609 ibid.)
2623 4537 2962 4592 Solemnitas
2993 4553 3165 4610 quam
3197 4538 3330 4593 fecit
3356 4537 3629 4594 Salomon
3659 4542 3717 4592 et
3748 4555 3877 4593 om-

2180 4627 2268 4681 nis
2303 4628 2495 4695 Israel,
2555 4631 2682 4694 etc.,
2714 4642 2882 4697 usque
2905 4627 2981 4682 ad
3025 4643 3154 4698 quin
3182 4627 3240 4681 in
3271 4627 3492 4683 Christo
3524 4629 3692 4682 Pater
3744 4644 3882 4681 con-

2179 4715 2310 4770 tulit
2338 4715 2688 4771 Christianis.

2248 4812 2336 4866 Ab
2387 4815 2635 4868 introitu.
2693 4814 2874 4886 (RAB.,
2928 4813 3090 4883 ibid.)
3147 4815 3256 4868 Per
3308 4813 3612 4870 introitum
3668 4814 3880 4868 Emath

2179 4901 2685 4972 septentrionalem
2713 4903 2926 4958 Iudaeas
2973 4903 3226 4974 plagam,
3261 4919 3366 4974 per
3393 4902 3580 4958 rivum
3611 4902 3728 4958 sive
3760 4908 3881 4957 tor-

2176 4995 2395 5045 rentem
2424 4991 2651 5063 Egypti
2678 4991 2940 5062 designat
2973 4993 3317 5046 Australem.
3350 4993 3460 5047 Iste
3491 4995 3682 5046 autem
3716 4992 3880 5045 rivus

2177 5095 2294 5133 non
2337 5084 2422 5133 est
2451 5079 2629 5147 Nilus,
2682 5080 2776 5135 sed
2810 5079 2954 5134 alius
2993 5079 3201 5134 ﬂuvius
3234 5080 3334 5152 qui
3356 5080 3524 5150 juxta
3556 5080 3877 5135 Rivocoru-

2174 5168 2291 5222 lam
2318 5167 2512 5222 inﬂuit
2539 5168 2600 5222 in
2648 5185 2824 5222 mare.
2857 5168 3060 5222 Emath
3089 5174 3283 5224 autem
3319 5169 3514 5222 civitas
3553 5169 3730 5239 Syria:
3761 5173 3872 5223 est.

2177 5257 2337 5310 Nune
2373 5257 2689 5328 Epiphania
2737 5263 2968 5312 vocatur
2994 5258 3064 5311 ab
3094 5258 3375 5313 Antiocho
3405 5259 3720 5329 Epiphane.

2245 5355 2404 5410 Vens.
2435 5357 2521 5410 66.
2567 5357 2947 5412 —L8tantes.
3006 5357 3375 5413 Decantantes
3435 5372 3563 5410 cum
3616 5356 3875 5411 delecta-

2171 5441 2325 5497 tione
2357 5443 2622 5514 hymnos,
2657 5443 2735 5497 ita
2765 5449 2826 5498 ut
2854 5445 2914 5498 in
2944 5462 3010 5499 ea
3035 5446 3390 5516 jucunditate
3417 5446 3538 5500 sine
3569 5446 3762 5500 labore
3794 5445 3873 5500 ad

2171 5530 2406 5602 propria
2430 5535 2771 5586 remearent.
