4062 6180
226 290 317 340 601
890 276 898 283 “
1324 286 1578 341 GLOSSA
1615 284 1913 341 0RDINAH

2083 313 2119 322 -
2160 284 2287 338 LIB.
2331 284 2407 337 111
2450 285 2614 341 REG.

899 408 1247 489 CAPUTIX.

294 535 461 588 Vnus.
542 536 623 587 11.
690 561 759 571 -
817 532 1087 586 Praebente
1135 533 1273 599 regi.
1334 532 1500 599 (Rau.
1560 530 1657 584 ubi
1705 530 1920 601 supra.)

224 624 465 679 Multum
488 621 614 674 auri
654 625 711 674 et
743 620 986 689 argenti,
1023 626 1153 686 etc.,
1185 636 1360 690 usque
1392 620 1467 673 ad
1491 618 1628 691 quia
1684 636 1921 691 germen

219 727 352 766 cum
388 710 749 781 plenitudine
787 710 1076 763 fructuum
1111 725 1228 763 non
1259 709 1547 763 alferrent.

290 801 455 854 Vens.
494 802 574 852 17.
610 827 679 836 -
731 797 1062 864 Ediﬁcavit.
1100 796 1283 868 (ΗΑΒ.)
1340 796 1515 850 Urbes
1562 812 1704 867 quas
1734 796 1921 850 aediﬁ-

219 904 378 941 casse
410 886 639 950 dicitur,
673 891 804 949 etc.,
862 900 1031 955 usque
1079 885 1153 938 ad
1186 890 1247 939 ut
1283 885 1547 940 hostibus
1607 884 1919 955 spirituali-

218 978 329 1032 bus
360 973 779 1045 insuperabiles
801 974 1066 1029 existant.

294 1063 478 1133 (ΗΑΒ.)
508 1063 768 1117 Civitates
799 1078 939 1133 quas
971 1062 1601 1117 Salomonmdiﬁcmvit
1658 1062 1729 1117 de
1781 1062 1920 1116 reli-

219 1152 372 1220 quiis
441 1151 905 1205 Amorrhaaorum
962 1152 1215 1213 fuerunt,
1250 1168 1391 1223 quas
1440 1167 1557 1204 non
1610 1157 1922 1220 potuerunt

220 1241 327 1293 ﬁlii
356 1239 755 1303 Israeldelere,
790 1238 935 1293 sicut
965 1239 1024 1293 in
1046 1240 1178 1293 Jesu
1209 1241 1360 1294 Nave
1393 1240 1605 1310 legitur
1633 1239 1763 1308 (Jos.
1800 1241 1876 1307 111)
1902 1256 1914 1292 :

218 1326 324 1379 has
355 1331 554 1395 postea
584 1342 684 1380 rex
712 1328 940 1398 {Egypti
978 1327 1251 1382 subvertit
1303 1332 1359 1382 et
1395 1329 1551 1383 dedit
1605 1328 1667 1382 in
1728 1328 1918 1382 dotem

217 1412 355 1467 ﬁlias
387 1430 505 1467 suae
538 1413 701 1467 uxori
728 1414 1069 1477 Salomonis,
1105 1422 1162 1469 et
1190 1415 1372 1470 idciro
1402 1416 1770 1471 retediﬁcavit
1824 1433 1918 1470 eas

219 1500 511 1556 Salomon.

290 1592 451 1646 Vnus.
490 1594 573 1646 18.
606 1622 675 1631 -—-
733 1595 805 1647 Et
838 1592 1161 1647 Palmiram.
1197 1592 1593 1647 lahabitabilis
1642 1596 1799 1663 regio
1847 1611 1915 1649 eo

216 1680 370 1750 quod
403 1696 688 1752 nusquam
730 1697 881 1750 aqua
907 1681 1295 1748 inveniretur;
1349 1682 1443 1736 sed
1476 1682 1577 1735 illo
1638 1682 1759 1737 loco
1817 1684 1917 1739 ubi
1951 1699 1988 1752 Β

216 1768 498 1823 aediﬁcato
574 1777 661 1824 est
715 1769 929 1836 civitas,
994 1770 1308 1837 abundant,
1386 1776 1442 1825 et
1516 1772 1729 1842 palma,
1787 1789 1916 1843 quae

214 1857 404 1912 Graece
435 1863 710 1912 vocantur
738 1859 1006 1925 Palmira,
1049 1858 1171 1929 ipsa
1222 1863 1309 1914 est
1349 1860 1573 1928 Emath,
1615 1859 1731 1915 sive
1779 1860 1915 1931 Epi-

212 1945 429 2015 phania
458 1947 544 1999 vel
576 1946 899 2000 Antiochia.

284 2035 448 2089 Vens.
502 2037 590 2089 20.
657 2066 723 2075 ——
786 2037 1121 2090 Universum.
1174 2037 1334 2106 (ΗΑΒ.
1394 2037 1489 2091 ubi
1533 2042 1749 2109 supra.)
1808 2039 1915 2103 Qui

214 2140 332 2178 non
360 2123 551 2178 fuerat
591 2124 659 2178 de
690 2123 823 2178 ﬁliis
853 2125 1045 2191 Israel,
1081 2125 1214 2179 fecit
1270 2125 1542 2179 Paciﬁcus
1591 2132 1784 2180 noster
1811 2128 1916 2181 tri-

212 2212 486 2279 butarios,
516 2229 646 2267 cum
682 2214 762 2266 eis
791 2213 891 2284 qui
922 2229 1039 2267 non
1073 2218 1205 2267 sunt
1257 2214 1316 2267 in
1350 2214 1600 2268 ﬁliorum
1631 2232 1912 2282 numero;

213 2302 309 2356 sed
350 2301 411 2355 in
444 2302 636 2356 servili
687 2302 1016 2356 conditione
1046 2303 1230 2357 utitur
1258 2303 1324 2357 ad
1376 2304 1677 2373 proprium
1734 2307 1913 2360 servi-

213 2388 383 2443 tium.
424 2390 585 2443 Tales
636 2391 767 2444 licet
823 2391 883 2443 in
914 2391 1107 2444 multis
1137 2391 1532 2458 adversentur,
1565 2397 1758 2447 tamen
1802 2395 1914 2448 fre-

212 2483 460 2548 quenter
489 2478 690 2532 usibus
741 2478 1001 2533 serviunt
1054 2478 1334 2545 Ecclesiae,
1381 2496 1511 2534 cum
1542 2480 1603 2535 in
1647 2484 1915 2551 praesenti

216 2578 480 2644 tempore
510 2575 580 2628 de
610 2575 783 2629 rebus
823 2575 941 2629 suis
972 2575 1174 2630 solatia
1204 2576 1483 2647 praebent.

286 2662 371 2715 De
397 2664 549 2731 ﬁliis.
581 2665 711 2733 (11).,
735 2664 894 2732 ibid.)
924 2665 1028 2718 Eos
1058 2664 1159 2735 qui
1188 2680 1307 2719 non
1350 2664 1571 2719 ancillae
1622 2666 1727 2720 ﬁlii
1757 2670 1907 2730 sunt,

214 2751 308 2806 sed
340 2751 556 2818 liberae,
589 2757 718 2817 etc.,
768 2768 938 2821 usque
966 2752 1039 2806 ad
1085 2758 1143 2807 et
1174 2753 1231 2806 in
1262 2754 1492 2807 semitas
1536 2754 1777 2823 justitiee
1808 2755 1911 2809 du-

215 2846 365 2894 cant.

285 2928 445 2981 Vens.
492 2929 579 2981 23.
639 2956 708 2967 —-
740 2928 1180 2997 Quinquaginta.
1243 2927 1370 2999 (11).)
1420 2929 1911 3001 Quinquagesimo

215 3015 302 3070 die
324 3022 455 3086 post
490 3016 702 3070 Pascha
731 3020 789 3070 et
826 3017 912 3071 lex
943 3016 1004 3069 in
1035 3022 1230 3071 monte
1278 3017 1413 3072 Sina
1441 3018 1656 3073 tributa
1693 3024 1796 3086 est,
1857 3024 1913 3074 et

215 3106 460 3176 Spiritus
489 3106 808 3176 paracletns
839 3122 1013 3176 super
1040 3106 1346 3178 discipulos
1375 3107 1549 3162 venit.
1574 3108 1722 3173 Quid
1774 3126 1911 3181 ergo

216 3193 505 3264 signiﬁcat
529 3193 632 3247 iste
680 3194 1124 3264 przepositorum
1173 3211 1467 3261 numerus,
1502 3196 1612 3250 nisi
1642 3198 1794 3268 quod
1852 3203 1914 3252 ut

212 3284 313 3355 qui
376 3282 623 3353 Spiritus
679 3284 860 3337 sancti
899 3283 1082 3354 gratia
1134 3285 1279 3355 legis
1336 3286 1564 3339 Domini
1616 3287 1911 3342 scientiam

210 3373 426 3428 habere
467 3377 782 3437 merentur,
828 3372 941 3443 ipsi
998 3378 1055 3427 et
1093 3389 1153 3428 se
1209 3378 1267 3427 et
1323 3373 1464 3428 alios
1521 3375 1665 3429 bene
1713 3392 1910 3446 regere

208 3461 490 3533 possunt?

277 3552 446 3605 Vens.
478 3551 568 3604 25.
600 3577 668 3590 —
698 3549 969 3618 Offerebat
1003 3566 1233 3619 quoque.
1291 3551 1422 3621 (11).)
1479 3551 1656 3607 Oﬁ'ert
1713 3552 1908 3608 Paciﬁ-

206 3655 305 3693 cus
336 3642 552 3702 noster,
577 3641 708 3704 etc.,
738 3653 909 3707 usque
937 3639 1011 3693 ad
1036 3645 1091 3693 et
1123 3655 1189 3693 ea
1211 3656 1340 3711 quae
1372 3646 1505 3695 sunt
1529 3643 1644 3697 Deo
1680 3642 1909 3713 placita,

204 3727 481 3798 postulat.

275 3815 444 3867 Vens.
502 3816 589 3868 26.
634 3844 703 3854 —
751 3815 1003 3871 Classem.
1047 3816 1172 3887 (11).)
1245 3818 1449 3872 Classis
1508 3824 1592 3874 est
1641 3820 1908 3883 Ecclesia.

204 3906 343 3971 etc.,
385 3918 556 3971 usque
594 3903 672 3959 ad
725 3903 1047 3971 historiam,
1108 3906 1443 3977 alegoriam,
1504 3909 1909 3980 tropologiam,

206 4007 515 4063 anagogen
540 3992 602 4045 in
630 3991 854 4045 duobus
872 3994 1271 4049 Testamentis.

279 4082 447 4134 Vens.
471 4083 561 4134 28.
591 4108 650 4119 —
686 4081 756 4133 In
780 4083 973 4149 Ophir.
998 4080 1126 4150 (11).)
1148 4083 1326 4152 Ophir
1344 4099 1554 4137 nomen
1570 4089 1655 4138 est
1672 4086 1911 4155 provin-

204 4169 309 4223 ciae
340 4169 404 4222 in
433 4167 611 4222 India.
653 4168 736 4221 Ab
769 4168 946 4239 Ophir
982 4187 1097 4224 uno
1129 4171 1198 4225 de
1240 4172 1482 4241 posteris
1515 4172 1697 4227 Heber
1726 4173 1911 4227 nomi-

200 4263 403 4322 natur,
435 4274 567 4328 qua:
597 4261 654 4311 et
699 4262 851 4311 terra
880 4274 1055 4312 aurea
1102 4261 1439 4330 appellatur,
1473 4277 1538 4314 eo
1564 4262 1715 4331 quod
1750 4278 1910 4315 mon-

200 4350 287 4400 tes
328 4361 539 4399 aureos
567 4346 792 4406 habeat.
828 4345 965 4417 quia
986 4347 1251 4401 leonibus
1281 4352 1337 4401 et
1368 4347 1691 4403 suavissimis
1711 4349 1909 4404 bestiis

201 4434 562 4489 incoluntur.
605 4434 688 4488 Ad
718 4450 862 4505 quos
917 4436 1112 4489 nullus
1163 4435 1327 4489 aliter
1384 4437 1656 4492 accedere
1715 4440 1908 4507 audet,

200 4522 318 4576 nisi
350 4522 543 4593 quiin
588 4523 721 4577 navi
770 4528 982 4577 stantes
1031 4524 1192 4595 juxta
1234 4524 1414 4593 littus,
1464 4530 1680 4580 terram
1737 4543 1911 4597 quam

197 4612 501 4683 unguibus
528 4612 760 4666 leonum
789 4612 1050 4667 effossam
1106 4612 1455 4683 invenerint,
1503 4614 1566 4668 in
1622 4631 1783 4669 suam
1814 4632 1908 4682 na,

198 4716 334 4755 vem
382 4699 718 4771 rescipiunt,
752 4705 817 4755 ut
846 4701 891 4755 si
921 4702 1103 4757 bestia
1151 4719 1247 4757 eos
1299 4703 1603 4772 senserint,
1635 4704 1795 4758 facile
1851 4705 1911 4759 in

204 4805 370 4845 mare
401 4790 777 4861 recipiantur.

904 4906 1125 4962 CAPUT
1153 4908 1215 4963 Χ.

271 5011 616 5083 Allegorice.
653 5014 799 5083 (lsm.
842 5015 900 5067 in
929 5014 1023 5067 lib.
1053 5016 1207 5080 Reg.,
1240 5017 1379 5068 tom.
1409 5014 1495 5084 V.)
1551 5016 1679 5069 HERC
1711 5015 1912 5087 regina

200 5106 517 5156 venturam
576 5102 879 5155 Ecclesiam
932 5102 1001 5156 de
1044 5102 1333 5172 gentibus,
1396 5106 1537 5170 etc.,
1609 5118 1777 5172 usque
1838 5104 1913 5159 ad

199 5190 263 5245 in
286 5191 517 5246 occulto
547 5196 874 5245 sanctorum
907 5190 1060 5245 ﬁeris
1090 5191 1335 5245 concivis
1366 5196 1588 5262 optans.

276 5281 448 5334 Vens.
483 5283 535 5333 4.
567 5308 637 5320 —
702 5280 899 5335 Videas
935 5285 1134 5336 autem.
1187 5281 1349 5352 (Rau.
1404 5281 1497 5334 ubi
1534 5280 1747 5352 supra.)
1799 5283 1909 5336 Re-

200 5367 365 5438 gina,
409 5367 531 5421 viso
562 5367 866 5423 Salomone
898 5372 953 5423 et
1010 5368 1195 5440 gloria
1252 5370 1394 5439 ejus.
1452 5374 1686 5440 stupens
1737 5385 1910 5441 super

205 5456 525 5525 prudentia
556 5457 701 5527 ejus,
733 5456 873 5511 dixit
902 5473 914 5511 :
954 5458 1125 5512 Verus
1166 5462 1243 5512 est
1272 5473 1463 5526 sermo,
1494 5462 1601 5512 etc.
1638 5457 1727 5513 Sic
1780 5474 1908 5513 san-

202 5550 295 5599 cta
354 5545 624 5613 Ecclesia,
670 5544 883 5601 auditis
964 5546 1245 5602 miracula
1316 5546 1545 5614 Christi,
1603 5552 1909 5619 provocata

3620 289 3724 341 602

1953 409 2001 461 Α
2039 410 2121 461 est
2146 406 2216 460 ad
2266 407 2642 477 quaerendum
2697 423 2829 462 eum
2863 424 2876 461 :
2944 407 3101 479 quod
3132 424 3235 478 per
3271 408 3443 462 ﬁdem
3495 409 3723 464 invento

2032 495 2407 550 consideratis
2439 500 2647 551 sanctae
2683 496 2989 566 Scriptura:
3013 496 3379 562 testimoniis,
3412 497 3724 551 divinitatis

2032 583 2154 653 ejus
2207 585 2525 655 potentiam
2567 601 2903 655 agnoscens,
2937 602 3143 655 parum
3192 592 3356 657 putat
3401 602 3523 640 esse
3556 603 3725 640 omne

2032 674 2185 743 quod
2216 673 2321 727 sibi
2344 680 2513 728 antea
2543 680 2835 727 narratum
2864 680 2948 727 est
2978 674 3046 728 de
3088 691 3183 728 eo.

2106 762 2266 814 Vaas.
2316 764 2375 816 8.
2440 792 2508 800 —
2546 764 2700 815 Beati
2724 765 2855 817 viri.
2893 762 3075 834 (ΗΑΒ.)
3110 764 3328 833 Regina
3387 764 3723 818 admirando

2029 849 2089 902 in
2142 850 2369 903 laudem
2435 850 2753 904 Salomonis
2811 853 3016 922 erupit,
3076 852 3311 906 dicens:
3371 853 3535 907 Beati
3594 855 3721 906 viri.

2030 939 2169 991 Vere
2198 938 2349 992 beati
2397 944 2529 993 sunt
2585 956 2832 1009 quorum
2896 958 2993 995 rex
3053 946 3138 994 est
3188 942 3465 1010 Christus,
3527 946 3583 996 et
3623 942 3722 1011 qui

2030 1034 2245 1081 {eterna
2299 1028 2423 1096 ejus
2455 1028 2670 1082 visione
2721 1030 2940 1100 perfrui
2998 1034 3311 1092 merentur,
3371 1035 3428 1082 ct
3482 1028 3721 1097 gloriam

2029 1132 2202 1186 quam
2233 1116 2407 1169 habet
2435 1132 2562 1170 cum
2597 1119 2760 1170 Patre
2792 1125 2847 1171 et
2886 1117 3102 1187 Spiritu
3161 1123 3354 1171 sancto
3396 1117 3723 1187 conspicere

2029 1210 2084 1257 et
2114 1202 2453 1273 sapientiam
2488 1220 2617 1274 quae
2647 1207 2879 1259 mundis
2937 1206 3104 1260 corde
3153 1223 3211 1258 se
3242 1204 3491 1259 ostendit
3520 1220 3722 1275 perpe-

2028 1292 2258 1346 tualiter
2289 1292 2580 1362 percipere
2610 1295 2893 1349 laetantur.

2100 1381 2260 1435 Vens.
2316 1384 2405 1437 11.
2463 1411 2533 1421 -
2594 1386 2783 1450 Ligna.
2843 1384 2961 1455 (11).)
3016 1384 3289 1439 Conditor
3316 1387 3515 1436 noster
3568 1380 3725 1452 ligna

2028 1469 2296 1540 pretiosa,
2324 1470 2430 1524 hoc
2459 1476 2542 1524 est
2578 1476 2706 1539 etc.,
2734 1489 2901 1541 usque
2928 1473 3001 1527 ad
3042 1479 3097 1527 et
3124 1472 3317 1527 omnia
3344 1473 3725 1526 instrumenta

2031 1558 2403 1612 musicorum.
3332 1584 3335 1587 -

2101 1647 2263 1701 Vens.
2302 1650 2385 1701 12.
2418 1677 2487 1687 -
2519 1649 2860 1705 Cantoribus.
2916 1651 3054 1719 (11).)
3089 1649 3154 1703 Hi
3214 1648 3497 1721 quidquid
3545 1651 3724 1719 agunt

2027 1732 2086 1787 in
2114 1734 2286 1788 verbo
2318 1740 2418 1789 aut
2471 1751 2665 1805 opere,
2704 1736 2896 1790 omnia
2932 1736 2990 1789 in
3046 1736 3272 1790 laudem
3326 1736 3424 1790 Dei
3461 1735 3716 1789 faciunt:

2026 1822 2253 1878 laudem
2276 1824 2424 1878 inter
2453 1825 2690 1879 adversa
2718 1831 2774 1879 et
2801 1842 3097 1896 prospera,
3120 1826 3311 1891 corde,
3343 1840 3439 1878 ore
3462 1828 3518 1878 et
3549 1837 3726 1893 opere

2023 1913 2397 1982 pronuntiare
2427 1930 2543 1968 non
2595 1921 2836 1982 cessant,
2884 1915 3081 1969 unde:
3142 1915 3317 1983 Super
3352 1928 3533 1967 muros
3582 1918 3719 1975 tuos,

2026 2002 2377 2067 Hierusalem,
2424 2006 2681 2057 constitui
2720 2004 2983 2069 custodes,
3030 2008 3141 2058 tota
3168 2003 3256 2057 die
3293 2006 3343 2056 et
3392 2005 3559 2064 nocte,
3614 2012 3722 2051 non

2025 2089 2304 2143 cessabunt
2337 2090 2564 2145 laudare
2590 2108 2779 2146 nomen
2806 2094 3025 2147 Domini
3045 2092 3178 2161 (lsa.
3205 2092 3363 2161 Lxu),

2095 2179 2251 2233 Vnus.
2296 2182 2377 2233 l3.
2414 2209 2476 2219 —
2523 2183 2636 2235 Rea:
2666 2186 2863 2235 autem.
2906 2180 3042 2250 (11).)
3091 2182 3153 2234 Et
3199 2179 3472 2234 Paciﬁcas
3528 2180 3720 2229 noster

2026 2267 2285 2321 Ecclesiae
2317 2284 2453 2334 suae,
2499 2268 2694 2321 omnia
2745 2286 2873 2339 quae
2929 2270 3089 2339 petit,
3121 2268 3297 2335 dabit,
3329 2266 3480 2320 unde
3514 2282 3526 2318 :
3569 2265 3717 2331 Qua:-

2022 2369 2230 2424 cunque
2258 2356 2530 2424 petieritis
2575 2359 2789 2410 Patrem
2819 2359 2877 2410 in
2914 2359 3125 2411 nomine
3161 2372 3294 2420 meo,
3329 2355 3483 2409 dabit
3533 2354 3703 2408 vobis.

2026 2444 2148 2497 Non
2180 2444 2363 2497 solum
2395 2446 2547 2514 quod
2594 2445 2863 2514 petimus,
2897 2446 3012 2499 imo
3047 2445 3223 2498 etiam
3279 2459 3410 2514 quae
3464 2442 3718 2495 humana

2022 2531 2300 2601 fragilitas
2329 2538 2428 2587 aut
2460 2534 2657 2600 nescit,
2691 2538 2789 2587 aut
2816 2550 2933 2587 non
2964 2533 3261 2603 praesumit
3320 2536 3537 2601 petere,
3579 2545 3715 2599 gra-

2020 2621 2167 2676 tuito
2203 2638 2441 2676 munere
2482 2624 2750 2693 largitur.
3636 2638 3637 2645 ‘

2094 2711 2254 2764 Vens.
2294 2714 2382 2767 16.
2422 2739 2491 2752 -
2521 2715 2777 2767 Ducenta.
2815 2714 2941 2781 (ld.)
2995 2714 3055 2766 In
3086 2708 3561 2783 Paralipomensis
3592 2723 3714 2760 scu-

2021 2797 2093 2851 tis
2125 2798 2413 2853 adduntur
2436 2801 2615 2854 hastae
2646 2817 2856 2866 aureae,
2891 2801 3027 2871 quia
3056 2800 3267 2854 lanceis
3294 2805 3351 2853 et
3380 2797 3554 2851 scutis
3593 2800 3712 2850 ute-

2022 2886 2230 2940 bantur
2256 2886 2428 2940 duces
2453 2889 2799 2942 excubantes
2854 2897 2987 2943 ante
3022 2889 3231 2944 ostium
3289 2887 3495 2941 domus
3544 2884 3713 2955 regis.

1947 2980 1987 3035 C
2028 2973 2233 3028 Unde:
2292 2975 2547 3029 lectulum
2625 2976 2926 3032 Salomonis
2983 2979 3329 3045 septuaginta
3383 2975 3544 3044 fortes
3604 2988 3719 3026 am-

2024 3063 2200 3116 biunt.

2094 3149 2216 3221 (11).)
2250 3152 2602 3207 Excubantes
2633 3155 2701 3207 ad
2736 3154 2885 3208 ostia
2919 3155 3123 3208 domus
3147 3152 3344 3223 regiae,
3380 3157 3509 3213 etc.,
3550 3164 3718 3220 usque

2021 3240 2096 3293 ad
2134 3244 2191 3293 et
2221 3246 2377 3294 scuto
2421 3242 2555 3296 ﬁdei
2597 3244 2710 3296 tela
2760 3243 3097 3313 nequissimi
3136 3245 3302 3312 ignea
3356 3240 3716 3310 repellentes,

2022 3328 2408 3399 exstinguunt.

2082 3417 2248 3471 Vens.
2298 3422 2382 3473 17.
2444 3449 2513 3459 -
2568 3421 2752 3474 Saltus
2806 3420 3017 3475 Libani.
3079 3419 3245 3491 Sylva
3293 3417 3491 3472 Libani
3540 3415 3720 3471 Eccle-

2020 3503 2162 3559 siam
2218 3508 2476 3575 gentium
2549 3508 2855 3579 signiﬁcat,
2903 3525 3032 3579 quae
3088 3508 3156 3562 de
3234 3507 3380 3561 fastu
3438 3504 3719 3577 superbiai

2020 3591 2262 3647 abscissa
2294 3594 2354 3648 in
2384 3595 2601 3650 fabrica
2631 3597 2837 3650 domus
2898 3598 2995 3651 Dei
3024 3601 3269 3667 aptatur.
3318 3594 3474 3649 Unde
3508 3610 3520 3646 :
3567 3596 3718 3645 Inve-

2018 3683 2195 3736 nimus
2226 3698 2344 3736 eam
2374 3686 2432 3737 in
2457 3688 2660 3753 campis
2680 3688 2862 3753 sylvae.

2094 3768 2251 3823 Vens.
2316 3774 2399 3824 18.
2461 3802 2525 3811 -
2589 3772 2957 3825 Thronumde
3011 3771 3179 3825 ebore.
3236 3769 3417 3840 (ΗΑΒ.)
3458 3770 3717 3823 Thronus

2020 3857 2115 3914 vel
2149 3857 2354 3913 solium
2382 3865 2467 3913 est
2503 3859 2823 3930 imperialis
2853 3859 3034 3927 sedes,
3070 3876 3198 3929 qua:
3225 3859 3285 3911 in
3334 3857 3565 3911 canticis
3614 3857 3716 3910 fer-

2022 3951 2215 4007 culum
2255 3948 2597 4018 appellatur,
2646 3964 2713 4001 eo
2754 3948 2901 4017 quod
2949 3947 3262 4001 residentes
3310 3946 3477 4011 ferat,
3528 3945 3614 3998 vel
3647 3945 3718 3999 de

2021 4041 2145 4094 loco
2179 4038 2246 4091 ad
2270 4038 2456 4090 locum
2487 4035 2867 4090 circumferat.
2912 4036 2998 4090 Ad
3028 4036 3180 4106 quod
3215 4050 3318 4105 per
3366 4051 3459 4088 sex
3516 4049 3711 4088 ascen-

2021 4125 2195 4182 sionis
2226 4125 2436 4197 gradus
2471 4124 2898 4178 ascendebatur.
2934 4124 3050 4178 Sub
3072 4124 3215 4177 solio
3248 4127 3368 4177 erat
3400 4122 3713 4177 scabellum

2021 4231 2280 4279 aureum,
2334 4218 2389 4267 et
2421 4212 2721 4267 summitas
2763 4212 2954 4267 throni
2987 4214 3248 4279 rotunda,
3286 4217 3441 4267 tenta
3497 4211 3718 4266 duabus

2023 4304 2286 4360 manibus
2325 4303 2413 4357 vel
2446 4301 2690 4356 brachiis
2749 4302 3119 4368 extrinsecus,
3159 4303 3437 4373 juxtaque
3493 4302 3718 4355 stabant

2021 4396 2135 4451 duo
2167 4394 2363 4447 leones
2395 4392 2734 4463 adjuvantes
2762 4397 3084 4446 sustentare
3115 4392 3310 4447 sedile.

2093 4484 2254 4537 Vnus.
2288 4483 2376 4535 20.
2433 4483 2601 4535 —Et
2651 4482 2949 4536 duodecim.
3012 4481 3157 4547 Quia
3209 4497 3305 4536 sex
3362 4477 3715 4534 ascensionis

2020 4571 2233 4643 gradus
2254 4570 2587 4625 altrinsecus
2612 4570 2783 4641 positi
2812 4577 2976 4625 erant
2998 4588 3099 4642 pro
3121 4570 3505 4662 sustentaculo
3528 4584 3708 4623 ascen-

2019 4660 2205 4714 dentis
2238 4659 2464 4730 gradus.

2089 4748 2222 4819 (11).)
2278 4746 2496 4801 Solium
2537 4745 2849 4801 Salomonis
2882 4747 3125 4801 Ecclesia
3182 4763 3302 4801 esse
3347 4745 3709 4816 intelligitur,

2019 4840 2150 4901 etc.,
2185 4851 2353 4904 usque
2373 4836 2448 4889 ad
2469 4835 2693 4889 munire
2723 4840 2960 4891 certant.
3504 4908 3512 4915 ι

2089 4927 2209 4981 Νοη
2248 4930 2327 4980 est
2348 4926 2576 4992 factum,
2601 4930 2707 4978 etc.
2743 4927 2887 4994 Apte
2933 4925 3192 4979 Ecclesiae
3219 4924 3481 4978 convenit
3536 4923 3710 4982 istud.

2018 5015 2111 5068 cui
2143 5014 2353 5068 dicitur
2389 5031 2401 5068 :
2451 5014 2633 5068 Multae
2673 5014 2801 5081 ﬁlia:
2837 5019 3297 5082 congregaverant
3353 5014 3602 5082 divitias,
3651 5018 3711 5067 tu

2018 5118 2367 5174 supergressa
2395 5118 2447 5157 es
2477 5104 2757 5156 universas
2789 5102 2960 5172 (Prov.
2995 5106 3163 5172 χχχι).

2088 5192 2249 5246 Vens.
2278 5195 2367 5245 21.
2417 5219 2486 5231 -
2515 5191 2619 5247 Sed
2650 5195 2699 5245 et
2746 5194 2926 5245 omnia
2966 5207 3121 5259 vasa,
3172 5195 3276 5245 etc.
3336 5191 3538 5246 Omnia
3577 5207 3711 5245 vasa

2017 5296 2147 5353 quae
2176 5280 2401 5335 Paciﬁci
2431 5281 2608 5335 nostri
2639 5280 2957 5335 ministerio
2989 5282 3313 5352 funguntur
3350 5298 3523 5336 aurea
3554 5286 3707 5346 sunt,

2018 5386 2133 5443 qua
2181 5386 2381 5424 omnes
2420 5369 2626 5424 animae
2660 5376 2983 5424 sanctorum
3036 5387 3166 5441 qum
3224 5376 3356 5424 sunt
3398 5387 3533 5425 vasa
3588 5371 3710 5438 Dei,

2016 5464 2082 5515 ut
2130 5460 2336 5515 divinae
2385 5458 2658 5514 voluntati
2727 5459 2993 5525 serviant,
3072 5459 3340 5531 splendor
3412 5458 3708 5531 sapientiae

2016 5553 2073 5603 et
2099 5548 2421 5604 dilectionis
2450 5549 2697 5603 nitentes
2727 5548 3026 5603 continent
3054 5554 3255 5619 potum
3294 5548 3442 5615 vitae,
3474 5554 3529 5603 et
3554 5550 3618 5603 ﬁt
3647 5549 3707 5603 in
