4062 6180
381 239 480 288 603

1008 236 1398 290 κνΑιΑιιίυυι
1439 236 1686 290 STRABI
1725 235 1921 288 ΗΜ).
1969 235 2070 289 ΜΟ

2214 237 2330 290 11³1).
2378 234 2550 289 PARS
2591 234 2632 288 Ι.
2675 263 2742 270 ——
2783 231 3254 289 'I‘I‘IEOLOGICA.
3762 241 3853 293 titu'i

376 358 457 412 eis
485 359 608 425 fons
649 373 803 428 aqua:
849 359 1093 412 salientis
1126 359 1185 410 in
1215 359 1380 412 vitam
1428 362 1685 412 aetemam
1735 357 1908 426 (Joan.
1969 359 2063 422 iv).
2099 359 2143 410 Α
2183 361 2295 410 teni
2329 355 2526 410 animi.
2583 357 2723 409 Nam
2771 353 3025 410 Roboam
3057 355 3498 426 quadragesimo
3541 356 3717 410 mtatis
3750 374 3855 413 suae

444 450 548 504 Nec
579 446 838 516 alicujus,
889 451 992 500 etc.
1027 446 1210 517 (ΗΑΒ.)
1253 445 1412 510 Quia,
1464 446 1778 499 secundum
1831 450 2070 515 Aposto-

376 546 518 611 lum,
552 547 668 601 Non
696 549 773 599 est
822 544 882 598 in
929 558 1165 598 sermone
1209 541 1431 596 verbum
1475 543 1600 608 Dei,
1630 542 1724 595 sed
1767 544 1825 596 in
1870 544 2072 596 virtute

375 640 424 688 et
451 634 837 704 praedicatione
887 634 1174 698 Evangelii
1205 630 1254 700 (Ι
1281 632 1400 687 Cor.
1449 631 1508 701 ι).
1545 632 1665 684 Non
1695 631 1753 684 in
1783 631 2068 701 persuasi-

377 723 584 778 liilibus
624 723 892 776 humanm
945 721 1239 792 sapientiae
1294 720 1480 773 verbis
1531 720 1800 784 consistit,
1855 721 1956 775 sed
2009 721 2069 774 in

375 811 700 866 ostensione
750 811 981 880 spiritus
1026 815 1083 863 et
1113 809 1357 871 virtutis,
1420 814 1480 862 ut
1529 811 1672 864 ﬁdes
1711 814 1904 863 nostra
1956 827 2068 863 non

375 900 432 954 in
460 899 736 970 sapientia
763 900 1088 965 hominum,
1119 899 1217 951 sed
1246 898 1305 951 in
1339 899 1545 952 virtute
1582 897 1679 951 Dei
1711 898 1802 952 sit.

445 991 606 1043 Vens.
663 991 752 1040 ‘22.
807 989 1058 1052 Deferens
1117 988 1243 1042 inde
1292 1003 1508 1048 aurum,
1561 993 1668 1041 etc.
1747 986 1865 1057 (lo.)
1923 986 2066 1051 Quid

373 1093 578 1131 aurum
610 1081 983 1146 argentumvc
1014 1076 1318 1146 signiticet,
1376 1083 1504 1140 etc.,
1568 1092 1736 1146 usque
1782 1077 1856 1130 ad
1909 1092 2069 1130 arma

371 1166 576 1220 bellica
607 1165 991 1236 prosequitur.

443 1256 602 1309 Vens.
663 1257 750 1308 26.
807 1285 871 1292 —
925 1257 1386 1322 Congreguuitque
1446 1255 1712 1316 Salomon,
1780 1260 1884 1307 etc.
1935 1254 2066 1324 (11).)

375 1344 451 1397 De
482 1343 570 1396 his
599 1341 876 1412 Josephus
907 1342 1296 1412 prosequitur.
1330 1343 1762 1395 Exornabantur
1805 1357 2062 1395 ascenso-

373 1447 460 1486 res
514 1447 736 1496 eorum,
779 1431 1028 1501 primum
1063 1431 1264 1484 decora
1305 1432 1604 1500 juventute
1643 1433 1932 1495 ﬂorentes,
1965 1431 2065 1484 ha-

370 1521 570 1574 bentes
602 1535 871 1590 magnam
900 1519 1323 1590 proceritatem,
1355 1519 1741 1573 diﬂ‘undentes
1771 1519 1831 1572 in
1888 1535 2062 1589 equo-

369 1625 500 1663 rum
567 1608 816 1662 sessione
843 1623 1086 1674 comam,
1141 1624 1324 1679 purpa
1353 1607 1780 1673 circumamicti,
1840 1607 1940 1678 qui
1974 1623 2061 1661 ar-
2105 1642 2141 1695 Β

370 1698 508 1752 mati
541 1697 850 1752 existentes
880 1697 1027 1751 circa
1066 1713 1262 1767 regem
1321 1712 1598 1768 arcusque
1630 1699 1875 1751 ferentes
1905 1695 2067 1768 equi-

371 1787 568 1842 tabant
598 1792 730 1841 ante
761 1802 913 1854 eum,
948 1785 1176 1856 quando
1209 1786 1278 1839 ad
1311 1787 1494 1840 locum
1545 1785 1794 1856 aliquem
1829 1785 2070 1840 debebat

371 1875 546 1930 exire.

1049 1964 1274 2018 CAPUT
1308 1965 1394 2017 XI.

442 2070 606 2123 Vens.
648 2074 693 2123 1.
731 2101 797 2108 -
828 2071 953 2124 Rea:
981 2075 1177 2123 autem.
1235 2068 1416 2138 (ΗΑΒ.)
1455 2068 1820 2124 Salomonem
1878 2069 2070 2140 arguit

371 2158 739 2212 vehementer
794 2157 1105 2229 Scriptura,
1160 2162 1290 2222 etc.,
1370 2173 1538 2226 usque
1592 2158 1666 2211 ad
1713 2158 1862 2212 mala
1915 2158 2067 2212 illius

372 2246 521 2300 male
554 2246 815 2300 Ecclesiae
836 2245 1178 2315 signiﬁcant.

445 2337 608 2389 Vens.
634 2339 721 2391 27.
752 2367 817 2375 ——
855 2337 1197 2403 Voraginem.
1233 2336 1422 2390 Murus
1445 2335 1685 2389 civitatis
1715 2335 1938 2401 cecidit,
1998 2352 2066 2390 eo

371 2425 524 2496 quod
553 2441 616 2478 ex
648 2441 762 2479 uno
787 2426 960 2479 latere
986 2425 1301 2497 praecipitio
1327 2424 1670 2478 immineret.
1695 2424 1874 2488 Quam
1902 2441 2064 2478 vora-

373 2512 567 2583 ginem
595 2529 726 2568 cum
748 2530 845 2567 rex
866 2514 1036 2568 vellet
1053 2523 1351 2584 coaaquare
1375 2512 1572 2578 muris,
1598 2513 1896 2567 constituit
1913 2514 2066 2568 duci-

371 2602 500 2670 bus,
535 2607 599 2655 ut
626 2602 1062 2671 hocimplerent
1090 2619 1268 2672 opus;
1314 2601 1411 2655 sed
1443 2601 1763 2668 Jeroboam,
1797 2602 1895 2672 qui
1945 2606 2066 2655 erat

374 2691 637 2761 princeps
675 2691 854 2745 tribus
876 2692 1105 2762 Ioseph,
1150 2692 1333 2746 noluit
1361 2692 1593 2746 obedire
1625 2691 1766 2762 regi,
1801 2691 1902 2762 qui
1929 2707 2062 2744 con-

373 2780 634 2834 stituerat
672 2797 803 2834 eum
827 2781 986 2852 prius
1015 2797 1186 2851 super
1207 2782 1449 2835 aediﬁcia
1473 2781 2062 2852 propugnaculorum,

373 2885 502 2941 qua:
531 2869 770 2924 faciebat
803 2870 863 2924 iu
889 2870 1274 2939 Jerosolymis,
1310 2871 1408 2924 ubi
1441 2870 1717 2924 laboravit
1742 2869 1839 2935 ita,
1877 2875 1940 2924 ut
1966 2886 2064 2924 rex

374 2958 826 3029 eiprincipatum
850 2958 1070 3013 militiae
1097 2976 1268 3029 super
1296 2959 1510 3014 tribum
1531 2959 2063 3029 Josephconferret.

374 3047 480 3102 Sed
511 3047 735 3102 rebellis
778 3047 957 3102 factus
1003 3049 1294 3117 egreditur
1324 3048 1392 3103 de
1429 3049 1742 3103 Jerusalem
1780 3065 1792 3101 :
1853 3048 1945 3102 cui
1975 3065 2069 3102 oc-

372 3136 553 3190 currit
583 3137 864 3206 propheta
893 3137 1199 3192 deﬂectens
1228 3154 1362 3192 cum
1393 3137 1452 3191 in
1498 3154 1724 3208 agrum,
1764 3142 1825 3190 ut
1877 3139 2068 3191 nullus

375 3226 598 3280 audiret
642 3226 780 3296 quid
839 3228 890 3281 ei
941 3227 1167 3281 diceret.
1227 3229 1529 3297 Elatusque
1571 3210 2069 3296 verbispropbetaa

377 3314 650 3368 suadebat
676 3316 906 3385 populo,
943 3321 1007 3368 ut
1037 3331 1094 3368 se
1118 3331 1308 3385 regem
1342 3316 1550 3368 faceret
1583 3314 1782 3378 :Quod
1835 3314 2072 3368 audiens

379 3400 651 3454 Salomon
683 3401 978 3472 quaerebat
1010 3419 1142 3456 eum
1176 3403 1515 3457 interﬁcere.

447 3491 585 3544 Erat
615 3494 813 3543 autem.
848 3491 959 3544 Hoc
985 3491 1320 3544 mandatum
1354 3490 1732 3560 restitutionis
1773 3506 2070 3546 murorum

378 3577 675 3632 recusavit.
700 3577 808 3632 Sed
838 3578 990 3632 unde
1023 3583 1181 3633 tanta
1211 3579 1487 3634 audacia?
1542 3579 1678 3650 quia
1708 3595 1803 3634 rex
1861 3579 2070 3634 consti-

378 3671 569 3719 tuerat
595 3681 725 3719 eum
757 3667 1109 3737 praefectum.

456 3754 608 3808 Tolle
631 3755 751 3808 tibi.
802 3754 984 3826 (ΗΑΒ.)
1019 3757 1221 3810 Decem
1252 3755 1489 3810 tribusa
1545 3757 1714 3811 domo
1762 3757 1935 3811 David
1985 3774 2072 3812 se-

379 3847 592 3914 paratae
619 3849 768 3906 sunt,
801 3849 932 3912 etc.,
965 3860 1134 3914 usque
1162 3845 1236 3898 ad
1251 3844 1388 3916 quia
1418 3861 1558 3900 unus
1587 3849 1745 3910 Deus,
1780 3862 1890 3900 una
1917 3847 2070 3917 ﬁdes,

379 3947 544 3986 unum
567 3933 857 4002 baptisma.

451 4023 612 4076 Vens.
661 4023 750 4077 42.
809 4053 876 4063 -
908 4025 1003 4077 Dei
1053 4029 1250 4078 autem.
1307 4023 1588 4094 Josephus
1615 4023 1757 4078 dixit
1809 4040 2073 4094 regnasse

380 4111 666 4182 octoginta
699 4112 884 4179 annis,
917 4117 974 4166 et
1029 4113 1226 4166 vniisse
1280 4113 1594 4183 nonaginta
1637 4118 1902 4184 quatuor.
1963 4114 2074 4168 Sed

379 4200 570 4254 divina
601 4200 894 4270 Scriptura
924 4218 1018 4254 eos
1048 4205 1271 4254 tantum
1324 4218 1505 4255 annos
1535 4200 1806 4272 exprimit
1863 4200 2072 4271 quibus

381 4288 642 4358 regnavit
671 4293 980 4360 antequam
1015 4289 1502 4360 praevaricaretur.

1047 4415 1270 4469 CAPUT
1310 4413 1424 4468 XII.

454 4519 610 4573 Vens.
648 4520 762 4573 1-4.
802 4548 872 4560 -
910 4521 1066 4575 ῐέηἰί
1095 4525 1292 4575 autem.
1349 4521 1737 4574 Durissimum.
1785 4519 2077 4584 Quomodo

381 4607 488 4662 hoc
516 4623 713 4660 verum
743 4613 845 4674 est,
887 4625 1015 4662 cum
1067 4609 1328 4679 superius
1360 4609 1576 4664 dictum
1608 4608 1698 4676 sit,
1733 4607 1885 4680 quod
1918 4609 2077 4664 Salo-

381 4713 519 4752 mon
581 4711 694 4750 non
767 4697 1063 4752 constituit
1138 4713 1485 4768 quemquam
1553 4699 1766 4753 servire
1819 4697 1888 4752 de
1944 4697 2078 4752 ﬁliis

380 4785 598 4840 Israel?
631 4784 833 4855 Utique
891 4801 1005 4860 non
1054 4787 1189 4841 fecit
1219 4803 1315 4840 eos
1366 4787 1576 4840 servire
1625 4787 1684 4840 in
1726 4787 2078 4858 agricultura

377 4874 467 4928 vel
501 4873 612 4928 alio
659 4873 848 4928 servili
881 4891 1075 4945 opere.
1121 4877 1332 4930 Verum
1383 4875 1670 4947 principes
1710 4893 1778 4930 ex
1834 4875 1914 4928 eis
1945 4891 2078 4928 con-

381 4962 572 5016 stituit
603 4965 704 5034 pei‘
762 4961 1016 5034 singulas
1061 4965 1266 5029 tribus,
1300 4963 1399 5035 qui
1439 4963 1754 5018 reddebant
1807 4963 1930 5034 regi
1972 4980 2076 5034 per

380 5050 528 5106 vices
557 5050 798 5122 singulis
852 5051 1147 5107 mensibus
1177 5067 1484 5118 annonam,
1537 5057 1664 5113 etc.,
1704 5068 1833 5124 qua:
1884 5053 1951 5107 de
1983 5068 2079 5105 ex-

383 5154 560 5211 pensa
609 5139 762 5208 regis
791 5140 1051 5210 superius
1098 5139 1437 5203 referuntur,
1466 5139 1622 5211 quod
1651 5140 1823 5194 modo
1889 5139 2075 5193 duris-

384 5227 596 5280 simum
623 5226 832 5298 jugum
871 5229 1180 5298 appellant.

454 5315 615 5369 Vens.
652 5317 704 5370 8.
736 5346 808 5356 —-
833 5315 1228 5372 Adolescentes.
1261 5318 1338 5372 De
1368 5317 1575 5388 quibus
1624 5316 1879 5372 Aduram
1929 5333 2074 5371 unus

383 5403 491 5458 fuit
515 5403 612 5474 qui
662 5408 856 5473 postea
891 5405 1172 5474 lapidatus
1199 5411 1302 5460 est.
1361 5407 1604 5471 Iuvenes
1634 5405 1925 5476 Scriptura
1961 5422 2074 5460 non

385 5509 613 5562 semper
637 5493 802 5564 juxta
833 5499 1058 5548 aetatem
1093 5495 1361 5565 appellat,
1405 5496 1498 5550 sed
1519 5495 1684 5564 juxta
1738 5495 2074 5549 instabilita-

2182 461 2334 499 anno
2368 461 2610 514 regnare
2641 443 2828 514 C(epit.

2254 534 2414 588 Vens.
2455 537 2537 588 11.
2573 565 2638 574 -
2669 532 3072 604 Scorpionibus.
3109 534 3299 587 Genus
3340 537 3428 586 est
3477 533 3705 604 ﬂagelli,
3732 533 3857 589 sicut

2182 629 2239 676 et
2269 623 2337 676 de
2368 622 2544 694 spinis
2579 625 2662 676 vel
2705 621 2977 692 pomariis
3016 623 3200 674 solent
3255 638 3376 675 esse
3418 622 3592 691 virgae
3625 622 3851 689 nodosas,

2185 712 2277 765 Vel
2313 711 2484 765 etiam
2517 710 2808 782 ﬂagellum
2864 711 3278 765 Saracenorum
3310 726 3441 764 cum
3501 710 3720 765 duabus
3775 714 3846 766 vel

2180 801 2362 855 tribus
2411 801 2604 870 virgis,
2654 800 2806 872 quod
2861 799 3032 854 habet
3083 800 3142 854 in
3197 799 3522 854 summitate
3580 799 3856 870 plumbeas

2181 887 2436 958 glandes,
2469 888 2609 941 alias
2626 887 2956 958 grandines.

2253 975 2422 1030 Vens.
2457 978 2544 1030 23.
2579 1005 2648 1015 -—-
2675 977 2772 1030 Ad
2800 977 3050 1031 Roboam.
3079 976 3258 1045 (ΒΑΗ.)
3293 975 3548 1031 Roboam
3578 975 3647 1029 de
3704 974 3854 1028 domo

2183 1064 2353 1118 David
2386 1064 2510 1130 fuit,
2546 1071 2675 1131 etc.,
2708 1081 2876 1134 usque
2907 1066 2981 1118 ad
3011 1070 3060 1118 et
3089 1065 3246 1133 cujus
3273 1067 3547 1134 principes
3579 1067 3854 1118 vescuntur

2180 1155 2236 1206 in
2262 1159 2494 1224 tempore
2515 1169 2631 1208 suo.

2251 1243 2412 1298 Vens.
2447 1247 2535 1297 ‘28.
2600 1272 2660 1282 —
2722 1245 2864 1298 Fecit
2923 1243 3075 1298 duos.
3138 1243 3436 1296 .lerobcam
3493 1257 3670 1312 quare
3726 1240 3852 1294 vitu-

2179 1331 2264 1383 lus
2293 1331 2510 1398 fecerit,
2564 1333 2647 1386 vel
2696 1333 2986 1404 quomodo
3034 1333 3309 1403 Iosephus
3373 1330 3719 1384 sufﬁcienter
3765 1346 3853 1384 ex-

2177 1419 2358 1489 ponit.

2824 1545 3048 1599 CAPUT
3089 1545 3224 1598 XIII.

2253 1687 2412 1742 Vens.
2451 1693 2497 1743 1.
2521 1718 2592 1728 -
2621 1692 2753 1744 Ecce
2781 1690 2888 1742 vir.
2935 1688 3106 1759 Cujus
3135 1704 3347 1743 nomen
3391 1687 3482 1742 hic
3535 1691 3770 1754 tacetur,
3806 1686 3858 1740 in

2179 1775 2628 1848 Paralipomenis
2660 1777 2854 1832 Gaddo
2905 1783 3134 1830 vocatur
3178 1777 3265 1830 vel
3307 1781 3695 1846 nuncupatur.
3749 1776 3860 1844 Ipse

2179 1869 2266 1918 est
2295 1865 2412 1918 Gad
2443 1865 2542 1935 qui
2574 1864 2798 1918 monuit
2831 1863 3003 1918 David
3032 1863 3115 1917 ire
3165 1864 3222 1917 in
3256 1869 3466 1917 terram
3493 1863 3656 1918 Juda.
3691 1862 3858 1930 (11η.)

2177 1953 2528 2024 Proplieta-a
2562 1955 2675 2006 Deo
2707 1953 2932 2020 missus,
2969 1958 3110 2020 etc.,
3144 1968 3313 2023 usque
3344 1953 3419 2006 ad
3449 1952 3751 2023 poenitenti
3780 1967 3860 2004 ve-

2177 2043 2274 2096 nia
2303 2043 2553 2096 daretur.

2251 2132 2412 2185 Vens.
2449 2135 2533 2186 11.
2589 2161 2659 2171 -
2689 2132 2993 2200 Prophetes.
3047 2131 3156 2185 Iste
3187 2130 3687 2202 pseudopropheta
3719 2128 3862 2201 prin-

2177 2236 2308 2291 ceps
2339 2226 2460 2274 erat
2491 2221 2870 2286 sacerdotum,
2909 2225 2963 2273 et
2995 2220 3156 2274 valde
3184 2236 3217 2272 a
3263 2235 3396 2290 rege
3427 2219 3722 2274 colebatur
3750 2223 3862 2271 tan-

2175 2299 2350 2381 quam
2384 2309 2608 2363 divinus
2635 2329 2650 2376 ;
2681 2309 2892 2363 timens
2924 2315 3116 2362 autem
3151 2325 3222 2362 ne
3270 2325 3374 2378 per
3405 2325 3730 2362 sermonem
3767 2305 3863 2359 viri

2180 2398 2279 2452 Dei
2310 2414 2404 2452 rex
2439 2414 2473 2451 a
2499 2399 2721 2452 cultura
2751 2398 3037 2451 idolorum
3071 2397 3380 2461 recederet,
3423 2401 3479 2450 et
3508 2413 3567 2451 se
3598 2403 3863 2467 tanquam

2176 2487 2501 2540 maleﬁcum
2546 2486 2912 2552 interﬁceret,
2946 2485 3288 2556 excogitavit
3333 2490 3396 2540 ut
3434 2485 3616 2538 virum
3657 2483 3754 2539 Dei
3781 2483 3864 2536 de-

2175 2574 2407 2644 ciperet,
2447 2574 2581 2628 satis
2632 2580 2819 2628 astute
2853 2590 3048 2645 agens,
3097 2579 3159 2628 ut
3188 2573 3326 2628 dum
3376 2574 3867 2644 transgrederetur

2175 2669 2525 2735 przrceptum
2571 2663 2690 2731 Dei,
2725 2663 2879 2716 illius
2931 2663 3075 2718 iram
3106 2662 3442 2725 incurreret,
3493 2663 3640 2716 sicut
3679 2666 3867 2734 postea

2173 2752 2325 2811 fecit.
2359 2769 2489 2806 cum
2521 2752 2704 2822 magis
2733 2751 2954 2806 homini
2987 2769 3159 2823 quam
3200 2753 3312 2806 Deo
3337 2751 3578 2805 credidit
3601 2792 3614 2805 .
3647 2755 3725 2805 Ac
3771 2764 3869 2820 per

2173 2841 2280 2895 hoc
2333 2846 2793 2895 monstrarentur
2838 2857 2958 2894 esse
3010 2841 3149 2895 falsa
3181 2857 3309 2912 qua:
3341 2840 3620 2910 praedixit,
3683 2839 3869 2909 sicque

2097 2923 2137 2979 C
2175 2929 2298 3001 regi
2327 2930 2667 3002 persuadere
2716 2933 2962 3000 possent,
3017 2929 3162 2983 sicut
3189 2929 3337 2983 fecit.
3381 2929 3636 2983 Audiens
3685 2932 3872 2981 autem

2177 3037 2277 3075 rex
2306 3023 2594 3084 eventum,
2627 3018 2850 3089 putavit
2888 3018 3048 3072 irrita
3088 3034 3218 3088 quae.
3266 3017 3353 3072 vir
3390 3017 3488 3072 Dei
3517 3017 3760 3082 dixerat,
3812 3020 3867 3070 et

2179 3124 2293 3163 non
2328 3107 2637 3162 declinavit
2657 3124 2688 3160 a
2715 3107 2800 3160 via
2835 3123 2938 3160 sua
2969 3107 3140 3160 mala.

2251 3199 2444 3254 Omnia
2473 3212 2664 3265 opraa,
2697 3201 2803 3250 etc.
2832 3196 3042 3266 (Gneo.)
3079 3197 3143 3250 In
3173 3195 3346 3267 gestis
3379 3195 3679 3266 prophetae
3737 3193 3875 3248 mira

2180 3286 2541 3348 antecedunt,
2589 3283 2798 3337 misera
2826 3284 3180 3338 succedunt:
3223 3300 3337 3355 qua
3363 3284 3421 3338 in
3473 3300 3534 3338 re
3565 3283 3709 3355 quid
3765 3283 3876 3336 col-

2179 3376 2412 3446 ligimus
2432 3373 2460 3430 7
2491 3372 2603 3427 nisi
2644 3373 2796 3444 quod
2823 3373 2974 3443 apud
2997 3389 3057 3426 se
3085 3378 3318 3444 propter
3362 3372 3650 3443 magnalia
3673 3372 3877 3442 gloria-

2180 3469 2271 3519 tus
2300 3465 2372 3518 ab
2403 3463 2628 3516 interna
2663 3478 2792 3515 mox
2833 3461 3120 3516 soliditate
3152 3465 3236 3515 est
3287 3467 3607 3532 quassatus.
3659 3467 3720 3515 et
3747 3460 3875 3515 inde

2182 3554 2236 3608 ei
2265 3554 2320 3606 in
2354 3567 2524 3623 opere
2557 3551 2725 3620 culpa
2756 3550 3035 3622 subrepit,
3081 3551 3232 3605 unde
3268 3550 3376 3604 sibi
3403 3551 3583 3620 gloria
3613 3550 3678 3604 in
3710 3549 3875 3603 corde

2183 3639 2489 3712 subrepsit,
2521 3644 2584 3693 ut
2613 3655 2644 3692 a
2667 3639 2944 3709 propheta
2979 3639 3119 3693 falso
3146 3639 3386 3693 disceret
3421 3639 3718 3709 deceptus,
3747 3637 3878 3710 quia

2181 3743 2543 3802 nequaquam
2575 3727 2823 3798 prapriae
2855 3727 3202 3781 fortitudinis
3250 3727 3360 3780 fuit
3399 3727 3553 3798 quod
3585 3728 3754 3798 prius
3803 3742 3879 3780 ac-

2182 3820 2427 3874 cidisset.

2255 3906 2417 3960 Vens.
2463 3907 2553 3958 2t.
2601 3933 2668 3943 —
2721 3905 2843 3958 Haec
2893 3904 3030 3958 dicit
3075 3906 3351 3959 Dominus.
3385 3904 3506 3974 (Ιυ.)
3569 3903 3727 3958 Bene
3782 3918 3879 3956 au-

2183 3999 2300 4048 tem
2337 4009 2434 4047 ore
2465 3993 2588 4064 ejus
2644 3992 2988 4047 sententiam
3046 3993 3246 4047 mortis
3288 3994 3524 4062 accepit,
3572 3993 3742 4064 cujus
3803 4007 3882 4044 re-

2184 4081 2446 4136 ductiona
2477 4098 2509 4136 a
2537 4081 2669 4136 vita:
2703 4082 3007 4152 praeceptis
3048 4081 3312 4149 deviavit,
3363 4087 3425 4135 ut
3452 4081 3587 4135 inde
3645 4095 3883 4154 pcenam

2182 4170 2457 4224 veraciter
2485 4172 2756 4235 sumeret,
2792 4170 2942 4224 unde
2989 4171 3216 4240 culpam
3275 4169 3635 4241 negligenter
3697 4168 3881 4224 admi-

2104 4275 2148 4328 ι)
2189 4258 2370 4324 sisset,

2257 4348 2416 4400 Vens.
2451 4346 2536 4400 24.
2570 4375 2638 4386 -—
2669 4348 2739 4400 Et
2763 4345 2839 4400 leo
2895 4345 3097 4412 stabat,
3157 4350 3264 4400 etc.
3300 4346 3484 4416 (ΗΑΒ.)
3534 4346 3630 4401 Hic
3693 4351 3884 4402 osten-

2186 4434 2361 4498 ditur,
2390 4435 2542 4505 quod
2596 4438 2893 4506 peccatum
2962 4434 3371 4489 inobedientias
3434 4435 3492 4488 in
3523 4435 3648 4506 ipsa
3701 4439 3885 4490 morte

2184 4523 2294 4578 fuit
2331 4524 2604 4585 laxatum,
2627 4523 2762 4594 quia
2791 4523 2898 4576 iste
2929 4523 3078 4578 idem
3119 4523 3230 4586 leo,
3259 4525 3360 4595 qui
3391 4524 3677 4579 viventem
3739 4540 3883 4595 pra:-

2186 4611 2430 4682 sumpsit
2484 4611 2758 4679 occidere,
2815 4627 2989 4666 ausus
3041 4611 3379 4683 contingere
3429 4629 3548 4667 non
3600 4617 3690 4667 est
3739 4611 3884 4668 occi-

2186 4716 2331 4754 sum.
2365 4701 2473 4764 Qui
2516 4701 2672 4755 enim
2705 4700 3004 4755 occidendi
3045 4700 3248 4756 habuit
3293 4703 3758 4772 potestatem,de
3800 4717 3886 4756 oc-

2185 4789 2288 4844 cisi
2325 4789 2597 4843 cadavere
2639 4789 2980 4845 comedendi
3010 4789 3298 4844 licentiam
3328 4806 3445 4845 non
3475 4791 3718 4862 accepit,
3751 4790 3886 4862 quia

2184 4878 2234 4931 is
2266 4877 2428 4947 cujus
2456 4878 2625 4948 culpa
2653 4877 2713 4930 in
2750 4878 2866 4933 vita
2892 4879 3076 4933 fuerat
3103 4879 3330 4950 punita,
3390 4885 3512 4934 erat
3545 4879 3669 4950 jam
3690 4880 3886 4950 justus

2186 4983 2252 5021 ex
2285 4971 2490 5020 morte.

2256 5055 2418 5110 Vens.
2488 5058 2575 5110 31.
2608 5086 2676 5094 —
2714 5057 2961 5125 Sepelite,
3020 5059 3125 5112 etc.
3176 5055 3352 5110 Malus
3382 5055 3664 5127 propheta
3702 5053 3889 5109 sciens

2185 5141 2415 5197 evenire
2448 5160 2572 5215 quae
2621 5145 2709 5197 vir
2735 5144 2834 5198 Dei
2879 5144 3162 5215 praedixit,
3219 5145 3490 5216 praecepit
3519 5149 3581 5198 ut
3610 5141 3883 5214 sepelire-

2184 5235 2279 5286 tur
2323 5231 2486 5302 juxta
2517 5232 2701 5286 virum
2744 5233 2866 5300 Dei,
2899 5250 2970 5289 ne
2996 5234 3226 5306 quando
3278 5251 3403 5287 ossa
3454 5233 3610 5288 illius
3641 5232 3885 5287 combu-

2183 5319 2363 5374 renda
2392 5320 2799 5389 eﬂ'oderentur,
2841 5322 2938 5377 sed
2968 5325 3459 5387 conservarentur,
3496 5337 3600 5392 per
3617 5324 3886 5374 sanctum

2182 5407 2550 5478 prophetam,
2604 5409 2750 5463 sicut
2800 5408 3042 5464 inferius
3090 5409 3246 5464 idem
3300 5413 3544 5463 testatur
3573 5408 3722 5463 liber
3778 5406 3883 5460 im-

2182 5496 2402 5566 pletum
2415 5539 2428 5552 .
