4062 6180
153 243 235 289 nos
1262 238 1517 293 CLOSSA
1557 237 1814 295 ORUINA

2010 267 2077 277 —
2121 238 2247 291 LIB.
2294 236 2363 289 Ill
2411 235 2566 291 REG.

3528 235 3629 285 ϋοϋ

208 362 358 415 Vens.
392 364 479 415 25.
516 391 581 401 —-
613 361 873 415 Ascendit
925 364 1103 425 δέεαι),
1154 365 1262 414 etc.
1294 360 1694 439 Sequebantur
1731 378 1818 416 re-
1852 364 1898 415 A
1934 361 2101 414 Josue
2183 363 2354 429 atque
2431 355 2923 419 anathematizata,
2985 353 3206 407 Jericho
3269 353 3479 406 muenia
3536 368 3629 406 re-

140 468 250 521 gem
310 450 537 521 zEgypti
588 467 786 503 currus
830 449 981 503 mille
1010 455 1065 503 et
1095 449 1342 515 ducenti,
1376 451 1636 521 equitum
1667 468 1821 505 sexa-

137 540 283 610 ginta
320 539 519 603 millia,
555 543 611 592 et
642 539 1024 609 quadraginta
1049 538 1228 592 millia
1262 539 1541 609 peditum,
1575 556 1820 612 quorum

136 626 406 696 plurimos
462 627 708 681 habebat
774 627 989 697 Libyes,
1058 632 1113 681 et
1172 628 1482 699 Aﬁthiopes.
1552 629 1823 683 lnvadens

136 716 319 786 itaque
354 716 723 770 Hebraeorum
756 717 1073 786 regionem,
1109 717 1521 771 mu‘nitissimas
1571 717 1823 772 civitates

134 804 245 857 sine
274 804 643 859 dimicatione
676 804 940 869 detinuit,
970 810 1074 859 etc.

792 944 1016 998 CAPUT
1053 945 1158 998 XV.

196 1082 363 1136 Vens.
394 1086 443 1136 6.
471 1114 538 1121 ——
560 1085 822 1140 Attamen
850 1084 1045 1139 bellum
1071 1088 1182 1152 fuit
1204 1088 1343 1139 inter
1372 1086 1571 1141 Abium
1592 1091 1640 1141 et
1668 1089 1823 1141 Jero-

132 1172 276 1224 bourn
302 1174 468 1236 omni,
504 1177 608 1226 etc.
637 1173 938 1228 Jeroboam
969 1176 1149 1228 multo
1178 1175 1427 1229 exercitu
1450 1183 1819 1246 congregato,

130 1265 323 1313 contra
362 1260 563 1314 Abiam
588 1262 765 1315 tilium
790 1262 1062 1329 Roboam,
1097 1264 1193 1334 qui
1226 1264 1284 1317 in
1315 1264 1533 1318 duabus
1562 1264 1837 1331 tribubus

130 1347 269 1418 patri
298 1350 585 1412 successit,
619 1355 1050 1405 castrametatus
1085 1356 1184 1406 est.
1220 1353 1377 1416 Quod
1411 1369 1538 1405 cum
1572 1354 1820 1407 audisset

132 1437 282 1501 Abia,
348 1437 775 1508 obstupefactus
826 1445 942 1505 est;
1010 1458 1207 1496 verum
1265 1443 1582 1510 roboratus,
1639 1444 1819 1497 electo

132 1526 375 1581 exercita
425 1528 669 1580 occurrit
724 1528 1026 1583 Jeroboam
1076 1530 1134 1583 in
1192 1531 1379 1584 locum
1439 1531 1537 1601 qui
1590 1538 1821 1585 vocatur

132 1616 278 1669 Mons
326 1617 818 1683 Amorrhaeorum,
872 1618 1130 1690 Cumque
1180 1620 1497 1674 orationem
1527 1620 1820 1675 habuisset

131 1702 194 1755 ad
255 1704 571 1758 exercitum
637 1705 923 1771 Jerobam,
986 1707 1218 1761 tandem
1268 1708 1402 1762 ait:
1464 1710 1526 1762 In
1584 1726 1695 1780 quo
1750 1709 1819 1763 de

132 1790 419 1845 victoriam
454 1793 587 1847 estis
617 1795 1005 1849 confidentes?
1054 1798 1139 1850 Au
1188 1796 1248 1849 in
1293 1796 1480 1849 vitulis
1538 1796 1725 1851 aureis
1773 1803 1827 1851 et

134 1880 255 1945 aris,
289 1897 425 1951 quin
460 1888 657 1936 vestra:
718 1889 850 1937 sunt
902 1883 1213 1954 impietatis
1272 1890 1327 1938 et
1382 1902 1494 1938 non
1529 1885 1825 1956 religionis

134 1969 384 2023 indicia?
450 1975 533 2025 An
599 1972 907 2026 multitudo
965 1989 1124 2043 spem
1174 1973 1332 2027 vobis
1382 1974 1666 2044 prmbuit?
1717 1975 1821 2028 Sed

134 2057 281 2111 nulla
338 2059 516 2112 virtus
549 2060 662 2113 illic
701 2065 804 2127 est,
844 2060 940 2114 ubi
974 2061 1129 2130 (licet
1158 2078 1284 2115 cum
1322 2064 1517 2116 multis
1548 2064 1823 2134 millibus)

132 2144 253 2201 licet
274 2162 429 2199 unus
448 2153 666 2217 pugnat
685 2148 920 2216 injuste.
952 2149 1324 2204 Solummodo
1348 2150 1499 2204 enim
1519 2151 1577 2204 in
1598 2152 1825 2221 justitia

134 2242 180 2288 et
233 2235 448 2305 pietate
501 2253 628 2307 spes
681 2238 931 2291 victorias
962 2239 1226 2293 consistit
1261 2256 1389 2310 quae
1434 2240 1642 2295 scilicet
1673 2241 1825 2311 apud

136 2340 225 2377 nos
254 2330 365 2390 est,
401 2330 707 2391 servantes,
745 2343 776 2380 a
824 2327 1113 2398 principio
1144 2328 1297 2398 leges
1328 2334 1384 2382 et
1415 2345 1609 2383 verum
1646 2330 1824 2383 Deum

135 2419 486 2480 venerantes,
548 2419 650 2467 etc.
714 2415 858 2468 Deus
912 2421 1103 2471 autem
1162 2417 1443 2471 exercitus
1502 2418 1825 2473 Jeroboami

134 2501 421 2555 audaciam
473 2501 782 2569 dissolvit;
838 2505 1151 2559 exercitum
1232 2512 1423 2561 autem
1482 2508 1638 2562 Abiaa
1695 2508 1828 2563 fecit

135 2589 513 2645 excelsiorem.
566 2592 705 2645 Nam
755 2597 970 2663 quanta
1001 2595 1159 2648 nullo
1216 2595 1369 2649 bello
1419 2596 1663 2650 refertur
1709 2614 1824 2651 cae-

136 2676 224 2731 des
272 2678 447 2731 fuisse
494 2679 819 2745 commissa,
852 2696 1039 2752 neque
1083 2683 1432 2751 Graecorum,
1472 2701 1659 2755 neque
1695 2687 1827 2739 Bar-

132 2762 423 2831 barorum,
480 2766 800 2819 mirabilem
852 2775 1250 2838 perceperunt,
1313 2772 1425 2824 Deo
1477 2770 1822 2837 conferente,

132 2850 446 2906 victoriam.
474 2853 783 2924 Quinginta
814 2856 971 2910 enim
997 2856 1181 2911 millia
1219 2858 1471 2913 hostium
1504 2859 1653 2914 bello
1688 2876 1825 2930 pro-

128 2944 298 2995 strata
342 2949 478 2997 sunt
515 2948 619 2997 etc.

776 3076 1001 3131 CAPUT
1041 3079 1172 3132 XVI.

201 3192 361 3247 Vens.
408 3196 462 3245 ιι.
499 3222 564 3233 -
604 3194 799 3247 Factus
849 3198 927 3247 est
982 3198 1159 3247 autem
1198 3209 1388 3259 sermo,
1450 3200 1553 3248 etc.
1610 3196 1822 3252 Mentio

124 3281 291 3352 hujus
318 3281 621 3351 prophetae
653 3282 709 3335 in
739 3282 894 3335 nullo
914 3282 1026 3337 alio
1056 3284 1179 3336 loco
1208 3284 1291 3351 ﬁt,
1317 3284 1411 3337 sed
1436 3285 1622 3339 subito
1644 3285 1823 3341 intro-

126 3370 351 3424 ducitur
410 3370 555 3423 sicut
609 3370 726 3436 alii,
782 3371 932 3425 unde
996 3371 1205 3426 Abdias
1254 3371 1460 3426 dicitur
1518 3376 1735 3445 pavisse
1766 3376 1825 3429 in

124 3458 412 3529 Speluncis
466 3464 691 3512 centum
726 3460 1051 3531 prophetas.
1099 3462 1162 3515 Et
1207 3461 1353 3515 Elias
1404 3462 1479 3515 ait
1521 3480 1533 3516 :
1585 3466 1826 3533 Prophe-

129 3552 207 3600 tas
240 3552 361 3601 tuos
422 3548 748 3602 occijerunt.
804 3550 867 3602 Et
924 3549 1029 3603 ﬁlii
1084 3551 1495 3621 prophetarum
1556 3553 1826 3623 leguntur

124 3636 440 3689 occurrisse
490 3636 707 3700 Eliszeo,
769 3654 1019 3707 quorum
1078 3639 1187 3692 alia
1240 3641 1397 3693 nulla
1463 3640 1526 3694 fit
1584 3644 1821 3711 mentio,

122 3725 277 3777 nulla
311 3723 578 3795 specialis
610 3724 941 3779 nominatio.

184 3814 348 3867 Vens.
403 3816 453 3867 3.
508 3843 576 3853 —
630 3815 778 3868 Ecce.
833 3815 993 3881 (ΗΑΒ.
1043 3816 1101 3869 in
1158 3816 1253 3871 lib.
1311 3819 1465 3885 Reg.,
1525 3824 1666 3880 tom,
1702 3820 1821 3889 III.)

124 3902 375 3956 Demetit
411 3901 686 3955 Dominus
717 3902 887 3972 hujus
941 3903 1028 3955 vel
1061 3903 1452 3975 cujuscunque
1496 3905 1681 3976 iniqui
1710 3922 1820 3976 po-

120 3992 379 4053 steriora,
453 4006 583 4043 cum
634 3996 859 4061 peccata
916 3995 1047 4060 post
1107 3992 1279 4045 ﬁnem
1328 3993 1457 4046 vita:
1510 3993 1819 4048 ulciscitur.

119 4078 365 4132 Demetit
412 4082 466 4131 et
504 4078 822 4148 posteriora
854 4078 1058 4132 domus
1106 4079 1247 4149 ejus,
1308 4097 1438 4134 cum
1471 4080 1822 4137 imitatorem

116 4168 346 4220 eternis
395 4166 738 4221 cruciatibus
786 4168 1039 4221 damnat.
1072 4168 1409 4240 Quicunque
1456 4186 1589 4239 ergo
1644 4188 1822 4242 usque

1936 448 2223 502 stauravit.
2278 448 2415 502 Cum
2464 445 2591 517 quis
2640 460 2858 504 eorum,
2915 442 3013 512 qui
3065 443 3121 495 in
3181 441 3422 495 Ecclesia
3468 440 3628 494 habi-

1934 542 2059 591 tum
2111 535 2408 607 religionis
2478 536 2927 605 assumpseraut,
2988 532 3058 586 ad
3119 530 3343 600 agenda
3397 529 3627 595 scelera,

1935 641 2062 695 quae
2095 625 2146 679 ei
2184 624 2457 679 Dominus
2492 624 2651 677 .lesus
2704 622 2761 675 in
2790 621 2879 674 die
2912 619 3269 690 baptismatis
3300 619 3628 682 donaverat,

1934 715 2107 782 redit,
2164 730 2419 785 quasque
2467 712 2587 782 ipse
2621 709 3199 765 anatliematizaverat
3227 707 3436 762 diaboli
3470 723 3630 777 pom-

1934 818 2053 871 pas,
2115 801 2402 855 luxuriose
2463 799 2701 852 vivcndo
2761 797 2985 867 repetit,
3058 812 3302 865 cumque
3364 810 3628 848 errorum

1932 892 2201 959 dogmata
2248 889 2334 942 vel
2392 889 2693 959 gentilium
2739 886 2957 940 fabulas
2990 884 3209 937 veritati
3240 882 3629 937 ecclesiasticae

1932 994 2045 1049 qua
2101 978 2355 1032 imbutus
2416 981 2517 1041 est,
2571 975 2819 1045 praefert,
2880 973 3040 1044 quasi
3084 972 3272 1027 Bethel
3306 970 3623 1041 egrediens,

1931 1066 2125 1120 ruinas
2180 1065 2403 1119 Jericho
2474 1064 2787 1118 resuscitat.
2848 1064 2897 1116 Is
2937 1067 2992 1115 et
3045 1062 3416 1114 fundamenta
3469 1059 3622 1121 fidei,

1933 1173 1962 1207 a
1998 1154 2203 1225 quibus
2263 1155 2407 1208 bona
2463 1153 2700 1207 aedilicia
2746 1152 3059 1216 inclinarat,
3096 1155 3152 1203 et
3183 1149 3427 1203 claustra
3460 1148 3625 1201 bonae

1933 1244 2169 1297 actionis
2198 1243 2403 1314 quibus
2432 1243 2627 1312 perﬁci
2652 1241 2947 1308 debuerat,
2983 1240 3187 1311 perdit.

2004 1335 2065 1387 In
2124 1332 2374 1387 Abiram.
2440 1332 2567 1401 (11).)
2633 1332 2773 1385 Cum
2832 1330 3089 1384 conditor
3137 1328 3361 1382 Jericho
3420 1326 3623 1382 funda-

1933 1426 2127 1474 menta
2174 1426 2433 1491 poneret,
2492 1419 2913 1491 primogenitus
2964 1419 3086 1488 ejus
3116 1417 3347 1471 nomine
3393 1416 3625 1470 Abiram

1930 1515 2189 1564 mortuus
2256 1514 2358 1563 est.
2410 1510 2551 1563 Cum
2598 1513 2792 1579 portas
2855 1508 3125 1572 muniret,
3195 1505 3382 1574 Segub
3440 1504 3624 1558 ﬁlium

1932 1615 2101 1652 suum
2189 1598 2564 1652 novissimum
2640 1596 2849 1662 amisit,
2928 1596 3088 1666 juxta
3157 1592 3626 1663 imprecationem

1931 1689 2120 1742 Josue.

2570 1756 2795 1811 CAPUT
2834 1755 2989 1809 XVII.

2006 1867 2177 1919 Vens.
2234 1868 2281 1919 l.
2333 1894 2401 1905 —
2452 1866 2522 1917 Et
2572 1864 2737 1918 dimit.
2803 1861 2979 1930 (ΗΑΒ.)
3032 1859 3177 1914 Elias
3219 1858 3630 1928 interpretatur

1938 1954 2081 2007 Deus
2112 1967 2257 2006 meus
2308 1954 2588 2019 Dominus,
2631 1952 2713 2003 vel
2773 1951 2917 2003 Deus
2952 1963 3114 2013 meus,
3141 1946 3255 2000 sive
3278 1950 3414 2000 Deus
3444 1946 3627 2012 fortis,

1934 2047 1989 2095 et
2014 2042 2298 2111 signiﬁcat
2350 2041 2660 2095 Christum.
2718 2038 3011 2093 Thesbites
3040 2039 3325 2106 captivans
3356 2050 3457 2088 seu
3498 2048 3628 2087 con-

1932 2135 2140 2184 vertens
2172 2129 2586 2199 interpretatur
2626 2143 2639 2181 :
2698 2131 2755 2180 et
2810 2127 2879 2180 de
2913 2124 3154 2179 Domino
3188 2126 3271 2177 est
3300 2122 3575 2192 scriptum
3612 2137 3623 2173 :

1934 2220 2207 2284 Converte,
2262 2216 2522 2281 Domine,
2576 2217 2951 2285 captivitatem
2997 2217 3255 2267 nostram.
3301 2209 3457 2265 Sicut
3497 2208 3627 2262 Mel-

1934 2306 2256 2373 chisedech,
2311 2306 2390 2359 ita
2432 2306 2563 2359 Etize
2597 2305 2759 2375 origo
2795 2307 3062 2368 taceatur,
3111 2316 3243 2354 cum
3274 2297 3460 2352 subito
3506 2298 3629 2366 ejus

1933 2411 2147 2449 nomen
2177 2393 2579 2459 introducitur,
2640 2397 2696 2447 et
2755 2392 2862 2445 hoc
2918 2391 2976 2444 in
3025 2387 3322 2444 Salvatoris
3352 2386 3629 2457 praeﬁgu-

1933 2483 2175 2537 ratione.

2007 2573 2077 2625 In
2116 2572 2272 2640 cujus
2323 2575 2622 2639 conspectu.
2659 2570 2779 2639 (Ιυ.)
2822 2570 2882 2623 In
2914 2572 3219 2638 conspectu
3265 2562 3491 2619 Domini
3521 2566 3632 2616 stat

1926 2658 2118 2731 justus
2148 2660 2337 2725 modo,
2396 2659 2567 2713 stabit
2618 2663 2673 2711 et
2716 2657 2774 2710 in
2815 2658 3029 2721 futuro,
3082 2654 3274 2720 modo,
3324 2658 3386 2706 ut
3432 2652 3628 2706 condi-

1934 2749 2071 2802 toris
2104 2748 2425 2819 potentiam
2476 2748 2546 2801 ad
2579 2762 2807 2800 sensum
2863 2746 3119 2809 reducat,
3153 2748 3209 2797 et
3264 2742 3343 2796 sic
3388 2740 3633 2795 ﬁdeliter

1932 2837 2098 2902 vivat,
2152 2837 2214 2891 in
2260 2838 2473 2902 futuro,
2532 2840 2592 2889 ut
2651 2835 2927 2889 veraciter
2997 2833 3126 2888 vitae
3185 2848 3414 2886 coruam
3484 2828 3631 2884 acci-

1855 2948 1893 3001 ρ
1937 2912 2077 2998 piat:

2008 3016 2166 3070 Vens.
2231 3016 2280 3067 3.
2325 3044 2390 3052 —
2447 3012 2807 3067 Abscondere.
2870 3011 3056 3080 (ΗΑΒ.)
3116 3009 3491 3064 Absconditus
3549 3009 3632 3061 est

1937 3103 2085 3158 Elias
2135 3106 2332 3157 noster
2362 3107 2494 3168 etc.,
2534 3116 2704 3169 usque
2733 3100 2806 3153 ad
2856 3109 2910 3153 et
2952 3098 3293 3169 obsequium
3337 3096 3490 3168 quod
3521 3098 3629 3151 Do-

1934 3198 2092 3252 mino
2124 3215 2154 3251 a
2188 3197 2452 3251 ﬁdelibus
2483 3214 2549 3250 ex
2578 3196 2791 3251 Judaais
2822 3194 3139 3249 exhibitum
3170 3197 3272 3247 est.

2004 3289 2077 3341 In
2118 3292 2349 3341 torrente
2404 3287 2610 3341 Curith.
2658 3287 2901 3340 Torrens
2959 3285 3140 3353 Cyson
3192 3282 3291 3352 qui
3348 3285 3402 3334 et
3439 3279 3630 3335 Carith

1935 3376 2342 3447 interpretatur
2390 3377 2621 3441 coynitio
2684 3373 2798 3427 sive
2848 3375 3079 3427 concisio
3128 3373 3213 3424 vel
3253 3371 3471 3437 divisio,
3534 3370 3631 3423 Ju-

1935 3466 2093 3519 daico
2121 3464 2337 3535 populo
2369 3463 2655 3516 convenit.

2006 3554 2163 3607 Vens.
2218 3554 2299 3606 10.
2332 3582 2401 3591 -
2444 3554 2659 3606 Mulier.
2697 3551 2868 3622 (1511).)
2906 3550 3088 3604 Vidua
3142 3565 3314 3620 quam
3356 3545 3631 3601 Dominus

1933 3658 2050 3696 non
2084 3641 2380 3708 frumenti,
2438 3642 2533 3694 sed
2585 3640 2737 3693 verbi
2792 3656 2939 3709 pane
2983 3638 3183 3709 pascit,
3226 3655 3292 3691 ea
3340 3641 3443 3703 est,
3476 3652 3626 3706 quae,

1934 3735 2164 3785 mortuo
2216 3729 2355 3794 viro,
2414 3728 2504 3783 cui
2557 3730 2678 3782 vult
2724 3729 2923 3795 nubat,
2975 3728 3034 3781 id
3084 3732 3189 3793 est,
3241 3742 3475 3779 excusso
3507 3741 3621 3777 ser-

1932 3818 2127 3872 vitutis
2179 3819 2340 3889 jugo,
2400 3817 2553 3871 subit
2603 3816 2810 3871 Christi
2856 3816 3060 3886 jugum
3119 3831 3308 3880 suave,
3371 3818 3425 3866 et
3486 3830 3630 3866 onus

1932 3908 2073 3961 leve.

2005 3996 2190 4066 (ΗΑΒ.)
2247 3997 2375 4049 Haec
2428 3993 2599 4048 vidua
2656 3992 2914 4064 gentium
2969 3990 3251 4062 signiﬁcat
3302 3987 3624 4053 Ecclesiam,

1935 4088 2066 4149 etc.,
2098 4099 2267 4152 usque
2298 4082 2371 4136 ad
2404 4099 2515 4135 non
2555 4081 2824 4136 defecisse
2853 4079 3077 4133 dicitur.

2006 4173 2130 4244 (ln.)
2161 4173 2339 4226 Vidua
2372 4172 2523 4243 apud
2571 4187 2745 4242 quam
2777 4168 3175 4240 hospitabatur
3222 4167 3390 4232 Elias,
3447 4168 3505 4219 et
3532 4182 3628 4219 cu-

117 4255 172 4308 in
202 4256 389 4310 ﬁnem
421 4254 551 4309 vitae
600 4256 657 4310 in
711 4257 901 4329 pravis
951 4258 1218 4328 operibus
1266 4264 1606 4330 perseverat,
1640 4265 1825 4330 poste-
1852 4268 1895 4322 D
1930 4264 2027 4333 jus
2062 4262 2354 4317 benedixit
2406 4262 2605 4316 farinae
2662 4266 2719 4315 et
2774 4262 2921 4327 oleo,
2959 4275 3249 4330 synagoga
3290 4262 3374 4312 est
3401 4257 3631 4312 ,1υὰωο-

118 4344 268 4398 riora
299 4345 461 4398 illius
486 4345 866 4399 demetentur.

178 4435 347 4487 Vens.
408 4434 458 4487 4.
494 4464 563 4473 -
624 4436 733 4499 Qui
784 4440 1027 4489 mortuus
1084 4437 1273 4502 fuerit.
1328 4437 1460 4506 (11).)
1509 4438 1586 4491 De
1631 4438 1822 4518 Baasa,

112 4520 164 4575 id
240 4528 350 4588 est,
435 4522 503 4576 de
578 4538 816 4592 corpore
872 4523 1083 4577 diaboli
1151 4525 1489 4580 confusione
1560 4526 1820 4597 plenissi-

110 4626 223 4677 mo,
257 4618 398 4677 etc.,
434 4626 606 4680 usque
633 4612 707 4665 ad
755 4628 947 4666 secum
1002 4613 1072 4666 ad
1114 4618 1396 4669 aeternum
1449 4617 1685 4685 rapiunt
1738 4617 1826 4669 in-

110 4701 362 4754 teritum.

176 4790 345 4842 Veas.
403 4791 456 4842 6.
502 4817 572 4828 —
625 4791 686 4843 In
737 4791 938 4845 Thersa
999 4806 1185 4859 regna.
1237 4793 1426 4864 (ΗΑΒ.)
1490 4794 1597 4847 Sex
1647 4809 1827 4847 annos

111 4874 238 4929 fecit
281 4876 345 4929 in
376 4876 613 4944 Thersa,
647 4878 901 4948 reliquos
932 4884 1124 4934 autem
1171 4880 1230 4934 in
1279 4880 1524 4950 civitate,
1562 4898 1691 4953 quae
1721 4882 1824 4937 Se-

111 4976 312 5017 meron
379 4966 725 5035 appellatur,
757 4983 790 5020 a
832 4967 1039 5022 Graecis
1065 4984 1197 5022 vero
1230 4969 1507 5023 Samaria.
1569 4969 1669 5023 Hic
1722 4986 1824 5023 no-

113 5050 357 5105 minavit
390 5067 519 5105 eam
571 5052 848 5108 Semeron
900 5071 933 5108 a
977 5056 1175 5109 Semer
1222 5057 1420 5127 priore
1469 5056 1724 5123 domino,
1775 5062 1831 5109 et

113 5144 192 5191 est.
250 5140 599 5210 metropolis
630 5142 817 5211 regni,
871 5146 927 5196 et
967 5148 1165 5213 postea
1221 5145 1407 5198 omnis
1457 5144 1616 5215 regio
1661 5143 1729 5198 ab
1761 5160 1826 5197 eo

114 5226 373 5283 Samaria
418 5230 766 5300 appellatur,
825 5248 953 5303 quae
985 5248 1137 5286 nunc
1166 5233 1396 5288 Sebaste
1440 5239 1694 5301 vocatur,
1727 5220 1824 5286 ubi

116 5332 235 5371 ossa
264 5317 429 5372 beati
453 5318 688 5372 Joannis
725 5320 987 5389 Baptistae
1028 5321 1350 5392 quiescunt.

182 5405 349 5460 Vens.
409 5408 495 5461 34.
559 5409 990 5477 -Είίἱῇεαυίι
1045 5411 1187 5463 Hiel.
1245 5410 1421 5479 (ΒΑΜ
1459 5410 1599 5473 Hie],
1642 5412 1824 5465 vivens

122 5494 255 5561 Deo;
298 5496 523 5561 Bethel,
583 5496 772 5551 domus
830 5500 922 5552 Dei
978 5498 1407 5569 interpretatur,
1463 5500 1745 5553 destructa
1794 5517 1826 5553 a

1935 4369 2085 4417 rum,
2119 4368 2247 4423 qua:
2296 4350 2435 4405 Mosi
2468 4356 2648 4404 morte
2680 4349 2931 4413 viduata,
2963 4348 3145 4403 ﬁlium
3177 4346 3469 4401 nutriebat
3498 4362 3627 4416 par-

1934 4443 2151 4508 vulum,
2202 4441 2311 4495 hoc
2367 4443 2451 4494 est
2492 4439 2775 4493 carnalem
2808 4439 3089 4509 populum
3118 4436 3467 4491 Judaeorum.
3532 4434 3631 4488 Hic

1935 4531 2007 4585 ad
2065 4530 2383 4600 ingressum
2442 4527 2596 4595 Eliae,
2649 4528 2703 4582 id
2749 4533 2834 4583 est
2880 4526 3184 4582 Salvatoris
3238 4524 3439 4591 nostri,
3474 4523 3629 4578 febre

1936 4617 2291 4671 inﬁdelitatis
2328 4616 2750 4683 inﬁrmabatur,
2788 4615 2922 4687 quia
2954 4616 3011 4669 in
3053 4632 3185 4669 eum
3227 4630 3343 4668 non
3372 4611 3625 4676 credidit,

1937 4704 2034 4758 sed
2066 4704 2295 4774 sprevit.
2330 4705 2487 4757 Unde
2551 4708 2733 4757 mater
2773 4704 3072 4773 Synagoga
3131 4702 3200 4756 de
3230 4701 3471 4755 adventu
3506 4698 3627 4754 Sal-

1934 4792 2146 4845 vatoris
2197 4791 2588 4862 conqueritur,
2642 4790 2803 4861 quasi
2854 4791 2973 4860 ipse
3018 4795 3165 4843 esset
3195 4805 3361 4842 causa
3392 4788 3625 4842 interfe-

1934 4879 2137 4934 ctionis
2167 4879 2389 4950 populi,
2447 4878 2639 4932 dicens
2673 4894 2685 4931 :
2725 4879 2867 4945 Quid
2922 4879 3060 4930 mihi
3087 4884 3139 4933 et
3191 4878 3308 4937 tibi.
3343 4879 3452 4929 etc.
3486 4874 3626 4929 Hinc

1936 4974 2019 5022 est
2068 4969 2222 5039 quod
2279 4967 2522 5039 Caiphas
2554 4967 2675 5021 ait:
2735 4966 2973 5035 Empedit
3025 4967 3174 5020 vobis
3229 4971 3289 5019 ut
3317 4980 3457 5019 unus
3514 4980 3623 5018 mo-

1933 5059 2114 5111 riatur
2162 5073 2263 5127 pro
2306 5059 2525 5127 populo,
2586 5060 2637 5110 et
2688 5072 2793 5110 non
2857 5060 2967 5109 tota
3022 5070 3148 5122 gens
3196 5059 3382 5122 pereat
3439 5052 3622 5121 (Joau.

1934 5148 2029 5214 x1).

2005 5233 2135 5304 (10.)
2181 5233 2334 5289 Sicut
2386 5234 2668 5304 propheta
2723 5233 2904 5286 verbis
2935 5231 3122 5286 viduae
3142 5247 3258 5284 non
3288 5234 3372 5284 est
3399 5246 3626 5301 exaspe-

1934 5327 2108 5389 ratus,
2143 5322 2283 5393 quin
2316 5322 2507 5392 potius
2557 5322 2879 5387 miseretur,
2929 5321 3003 5375 ita
3040 5321 3387 5391 Redemptor
3433 5326 3625 5373 noster

1936 5428 2052 5465 non
2108 5416 2477 5481 exasperatur
2532 5410 2748 5465 malitia
2804 5409 3148 5477 .ludaaorum,
3213 5410 3305 5464 sed
3358 5409 3623 5464 misertus

1936 5500 2026 5553 sui
2052 5500 2248 5571 populi
2304 5499 2437 5554 tulit
2468 5516 2597 5553 eum
2651 5500 2719 5553 de
2768 5499 2895 5552 sinu
2928 5498 3145 5565 matris,
3178 5515 3305 5553 cum
3336 5500 3466 5553 tulit
3490 5514 3622 5552 eum
