4062 6180
481 298 582 351 607
1097 299 1486 354 WALAFRIDI
1523 297 1772 354 STRABI
1812 298 2011 354 FULD.
2055 299 2214 355 MON.
2256 299 2415 356 OPP.
2467 299 2641 354 PARS
2681 298 2722 351 ι.
2764 327 2832 337 --
2871 296 3324 353 THEOLOGICA.
3860 302 3951 353 608

472 423 540 478 de
570 421 786 477 carnali
813 422 1174 476 observantia
1203 421 1366 493 legis,
1427 427 1485 475 et
1533 421 1722 492 posuit
1769 437 1940 492 super
1987 421 2166 476 lectu-
2196 424 2242 476 Α
2353 423 2509 476 V'ass.
2543 426 2596 477 5.
2628 450 2699 462 —
2755 421 2834 475 Et
2889 436 3001 475 ecce
3061 421 3283 488 angelus
3312 422 3530 475 Domini
3560 421 3753 488 tetigit.
3784 421 3952 490 (ΗΑΒ.)

475 513 593 566 lum
641 527 828 576 suum,
876 510 982 564 hoc
1014 515 1116 577 est,
1169 510 1582 564 demonstravit
1638 509 1691 564 ei
1725 510 1898 564 vitam
1965 510 2174 565 habere
2282 511 2534 581 Angelus
2572 509 2668 580 qui
2720 509 2899 566 Etiam
2958 509 3130 580 pavit,
3185 509 3382 580 magni
3433 507 3656 562 consilii
3711 509 3953 578 angelum

470 601 529 654 in
562 605 745 655 morte
800 615 924 666 sua,
977 598 1363 669 expauditque
1422 614 1480 652 se
1537 597 1718 652 tribus
1769 599 2005 666 vicibus,
2035 600 2173 654 dum
2284 599 2500 669 signat;
2535 598 2697 669 cujus
2725 614 2921 668 opera,
2956 603 3072 650 tam
3106 597 3163 650 in
3207 597 3493 666 corporali
3524 613 3696 668 quam
3742 595 3797 651 in
3844 597 3949 668 spi-

473 687 764 744 Trinitatis
793 687 968 741 ﬁdem
1002 686 1354 740 insinuabat.
2282 687 2477 740 rituali
2507 691 2714 741 natura
2743 686 3124 739 subsistimus.

540 777 698 830 Vsus.
739 779 820 830 19.
856 806 926 814 —
956 777 1208 844 Tulitque
1239 777 1408 830 Elius.
1444 776 1628 845 (ΗΑΒ.)
1660 775 1813 830 Tulit
1848 774 1992 830 Elias
2031 791 2173 846 pue-
2358 776 2516 830 Vsus.
2558 779 2610 830 6.
2642 805 2710 816 -
2737 779 2808 830 Et
2841 790 2954 829 ecce
2998 773 3074 829 ad
3121 778 3284 843 caput
3309 789 3487 839 suum,
3521 779 3633 828 etc.
3670 774 3794 843 (ιθ.)
3827 773 3954 829 Elias

474 881 600 918 rum
649 869 707 918 et
753 863 1004 918 reddidit
1050 864 1218 918 matri
1274 881 1411 933 suae,
1476 881 1604 919 cum
1660 864 1935 918 Dominus
1984 871 2174 918 noster
2279 863 2367 918 bis
2434 869 2627 934 pastus
2692 863 2960 934 exprimit
3012 868 3223 916 nostra:
3288 868 3509 915 naturae
3577 861 3944 916 inﬁrmitatem

471 953 750 1023 populum
805 953 1028 1005 salvans
1087 953 1411 1006 credentem
1437 993 1452 1019 ,
1536 954 1698 1022 signa
1775 957 1831 1006 et
1900 953 2174 1008 miracula
2283 953 2490 1023 quibus
2520 969 2633 1006 non
2662 951 2868 1006 sufﬁcit
2919 952 3152 1021 simplex
3186 955 3400 1022 pastus,
3437 950 3536 1005 sed
3568 950 3794 1020 duplex,
3823 967 3950 1021 qua-

472 1041 806 1095 ostendebat
838 1041 1166 1107 incredulis,
1227 1047 1286 1095 ut
1329 1051 1736 1112 cognoscerent
1791 1042 2066 1096 veraciter
2108 1042 2173 1096 il-
2279 1045 2448 1095 tenus
2480 1042 2548 1094 ad
2591 1056 2842 1111 superna
2893 1041 3182 1093 valeamus
3232 1038 3554 1093 ascendere.
3616 1039 3766 1093 Sicut
3816 1039 3949 1092 enim

474 1130 593 1184 lum
624 1129 812 1183 vivere
861 1129 961 1200 qui
1010 1129 1190 1184 credit
1242 1130 1299 1182 in
1332 1131 1563 1184 nomine
1596 1132 1736 1201 ejus,
1760 1135 1810 1184 et
1842 1135 1920 1186 sic
1951 1131 2174 1186 eveniet
2280 1147 2484 1200 corpus
2515 1130 2636 1183 sine
2675 1129 2946 1183 alimento
2977 1129 3255 1199 corporali
3306 1127 3612 1181 subsistere
3655 1128 3859 1198 nequit,
3884 1128 3948 1181 ita

473 1221 537 1271 ut
590 1218 748 1289 plebs
799 1216 1053 1284 Iudaica,
1111 1217 1346 1272 veritate
1398 1225 1683 1290 superata,
1738 1220 2054 1290 proclamet
2099 1220 2172 1274 ad
2279 1234 2384 1272 nec
2414 1217 2606 1271 anima
2637 1219 2822 1271 vivere
2851 1222 3039 1287 potest
3066 1217 3189 1270 sine
3225 1216 3397 1270 verbo
3429 1215 3548 1269 Dei.

471 1307 758 1362 Christum
796 1323 809 1360 :
867 1306 1032 1360 Nunc
1093 1309 1149 1359 in
1211 1309 1314 1360 isto
1370 1310 1592 1373 cognovi
1621 1309 1876 1376 quoniam
1924 1309 2010 1361 vir
2075 1309 2174 1363 Dei
2351 1306 2477 1375 (Ιο.)
2509 1306 2596 1361 Sic
2626 1313 2684 1360 et
2715 1323 2818 1360 nos
2856 1306 2993 1360 dum
3040 1306 3264 1360 inertiae
3295 1320 3564 1358 somnum
3603 1319 3637 1357 a
3677 1303 3835 1357 nobis
3862 1320 3945 1357 ex-

473 1411 528 1452 es
561 1400 640 1450 tu.
2281 1395 2549 1459 cutimus,
2611 1411 2838 1450 necesse
2897 1400 2982 1449 est
3038 1399 3101 1448 ut
3151 1393 3344 1449 divino
3401 1393 3600 1446 solatio
3650 1392 3945 1458 confortati,

2280 1500 2508 1554 gressus
2531 1484 2817 1538 bonorum
2842 1499 3081 1554 operum
3114 1499 3218 1554 per
3233 1498 3403 1537 omne
3423 1486 3652 1552 tempus
3685 1481 3808 1541 vitae
3829 1496 3948 1550 pra:-

2282 1572 2458 1626 sentis
2511 1587 2877 1643 summopere
2924 1571 3255 1626 festinemus
3297 1570 3598 1626 ascendere
3626 1569 3689 1623 in
3718 1574 3944 1624 montem

2286 1661 2386 1716 Dei
2419 1667 2474 1714 et
2504 1660 2563 1714 in
2603 1661 2794 1715 locum
2826 1665 3087 1715 sanctum
3134 1659 3276 1730 ejus,
3312 1663 3378 1714 ut
3411 1657 3489 1713 ibi
3517 1657 3776 1730 requiem
3807 1657 3944 1711 inve-

2283 1750 2510 1804 niamus
2541 1754 2838 1803 aeternam.

2355 1839 2514 1893 Vens.
2555 1843 2637 1893 Η.
2681 1869 2748 1878 ——
2781 1841 2852 1894 Et
2901 1839 3132 1908 spiritus
3163 1837 3287 1907 (ln.)
3347 1835 3592 1907 Spiritus
3617 1839 3750 1890 ante
3781 1833 3948 1890 Domi-

2281 1943 2422 1982 num
2474 1927 2678 1982 evertit
2725 1933 2945 1981 montes
2994 1931 3050 1981 et
3097 1932 3286 1997 petras
3341 1925 3586 1980 conterit
3632 1930 3762 1990 etc.,
3810 1939 3950 1992 usque

2281 2017 2355 2071 ad
2372 2017 2443 2070 ad
2474 2016 2860 2088 cognitionem
2891 2015 3142 2070 veritatis
3162 2014 3414 2086 incipere
3441 2015 3616 2068 exire.

2351 2108 2471 2161 Non
2522 2109 2580 2160 in
2611 2109 2836 2175 spiritu.
2882 2105 2940 2160 Id
2989 2108 3094 2172 est,
3145 2120 3262 2158 non
3312 2103 3626 2166 arbitreris,
3666 2101 3948 2174 quodcum

2279 2197 2445 2248 vento
2493 2194 2682 2247 veniat
2724 2194 3019 2262 Dominus,
3051 2193 3145 2247 sed
3178 2195 3307 2262 post
3336 2192 3601 2263 spiritum
3629 2190 3947 2245 commotio-

2277 2281 2388 2347 nis,
2447 2281 2506 2335 id
2554 2286 2658 2348 est,
2710 2281 3003 2335 turbinem
3066 2286 3122 2334 et
3169 2281 3449 2351 impetum
3504 2279 3658 2334 venti
3711 2277 3947 2333 transibit

2277 2370 2446 2442 ignis,
2489 2369 2692 2424 deinde
2723 2369 2923 2423 sibilus
2973 2385 3130 2422 aurae
3158 2369 3364 2436 tenuis,
3409 2373 3537 2438 post
3581 2369 3689 2423 hoc
3714 2366 3951 2421 transibit

2281 2460 2580 2526 Dominus,
2612 2465 2674 2513 ut
2695 2460 2963 2530 loquatur
2985 2463 3191 2512 tecum.

2353 2550 2514 2604 Vsus.
2571 2550 2653 2602 14.
2701 2574 2766 2587 —-
2822 2551 2932 2616 Ego
2983 2549 3150 2615 solus,
3201 2551 3306 2600 etc.
3370 2545 3565 2616 (Ras)
3614 2547 3792 2600 Tanto
3836 2559 3949 2613 pro-

2277 2637 2465 2708 pheta:
2513 2637 2651 2708 quid
2700 2635 2927 2690 difﬁcile
2957 2635 3066 2690 fuit
3094 2650 3438 2707 cognoscere
3483 2634 3539 2688 in
3597 2635 3707 2688 hoc
3754 2633 3947 2688 mundo

2277 2726 2523 2780 famulos
2547 2725 2889 2779 remansisse
2921 2723 3080 2779 Deo?
3111 2725 3218 2779 Sed
3259 2724 3359 2794 qui
3391 2723 3626 2778 humilis
3670 2723 3838 2776 etiam
3881 2735 3950 2773 oc-

2278 2815 2453 2869 cultat
2508 2814 2608 2868 Dei
2654 2819 2908 2880 noverat,
2949 2815 3128 2867 elatus
3186 2813 3358 2866 etiam
3409 2818 3604 2883 aperta
3662 2809 3940 2865 nesciebat.

2279 2904 2439 2958 Unde
2488 2909 2706 2957 certum
2749 2907 2850 2967 est,
2901 2901 3051 2973 quod
3101 2901 3444 2956 humilitatis
3475 2901 3633 2954 radio
3670 2917 3727 2953 se
3760 2896 3948 2953 illumi-

2199 3005 2240 3060 ρ
2277 2997 2397 3057 nat,
2451 2992 2553 3063 qui
2598 2991 2844 3046 aliorum
2876 2991 3027 3044 bona
3073 2990 3360 3044 subtiliter
3391 2993 3593 3060 pensat
3623 3005 3638 3042 :
3670 2988 3805 3060 quia
3831 2987 3948 3041 dum

2280 3097 2347 3136 ea
2402 3097 2530 3152 quas
2559 3081 2681 3150 ipse
2732 3079 2928 3134 fecerit
2984 3079 3132 3134 facta
3158 3079 3298 3134 foris
3327 3083 3382 3132 et
3411 3077 3480 3132 ab
3518 3077 3644 3130 aliis
3675 3074 3944 3147 conspicit,

2279 3186 2411 3225 eum
2443 3169 2543 3240 qui
2573 3170 2643 3223 de
2673 3167 3065 3238 singularitate
3107 3167 3262 3222 intus
3309 3182 3612 3238 erumpere
3645 3166 3846 3220 nititur
3871 3181 3945 3217 su-

2279 3257 2494 3328 perbiae
2525 3263 2806 3311 tumorem
2837 3256 3068 3328 premit.
3104 3256 3245 3310 Hinc
3283 3261 3368 3310 est
3404 3255 3556 3326 quod
3604 3270 3738 3308 voce
3772 3253 3863 3307 Dei
3891 3250 3944 3303 ad

2280 3345 2460 3400 Eliam
2507 3345 2692 3398 solum
2747 3360 2807 3399 se
2849 3345 3234 3398 mstimantem
3280 3344 3508 3405 dicitur,
3559 3344 3787 3411 Reliqui
3836 3341 3946 3394 mihi

2277 3439 2477 3504 septem
2505 3435 2682 3488 millia
2709 3435 2972 3500 virorum,
3009 3438 3069 3488 ut
3115 3433 3251 3488 dum
3286 3449 3401 3487 non
3439 3433 3625 3486 solum
3658 3448 3718 3484 se
3745 3445 3944 3484 reman-

543 3546 704 3598 Vnas.
763 3546 852 3600 41.
882 3518 960 3585 -ί
982 3546 1164 3600 Multa:
1198 3547 1417 3616 pluviae.
1477 3548 1648 3614 (1510.)
1706 3549 1981 3602 Nascente
2014 3549 2168 3603 Chri—
2277 3522 2415 3616 ξίδῗθ
2438 3525 2808 3616 cognosc?“
2833 3521 3094 3616 (intimis
3122 3521 3364 3616 S‘Oriam
3394 3536 3522 3592 qum
3553 3519 3608 3573 ei
3656 3519 3726 3574 de
3775 3518 3944 3587 singu'

468 3637 555 3688 sto
590 3633 690 3687 Dei
723 3633 864 3687 Filio
914 3633 1066 3688 inter
1113 3634 1377 3688 homines
1407 3640 1464 3689 et
1503 3635 1951 3690 teneritudinem
1981 3637 2149 3691 carni:

2286 3611 2502 3664 laritate
2529 3611 2816 3680 surgebat,
2850 3610 3169 3664 inclinaret.

471 3727 677 3776 nostra:
732 3722 1062 3792 accipiente,
1115 3728 1420 3793 postquam
1486 3730 1728 3779 mortem
1796 3725 2065 3794 gustavit,
2111 3741 2149 3780 e‘

2349 3699 2532 3769 (ΗΑΒ.)
2584 3699 2707 3752 Non
2764 3699 2930 3752 aliter
2975 3698 3087 3753 nisi
3133 3699 3287 3770 quod
3319 3714 3452 3752 eum
3482 3713 3680 3767 regem
3715 3697 3946 3751 futurum

470 3809 651 3865 victor
705 3811 776 3866 de
824 3811 1040 3866 mundo
1070 3811 1142 3866 ad
1173 3813 1345 3866 caelos
1383 3812 1658 3879 ascendit,
1689 3812 1936 3868 imbrem
1967 3814 2166 3885 gratiae
2274 3787 2557 3885 Prajdmt'
2608 3786 2871 3841 mimum
2901 3802 3017 3885 n3."
3073 3787 3240 3885 a‘mer
3289 3801 3462 3856 quam
3514 3786 3759 3884 palum“
3805 3796 3946 3885 sum

1110 1483 1338 1538 CAPUT
1376 1483 1563 1538 XVIll.

545 1601 699 1654 Vnus.
734 1603 787 1654 3.
845 1629 914 1639 —-
967 1599 1186 1654 Abdias
1219 1604 1416 1653 autem.
1448 1598 1660 1654 Abdias
1694 1599 1963 1670 princeps
2015 1615 2171 1654 exer-

469 1687 613 1742 citus
670 1688 864 1753 Israel,
931 1688 1094 1758 cujus
1128 1703 1338 1742 nomen
1387 1687 1796 1759 interpretatur
1824 1704 2018 1742 servus
2060 1691 2172 1744 Do-
2205 1713 2244 1767 Β

473 1776 635 1844 mini,
692 1777 821 1830 illos
878 1776 1286 1847 prteﬁgurabat
1311 1775 1412 1847 qui
1460 1793 1526 1830 ex
1551 1775 1910 1846 principibus
1947 1777 2173 1832 ,1υάωο-

472 1878 602 1918 rum
657 1864 1043 1926 crediderunt,
1108 1870 1166 1919 et
1214 1869 1378 1918 erant
1416 1865 1620 1919 occulti
1666 1864 1947 1936 discipuli,
1981 1870 2045 1919 ut
2078 1865 2170 1920 Ni-

471 1952 744 2006 codemus
774 1957 831 2006 et
859 1953 1091 2023 Ioseph.
1353 1985 1358 1989 -

541 2043 703 2096 Vens.
755 2044 848 2096 30.
885 2070 956 2082 —
993 2044 1220 2098 (Iuravit
1247 2046 1440 2097 altare.
1480 2043 1664 2113 (Rau)
1715 2043 1781 2096 Et
1822 2042 2176 2112 Redemptor

472 2134 669 2184 noster
697 2137 898 2184 contra
933 2131 1132 2185 mundi
1164 2131 1486 2201 principem
1521 2148 1585 2185 ac
1613 2131 1885 2185 satellites
1924 2132 2047 2202 ejus
2073 2131 2169 2185 de-

472 2224 695 2273 certans
742 2235 806 2273 ac
864 2235 1161 2290 superans,
1211 2220 1386 2273 altare
1443 2219 1676 2273 Domini
1733 2219 1886 2290 quod
1947 2221 2174 2273 destru-

472 2310 626 2360 ctum
662 2308 867 2374 fuerat,
898 2307 957 2360 id
989 2311 1073 2360 est
1104 2306 1362 2361 ﬁdelium
1388 2306 1562 2360 corda
1610 2324 1644 2360 a
1697 2307 1823 2361 labe
1855 2306 2172 2378 iniquitatis

473 2410 742 2466 purgans,
774 2410 934 2449 aram
979 2396 1094 2450 Deo
1125 2395 1367 2460 dedicat,
1412 2411 1541 2466 quas
1573 2411 1641 2450 ex
1686 2395 1987 2450 duodecim
2027 2395 2170 2466 lapi-

473 2483 640 2538 dibus
669 2488 991 2538 constructa
1023 2489 1398 2548 memoratur,
1450 2484 1588 2554 quia
1634 2500 1696 2537 ex
1758 2485 1848 2538 bis
1901 2484 2003 2555 qui
2043 2501 2171 2556 pro-

477 2572 762 2644 pheticam
823 2579 882 2627 et
929 2573 1299 2644 apostolicam
1357 2573 1532 2627 ﬁdem
1588 2589 1685 2626 seu
1728 2573 2052 2628 doctrinam
2079 2591 2168 2628 se-

475 2666 732 2732 quuntur
761 2661 1086 2732 gratissima
1137 2677 1237 2714 ara
1293 2662 1402 2715 Deo
1449 2662 1818 2730 construitur,
1849 2662 1908 2716 in
1939 2679 2055 2734 qua
2084 2680 2172 2718 sa-

471 2750 746 2804 criﬁcium
774 2750 955 2804 laudis
985 2749 1044 2804 in
1075 2751 1313 2804 odorem
1344 2749 1640 2804 suavitatis
1669 2751 1924 2806 offertur.

544 2839 702 2894 Vsus.
760 2842 847 2894 32.
901 2867 972 2879 —
1010 2841 1274 2910 Fecitque.
1329 2838 1447 2908 (10.)
1482 2840 1557 2893 Ex
1610 2839 1856 2894 contrito
1907 2839 2171 2894 videlicet

475 2928 646 2981 corde
692 2933 749 2982 et
789 2927 1112 2994 humiliato,
1160 2934 1303 2997 etc.,
1331 2945 1498 2997 usque
1531 2929 1606 2983 ad
1634 2927 1694 2982 in
1724 2934 2006 2983 aeternum
2037 2945 2168 3000 gra-

473 3015 711 3070 tulando
741 3031 1010 3071 canamus
1040 3033 1052 3070 :
1093 3017 1353 3071 Dominus
1379 3021 1492 3088 ipse
1515 3022 1593 3072 est
1619 3019 1782 3072 Deus.

545 3105 703 3159 Vnus.
748 3107 836 3160 40.
891 3135 960 3148 -
988 3107 1412 3176 Apprehendite.
1455 3106 1638 3176 (ΗΑΒ.)
1687 3106 1775 3161 Sic
1819 3107 2172 3177 Redemptor

473 3199 688 3259 noster,
722 3195 1057 3249 adveniente
1087 3195 1179 3249 die
1203 3195 1430 3265 judicii,
1463 3195 1651 3249 mittet
1675 3197 1910 3265 angelos
1952 3212 2086 3249 suos
2114 3202 2171 3250 et

469 3280 744 3351 colligent
775 3283 970 3335 omnia
1014 3281 1278 3335 scandala
1324 3282 1392 3336 de
1423 3297 1601 3352 regno
1655 3283 1778 3353 ejus
1831 3288 1886 3337 et
1941 3284 2170 3338 mittent

471 3384 568 3422 eos
622 3369 684 3422 in
731 3375 1001 3439 stagnum
1056 3368 1226 3439 ignis,
1277 3369 1376 3423 ubi
1407 3370 1820 3424 crnciabuntur
1849 3371 2166 3425 secundum

469 3457 744 3511 duritiam
775 3462 831 3510 et
857 3457 1223 3527 impaenitens
1253 3474 1351 3511 cor
1371 3475 1592 3512 eorum.

469 3899 672 3955 divine
733 3916 838 3971 per
882 3901 1274 3973 septiforniem
1315 3901 1591 3972 Spiritum
1647 3903 1716 3957 de
1772 3904 2036 3974 supernis

469 3994 680 4044 terram
711 3989 889 4058 misit,
940 3990 1041 4062 qui
1083 4007 1189 4045 nos
1218 4012 1251 4046 a
1280 3995 1510 4061 peccato
1542 3992 1866 4058 mundaret,
1918 3997 1975 4047 et
2003 3991 2166 4063 spiri-

469 4079 651 4132 tuales
681 4079 900 4134 fructus
931 4079 1166 4151 gignere
1189 4080 1414 4134 faceret.

539 4165 714 4236 (ΗΑΒ.)
751 4167 816 4220 In
847 4165 1150 4220 virtutibus
1174 4167 1306 4220 Elia:
1339 4166 1438 4236 qui
1468 4166 1725 4237 potentia
1766 4166 1868 4221 Dsi
1913 4166 2166 4238 pollebat

466 4253 528 4309 in
570 4253 998 4308 inﬁrmitatibus
1037 4255 1175 4320 suis,
1208 4255 1347 4326 quid
1391 4255 1461 4310 de
1502 4271 1562 4309 se
1605 4262 1832 4326 poterat
1889 4271 2160 4326 agnosce-

467 4341 582 4397 bat.
631 4341 715 4396 lbi
767 4343 1117 4397 ostendebat.
1171 4344 1326 4414 quod
1357 4349 1666 4414 acceperat,
1707 4343 1800 4398 hic
1831 4344 1982 4414 quod
2010 4359 2162 4398 acce-

469 4437 632 4502 perat
687 4430 1062 4486 custodiebat.
1115 4433 1182 4485 In
1235 4430 1524 4486 miraculis
1598 4433 2043 4500 monstrabatur,
2098 4432 2158 4486 in

465 4517 895 4574 inﬁrmitatibus
923 4518 1269 4574 servabatur.

1114 4642 1342 4698 CAPUT
1381 4643 1509 4699 ΧῐΧ.

539 4759 703 4812 Vens.
742 4760 794 4812 3.
819 4787 887 4798 —
922 4759 1128 4813 Timuit
1160 4773 1285 4825 ergo
1309 4760 1458 4814 Etias
1497 4763 1548 4814 et
1577 4774 1811 4828 surgens
1849 4760 2014 4822 abiit,
2050 4764 2155 4815 etc.

469 4845 648 4917 (ΗΑΒ.)
679 4845 869 4900 Sancti
915 4845 1044 4912 viri,
1077 4847 1408 4902 sublevante
1457 4847 1657 4918 spiritu
1708 4848 1779 4902 ad
1822 4865 2047 4902 summa
2076 4864 2159 4902 ra-

467 4935 744 5006 piuntur:
779 4935 1035 5006 quandiu
1086 4952 1217 4990 vero
1273 4935 1332 4989 in
1366 4937 1471 4990 hac
1501 4937 1615 4990 vita
1644 4942 1798 5004 sunt,
1852 4953 1924 4992 ne
1969 4953 2164 5007 super-

469 5023 649 5086 biant,
708 5024 1120 5079 tentationibus
1169 5024 1585 5095 reprimuntur.
1646 5025 1787 5080 Hine
1862 5030 1948 5079 est
2006 5027 2160 5097 quod

470 5111 619 5165 Elias
662 5128 792 5166 cum
839 5117 925 5167 tot
971 5113 1275 5168 virtutibus
1320 5113 1706 5184 processisset,
1747 5114 1972 5168 Jezabel
2013 5117 2164 5184 post-

468 5199 706 5254 modum
735 5201 992 5272 quamvis
1030 5202 1290 5273 reginam
1317 5206 1509 5257 tamen
1540 5201 1937 5256 mulierculam
1964 5202 2112 5274 fugit
2144 5218 2156 5257 :

469 5293 528 5343 et
573 5289 674 5360 qui
715 5297 972 5344 mortuos
1001 5291 1325 5355 suscitabat,
1359 5295 1597 5346 ventura
1647 5290 2016 5362 praevidebat,
2052 5289 2163 5344 alia

469 5391 700 5448 quoque
782 5379 1055 5449 praeclara
1129 5380 1388 5448 iaciebat,
1451 5379 1657 5434 timore
1733 5395 2031 5450 percussus
2090 5380 2161 5434 de

472 5482 646 5520 manu
675 5466 933 5521 mulieris
972 5473 1218 5523 mortem
1250 5468 1411 5538 fugit,
1447 5469 1517 5524 de
1548 5485 1724 5523 manu
1772 5469 1868 5522 Dei
1915 5473 2160 5523 mortem

469 5555 633 5626 petit,
665 5571 770 5610 nec
798 5555 1023 5627 accipit.

2095 3903 2166 3958 ad
2271 3877 2491 3946 jactans
2522 3890 2694 3945 super
2744 3891 2897 3928 eum.
2929 3875 3058 3928 Illos
3089 3873 3234 3928 duos
3260 3889 3423 3944 reges
3475 3888 3582 3927 nec
3609 3873 3732 3944 ipse
3757 3886 3854 3942 per
3879 3883 3942 3932 se,

2276 3978 2379 4016 nec
2431 3963 2722 4034 discipulis
2761 3963 2885 4033 ejus
2936 3963 3167 4017 Elismus
3200 3963 3383 4028 unxit,
3439 3961 3538 4016 sed
3571 3961 3806 4032 quidam
3836 3972 3945 4030 pro-

2274 4051 2580 4124 phetarum
2608 4051 2813 4106 missus
2843 4055 2927 4105 est
2957 4055 3020 4104 ut
3045 4057 3288 4122 ungeret
3316 4049 3476 4105 Jehu.

2346 4141 2504 4194 Vsus.
2564 4141 2652 4194 17.
2714 4171 2783 4180 -
2838 4141 3170 4210 Quicunque.
3231 4139 3362 4209 (Ιο.)
3415 4139 3713 4201 Nocentes,
3741 4133 3941 4208 jnstitia

2274 4227 2466 4284 divina
2497 4228 2638 4283 alios
2667 4245 2770 4301 per
2801 4245 2964 4300 reges
2993 4228 3166 4300 plecti
3194 4227 3327 4282 facit
3357 4243 3656 4289 mucrone,
3690 4226 3826 4279 alios
3860 4235 3945 4293 per

2190 4320 2233 4374 D
2274 4317 2584 4389 prophetas
2642 4322 2699 4371 et
2751 4317 3072 4371 sacerdotes
3134 4315 3554 4370 transverberat
3615 4314 3805 4385 gladio
3857 4311 3942 4364 lin-

2270 4422 2398 4478 gua:
2410 4446 2424 4460 .

2341 4495 2508 4549 Vsus.
2566 4497 2648 4550 l9.
2703 4524 2772 4536 —
2819 4496 3117 4561 Profectus.
3171 4493 3312 4548 Cum
3373 4492 3730 4564 Redemptor
3776 4493 3943 4544 noster

2271 4583 2619 4638 descendens
2657 4583 2727 4638 de
2757 4583 2900 4639 caelo
2959 4582 3151 4637 divino
3189 4581 3411 4653 judicio
3444 4581 3752 4652 acquisivit
3779 4591 3938 4650 popu-

2268 4672 2387 4725 lum
2415 4670 2601 4725 adhuc
2632 4671 2872 4725 terrenis
2912 4670 3182 4741 operibus
3206 4669 3546 4732 inhiantem,
3600 4669 3664 4723 in
3720 4682 3829 4740 quo
3867 4677 3940 4716 sa-

2269 4760 2445 4814 lutem
2469 4759 2617 4822 fecit,
2651 4775 2782 4814 cum
2820 4775 2953 4813 eum
2983 4759 3055 4813 ad
3085 4757 3257 4812 ﬁdem
3305 4757 3606 4813 convertit.
3638 4756 3786 4812 Elias
3814 4752 3945 4808 enim

2270 4849 2681 4919 interpretatur
2736 4849 3014 4903 Dominus
3069 4849 3238 4914 Deus,
3295 4847 3511 4919 Saphat
3553 4845 3834 4918 judicans,
3859 4838 3948 4896 Eli-

2270 4951 2416 4991 sanis
2469 4936 2569 4991 Dei
2606 4937 2720 4992 mei
2770 4937 2938 4991 salus.
2999 4937 3182 5004 Super
3201 4952 3374 5008 quem
3407 4935 3689 5008 propheta
3734 4931 3947 5003 pallium

2270 5040 2438 5079 suum
2483 5025 2658 5086 misit,
2710 5042 2839 5080 cum
2891 5025 3170 5080 Dominus
3219 5025 3504 5095 populum
3537 5022 3651 5079 ﬁde
3701 5016 3950 5076 catholica

2269 5112 2477 5167 induit.
2515 5113 2674 5170 Unde
2714 5114 3053 5184 Apostolus:
3085 5114 3188 5180 Qui
3210 5115 3273 5167 in
3296 5113 3507 5170 Christo
3523 5111 3795 5180 baptizati
3819 5105 3946 5160 estiS.

2272 5203 2544 5259 Christum
2575 5203 2835 5259 induistis
2884 5203 3032 5274 (Gal.
3084 5203 3185 5272 in).
3243 5201 3475 5256 Relictis
3505 5200 3691 5254 bobus
3724 5189 3949 5251 cucurrit

2272 5296 2402 5361 post
2434 5291 2650 5345 Etiam:
2682 5291 2818 5362 quia
2843 5291 3159 5346 electorum
3187 5289 3398 5344 chorus
3451 5286 3670 5353 audito,
3707 5285 3815 5338 nisi
3843 5280 3946 5350 quis

2270 5383 2549 5433 renuntiat
2578 5379 2821 5434 omnibus
2842 5395 2948 5434 non
2974 5383 3150 5448 potest
3174 5392 3325 5432 meus
3346 5391 3455 5431 esse
3487 5375 3787 5445 discipulus
3818 5369 3948 5440 (Luc.

2276 5468 2407 5536 xiv),
2440 5467 2628 5522 statim
2680 5467 2914 5522 cessavit
2969 5466 3213 5522 terrenis
3259 5464 3432 5521 lucris
3459 5462 3704 5527 inhiare,
3739 5457 3948 5514 saecula-

2274 5555 2431 5610 ribus
2470 5555 2764 5610 desideriis
2810 5555 3124 5620 deservire,
3173 5559 3230 5612 et
3280 5554 3358 5608 sic
3402 5552 3529 5608 aliis
3571 5551 3813 5606 verbum
3840 5544 3950 5597 vita
