4062 6180
154 288 233 337 609
1211 281 1465 337 GLOSSA
1504 280 1905 335 ORDINARIA.
1946 308 2018 321 —
2058 281 2187 335 LIB.
2240 282 2312 335 III
2353 282 2521 337 REG.

3528 286 3631 337 610

146 408 473 480 prmdicavit,
507 407 611 461 hoc
643 411 726 460 est
756 407 907 460 enim
947 405 1188 459 osculari
1220 411 1439 477 patrem
1466 410 1520 459 et
1551 410 1818 464 matrem,
1850 406 1894 458 A
1937 419 2069 457 men
2101 403 2307 457 iterum
2364 405 2642 459 instaurat
2670 405 2932 476 praelium
2986 408 3184 460 contra
3214 422 3330 471 eos,
3380 411 3435 460 et
3498 407 3633 461 dum

143 514 491 569 quoscunque
532 500 718 565 potest
744 495 857 548 sive
912 494 981 548 de
1014 493 1245 562 Judzeis,
1279 492 1393 547 sive
1434 493 1502 547 de
1551 492 1823 563 gentibus

142 602 386 639 sermone
418 587 559 639 velle
591 585 900 654 corrigere.

201 674 376 745 (ΗΑΒ.)
426 674 680 744 Populus
730 688 957 744 quoque
1005 670 1357 725 Christianus
1413 670 1666 724 carnalia
1724 670 1823 722 de-

141 764 334 818 sideria
356 768 609 817 mactans
638 767 822 816 totum
856 761 1166 814 exercitum
1194 776 1357 812 suum
1396 759 1455 812 in
1484 775 1626 829 opus
1653 774 1825 812 evan-

142 852 413 923 gelizandi
443 850 741 916 convertit,
802 850 953 903 unde
986 848 1365 902 sufficientem
1405 852 1630 918 pastum
1664 847 1825 916 adju-

144 941 351 995 toribus
380 940 500 994 suis
521 941 777 1010 praebere
808 937 1005 1010 possit.

202 1029 359 1084 Vens.
413 1032 501 1082 2t.
555 1057 622 1069 —
668 1028 914 1081 Secutus.
948 1024 1070 1095 (11).)
1106 1025 1374 1079 Nostrum
1409 1024 1587 1078 Eliam
1638 1023 1827 1093 sequi-

144 1121 227 1170 tur
262 1122 318 1171 et
358 1117 645 1170 ministrat
681 1115 756 1179 ei,
817 1113 916 1185 qui
947 1112 1184 1183 vestigia
1226 1112 1349 1182 ejus
1402 1128 1664 1182 sequens,
1723 1109 1830 1163 hoc

142 1211 218 1258 est
252 1205 524 1257 mandata
578 1202 732 1258 illius
764 1202 1090 1267 observans,
1142 1200 1531 1254 ministerium
1557 1206 1613 1253 et
1641 1199 1829 1253 hono-

141 1308 250 1346 rem
285 1292 568 1363 condigne
597 1290 801 1360 satagit
830 1290 1117 1344 exhibere.

795 1431 1023 1487 CAPUT
1065 1431 1166 1485 XX.

204 1560 382 1629 (ΗΑΒ.)
424 1556 690 1612 Benadad
732 1555 1017 1627 signiﬁcat
1051 1553 1392 1622 diabolum,
1430 1554 1529 1625 qui
1579 1553 1832 1607 diversos

142 1650 414 1702 exercitus
467 1648 855 1716 malignorum
912 1644 1223 1714 spirituum
1255 1644 1325 1697 ad
1383 1643 1831 1697 subvertendum

140 1740 408 1807 populum
443 1736 541 1789 Dei
592 1735 894 1798 contrahit,
929 1735 1022 1786 sed
1074 1750 1177 1802 per
1238 1748 1447 1802 pueros
1495 1732 1826 1802 principum
1861 1752 1898 1803 ῃ

144 1826 303 1879 Israel
338 1825 604 1889 vincitur,
638 1824 695 1877 id
729 1828 830 1887 est,
862 1839 962 1893 per
986 1823 1165 1875 bonos
1187 1822 1475 1875 auditores
1508 1821 1827 1887 doctorum,

144 1916 269 1986 quia
298 1915 455 1985 quod
485 1913 718 1967 auribus
746 1912 1005 1974 audiunt,
1040 1911 1200 1964 factis
1230 1911 1491 1981 implent.
1542 1910 1830 1981 Antiquus

144 2004 310 2058 hostis
350 2005 410 2057 in
436 2003 629 2073 fugam
662 2004 923 2067 vertitur,
971 2001 1275 2070 omnisque
1306 2016 1443 2053 suus
1474 2001 1756 2053 exercitus
1798 2016 1831 2053 a

144 2094 413 2147 militibus
462 2091 667 2145 Christi
696 2089 1083 2161 perturbatur,
1116 2089 1214 2160 qui
1245 2089 1391 2143 bene
1419 2090 1663 2143 ducenta
1701 2088 1831 2141 mil-

148 2181 215 2233 lia
243 2188 298 2234 et
319 2180 563 2248 triginta
589 2178 701 2231 duo
736 2194 856 2231 esse
890 2176 1178 2241 dicuntur,
1213 2177 1350 2247 quia
1400 2175 1496 2246 qui
1532 2176 1829 2246 utriusque

144 2267 485 2321 Testamenti
537 2266 830 2318 scientiam
862 2266 1106 2335 perfecte
1165 2270 1383 2330 tenent,
1437 2270 1491 2317 et
1541 2264 1831 2318 Trinitatis

146 2354 304 2408 tidem
337 2371 471 2407 cum
501 2354 734 2425 genima
763 2352 1040 2407 charitate
1070 2358 1425 2418 conservant,
1456 2351 1515 2405 hi
1570 2352 1691 2423 apti
1722 2353 1828 2406 mi-

150 2443 275 2497 litia
307 2445 524 2496 summi
557 2443 706 2512 regis
736 2458 858 2495 esse
887 2441 1362 2510 comprobantur.

207 2534 369 2587 Vens.
396 2535 481 2587 10.
522 2563 593 2572 -
620 2532 755 2585 Haec
791 2534 1007 2597 faciunt
1060 2532 1212 2584 mihi.
1246 2529 1504 2584 Samaria
1538 2534 1720 2583 morte
1752 2528 1831 2581 ci-

146 2623 377 2676 vitatum
438 2621 682 2675 habebat
711 2626 923 2674 terram
982 2620 1221 2673 interius
1253 2619 1389 2690 ipsis
1448 2618 1627 2672 muris
1687 2634 1831 2688 pene

142 2713 433 2781 aequalem,
478 2727 593 2780 quo
646 2708 901 2763 subsidio
934 2708 1142 2762 ictibus
1173 2708 1364 2761 arietis
1418 2708 1707 2761 resisteret
1737 2723 1830 2761 ex-

144 2804 244 2864 tra,
304 2814 602 2853 murorum
674 2797 916 2850 altitudo
988 2798 1154 2867 longe
1239 2798 1602 2866 superﬁciem
1666 2801 1831 2849 terra:

142 2888 586 2942 transcenderat.
618 2886 712 2940 Ait
751 2902 889 2956 ergo
918 2902 1014 2939 rex
1070 2886 1351 2955 superbus
1400 2887 1659 2940 obsessos
1717 2890 1831 2939 ter-

144 2992 285 3044 rens,
321 2976 478 3047 quod
505 2982 721 3029 tantam
754 2977 991 3029 haberet
1021 2974 1478 3043 multitudinem,
1515 2980 1578 3029 ut
1605 2974 1652 3027 si
1684 2974 1835 3044 quis-

142 3082 247 3135 que
278 3066 532 3119 militum
567 3081 745 3119 unum
791 3064 1043 3134 lapidem
1078 3064 1164 3117 vel
1197 3063 1450 3134 stipitem
1505 3063 1593 3117 vel
1650 3062 1829 3133 cespi-

139 3160 248 3207 tem
275 3156 347 3208 ad
382 3154 833 3207 construendum
862 3160 1059 3206 contra
1089 3153 1292 3206 urbem
1320 3168 1587 3222 aggerem
1618 3167 1829 3221 appor-

138 3248 329 3308 tasset,
389 3258 566 3312 agger
620 3246 951 3312 exsurgeret
994 3242 1093 3311 qui
1147 3241 1470 3311 superficiei
1528 3255 1654 3311 quae
1710 3244 1832 3294 erat

137 3331 283 3385 intra
317 3348 517 3385 muros
550 3348 671 3385 esse
702 3331 993 3385 videretur
1021 3331 1280 3400 aequalis,
1330 3330 1409 3382 ita
1439 3334 1499 3382 ut
1550 3344 1615 3382 ex
1663 3345 1829 3399 aequo

143 3426 471 3490 pugnantes
509 3426 707 3474 contra
737 3419 1021 3473 civitatem
1052 3418 1164 3471 tela
1194 3419 1342 3471 faces
1375 3418 1684 3471 mitterent.

204 3510 283 3563 Ne
329 3510 599 3577 glorietur
653 3510 939 3561 accinctus.
974 3504 1160 3575 (ΗΑΒ.)
1218 3506 1513 3559 Accinctus
1561 3512 1647 3560 est
1732 3507 1833 3576 qui

140 3597 375 3665 cingulo
399 3596 800 3663 circumdatur,
834 3595 1144 3649 discinctus
1182 3594 1282 3665 qui
1314 3594 1608 3664 cingulum
1657 3595 1831 3664 depo-

135 3690 265 3740 suit.
295 3687 399 3740 Ait
429 3701 564 3755 ergo
596 3701 695 3739 rex
747 3686 938 3750 Israel,
973 3684 1092 3753 regi
1142 3683 1317 3753 Syriae
1368 3682 1638 3753 glorianti
1669 3682 1833 3754 quasi

128 3775 243 3842 jam
296 3774 549 3844 cepisset
609 3774 927 3828 Samariam
987 3788 1161 3842 quam
1219 3772 1478 3825 obsidere
1539 3777 1825 3841 cmperat:

128 3865 200 3917 Ne
249 3866 362 3932 glm
379 3866 524 3917 ietur
552 3865 819 3917 accinctus
873 3877 1023 3931 aeque
1075 3868 1136 3915 ut
1163 3861 1479 3915 discinctus.
1536 3863 1614 3914 Ac
1659 3861 1705 3913 si
1738 3860 1830 3913 di-

128 3960 255 4006 cat:
311 3952 449 4006 Noli
499 3951 733 4021 gloriari
782 3951 946 4021 quasi
998 3949 1195 4015 victor,
1230 3949 1331 4020 qui
1364 3949 1552 4003 adhuc
1587 3949 1647 4002 in
1708 3948 1828 4003 acie

128 4041 369 4112 positus,
406 4055 579 4109 quem
600 4038 833 4093 victoria
858 4044 1134 4109 sequatur
1168 4037 1402 4107 ignoras
1437 4053 1448 4090 :
1481 4037 1697 4109 quippe
1730 4037 1831 4109 qui

126 4131 355 4184 vincere
394 4127 655 4194 credidit,
690 4127 865 4180 victus
895 4131 995 4181 est.

196 4220 367 4272 Vens.
412 4218 508 4271 20.
544 4218 790 4282 —Fugit
818 4231 1045 4284 quoque.
1107 4215 1290 4286 (ΗΔΒ.)
1338 4215 1398 4269 Id
1440 4220 1526 4269 est
1571 4214 1831 4269 diabolus

128 4308 406 4377 princeps
463 4306 799 4376 iniquorum
860 4321 1108 4375 quorum
1159 4305 1309 4359 oculi
1368 4304 1643 4358 sublimes
1674 4306 1827 4357 sunt.

126 4395 287 4467 Syria
320 4394 487 4450 enim
546 4394 805 4448 sublimis
836 4394 895 4446 in
951 4410 1100 4464 equo
1155 4409 1273 4447 suae
1328 4392 1611 4463 superbiae
1659 4391 1833 4446 confi-

126 4485 265 4538 dens
297 4499 439 4538 cum
473 4482 761 4553 equitibus
814 4482 1027 4536 scilicet
1055 4483 1322 4536 omnibus
1362 4480 1641 4551 superbis,
1697 4478 1832 4550 quia

124 4573 243 4644 ipse
276 4580 372 4628 est
404 4577 573 4643 caput
597 4588 769 4641 super
798 4588 994 4625 omnes
1021 4571 1169 4625 filios
1194 4570 1501 4641 superbiae,
1552 4569 1621 4623 ab
1673 4584 1834 4623 exer-

125 4662 241 4715 citu
274 4659 491 4715 Christi
521 4663 821 4729 superatus
879 4658 936 4711 in
991 4658 1189 4728 fugam
1249 4658 1507 4722 vertitur,
1541 4662 1597 4710 et
1626 4672 1721 4709 rex
1752 4656 1834 4709 Is-

124 4752 240 4805 rael
273 4749 527 4821 percutit
558 4765 733 4819 equos
783 4753 839 4801 et
867 4764 1093 4809 currus,
1125 4753 1258 4814 etc.,
1312 4748 1444 4818 quia
1488 4762 1586 4800 rex
1632 4760 1835 4816 regum

124 4839 425 4910 nequitias
453 4837 780 4907 spirituales
811 4836 1006 4891 obruit
1033 4836 1273 4890 humani
1308 4835 1531 4906 generis
1586 4833 1833 4889 delcndo

127 4934 385 4995 peccata.

190 5014 321 5086 ([υ.)
356 5012 632 5069 Diabolus
664 5013 794 5067 licet
824 5029 857 5067 a
902 5011 1111 5067 sanctis
1158 5011 1367 5082 saepius
1418 5010 1699 5078 vincatur,
1756 5016 1837 5066 ta-

1933 508 2047 546 uno
2080 493 2250 547 modo
2282 493 2546 562 vincitur,
2585 495 2727 547 alios
2756 500 2944 547 statim
2976 494 3199 548 vincere
3230 500 3487 549 conatur.

2008 582 2135 651 (In)
2187 583 2415 653 Maligni
2470 583 2699 654 spiritus
2740 584 2785 637 si
2841 584 2899 637 in
2954 583 3344 655 spiritualibus
3384 584 3633 638 vincun-

1934 674 2049 738 tur,
2082 670 2142 725 in
2200 673 2593 742 corporalibus
2643 673 2856 727 bellum
2906 678 3130 744 parant,
3181 678 3502 743 satagentes
3566 680 3627 728 ut

1937 758 2157 813 animas
2217 761 2285 814 de
2339 762 2599 832 supernis
2652 762 2719 815 ad
2780 763 2889 815 ima
2941 761 3318 832 praecipitent,
3386 779 3499 833 quo
3549 764 3630 816 fa-

1938 848 2101 901 cilius
2153 849 2400 903 vincant.
2436 850 2490 905 Si
2546 850 2791 904 viderint
2820 852 3069 905 caelestia
3108 850 3448 918 desiderare,
3512 856 3627 904 ter-

1940 956 2078 993 rena
2137 940 2205 993 ad
2266 942 2575 995 amandum
2629 942 2922 1011 ingerunt.
2977 943 3033 997 Si
3066 943 3440 1012 prosperitate
3498 959 3629 996 con-

1938 1044 2095 1081 cessa
2152 1030 2265 1082 Deo
2310 1029 2510 1099 gratiae
2563 1037 2828 1100 agentur,
2888 1030 3118 1084 student
3165 1036 3226 1084 ut
3282 1047 3385 1101 per
3430 1031 3633 1085 advesa

1940 1116 2298 1187 frangantur.
2333 1118 2441 1171 Sed
2474 1120 2617 1171 sicut
2643 1119 2793 1189 Syri,
2853 1121 2929 1172 ita
2957 1120 3246 1173 daemones
3279 1119 3380 1174 ubi
3418 1137 3477 1173 se
3528 1136 3628 1174 su-

1938 1220 2139 1274 perare
2170 1206 2552 1273 confidebant,
2580 1207 2657 1259 ibi
2688 1207 2939 1275 superati
2963 1205 3114 1261 su'nt.

2015 1295 2168 1348 Vens.
2205 1296 2291 1348 38.
2350 1324 2421 1334 —
2460 1296 2618 1349 Abiit
2670 1311 2815 1366 ergo.
2875 1297 3130 1349 Michmas
3187 1296 3456 1365 parabole
3497 1313 3632 1349 usus

1941 1386 2024 1435 est
2071 1388 2306 1453 propter
2358 1399 2652 1437 sermones
2693 1400 2834 1455 quos
2894 1384 3012 1453 regi
3062 1390 3183 1437 erat
3236 1385 3511 1449 dicturus,
3571 1389 3633 1439 ut

1940 1470 2263 1524 ostenderet
2287 1471 2395 1525 hoc
2420 1472 2487 1524 ad
2521 1472 2685 1525 illum
2718 1472 2898 1542 magis
2920 1489 3093 1543 quam
3124 1474 3193 1527 ad
3225 1490 3282 1527 se
3314 1475 3623 1544 pertinere.

2010 1559 2168 1612 Vens.
2215 1561 2299 1613 39.
2338 1591 2403 1599 —
2446 1562 2569 1613 Erit
2596 1562 2800 1613 anima.
2864 1561 3280 1614 Providendum
3314 1567 3396 1615 est
3454 1561 3630 1614 servis

1944 1647 2063 1712 Dei,
2128 1664 2200 1701 ne
2282 1648 2593 1702 secundum
2654 1650 2981 1720 exemplum
3064 1651 3253 1703 Achab
3313 1651 3631 1721 perniciosa

1939 1736 2237 1789 securitate
2270 1736 2375 1790 sibi
2409 1737 2797 1805 blandiantur,
2859 1739 3111 1807 quandiu
3146 1739 3324 1792 hostis
3355 1738 3514 1805 vivit,
3557 1756 3628 1793 ne

1938 1825 2075 1879 dum
2130 1841 2189 1878 se
2270 1826 2433 1895 quasi
2492 1827 2729 1880 victores
2789 1827 3136 1881 arbitrentur
3209 1844 3313 1897 per
3370 1828 3624 1882 fraudem

1938 1914 2150 1968 diaboli
2198 1930 2397 1984 pacem
2447 1916 2838 1983 promittentis
2893 1916 3078 1979 citius,
3111 1916 3440 1970 elidentur:
3495 1917 3630 1987 quia

1940 2001 2085 2055 sicut
2138 2007 2269 2055 tunc
2299 2003 2581 2071 propheta
2633 2004 2753 2073 regi
2800 2020 2905 2074 pro
2954 2004 3369 2057 inconsiderata
3422 2003 3633 2074 pietate

1940 2091 2333 2160 pronuntiavit
2386 2090 2560 2144 affore
2616 2093 2917 2155 ultionem,
2962 2093 3039 2146 ita
3072 2110 3221 2147 nunc
3264 2093 3634 2164 propheticus

1940 2194 2127 2232 sermo
2199 2179 2555 2249 pronuntiat,
2644 2180 2689 2233 si
2751 2181 3105 2250 paciscamur
3171 2199 3301 2235 cum
3384 2182 3631 2251 diabolo,

1941 2273 2216 2322 mternam
2243 2267 2410 2321 nobis
2442 2284 2547 2338 per
2568 2269 2673 2321 hoc
2698 2268 2999 2322 imminere
3023 2286 3270 2339 poenam.

2013 2356 2177 2410 Vens.
2209 2356 2297 2410 43.
2334 2386 2393 2396 -
2429 2359 2500 2411 Et
2543 2357 2899 2423 furibundus.
2933 2359 3115 2411 Iratus
3141 2358 3333 2411 Achab
3387 2358 3631 2428 prophe-

1940 2451 2058 2498 tam
2088 2445 2346 2499 clausum
2378 2444 2592 2498 servari
2649 2446 2820 2516 jussit
2876 2450 2933 2499 et
2990 2446 3260 2500 confusus
3314 2445 3498 2499 verbis
3529 2445 3630 2499 Mi-

1937 2533 2109 2586 chaaae
2136 2532 2373 2587 domum
2405 2534 2696 2588 remeavit.

2591 2657 2811 2713 CAPUT
2848 2658 2977 2711 XXI.

2009 2766 2135 2816 Post
2207 2764 2392 2832 verba,
2477 2767 2580 2818 etc.
2661 2763 2844 2833 (ΗΑΒ.)
2912 2764 3142 2820 ΝαὸοιΙι.
3212 2764 3625 2835 Interpretatur

1938 2851 2299 2922 conspicuus,
2351 2857 2483 2916 etc.,
2546 2868 2713 2920 usque
2762 2853 2836 2907 ad
2876 2854 2975 2907 sed
3004 2868 3107 2924 per
3159 2869 3302 2907 vana
3346 2852 3632 2907 desideria

1940 2940 2246 2995 defluebat.

2574 3048 2798 3103 CAPUT
2836 3047 2991 3102 XXII.

2014 3154 2154 3207 Vens
2216 3157 2299 3207 17.
2358 3182 2427 3196 -—
2506 3154 2640 3209 Vidi
2704 3155 3013 3207 universum
3086 3154 3335 3207 Israetem
3413 3153 3627 3221 disper-

1940 3256 2079 3306 sum,
2115 3244 2219 3293 etc.
2258 3242 2366 3294 Per
2403 3241 2523 3295 haec
2553 3246 2746 3295 autem
2794 3241 3064 3305 ostendit,
3100 3240 3252 3311 quod
3294 3240 3449 3294 illius
3493 3258 3633 3311 pra-

1942 3331 2086 3384 vitas
2140 3345 2309 3383 causa
2359 3329 2429 3383 sit
2500 3330 2723 3399 stragis.
2776 3330 2919 3383 Nam
2969 3329 3015 3381 si
3070 3329 3287 3382 bonum
3353 3345 3417 3382 ac
3474 3332 3636 3399 pium

1941 3418 2234 3472 habuisset
2297 3423 2604 3488 pastorem,
2667 3418 2718 3472 vi
2769 3423 3094 3489 superasset
3144 3418 3357 3472 hostes.
3420 3419 3637 3473 Deinde

1942 3507 2194 3561 ostendit
2230 3507 2403 3561 etiam
2460 3507 2695 3561 modum
2753 3506 3124 3577 assequendze
3174 3508 3393 3562 salutis.
3428 3508 3487 3563 Si
3526 3510 3631 3562 Do-

1945 3595 2132 3648 minus
2162 3600 2267 3661 est,
2309 3596 2497 3666 inquit
2552 3596 2653 3659 eis,
2712 3596 2771 3648 in
2834 3596 3037 3660 Deum,
3088 3602 3410 3649 revertatur
3462 3613 3636 3651 unus-

1943 3682 2183 3753 quisque
2213 3685 2281 3736 ad
2309 3683 2497 3736 locum
2536 3699 2701 3736 suum
2730 3683 2789 3736 in
2821 3699 2975 3752 pace.
3028 3683 3085 3737 Si
3138 3684 3250 3737 Deo
3280 3684 3530 3751 creditis,
3582 3690 3639 3739 et

1942 3770 2116 3824 vultis
2154 3787 2221 3824 ex
2260 3786 2327 3824 eo
2359 3770 2501 3823 scire
2536 3771 2675 3840 quid
2704 3772 3010 3840 agendum,
3045 3772 3269 3826 dimitte
3301 3774 3634 3830 exercitum.

2006 3859 2170 3913 Vens.
2209 3863 2291 3914 19.
2328 3889 2395 3900 -
2444 3859 2597 3915 Vidit
2639 3862 2943 3925 Dominum,
3002 3865 3113 3914 etc.
3171 3861 3355 3931 (ΗΑΒ.)
3414 3862 3635 3917 Solium

1939 3948 2171 4003 Domini
2218 3948 2488 4015 angelicae
2516 3952 2840 4017 potestates,
2873 3964 3118 4019 quarum
3158 3951 3447 4004 mentibus
3487 3952 3639 4006 Deus

1938 4036 2247 4109 praesidens
2299 4036 2537 4089 inferius
2578 4040 2781 4089 cuncta
2833 4035 3104 4105 disponit.
3180 4037 3465 4091 Exercitus
3504 4040 3633 4093 casli

1939 4124 2390 4180 ministrantium
2438 4125 2773 4193 angelorum
2814 4123 3120 4177 multitudo
3165 4124 3445 4180 :dextera
3503 4144 3637 4197 pars

1939 4215 2279 4285 angelorum
2337 4215 2535 4281 electa,
2587 4213 2815 4266 sinistra
2881 4228 3013 4283 pars
3080 4214 3345 4282 reproba.
3437 4216 3635 4287 Neque

1939 4302 2093 4355 enim
2133 4302 2365 4356 dextera
2409 4301 2768 4355 concluditur
2799 4304 2963 4368 Deus,
3000 4318 3185 4374 neque
3216 4304 3487 4361 sinistra:
3539 4308 3637 4377 qui

1943 4390 2022 4444 ita
2051 4395 2135 4443 est
2164 4390 2315 4444 intra
2335 4389 2548 4455 omnia,
2572 4395 2637 4444 ut
2662 4391 2735 4444 sit
2765 4396 2820 4445 et
2844 4396 3018 4446 extra.
3048 4393 3154 4447 Sed
3173 4394 3462 4465 quomodo
3495 4395 3634 4449 mali

1946 4478 2016 4532 de
2045 4478 2298 4533 exercitu
2329 4480 2509 4534 coelo?
2566 4479 2709 4543 Quia
2764 4483 3025 4551 quamvis
3074 4482 3144 4535 ab
3203 4483 3451 4537 esthereo
3500 4485 3641 4538 coelo

1945 4567 2110 4638 pulsi,
2142 4568 2328 4623 adhuc
2352 4575 2545 4623 tamen
2574 4569 2634 4622 in
2660 4584 2825 4623 aereo
2857 4570 3229 4623 demorantur
3258 4572 3432 4639 caelo;
3490 4572 3642 4627 unde

1945 4657 2196 4710 Paulus:
2275 4658 2475 4713 Contra
2529 4658 2845 4726 spiritualia
2922 4660 3177 4728 nequitia
3220 4662 3278 4713 in
3342 4661 3640 4716 cazlestibus

1947 4745 2161 4814 (Ephes.
2206 4746 2303 4813 γι).
2355 4746 2555 4800 Omnis
2610 4746 2888 4801 exercitus
2944 4748 3160 4801 assistit
3221 4749 3358 4813 Deo,
3391 4749 3529 4818 quia
3584 4754 3639 4804 et

1944 4834 2205 4886 voluntas
2257 4833 2571 4887 electorum
2602 4833 2908 4903 spirituum
2940 4835 3149 4889 divinae
3177 4836 3431 4890 deseruit
3472 4842 3642 4908 pote-

1946 4921 2099 4985 stati,
2130 4926 2188 4974 et
2233 4922 2609 4991 reproborum
2669 4938 2866 4976 sensus
2907 4939 3024 4978 suae
3072 4924 3321 4979 serviens
3377 4926 3639 4995 malitias,

1938 5009 2156 5078 judicio
2185 5009 2608 5081 Omnipotentis
2634 5011 3026 5082 obtemperat.
