4062 6180
475 309 566 358 till
1081 299 1472 354 WALAFRIDI
1517 299 1762 355 STRABI
1809 303 2012 358 FULD.
2069 307 2232 362 MON.
2279 307 2430 362 OPP.
2473 308 2648 362 PARS
2688 307 2733 358 1.
2785 337 2844 344 —-
2890 307 3352 364 THEOLOGICA.
3848 313 3933 364 mi)

1501 562 1845 650 LIBER
1933 565 2466 664 QUARTUS
2553 569 2956 655 BEGUM

1827 724 2208 789 Secundum
2268 727 2609 806 Hebraeos,

1757 871 2187 936 MALACHIM

1041 1113 1264 1168 CAPUT
1306 1112 1590 1167 PRIMUM.

543 1227 704 1279 Vens.
761 1225 813 1276 2.
873 1251 933 1262 --
998 1219 1181 1291 (ΗΑΒ.)
1255 1219 1564 1289 Ceciditque
1617 1219 1894 1274 Ochozias.
1950 1222 2164 1273 Domus

473 1313 718 1370 Ochozia
785 1316 868 1365 est
924 1311 1242 1381 Synagoga,
1313 1324 1440 1378 qum
1519 1307 1802 1378 legalibus
1866 1308 2168 1378 praeceptis

471 1403 636 1476 quasi
689 1399 951 1455 cancellis
1000 1397 1274 1452 cmuaculi
1322 1396 1580 1466 undique
1609 1397 1961 1451 circumdata
2019 1404 2163 1453 erat.

471 1493 575 1547 Sed
611 1492 755 1545 sicut
782 1488 1052 1545 Ochozias
1080 1504 1180 1559 per
1207 1487 1485 1540 cancellos
1541 1486 1747 1557 quibUs
1779 1486 1927 1540 tueri
1972 1485 2169 1539 debuit

472 1597 664 1646 ruens,
711 1578 1096 1648 agritudinem
1148 1575 1381 1628 nimiam
1425 1575 1685 1641 incurrit,
1719 1575 1796 1628 ita
1831 1578 1885 1627 et
1939 1575 2166 1628 Judams

472 1670 614 1740 legis
643 1667 954 1722 custodiam
1005 1665 1300 1730 excedens,
1358 1663 1416 1717 in
1449 1665 1783 1734 languorem
1832 1663 2158 1731 desperabi-

473 1760 583 1813 lem
640 1761 1002 1827 peccatorum
1061 1753 1282 1807 cecidit.
1342 1751 1440 1806 Ubi
1484 1753 1617 1823 quia
1679 1753 1776 1807 Dei
1835 1752 2165 1823 praesidium

471 1845 801 1916 dereliquit,
835 1842 1031 1897 salutis
1072 1841 1389 1895 remedium
1438 1857 1550 1894 non
1610 1841 1845 1895 invenit.
1901 1841 2172 1911 Confugit

471 1937 625 1991 enim
668 1935 809 1988 sicut
852 1949 949 1986 rex
997 1931 1211 2002 impius
1241 1931 1308 1984 ad
1342 1931 1511 1984 falsos
1567 1930 1722 1997 deos,
1778 1946 1827 1983 et
1860 1931 1989 1984 ideo
2034 1948 2166 2000 pro-

469 2025 697 2096 phetico
733 2038 831 2076 ore
862 2020 1191 2090 corripitur,
1226 2023 1282 2072 et
1330 2019 1400 2072 de
1435 2019 1557 2088 ejus
1591 2024 1772 2072 morte
1804 2019 1989 2072 vicina
2023 2035 2164 2088 prae-

471 2111 700 2166 dicitur.
729 2109 996 2164 Ochozias
1021 2108 1346 2161 Judaeorum
1370 2108 1615 2160 maxime
1669 2107 1957 2177 principes
1989 2107 2164 2176 signi-

471 2202 622 2267 ticat,
657 2199 755 2269 qui
780 2196 929 2250 vitiis
960 2195 1139 2250 dediti
1167 2195 1465 2249 veritatem
1488 2195 2112 2266 persequuntur;uude
2149 2210 2160 2248 :

468 2291 729 2345 Miserunt
783 2287 1058 2355 principes
1109 2287 1160 2337 et
1216 2285 1481 2337 Pharisaei
1529 2285 1805 2337 ministros
1856 2288 1915 2336 ut
1957 2297 2163 2350 apprc-

471 2377 980 2439 henderentJesum,
1018 2378 1121 2426 etc.
1161 2373 1332 2441 (Joan.
1357 2373 1474 2440 vn).

539 2467 694 2519 Vens.
721 2467 772 2517 9.
809 2493 875 2502 —
897 2465 1154 2529 Mhitque
1180 2461 1254 2514 ad
1283 2477 1399 2514 eum
1428 2461 1962 2530 quinquagenarium
1995 2459 2161 2526 prin-
2196 2458 2233 2511 Β

469 2556 659 2622 cipcm,
688 2557 738 2605 ct
767 2552 1168 2620 quinquaginta
1190 2551 1352 2602 viros.
1386 2549 1568 2618 (ΗΑΒ.)
1602 2547 2160 2619 Quinquagenarius,

469 2640 739 2697 confessio
751 2638 1104 2710 paenitentia:
1128 2643 1232 2703 est,
1255 2653 1367 2708 qua
1399 2637 1718 2692 declaratur
1740 2635 1999 2690 remissio
2033 2651 2162 2705 pec-

468 2734 748 2783 catorum.
805 2726 987 2781 Judaei
1022 2741 1156 2796 ergo
1194 2727 1453 2779 nolentes
1495 2727 1780 2780 Christum
1817 2726 1994 2779 Deum
2019 2740 2159 2789 esse,

467 2833 572 2872 nec
606 2817 920 2888 principem
959 2815 1333 2884 paenitentiae,
1365 2814 1562 2868 dicunt
1588 2815 1638 2868 ei
1674 2832 1686 2869 :
1738 2813 2164 2884 Quinquaginta

467 2923 645 2960 annos
674 2905 928 2959 nondum
959 2901 1132 2958 habes
1157 2909 1210 2956 et
1230 2903 1515 2957 Abraham
1548 2903 1737 2957 VldlSli
1760 2908 1860 2956 ‘tet
1890 2901 1950 2956 in
1971 2903 2162 2955 futuro

467 2995 589 3066 igni
618 2994 1021 3048 incenduntur.
1042 2992 1264 3046 Tertius
1277 2992 1827 3063 quinquagenarius,
1861 2991 1996 3061 quia
2023 3006 2161 3043 cou-

466 3101 660 3138 versus
687 3083 757 3136 ad
792 3083 964 3137 tidem
1009 3080 1318 3148 Trinitatis,
1344 3081 1698 3151 poenitentize
1735 3084 2158 3134 sacramentum

466 3172 752 3243 cognovit,
797 3169 1218 3239 indulgentiam
1251 3168 1483 3222 meruit.

1137 3302 1361 3356 CAPUT
1400 3301 1470 3354 lI.

538 3421 696 3471 Vens.
731 3420 781 3469 2.
817 3445 883 3456 —
922 3417 1143 3469 Factum
1173 3419 1269 3468 est.
1303 3415 1454 3482 (Rau.
1511 3416 1570 3467 in
1602 3414 1694 3468 lib.
1745 3416 1900 3482 Reg.,
1948 3418 1984 3466 t.
2038 3414 2159 3484 Ill.)

468 3505 678 3573 Turbo,
737 3505 797 3558 id
853 3508 938 3558 est
985 3502 1370 3556 validissimus
1421 3507 1643 3566 ventus,
1692 3507 1818 3569 etc.,
1870 3517 2041 3571 usque
2088 3502 2160 3556 ad

467 3597 807 3664 Assumptus
853 3596 936 3645 est
972 3591 1246 3647 Dominus
1292 3608 1397 3662 per
1435 3590 1648 3644 coitum
1705 3607 1806 3644 nec
1853 3607 2156 3661 generans,

463 3699 568 3737 nec
589 3686 914 3753 generatus.

533 3773 702 3826 Vens.
739 3773 794 3824 9.
843 3800 912 3808 —
959 3769 1092 3823 Fiat
1144 3772 1222 3822 in.
1285 3768 1432 3823 Elias
1464 3767 1664 3839 spiritu
1718 3769 2041 3840 prophetali
2099 3776 2155 3824 et
2186 3808 2225 3861 Ο

463 3868 796 3932 operatione
841 3856 1250 3912 miraculorum
1301 3857 1640 3912 excellenter
1666 3859 1933 3921 pollebat,
1969 3873 2149 3928 gemi-

460 3966 594 4004 nam
625 3964 761 4020 ergo
793 3947 1034 4020 gratiam
1066 3963 1239 4018 quam
1286 3946 1520 4000 Elisaaus
1549 3946 1609 4000 in
1659 3946 1932 4016 magistro
1965 3947 2153 4017 vigere

459 4037 858 4108 cognoscebat,
911 4035 1020 4088 sibi
1063 4035 1240 4089 tribui
1290 4035 1528 4105 rogavit.
1586 4034 1744 4088 Unde
1802 4041 1957 4106 patet
2001 4035 2152 4106 quod

462 4141 574 4178 non
593 4141 712 4179 esse
736 4123 1046 4194 discipulus
1069 4138 1241 4194 super
1261 4124 1601 4193 magistrum
1624 4123 1948 4192 postulavit.
1967 4125 2150 4193 (ΗΑΒ.)

465 4213 694 4268 Fiducia
727 4212 958 4282 petendi
985 4216 1214 4282 accepta
1243 4228 1275 4264 a
1334 4211 1576 4264 Domino
1605 4211 1848 4265 Ecclesia
1900 4212 2154 4281 postulat

462 4302 728 4374 spiritum
785 4299 1016 4367 Christi,
1095 4303 1152 4352 et
1209 4298 1344 4368 quia
1395 4299 1731 4352 remissione
1783 4306 2150 4368 peccatorum

461 4389 682 4460 indiget
710 4403 824 4458 qua
854 4402 971 4440 non
1003 4385 1161 4457 eguit
1190 4385 1465 4450 Christus,
1500 4391 1556 4440 et
1604 4402 1841 4440 munere
1875 4385 2149 4440 virtutum

461 4494 602 4549 quas
631 4493 699 4530 ex
722 4475 1079 4547 plenitudine
1110 4491 1211 4528 sua
1228 4490 1330 4545 per
1357 4473 1635 4544 Spiritum
1665 4481 1923 4529 sanctum
1951 4475 2153 4530 tribuit

460 4565 734 4632 Christus,
770 4565 868 4633 qui
902 4561 1190 4617 ascendens
1218 4564 1276 4616 in
1305 4563 1474 4617 altum
1522 4565 1796 4631 captivam
1843 4563 2007 4617 duxit
2055 4579 2150 4617 ca-

459 4657 786 4726 ptivitatem,
819 4651 968 4706 dedit
991 4651 1131 4706 dona
1163 4651 1444 4705 homnibus
1477 4651 1704 4720 (Ephes.
1730 4651 1827 4720 IV),
1859 4650 1971 4704 illis
2002 4651 2153 4706 vide-

460 4744 592 4798 licet
620 4743 719 4814 qui
750 4757 909 4811 spem
933 4756 1096 4794 suam
1121 4739 1178 4792 in
1209 4739 1306 4793 illo
1334 4744 1576 4808 ponunt.
1603 4739 1745 4793 Hinc
1764 4744 1850 4794 est
1869 4740 2018 4811 quod
2032 4740 2109 4794 ait
2135 4757 2146 4796 :

530 4836 665 4888 Van.
705 4835 788 4888 lO.
822 4861 890 4874 —
921 4832 982 4887 Si
1022 4831 1245 4885 videris.
1277 4830 1335 4884 Id
1374 4835 1458 4884 est
1517 4829 1563 4883 si
1597 4831 1793 4884 oculos
1851 4831 1984 4886 ﬁdei
2015 4848 2148 4902 ape-

458 4923 663 4992 rueris,
696 4927 752 4976 et
793 4936 924 4975 cum
957 4919 1220 4990 passione
1269 4924 1325 4972 et
1353 4919 1764 4974 resurrectione
1821 4921 1994 4974 etiam
2060 4936 2148 4973 as-

457 5012 785 5066 censionem
837 5025 1024 5063 meam
1055 5008 1306 5062 tideliter
1335 5007 1664 5076 credideris,
1705 5009 1994 5079 petitionis
2038 5013 2152 5062 tuae

459 5103 722 5158 effectum
751 5097 1134 5169 consequeris.

2256 873 2690 938 SECUNDUS.

2192 1114 2240 1170 A
2281 1115 2409 1169 vitae
2441 1115 2645 1169 ﬂuctus
2675 1115 2918 1169 transire
2960 1114 3191 1183 satagit;
3227 1113 3322 1166 sed
3377 1113 3520 1166 sicut
3565 1113 3790 1167 Elisaeus
3838 1131 3934 1168 non

2278 1203 2386 1256 nisi
2419 1204 2678 1258 invocato
2709 1203 2942 1257 nomine
2979 1203 3111 1256 Elim
3140 1218 3316 1274 aquas
3347 1202 3555 1266 divisit,
3591 1203 3672 1255 ita
3705 1203 3932 1256 Ecclesia!

2278 1292 2387 1346 nisi
2415 1309 2519 1363 per
2575 1293 2992 1347 invocationem
3026 1291 3275 1345 nominis
3322 1291 3530 1345 Christi
3560 1290 3786 1346 virtutes
3815 1293 3935 1344 ullas

2275 1381 2461 1435 facere
2491 1398 2608 1436 non
2665 1387 2869 1452 potest.
2904 1381 3054 1434 Deus
3105 1383 3190 1434 est
3241 1379 3396 1434 enim
3429 1379 3528 1450 qui
3586 1385 3842 1451 operatur
3890 1380 3938 1433 in

2277 1470 2442 1523 nobis
2473 1477 2529 1524 et
2559 1473 2700 1524 velle
2725 1479 2780 1523 et
2807 1471 3104 1540 perficere.

2348 1560 2506 1613 Vens.
2553 1564 2631 1613 t7.
2658 1590 2723 1598 —
2757 1561 2974 1613 Mittite.
3009 1559 3181 1627 (lsm.)
3215 1557 3328 1624 Sal,
3360 1557 3416 1611 id
3449 1563 3555 1623 est,
3581 1557 3846 1629 sapientia
3894 1557 3937 1609 in

2279 1665 2407 1701 vase
2448 1648 2627 1714 iictili,
2688 1648 2743 1700 id
2797 1653 2899 1712 est,
2961 1663 3199 1716 corpore
3257 1646 3511 1700 hnmano
3554 1648 3738 1717 posita
3790 1663 3937 1715 aquas

2278 1737 2458 1799 sanat,
2493 1733 2547 1787 id
2591 1731 2694 1798 es't,
2729 1734 2969 1804 populos
3000 1732 3299 1786 dulcedine
3329 1732 3649 1786 dilectionis
3699 1738 3749 1786 et
3778 1732 3940 1785 bono-

2277 1839 2404 1877 rum
2437 1839 2675 1893 operum
2722 1839 2826 1892 per
2855 1821 3060 1876 Christi
3093 1821 3546 1875 incarnationem
3599 1821 3872 1875 fecundat.

2349 1913 2510 1966 Vnus.
2550 1915 2638 1965 23.
2673 1941 2740 1951 —
2771 1911 3030 1965 Ascendit
3087 1915 3284 1964 autem.
3321 1911 3488 1978 (lsm.)
3519 1910 3756 1965 Elisaaus
3812 1910 3941 1962 salus

2277 2001 2398 2056 Dei.
2437 2002 2490 2055 Is
2514 2005 2599 2055 est
2648 2000 2746 2072 qui
2778 1999 3036 2053 Salvator
3065 2004 3317 2063 vocatur,
3373 1999 3461 2052 cui
3488 1999 3740 2054 illudunt
3765 1998 3939 2060 Judtei,

2275 2091 2409 2160 quia
2449 2089 2506 2142 in
2538 2088 2947 2143 Calvariaeluco
2978 2103 3315 2140 ascensurus
3346 2094 3464 2141 erat
3493 2087 3548 2140 in
3581 2103 3830 2151 crucem;
3859 2085 3938 2136 sed

2277 2179 2532 2234 Christus
2583 2182 2885 2247 postquam
2916 2175 3172 2230 ascendit
3221 2175 3278 2228 iu
3327 2175 3518 2241 caelos,
3567 2175 3711 2228 sicut
3741 2174 3944 2228 Eliszeus

2273 2267 2526 2322 ascendit
2557 2267 2616 2320 in
2661 2267 2875 2330 Bethel,
2927 2266 2980 2319 id
3023 2270 3109 2319 est
3138 2264 3198 2319 in
3228 2264 3460 2318 domum
3497 2265 3594 2319 Dei
3653 2265 3943 2336 quadrage-

2272 2356 2416 2410 simo
2469 2355 2719 2408 secundo
2751 2371 2920 2416 anno,
2983 2353 3220 2407 immisit
3273 2352 3416 2408 duos
3467 2368 3631 2406 ursos
3692 2352 3759 2406 de
3809 2350 3945 2404 silvis

2273 2443 2555 2514 gentium,
2607 2443 3016 2512 Vespasianum
3079 2442 3292 2495 scilicet
3345 2447 3402 2495 et
3436 2441 3651 2510 Titum,
3711 2442 3807 2512 qui
3858 2455 3941 2492 eos

2273 2533 2488 2586 crudeli
2522 2539 2708 2602 strage
2743 2531 3094 2601 dejecerunt,
3129 2530 3320 2601 ibique
3365 2531 3598 2601 sanguis
3622 2545 3821 2586 eorum
3867 2528 3939 2580 ef-

2275 2620 2432 2674 fusus
2463 2627 2549 2674 est
2577 2620 2673 2674 ubi
2707 2619 3013 2674 Dominum
3037 2618 3478 2689 suspenderunt.

2949 2762 3173 2817 CAPUT
3217 2762 3313 2815 IlI.

2346 2887 2527 2957 (ΗΑΒ.)
2567 2887 2701 2940 Tres
2731 2901 2895 2956 reges
2935 2891 3132 2938 contra
3179 2884 3342 2937 Moab
3373 2883 3674 2951 bellantes,
3721 2887 3946 2938 rectores

2272 2981 2404 3029 sunt
2438 2975 2718 3042 ﬁdelium,
2751 2975 2850 3044 qui
2891 2991 2994 3045 per
3023 2973 3312 3028 Trinitatis
3339 2971 3514 3026 ﬁdem
3567 2978 3760 3028 contra
3796 2987 3942 3025 mun-

2271 3063 2329 3117 di
2368 3061 2681 3134 principem
2707 3066 2762 3114 et
2789 3061 3091 3132 p0pulum,
3121 3060 3180 3114 id
3202 3068 3286 3113 est
3317 3060 3712 3130 philosophos,
3743 3057 3944 3113 hereti-

2271 3169 2386 3217 cos,
2428 3150 2815 3204 schismaticos
2872 3156 3041 3221 atque
3071 3165 3270 3203 omnes
3321 3148 3552 3220 iniquos
3583 3148 3759 3203 armis
3791 3147 3941 3218 spiri-

2269 3240 2520 3294 tualibus
2572 3239 2906 3308 conﬂigunt.
2969 3238 3130 3293 Moab
3184 3237 3595 3308 interpretatur
3635 3239 3724 3305 :de
3781 3240 3942 3307 patre,

2270 3329 2381 3382 illis
2403 3327 2669 3382 convenit
2698 3327 2770 3381 ad
2804 3343 2948 3398 quos
2984 3326 3260 3380 Dominus
3308 3325 3496 3379 dixit:
3556 3327 3660 3380 Vos
3700 3342 3768 3379 ea:
3809 3330 3946 3394 patre

2269 3417 2481 3471 diabolo
2537 3418 2663 3470 estis
2719 3416 2912 3485 (Joan.
2973 3415 3110 3485 vm).
3176 3415 3241 3468 Hi
3284 3414 3621 3468 adversatur
3670 3412 3942 3476 Ecclesiae,

2269 3507 2461 3575 minis,
2517 3505 3032 3576 persecutionibus,
3062 3509 3118 3558 et
3147 3504 3278 3559 dolo
3307 3521 3322 3557 :
3364 3503 3461 3558 sed
3491 3519 3595 3574 per
3649 3504 3942 3562 Christum.

2269 3596 2368 3668 qui
2399 3601 2568 3666 caput
2596 3600 2683 3649 est
2713 3595 3184 3661 Christianorum,
3221 3593 3567 3664 etfugantur,

2339 3686 2490 3739 Vens
2550 3686 2632 3738 16.
2667 3714 2735 3722 -—
2791 3685 2988 3738 Facite.
3051 3682 3234 3754 (ΗΑΒ.)
3267 3681 3551 3751 Propheta
3612 3682 3826 3753 populo
3867 3679 3945 3732 siti

2267 3772 2499 3842 fatigato
2528 3787 2633 3842 per
2660 3771 2999 3824 miraculum
3039 3770 3341 3830 consuluit,
3369 3775 3425 3822 et
3449 3771 3770 3840 prophetia:
3811 3769 3944 3823 dicta

2264 3861 2561 3914 Consilium
2594 3860 2886 3930 prteheant
2914 3857 3196 3925 ﬁdelibus,
3220 3857 3465 3929 qualiter
3485 3856 3945 3928 spiritalidoctri-

2263 3966 2336 4003 na
2367 3948 2622 4003 animum
2654 3947 2928 4002 reﬁciant.

2333 4039 2428 4108 (In.
2442 4057 2458 4106 )
2491 4038 2718 4091 Fossam
2751 4037 2809 4090 in
2845 4037 3004 4090 alveo
3029 4034 3298 4090 torrentis
3330 4034 3484 4101 facit,
3515 4037 3614 4105 qui
3669 4033 3943 4106 profunda

2260 4126 2528 4197 mysteria
2561 4125 2618 4179 in
2649 4125 2956 4196 Scripturis
2999 4123 3222 4194 quierit.
3255 4123 3393 4188 Quae
3431 4124 3648 4194 absque
3676 4124 3868 4194 pluvia
3892 4127 3942 4174 et

2261 4219 2426 4268 vento
2482 4229 2631 4284 aqua
2689 4213 3009 4282 replentur;
3066 4211 3199 4283 quia
3229 4228 3382 4283 saepe
3429 4212 3648 4283 absque
3708 4213 3943 4267 humano

2261 4303 2462 4356 solatio
2495 4301 2836 4371 sapientiam
2866 4300 3087 4355 confert
3123 4299 3239 4355 suis
3285 4300 3798 4371 investigatoribus
3845 4315 3940 4370 po-

2257 4390 2436 4445 tentia
2487 4390 2697 4445 divina.
2749 4390 2907 4443 Unde
2945 4391 3188 4443 Joannes
3238 4387 3376 4443 dicit
3407 4405 3420 4443 :
3456 4391 3573 4445 Non
3604 4405 3814 4445 necesse
3851 4389 3940 4441 ha-

2259 4480 2395 4534 betis
2446 4483 2507 4532 ut
2549 4479 2750 4546 aliquis
2781 4492 2872 4532 vos
2919 4477 3122 4544 doceat,
3155 4477 3250 4532 sed
3300 4481 3439 4532 sicut
3481 4482 3666 4533 unctio
3705 4479 3827 4548 ejus
3859 4476 3944 4529 do-

2258 4573 2337 4622 cet
2363 4581 2453 4622 vos
2501 4567 2566 4620 de
2615 4567 2877 4634 omnibus,
2911 4572 3024 4622 etc.
3064 4567 3109 4636 (Ι
3153 4567 3320 4620 Joan.
3357 4567 3437 4637 ιι).
3498 4567 3700 4622 Unde:
3761 4566 3944 4620 Bibent

2262 4653 2497 4710 homines
2517 4660 2567 4709 et
2588 4656 2834 4724 jumenta
2864 4656 3055 4723 (Joan.
3081 4655 3182 4725 ιιι),
3217 4654 3276 4710 id
3306 4661 3410 4722 est,
3449 4655 3778 4711 doctrinam
3813 4654 3939 4709 acci-

2259 4743 2440 4814 pient,
2471 4743 2756 4813 ingeniosi
2783 4749 2839 4797 et
2885 4743 3173 4814 simplices

2330 4832 2488 4886 Vens.
2531 4835 2610 4886 l8.
2646 4861 2706 4872 --
2750 4833 3070 4901 Parumque.
3106 4832 3239 4901 tln.)
3273 4833 3394 4887 Non
3418 4832 3571 4888 enim
3594 4833 3814 4888 sufﬁcit
3843 4846 3942 4886 ser-

2259 4919 2343 4974 vis
2395 4919 2494 4974 Dei
2547 4920 2742 4974 abdita
2772 4921 3041 4990 mysteria
3096 4921 3274 4976 scire:
3311 4922 3452 4993 quin
3522 4922 3698 4977 etiam
3747 4924 3944 4978 debent

2261 5025 2327 5063 ea
2358 5008 2483 5062 aliis
2504 5009 2833 5079 praedicare,
2857 5012 2914 5063 et
2937 5013 3135 5062 contra
3160 5009 3410 5064 dicentes
3431 5011 3806 5080 redarguere,
3840 5011 3948 5082 qui-

2259 5097 2363 5152 bus
2416 5097 2698 5167 promissa
2746 5101 2830 5151 est
2858 5103 3010 5152 certa
3037 5098 3106 5152 de
3135 5098 3295 5153 hoste
3353 5099 3611 5166 victoria,
3660 5105 3728 5154 ut
3757 5116 3946 5172 percu-

530 5154 690 5243 ltaas.
751 5189 833 5242 t3.
868 5154 960 5227 -δ
983 5185 1235 5240 Pallium.
1298 5184 1484 5254 (ΗΑΒ.)
1533 5184 1854 5239 Incarnatio
1910 5190 1996 5240 est
2046 5201 2148 5257 per
2177 5154 2218 5207 Β
2258 5154 2656 5240 tianthmnem
2682 5185 2986 5240 civitatem.

459 5293 634 5351 quam
672 5275 832 5330 Lethi
866 5274 1106 5329 ﬂuvium
1157 5273 1374 5343 dirupit
1403 5271 1682 5343 nobisque
1710 5273 2019 5326 transitum
2077 5273 2146 5326 ad

457 5368 631 5422 vitam
654 5363 1019 5436 praeparavit,
1056 5363 1159 5416 hoc
1218 5362 1442 5415 Elisaaus
1488 5366 1622 5431 post
1654 5361 1958 5416 transitum
2019 5361 2147 5414 Elite

2328 5275 2603 5328 Vens.19.
2643 5305 2714 5314 —
2771 5275 3086 5330 Civitatem.
3140 5275 3324 5345 (ΗΑΒ.)
3381 5276 3604 5342 Civitas,
3667 5275 3949 5332 saecularis

2255 5367 2335 5417 est
2361 5362 2688 5432 prudentia;
2718 5362 2778 5416 in
2828 5379 2942 5433 qua
2971 5363 3295 5434 philosophi
3352 5370 3410 5418 et
3460 5365 3720 5420 hmretici
3775 5365 3947 5420 conti-

457 5455 714 5513 retinuit,
772 5452 907 5524 quia
990 5451 1162 5505 ﬁdem
1238 5450 1647 5504 incarnationis
1705 5450 1948 5505 Ecclesia
2017 5455 2149 5520 post
2251 5451 2416 5506 dunt:
2446 5451 2567 5504 haec
2597 5466 2700 5521 per
2729 5450 3128 5520 praedicatores
3153 5452 3520 5508 subvertitur.

459 5541 850 5598 ascensionem
885 5537 1084 5594 Christi
1141 5538 1465 5604 reservavit,
1499 5554 1603 5610 per
1631 5553 1804 5610 quam
1840 5537 2141 5608 praisentis

2325 5539 2574 5603 Lignum.
2608 5539 2741 5610 (10.)
2776 5539 2898 5594 Non
2931 5540 3082 5611 quod
3114 5540 3248 5595 facit
3283 5541 3532 5596 fructum
3564 5543 3662 5598 sed
3696 5542 3945 5598 mortife-
