4062 6180
217 316 311 363 613
1314 315 1562 371 GLOSSA
1604 315 2020 373 ORNNARIA.
2064 349 2135 359 —
2176 320 2299 375 LIB.
2344 321 2408 375 ιν
2450 323 2607 377 RBG.

3626 339 3726 390 uti

212 450 335 486 rum
363 438 515 504 quod
548 443 812 489 secuturo
850 436 1109 489 examine
1154 438 1457 503 succisum,
1492 440 1765 509 pabulum
1812 442 1908 494 tiet
1945 444 1991 495 A
2019 441 2149 495 iicat
2172 443 2376 497 virtute
2426 445 2705 522 bellorum
2751 449 3135 518 principatum
3202 458 3485 521 gerentes,
3535 472 3598 508 ac
3630 472 3720 509 re-

209 521 356 592 ignis
387 526 605 578 interni.
644 526 838 578 Fontes
894 542 1174 597 aquarum
1217 526 1578 593 obturantur,
1638 546 1766 582 cum
1800 530 1913 583 lim-

208 612 505 666 resiarcha:
546 630 677 667 cum
717 613 835 667 suis
891 614 1230 685 sequacibus
1264 631 1365 685 per
1421 617 1728 669 catholicos
1762 618 1913 671 dam-

206 704 435 756 nantur.
469 701 606 771 Agri
638 702 1163 773 egregiilapidibus
1184 703 1544 773 operiuntur,
1579 720 1709 757 cum
1732 722 1909 759 venu-

205 792 317 842 stas
348 789 649 844 locutionis
676 791 957 863 haeretica
989 796 1045 845 et
1072 792 1480 862 philosophica:
1531 794 1910 848 anathematis

205 878 463 946 pondere
510 880 789 935 obruitur.
853 882 1173 934 Remanent
1222 885 1446 935 tantum
1504 883 1655 936 muri
1686 882 1906 950 ﬁctiles,

204 965 255 1018 id
300 972 387 1019 est
417 966 572 1021 falsze
596 969 858 1035 rationes,
890 985 1018 1039 qua:
1045 968 1521 1034 afundibulariis,
1547 970 1604 1025 id
1653 976 1737 1025 est
1776 988 1910 1024 san-

203 1055 306 1109 ctis
339 1056 809 1125 praedicatoribus
835 1056 907 1109 ad
940 1056 1186 1111 nihilum
1239 1057 1596 1127 rediguntur.

272 1144 459 1215 (ΗΑΒ.)
491 1146 575 1199 Ita
605 1145 929 1217 philosophi
963 1145 1199 1199 verbum
1233 1147 1533 1201 stultitiam
1575 1148 1900 1203 existiman-

211 1232 314 1294 tes,
353 1228 614 1282 derident
639 1230 960 1299 passionem
994 1229 1226 1297 Christi,
1260 1234 1313 1284 et
1372 1231 1631 1286 Ecclesiae
1690 1238 1905 1303 marty-

201 1316 356 1370 rium
389 1318 738 1372 dementiam
767 1316 1117 1373 ‘cxistimant.

915 1481 1139 1536 CAPUT
1170 1483 1259 1536 ιν.

268 1612 399 1664 Ven.
446 1616 490 1665 l.
544 1642 612 1650 -ο
662 1614 877 1679 Mulier,
949 1619 1053 1667 etc.
1135 1615 1312 1684 (ΗΑΒ.)
1370 1615 1570 1669 Sancta
1658 1616 1901 1671 Ecclesia

200 1698 444 1753 duorum
478 1702 840 1771 populorum,
875 1702 933 1756 id
966 1704 1288 1757 estJudaici
1320 1711 1376 1757 et
1407 1705 1641 1758 Gentilis
1666 1712 1745 1759 est
1778 1724 1897 1761 ma-

2020 547 2148 585 rum
2181 532 2381 587 decore
2412 533 2683 588 fruentes.
2724 536 2881 590 Unde
2911 538 3164 592 Naaman
3204 541 3372 594 decus
3416 542 3529 597 sive
3563 561 3725 599 com-

2020 620 2195 674 motio
2229 638 2429 676 eorum
2486 623 2893 694 interpretatur
2942 627 3057 679 :vir
3112 628 3275 683 fortis
3299 636 3353 683 et
3403 632 3574 703 dives,
3624 638 3718 687 sed

2018 702 2278 777 leprosus
2308 728 2320 776 ;
2346 712 2481 782 quia
2529 713 2787 783 quamvis
2809 731 2912 783 per
2967 718 3281 785 potentiam
3335 721 3500 790 regni
3533 702 3595 775 ac
3634 740 3722 775 re-

2018 813 2147 851 rum
2199 800 2607 855 abundantiam
2664 802 2944 856 dominari
2999 805 3333 861 videretur:
3397 814 3585 864 tamen
3619 828 3723 882 per

2019 903 2269 942 errorem
2298 889 2635 944 idololatrias
2664 893 2820 962 lepra
2851 894 3031 947 fcedus
3084 897 3367 965 apparuit.

2092 977 2249 1030 Vens.
2284 980 2435 1030 2.-
2494 981 2659 1033 Porro
2711 981 2775 1033 dc
2846 982 3029 1048 Syria.
3114 984 3237 1053 (ιβ.)
3296 985 3620 1041 Latrunculi
3650 990 3717 1042 de

2018 1072 2196 1142 Syria,
2232 1078 2363 1136 etc.,
2399 1090 2567 1143 usque
2596 1077 2669 1130 ad
2700 1077 2843 1131 sicut
2872 1078 2932 1131 in
2988 1080 3290 1150 Evangelia
3342 1083 3607 1154 princeps
3634 1103 3716 1139 sa-

2015 1162 2313 1215 cerdotum
2345 1162 2495 1216 fecit.

2086 1248 2241 1320 (ln.).
2281 1252 2345 1303 Et
2372 1252 2645 1306 Dominus
2668 1270 2800 1322 quos
2822 1259 3117 1323 prmsciuit,
3149 1259 3243 1313 hos
3261 1266 3311 1313 et
3343 1265 3575 1329 vocavit,
3608 1268 3717 1319 etc.

2014 1339 2257 1394 Veniens
2283 1341 2514 1411 gentilis
2544 1346 2788 1414 p0pulus
2826 1346 2894 1399 ad
2926 1347 3161 1401 domum
3220 1350 3422 1415 Elisaai,
3462 1358 3593 1421 etc.,
3624 1370 3718 1407 us-

2014 1444 2115 1496 que
2152 1430 2226 1482 ad
2282 1430 2416 1501 quia
2475 1431 2787 1502 baptizatos
2840 1442 3061 1505 oportet
3122 1439 3400 1492 Dominici
3465 1443 3718 1512 corporis

2011 1517 2450 1588 participatione
2481 1520 2827 1575 conﬁrmari.

2069 1608 2227 1661 Vens.
2266 1611 2349 1662 t7.
2409 1638 2477 1649 -—-
2543 1612 2746 1665 Tollam
2801 1628 2952 1666 onus.
3027 1615 3154 1683 (Ιυ.)
3216 1617 3436 1670 Partem
3509 1625 3713 1674 sancta:

2010 1700 2175 1749 terrae
2207 1713 2397 1751 secum
2424 1698 2552 1752 tulit
2580 1701 2829 1753 Naaman
2880 1706 2941 1753 ut
2961 1709 3199 1771 poneret
3244 1703 3302 1757 in
3334 1707 3545 1777 templo
3581 1708 3712 1762 ido-

198 1795 300 1853 ter,
334 1795 464 1855 etc.,
496 1805 666 1858 usque
682 1791 755 1844 ad
788 1792 929 1844 Nam
961 1791 1247 1845 Abraham
1304 1794 1359 1846 et
1396 1792 1533 1846 Sara
1588 1798 1702 1847 tres
1747 1796 1895 1851 viros

2082 1802 2198 1851 um,
2258 1793 2313 1839 et
2372 1804 2547 1857 super
2594 1805 2717 1842 eam
2775 1790 3106 1856 consistens,
3171 1793 3479 1848 Dominum
3546 1798 3711 1867 cujus

198 1878 451 1947 suscepit
475 1883 531 1931 et
557 1878 732 1947 pavit.

265 1968 430 2021 Vens.
498 1970 579 2021 l8.
632 1998 700 2009 --
750 1969 928 2024 Crevit
998 1974 1195 2022 autem.
1257 1969 1438 2039 (ΗΑΒ.)
1486 1970 1573 2024 Sic
1658 1973 1906 2042 populus

197 2054 547 2108 Israeliticus
599 2060 905 2126 postquam
965 2056 1023 2110 in
1090 2059 1331 2128 .IEgypto
1387 2060 1655 2126 excrevit,
1720 2065 1775 2113 et
1804 2078 1906 2132 per

195 2143 426 2212 Moysen
459 2146 518 2197 in
548 2144 834 2198 desertum
869 2146 1104 2199 eductus
1136 2147 1365 2200 Domini
1391 2164 1589 2202 vocem
1622 2150 1901 2221 audierat,

194 2231 429 2302 quando
460 2232 677 2286 lumine
717 2234 1016 2287 sententiae
1049 2235 1246 2288 debuit
1276 2236 1570 2303 illustrari,
1621 2254 1747 2291 mox
1781 2239 1899 2293 ani-

194 2337 287 2374 mo
320 2322 393 2374 ad
424 2322 808 2376 idololatriam
837 2338 1136 2377 recurrens
1167 2331 1426 2378 mortuus
1458 2330 1561 2379 est.

263 2411 427 2464 Vens.
461 2413 549 2466 29.
603 2440 676 2453 —
724 2414 794 2467 Et
838 2413 949 2467 ille.
1022 2413 1144 2482 (11).)
1194 2414 1341 2466 Dum
1397 2414 1691 2481 Dominus,
1765 2420 1895 2482 etc.,

194 2514 367 2567 usque
396 2499 471 2553 ad
499 2516 602 2569 per
649 2501 858 2554 amoris
887 2500 1152 2571 spiritum
1208 2518 1353 2573 puer
1401 2503 1470 2557 ad
1501 2503 1676 2557 vitam
1711 2505 1895 2558 rediit.

262 2589 424 2641 Vens.
461 2591 547 2644 38.
582 2618 651 2629 -—
688 2591 820 2643 Filii
836 2591 1257 2659 prophetarum.
1326 2591 1385 2644 ld
1419 2596 1505 2644 est
1556 2592 1895 2660 praedicato-

191 2691 318 2729 rum
352 2676 452 2746 qui
484 2677 782 2731 ambulant
811 2678 871 2731 in
901 2680 1025 2748 lege
1059 2679 1309 2746 Domini,
1347 2685 1404 2733 et
1456 2687 1783 2734 scrutantur
1815 2687 1893 2735 te-

193 2765 466 2819 stimonia
499 2766 639 2835 ejus,
712 2767 772 2819 in
818 2768 1122 2837 praesentia
1181 2768 1488 2822 Salvatoris
1548 2785 1773 2840 semper
1811 2769 1895 2824 vi-

196 2859 357 2908 vunt.

262 2945 424 2997 Vens.
483 2947 568 2998 39.
615 2945 879 3001 Concidit.
950 2945 1135 3016 (ΒΑΒ.)
1195 2946 1303 3010 Qui
1353 2946 1556 3000 littera:
1607 2946 1751 3017 legis
1802 2948 1892 3001 in-

195 3036 384 3085 tentus
411 3035 494 3086 vel
547 3033 925 3105 philosophize
986 3036 1276 3089 studiosus
1308 3036 1752 3090 amaritudinem
1795 3037 1891 3090 de-

2018 1880 2137 1927 erat
2169 1880 2338 1939 terra,
2374 1877 2658 1946 adoraret,
2709 1895 2778 1931 ne
2833 1878 3145 1933 offenderet
3216 1882 3519 1936 Dominum
3544 1901 3711 1939 suum

2016 1963 2061 2016 si
2093 1964 2308 2033 pariter
2337 1982 2452 2019 non
2475 1967 2755 2021 adoraret.

2085 2054 2245 2108 Vens.
2280 2057 2368 2108 20.
2409 2086 2472 2094 —
2507 2057 2672 2111 Giezi.
2752 2056 2879 2125 (In)
2939 2058 3322 2129 Praeruptum,
3357 2065 3488 2128 etc.,
3542 2077 3712 2130 usque

2011 2141 2085 2195 ad
2114 2142 2206 2195 hic
2237 2147 2320 2197 est
2350 2144 2504 2197 canis
2534 2160 2790 2198 reversus
2832 2146 2905 2200 ad
2954 2148 3255 2203 vomitum.

2713 2288 2936 2342 CAPUT
2999 2291 3086 2343 Vl.

2084 2409 2236 2462 Vens.
2272 2413 2323 2463 5.
2360 2441 2426 2449 —
2483 2411 2701 2465 Accidit
2748 2417 2942 2466 autem.
2976 2413 3151 2483 (ΗΑΒ.)
3203 2413 3344 2467 Cum
3385 2415 3592 2487 impios
3620 2418 3712 2471 Ju-

2008 2497 2183 2560 daeos,
2207 2514 2309 2567 per
2327 2515 2531 2569 corpus
2561 2505 2791 2571 operata
2813 2502 3119 2570 praesentia
3160 2503 3386 2569 Christi,
3437 2510 3708 2576 tanquam

2003 2584 2386 2641 infructuosas
2408 2589 2640 2642 arbores
2670 2591 2913 2643 caederet
2944 2608 2959 2649 ;
2994 2590 3143 2643 unde
3173 2607 3184 2645 :
3246 2595 3377 2646 Ecce
3407 2598 3610 2649 securis
3638 2598 3712 2649 ad

1999 2674 2237 2729 radicem
2267 2677 2477 2731 arboris
2505 2681 2685 2746 posita
2716 2682 2810 2731 est.
2873 2679 2959 2733 Ab
2990 2680 3071 2732 eis
3120 2680 3536 2736 interveniente
3568 2700 3704 2755 pas-

2004 2761 2391 2834 sionecorpus
2439 2765 2630 2835 ipsum
2688 2767 2976 2821 deservit:
3038 2770 3322 2839 profunda
3391 2771 3708 2836 descendit,

2004 2852 2159 2922 quod
2191 2853 2251 2906 in
2274 2855 2569 2924 sepultura
2600 2856 2922 2925 depositum
2948 2862 3221 2928 tanquam
3253 2859 3326 2913 ad
3343 2861 3706 2915 manubrium

2003 2940 2208 3010 spiritu
2242 2943 2517 2997 redeunte
2551 2944 2881 2999 resurrexit.

2076 3029 2202 3101 (ln.)
2238 3033 2561 3087 Curandum
2594 3035 2753 3087 valde
2784 3039 2887 3103 est,
2938 3051 3006 3089 ne
3060 3034 3382 3090 intellectus
3446 3037 3561 3091 otio
3594 3042 3711 3092 tor-

196 3121 317 3191 lege
394 3123 481 3175 vel
530 3123 887 3177 mortiferum
928 3124 997 3177 de
1038 3124 1394 3205 philosophis
1448 3141 1680 3178 sumens
1710 3125 1887 3179 inter-
1931 3159 1970 3213 C
2004 3125 2158 3192 peat,
2190 3136 2261 3174 ne
2294 3120 2355 3175 in
2407 3122 2808 3176 exercitatione
2858 3124 3047 3194 operis
3100 3124 3236 3178 vitio
3298 3125 3561 3179 elationis
3584 3143 3709 3181 eva-

189 3212 395 3264 miscet
420 3210 642 3263 veritati
673 3212 1037 3282 evangelicae,
1082 3218 1137 3265 et
1166 3213 1222 3264 in
1276 3211 1387 3265 olla
1434 3213 1622 3267 cordis
1642 3230 1893 3285 coquens

186 3298 297 3351 tale
332 3299 717 3368 pulmentum,
750 3300 857 3353 hoc
886 3301 1395 3354 estdocumentum
1455 3309 1741 3373 prmparat
1792 3320 1893 3357 au-

185 3386 477 3441 ditoribus
506 3387 638 3441 suis.
667 3388 809 3441 Dicit
833 3389 986 3441 enim
1035 3390 1339 3459 Apostolus
1376 3392 1620 3444 :Littera
1676 3392 1892 3461 occidit,

182 3479 419 3544 spiritus
470 3481 648 3530 autem
700 3479 942 3545 viviﬁcat
992 3478 1083 3547 (II
1142 3481 1270 3533 Cor.
1322 3481 1422 3545 Ill).
1481 3481 1543 3533 Et
1594 3482 1894 3536 Prudentia

182 3567 366 3619 carnis
445 3580 587 3619 mors
646 3570 768 3631 est;
813 3566 1107 3635 prudentia
1178 3572 1358 3621 autem
1444 3570 1697 3637 spiritus,
1776 3573 1894 3624 vita

183 3654 366 3719 (Rom.
403 3660 540 3707 vim.
593 3655 705 3708 Hoc
761 3655 1071 3709 sentientes
1109 3655 1323 3720 fideles,
1382 3662 1628 3711 mortem
1687 3658 1747 3712 in
1780 3660 1895 3713 olla

180 3744 438 3796 clamant
470 3743 606 3812 gsed
639 3744 823 3797 farina
873 3744 933 3797 in
982 3745 1097 3798 olla
1137 3745 1404 3811 mittitur,
1477 3762 1607 3799 cum
1657 3747 1895 3801 scientia

178 3832 500 3901 spiritualis
525 3832 585 3886 in
618 3833 729 3886 tale
759 3833 1193 3888 condimentum
1226 3834 1649 3901 intromittitur,
1707 3840 1773 3890 ut
1801 3852 1891 3890 ex-

179 3922 343 3975 clusa
378 3921 782 3987 amaritudine,
817 3927 1012 3992 pastus
1035 3922 1132 3976 ﬁat
1162 3922 1427 3977 salubris.

249 4010 422 4064 Vens.
455 4010 544 4067 42.
577 4040 645 4050 -
686 4012 787 4065 Vir
834 4017 1038 4066 autem.
1101 4012 1291 4079 (ΗΑΒ.)
1314 4012 1406 4065 Vir
1449 4016 1626 4066 castus
1675 4017 1757 4066 est
1788 4028 1890 4081 pa-

177 4103 379 4153 trum:
415 4099 514 4170 qui
546 4100 616 4155 de
650 4102 921 4155 Baalalisa
950 4107 1054 4161 est,
1101 4102 1237 4172 quia
1285 4100 1601 4155 ternarium
1663 4100 1725 4153 in
1750 4116 1887 4154 con-

175 4186 732 4243 fessioneTrinitatis
760 4194 958 4244 servat.
1000 4190 1276 4243 Baalalisa
1296 4190 1453 4243 enim
1504 4190 1741 4244 tertium
1794 4189 1891 4243 ha-

174 4275 325 4330 bens
378 4276 802 4347 interpretatur.
860 4278 957 4331 Hic
1011 4277 1129 4331 viro
1198 4277 1299 4331 Dei
1367 4293 1544 4347 panes
1603 4276 1888 4347 primitia-

173 4382 310 4420 rum
343 4364 515 4419 offert
545 4383 558 4432 ;
592 4382 721 4420 cum
754 4366 1116 4436 Redemptori
1174 4366 1357 4435 gratia
1410 4367 1534 4437 ejus
1578 4366 1888 4436 inspiratus

174 4454 349 4510 offert
388 4454 567 4508 libros
596 4455 665 4509 de
694 4455 915 4526 origine
971 4460 1361 4509 creaturarum
1392 4457 1754 4526 compositos.
1788 4455 1887 4511 Of-

2005 3214 2218 3264 nescat.

2077 3299 2283 3367 (ϐακε.)
2320 3299 2553 3353 Ferrum
2616 3300 2677 3353 in
2736 3299 3059 3366 manubrio,
3123 3300 3444 3356 intellectus
3513 3309 3597 3357 est
3652 3304 3709 3359 in

2002 3388 2170 3441 corde
2201 3406 2212 3442 :
2248 3389 2351 3441 hoc
2382 3387 2538 3457 ligna
2594 3388 2913 3453 caeduntur,
2978 3404 3106 3441 cum
3135 3405 3304 3458 prave
3354 3396 3588 3461 agentes
3618 3391 3709 3445 in-

2003 3477 2509 3547 crepantur.Quod
2531 3476 2667 3530 dum
2709 3476 2856 3529 fluxe
2880 3476 3087 3547 agitur,
3120 3477 3258 3531 dum
3308 3479 3499 3549 lapsus
3548 3496 3707 3533 vanae

2003 3565 2203 3633 glorise
2233 3582 2349 3619 non
2368 3567 2583 3620 vitatur
2613 3583 2625 3631 ;
2662 3566 2877 3619 ferrum
2920 3566 3141 3636 inaqua
3171 3567 3447 3637 perditur,
3473 3569 3609 3639 quia
3640 3586 3708 3623 ex

2003 3654 2280 3708 dissoluto
2336 3670 2526 3723 opere,
2570 3653 2952 3724 intelligentia
2984 3654 3257 3723 fatuatur,
3311 3672 3437 3726 quas
3491 3657 3564 3710 ad
3596 3658 3703 3711 hoc

2002 3743 2188 3808 datur,
2224 3747 2284 3796 ut
2308 3742 2493 3795 dantis
2522 3748 2652 3795 ante
2706 3744 2902 3795 oculos
2958 3758 3026 3795 ex
3078 3742 3228 3796 bona
3284 3745 3508 3797 actione
3540 3747 3705 3800 resti-

2001 3834 2216 3896 tuatur,
2271 3830 2420 3883 unde
2480 3829 2784 3900 sequitur:
2850 3833 2957 3884 Hoc
3004 3833 3201 3898 ipsum.
3269 3832 3439 3885 Electi
3496 3850 3627 3888 vero
3660 3836 3707 3888 si

2001 3918 2230 3989 quando
2261 3918 2576 3983 offendunt,
2622 3918 2687 3971 ad
2748 3934 2846 3971 cor
2893 3918 3157 3971 velociter
3210 3919 3472 3987 redeunt,
3503 3927 3557 3975 et
3587 3926 3706 3976 cul-

1998 4024 2134 4077 pam
2188 4006 2453 4077 lacrymis
2511 4005 2913 4076 insequuntur,
2973 4006 3168 4059 unde:
3226 4007 3364 4075 Heu,
3420 4010 3538 4075 heu,
3595 4015 3702 4064 etc.

2000 4095 2108 4160 Qui
2140 4095 2341 4148 flentes
2370 4098 2531 4147 caute
2585 4093 2914 4165 inspiciunt,
2957 4110 3074 4147 non
3149 4094 3336 4149 solum
3369 4113 3497 4166 quae
3546 4098 3699 4152 mala

1998 4182 2427 4249 commiserunt,
2488 4183 2585 4235 sed
2642 4182 2815 4236 etiam
2864 4198 2991 4252 qua:
3050 4198 3119 4235 ex
3172 4189 3405 4253 accepto
3464 4201 3701 4240 munere

1999 4272 2236 4326 reddere
2266 4270 2417 4325 bona
2446 4270 2790 4337 debuerunt,
2819 4275 2876 4324 et
2905 4271 3011 4324 hoc
3059 4275 3142 4324 est
3172 4287 3184 4324 :
3222 4272 3373 4341 Heu,
3426 4274 3545 4339 heu,
3577 4276 3700 4343 heu,

1998 4362 2162 4415 ethoc
2182 4366 2365 4415 mutuo
2395 4375 2702 4429 acceperam
2738 4380 2752 4427 ;
2806 4376 2868 4414 ac
2921 4358 2968 4412 si
3001 4358 3154 4414 dicat
3186 4375 3199 4412 :
3252 4360 3399 4414 Illud
3451 4378 3554 4432 per
3592 4364 3705 4417 dis-

1998 4450 2342 4503 solutionem
2358 4449 2723 4520 negligentiie
2739 4448 2981 4519 perdidi,
2998 4448 3152 4519 quod
3168 4453 3230 4502 ut
3249 4464 3351 4519 per
3367 4450 3515 4505 bona
3528 4468 3703 4522 opera

174 4543 287 4598 fert
313 4544 672 4597 frumentum
700 4558 912 4596 novum
944 4542 1003 4597 in
1036 4559 1171 4613 pera
1202 4559 1215 4609 ;
1259 4558 1390 4597 cum
1448 4559 1662 4597 novum
1710 4546 1888 4597 testa-
1915 4539 1958 4593 D
1998 4538 2315 4603 redderem,
2350 4554 2414 4591 ex
2473 4537 2658 4609 gratia
2706 4537 3101 4608 Redemptoris
3133 4538 3323 4610 accepi
3358 4556 3369 4592 :
3424 4540 3521 4594 sed
3552 4558 3700 4596 nun-

173 4637 445 4686 mentum
478 4631 536 4684 in
564 4631 855 4701 Evangelii
882 4635 938 4683 et
965 4633 1351 4700 apostolorum
1373 4630 1595 4700 scriptis
1636 4631 1875 4701 profert.

168 4720 600 4774 JubetElisaaus
630 4724 824 4773 noster
844 4718 1140 4785 ministris,
1166 4719 1223 4773 id
1272 4724 1358 4773 est
1414 4718 1884 4790 praedicatoribus

169 4813 234 4863 ut
260 4811 388 4864 haec
418 4808 681 4862 fidelibus
708 4808 1056 4878 dispensent,
1089 4812 1146 4861 et
1174 4807 1243 4861 de
1293 4809 1559 4862 thesauro
1590 4824 1716 4877 suo,
1748 4824 1883 4878 pro-

168 4898 363 4952 ferant
394 4914 543 4951 nova
564 4902 620 4951 et
648 4902 861 4961 vetera,
896 4896 1049 4967 quod
1075 4896 1412 4967 mysterium
1464 4897 1522 4950 in
1582 4896 1883 4967 Evangelio

169 4985 499 5056 legimusin
532 4985 804 5040 fractione
844 4985 1099 5057 quinque
1132 4990 1188 5040 et
1243 4990 1461 5056 septem
1512 5002 1748 5056 panum,
1785 4987 1881 5041 ubi

170 5075 397 5130 satiatis
418 5074 599 5129 turbis
645 5076 1003 5146 collegerunt
1069 5073 1370 5128 duodecim
1425 5074 1720 5145 cophinos,
1765 5075 1880 5130 sive

171 5169 397 5235 septem
447 5168 669 5233 sportas
728 5164 1211 5235 fragmentorum,
1264 5162 1400 5233 quia
1448 5164 1641 5217 nullus
1694 5179 1880 5218 sacra-

173 5258 375 5307 menta
404 5251 713 5323 Scriptura;
736 5269 839 5325 per
872 5252 1066 5307 omnia
1090 5251 1261 5323 capit,
1292 5252 1521 5324 quando
1540 5252 1649 5307 sibi
1679 5252 1882 5307 satiato

173 5342 463 5411 supererit
481 5342 648 5412 juxta
676 5342 915 5397 verbum
957 5341 1205 5396 Domini.

894 5484 1121 5540 CAPUT
1170 5484 1231 5538 V.

244 5600 410 5654 Vens.
450 5603 498 5653 t.
542 5628 611 5640 —
660 5601 921 5655 Naaman
1005 5605 1113 5655 etc.
1177 5600 1358 5669 (ΗΑΒ.)
1409 5599 1659 5656 Gentiles
1707 5600 1887 5671 signi-

1995 4644 2169 4699 quam
2201 4628 2349 4681 Deus
2378 4633 2627 4681 mentem
2649 4627 2877 4691 deserit,
2939 4642 3067 4697 quae
3101 4626 3162 4680 in
3213 4628 3458 4697 peccatis
3508 4647 3566 4683 se
3598 4647 3696 4684 ve-

1994 4716 2199 4769 raciter
2227 4714 2503 4785 agnoscit.
2543 4715 2697 4769 Unde
2732 4714 2963 4768 Elisaeus
3008 4714 3231 4784 lignum
3288 4716 3555 4770 deorsum
3587 4718 3697 4772 mi-

1993 4806 2083 4872 sit,
2125 4810 2182 4858 et
2208 4804 2423 4857 ferrum
2458 4802 2516 4855 in
2555 4801 2853 4873 superficie
2886 4802 3097 4869 attulit,
3148 4804 3283 4875 quia
3356 4805 3700 4877 Redemptor

1992 4909 2090 4947 cor
2136 4889 2447 4963 peccatoris
2497 4890 2782 4957 humiliat,
2862 4896 2918 4944 et
2974 4907 3100 4945 eam
3180 4908 3353 4962 quam
3427 4894 3699 4950 amiserat

1991 4978 2435 5051 intelligentiam
2476 4978 2767 5033 reformat.
2827 4979 2983 5033 Unde
3033 4978 3093 5033 in
3149 4980 3258 5033 alia
3318 4983 3696 5039 translatione

1993 5068 2199 5123 dicitur
2231 5085 2243 5122 :
2279 5067 2430 5133 Quod
2457 5068 2721 5134 confregit
2750 5068 2958 5135 lignum
2988 5072 3038 5122 et
3060 5070 3316 5138 iactavit,
3347 5075 3397 5125 et
3444 5074 3521 5127 sic
3573 5074 3696 5139 fer-

1988 5172 2111 5210 rum
2132 5157 2371 5210 sustulit.
2438 5156 2679 5225 Lignum
2716 5156 2981 5227 frangere
3030 5162 3115 5210 est
3171 5174 3269 5211 cor
3334 5159 3404 5211 ab
3446 5160 3694 5214 elatione

1991 5250 2307 5309 conterere,
2336 5243 2406 5298 ad
2431 5244 2547 5298 ima
2570 5245 2808 5315 jactare,
2841 5244 3189 5317 cogitatione
3243 5247 3490 5317 propria:
3540 5247 3697 5303 inﬁr-

1992 5333 2204 5387 mitatis
2233 5332 2558 5387 humiliare.
2596 5333 2749 5387 lllico
2778 5335 2993 5389 ferrum
3027 5334 3211 5402 rediit,
3246 5334 3380 5406 quia
3413 5336 3484 5391 ad
3524 5352 3692 5392 usum

1992 5420 2412 5477 exercitationis
2440 5422 2695 5491 pristinae
2727 5422 3107 5493 intelligentia
3154 5424 3417 5480 recurrit.

2062 5513 2225 5565 Vess.
2258 5510 2346 5565 14.
2380 5540 2442 5550 -
2498 5512 2743 5577 Quicum
2798 5513 3084 5568 venissent.
3144 5512 3264 5580 ςιυ.)
3317 5512 3424 5579 Qui
3480 5514 3541 5568 in
3591 5530 3691 5569 ne-

1994 5600 2190 5671 quitiae
2221 5598 2395 5654 armis
2426 5600 2733 5666 confidens,
2768 5599 2975 5655 Christi
3002 5600 3232 5655 famulis
3276 5600 3511 5659 insidias
3539 5618 3689 5674 prie-
