4062 6180
347 271 450 323 615

987 265 1387 320 WALAFRIDI
1426 265 1672 320 STRABI
1717 262 1914 319 FULD.
1959 261 2118 318 MON.
2161 261 2312 318 OPP.
2354 261 2534 317 PARS
2571 260 2613 314 Ι.
2655 289 2722 299 -
2759 258 3231 316 THEOLOGICA.

3749 261 3847 312 616

347 401 534 466 parat,
555 400 720 449 nocte
761 392 1018 465 perﬁdiae
1085 397 1416 458 excaecatus,
1473 390 1689 444 bellum
1723 393 1920 443 contra
1941 387 2042 440 Ec-
2074 389 2117 441 A
2156 387 2238 441 les
2272 389 2686 440 commutatur.
2732 386 2878 436 Ante
2907 381 3278 453 parricidium
3306 380 3544 450 geritur,
3583 396 3761 450 quam
3779 381 3845 435 ad

348 484 578 539 clesiam
609 483 773 555 gerit.

423 573 579 626 Vens.
619 573 702 624 15.
727 601 794 609 -—
825 571 958 636 Heu,
994 569 1112 635 heu,
1136 571 1239 621 etc.
1301 566 1520 637 (6330.)
1577 566 1674 619 Hic
1717 568 1876 619 notat
1917 565 2044 618 illos

349 659 448 731 qui
470 655 941 730 pusillanimitate
958 653 1162 720 cordis,
1191 669 1387 724 poenas
1409 657 1678 706 verentur
1701 651 2040 722 corporales.

429 749 583 802 Vens.
630 748 714 800 16.
747 775 816 783 —-
854 745 1029 800 Nolite
1085 744 1290 797 limere.
1341 741 1526 796 Nolite
1572 740 1776 794 timere
1818 758 1916 794 eos
1947 741 2042 810 qui

349 837 616 892 occidunt
670 850 893 904 corpus,
956 837 1011 886 et
1055 836 1188 902 post
1230 847 1349 886 non
1402 831 1618 885 habent
1674 829 1812 900 quid
1837 828 2048 883 faciant

349 925 523 981 vobis.

415 1015 626 1068 Plures.
695 1010 823 1081 (In.)
875 1011 1113 1064 Possum
1170 1024 1373 1079 rogare
1434 1010 1659 1062 Patrem
1717 1022 1933 1072 meum,
1993 1009 2050 1059 et

345 1101 634 1157 exhibebit
661 1099 804 1154 mihi
850 1099 1155 1170 plusquam
1217 1097 1516 1152 duodecim
1567 1095 1820 1167 legiones
1867 1109 2038 1166 ange-

344 1193 554 1248 lorum.

414 1282 654 1347 Domine,
681 1279 854 1347 aperi.
915 1275 1040 1347 (ln.)
1070 1275 1241 1330 Valde
1299 1291 1525 1328 necesse
1579 1279 1662 1328 est
1691 1279 1752 1328 ut
1812 1273 2044 1327 Elisaeus

339 1375 533 1424 noster
605 1367 825 1439 aperiat
880 1367 1074 1419 oculos
1130 1365 1316 1420 cordis
1401 1364 1467 1418 ad
1541 1363 2041 1428 considerandum,

342 1459 478 1530 quia
527 1474 725 1512 omnes
777 1456 876 1526 qui
933 1455 1228 1508 conlidnnt
1287 1455 1345 1507 in
1395 1453 1556 1506 illum
1621 1470 1732 1506 non
1801 1451 2042 1506 confun-

347 1549 572 1602 dentur.

405 1641 561 1690 Vens.
621 1638 700 1688 l8.
772 1664 840 1673 -—
922 1635 1158 1686 Pcrcute.
1222 1631 1338 1702 (10.)
1400 1633 1619 1684 Bonum
1685 1635 1766 1684 est
1813 1631 2040 1684 oculum

346 1724 819 1779 scandalizantem
854 1721 999 1788 erui,
1033 1727 1094 1774 ut
1132 1720 1373 1774 intuitus
1395 1719 1678 1790 superbia:
1709 1725 1764 1772 et
1811 1719 2046 1772 malitias
2079 1740 2118 1793 Β

346 1815 660 1880 obturetur,
695 1817 752 1866 et
781 1812 976 1866 oculus
1007 1826 1172 1866 sanae.
1198 1809 1333 1864 tidei
1385 1825 1450 1863 ac
1496 1808 1876 1879 simplicitatis
1905 1825 2042 1878 ape-

352 1903 556 1956 riatur.

412 1990 595 2062 (Bia)
637 1991 950 2060 Postquam
1005 1986 1234 2042 Elisaeus
1292 1986 1569 2041 hostesin
1609 1986 1923 2042 Samariam
1943 1985 2041 2040 ad-

348 2079 526 2145 duxit,
555 2095 670 2132 non
701 2094 796 2131 eos
826 2077 1005 2131 occidi
1040 2075 1321 2146 permisit,
1372 2075 1466 2128 sed
1504 2075 1870 2128 refectionem
1931 2075 2044 2127 illis

346 2169 696 2238 praeparans,
725 2154 953 2220 dimisit'
970 2181 1065 2218 eos
1095 2163 1152 2218 in
1178 2179 1336 2233 pace.
1370 2162 1437 2216 Et
1465 2163 1697 2216 Saulum
1739 2163 1858 2216 dim
1907 2178 2044 2215 con-

344 2260 434 2311 tra
464 2254 761 2309 stimulum
791 2253 1200 2316 calcitrantem,
1257 2252 1508 2321 primum
1556 2252 1827 2305 Dominus
1867 2267 2045 2304 excae-

347 2345 513 2405 cavit,
576 2343 781 2397 deinde
833 2341 1071 2396 scientia
1127 2339 1413 2410 spirituali
1477 2338 1694 2393 ditavit.
1757 2337 2044 2407 Nobisque

345 2432 618 2504 praecepit
643 2432 718 2486 ita
748 2449 761 2485 :
802 2432 1027 2497 Diligite
1048 2431 1290 2484 inimicos
1319 2433 1542 2493 vestros,
1569 2432 1618 2482 ct
1650 2428 1942 2494 benefacite
1963 2429 2047 2481 his

351 2525 448 2591 qui
485 2521 712 2575 oderunt
757 2535 848 2574 vos
882 2520 1038 2590 (Luc.
1073 2518 1165 2589 vx).

417 2611 578 2664 Vens.
615 2609 798 2664 24.--
855 2608 1230 2676 Congregavit.
1291 2606 1470 2676 (ΗΑΒ.)
1532 2603 1794 2658 Benadab
1849 2609 1905 2658 et
1953 2620 2052 2658 ex-

347 2696 577 2763 ercitus,
601 2701 685 2749 est
713 2694 974 2749 diabolus
1005 2698 1059 2748 et
1090 2692 1294 2763 iniqui,
1327 2693 1539 2746 scilicet
1590 2692 1819 2763 pagani,
1870 2691 2049 2748 Judzel

348 2791 405 2840 et
432 2783 706 2850 haeretici,
769 2800 909 2854 quos
971 2787 1171 2836 contra
1230 2780 1532 2834 Ecclesiam
1587 2781 1801 2834 bellum
1850 2796 2050 2851 gerere

350 2873 574 2929 excitat.
604 2874 708 2926 Per
736 2871 877 2925 tales
898 2870 1174 2941 afﬂigitur
1199 2871 1447 2940 populus
1480 2869 1601 2936 Dei,
1648 2870 1748 2940 qui
1779 2874 1865 2923 est
1894 2868 2050 2941 posi-

349 2968 440 3018 tus
461 2962 520 3016 in
539 2961 813 3028 Samaria,
847 2960 902 3014 id
933 2965 1018 3014 est
1063 2959 1205 3030 legis
1259 2959 1559 3013 custodia:
1626 2958 1802 3029 ﬁtque
1851 2959 2047 3026 fames,

352 3068 483 3106 cum
506 3067 620 3104 non
651 3048 1000 3121 permittitur
1051 3046 1379 3101 doctoribus
1410 3045 1645 3100 verbum
1690 3047 1796 3117 Dei
1842 3046 2051 3117 prmdi-

351 3157 498 3195 care.
535 3139 641 3194 Sed
673 3138 870 3192 Elisaso
904 3136 1206 3201 revelante,
1266 3133 1320 3187 id
1379 3139 1484 3202 est,
1551 3133 1928 3204 Redemptore
1951 3150 2052 3204 per

353 3227 727 3299 Evangelium
759 3226 1069 3287 indicante,
1098 3225 1247 3276 salus
1269 3238 1397 3293 quae
1420 3221 1854 3292 apeccatoribus
1882 3222 2050 3293 longe

354 3321 459 3386 est,
488 3315 823 3369 timentibus
854 3315 1032 3366 Deum
1063 3327 1244 3381 prope
1300 3327 1422 3364 esse
1449 3309 1641 3365 scitur.
1698 3310 1842 3364 Dicit
1895 3311 2050 3365 enim

356 3403 632 3458 Dominus
664 3418 676 3454 :
709 3402 857 3455 Cras
888 3399 1118 3465 modius,
1152 3403 1257 3451 ctc.
1293 3399 1506 3452 Modius
1552 3397 1756 3453 similze
1804 3399 2054 3469 perfecta

354 3496 438 3546 est
464 3505 732 3543 mensura
761 3487 968 3542 divinas
1019 3485 1314 3556 sapientiae
1375 3503 1503 3557 quae
1530 3494 1614 3540 est
1667 3486 1726 3541 in
1776 3487 1928 3541 Novo
1955 3489 2050 3542 Te-

356 3583 654 3633 stamento.
691 3578 813 3631 Duo
861 3575 1038 3630 modii
1093 3573 1297 3628 hordei
1350 3580 1482 3628 sunt
1537 3575 1771 3629 scientia
1824 3575 1968 3647 legis
2000 3580 2056 3630 et

355 3667 789 3739 prophetarum,
820 3664 919 3736 qui
951 3668 1358 3734 comparantur
1396 3667 1602 3719 statere
1661 3681 1799 3732 uno,
1834 3665 1940 3719 hoc
1971 3672 2055 3720 est

357 3757 466 3812 ﬁde
489 3755 782 3819 catholica,
814 3755 873 3807 in
906 3759 1071 3824 porta
1100 3752 1392 3816 Samaria,
1450 3753 1507 3808 id
1529 3758 1613 3808 est
1666 3753 1727 3808 in
1781 3755 2053 3825 praedica-

355 3845 511 3900 tione
558 3842 884 3915 apostolica,
929 3857 1031 3911 per
1088 3857 1262 3912 quam
1307 3842 1555 3895 intratur
1608 3842 1668 3896 in
1729 3843 2050 3898 Ecclesiam.

359 3936 625 3990 Cessante
657 3932 809 3986 enim
830 3930 1057 3985 turbine
1105 3929 1522 4000 persecutionis
1576 3947 1706 4001 quae
1763 3930 1828 3985 fit
1861 3932 2051 3999 hodie,

358 4022 514 4077 dabit
547 4019 821 4075 Dominus
848 4034 990 4084 cras,
1020 4017 1079 4072 id
1110 4022 1193 4072 est
1220 4022 1476 4090 tempore
1533 4019 1747 4082 futuro,
1780 4019 2056 4091 tranquil-

357 4111 596 4175 litatem,
628 4113 695 4162 ut
749 4105 1079 4178 prmdicatio
1134 4107 1382 4176 perfecte
1447 4108 1822 4177 compleatur.

429 4196 592 4249 Vens.
659 4197 749 4247 25.
809 4223 869 4233 -—
926 4196 1197 4264 Factaque
1252 4197 1447 4261 fames,
1512 4201 1617 4249 etc.
1661 4199 1844 4266 (AUG.,
1893 4212 2054 4252 serm.

363 4283 581 4350 2it,de
613 4282 812 4353 temp.)
845 4283 1041 4336 Duma
1087 4282 1240 4336 cultu
1297 4283 1396 4336 Dei
1448 4299 1586 4353 gens
1627 4283 1824 4356 iniqua
1879 4286 2056 4342 disce-

359 4372 459 4440 dit,
496 4371 782 4425 horrenda
813 4371 961 4424 fame
989 4369 1408 4440 comprimitur,
1443 4378 1498 4426 et
1521 4372 1678 4443 justa
1725 4375 2058 4430 necessitate

362 4459 649 4515 turbatur.
721 4460 833 4514 Cur
906 4459 1136 4525 famem,
1169 4475 1201 4512 o
1228 4459 1572 4523 miserrime,
1638 4461 1852 4531 pateris
1880 4465 1908 4517 ?
1948 4465 2061 4518 Cur

361 4552 522 4603 tanta
552 4547 793 4618 penuria
813 4547 1122 4601 laceraris?
1150 4547 1360 4603 Crescit
1390 4548 1557 4602 famis
1585 4550 1844 4620 quotidie
1870 4569 2060 4622 poena,

371 4636 507 4708 quia
539 4635 793 4706 quotidie
823 4636 1021 4689 crescit
1051 4641 1106 4690 et
1144 4637 1330 4706 culpa.
1391 4638 1761 4692 Perseverant
1813 4639 2059 4712 ﬂagella,

365 4726 500 4796 quia
575 4725 635 4779 in
712 4725 927 4795 populo
1012 4731 1379 4796 perseverant
1456 4732 1511 4780 et
1599 4727 1867 4799 deinceps
1947 4732 2064 4786 vita

361 4816 613 4884 peccata,
650 4811 856 4866 delicta
913 4829 1229 4882 compesce,
1257 4814 1329 4868 ad
1364 4815 1542 4868 Deum
1593 4825 1944 4886 convertere,
1969 4836 2063 4873 re-

360 4899 557 4972 linque
589 4901 842 4956 idolum:
877 4907 1014 4956 tunc
1040 4903 1251 4972 poteris
1291 4903 1486 4957 hostes
1531 4903 1724 4958 divino
1775 4905 2062 4975 adjutorio

365 4989 611 5044 vincere.
663 4992 775 5045 Nec
843 4993 1150 5063 quisquam
1206 5008 1410 5047 nocere
1465 4994 1677 5064 poterit
1729 4993 1988 5061 ulterius,
2017 4996 2064 5050 si

365 5075 632 5130 damnato
661 5079 890 5145 scelere,
923 5079 1152 5133 divinus
1199 5079 1260 5134 in
1291 5085 1346 5134 te
1406 5079 1811 5150 germinaverit
1854 5082 2060 5135 cultus.

367 5162 517 5216 Proh
546 5164 704 5218 nefas
735 5165 747 5220 l
774 5165 1059 5221 horrenda
1087 5168 1360 5222 cadavera
1387 5174 1446 5222 et
1481 5169 1875 5223 columbarum
1934 5175 2067 5224 ster-

367 5266 500 5304 cora
526 5257 788 5321 peccator
816 5255 1064 5324 populus
1084 5256 1349 5324 vescitur,
1380 5273 1482 5311 nec
1512 5257 1611 5311 Dei
1658 5259 1876 5312 cultum
1907 5274 2063 5328 quae-

367 5337 458 5393 rit.
492 5340 822 5411 Inquinatas
851 5358 1048 5398 carnes
1120 5349 1176 5398 et
1229 5345 1543 5399 horrendas
1602 5360 1757 5399 escas
1797 5344 1976 5400 fames
2009 5351 2066 5401 et

368 5427 672 5483 necessitas
696 5430 918 5499 poscit;
952 5436 1008 5485 et
1036 5432 1221 5488 adhuc
1268 5434 1610 5504 ﬁgmentum
1670 5434 1880 5488 duritia
1932 5435 2066 5489 colit

365 5516 432 5570 In
454 5515 646 5573 cibum
669 5517 852 5590 pietas
869 5520 1127 5588 vertitur,
1179 5521 1238 5574 in
1288 5521 1566 5592 pabulum
1606 5527 1868 5595 suscepta
1889 5522 2061 5578 sobo-

2143 476 2402 531 ‘funestas
2431 477 2627 547 epulas
2667 474 2948 528 veniatur.
3004 473 3281 526 Innocens
3320 470 3553 543 sanguis
3608 469 3850 524 effundi-

2152 572 2265 634 tur,
2301 570 2362 620 ut
2388 569 2694 637 parentum
2731 564 2908 617 fames
2939 563 3133 616 rabida
3165 560 3478 632 saginetur.

2827 652 3051 707 CAPUT
3098 651 3215 705 VII.

2229 744 2384 797 Vnus.
2415 746 2465 797 3.
2493 773 2559 781 —
2591 743 2855 810 Quatuor,
2880 746 2986 795 etc.
3024 740 3182 810 (Bas.
3239 741 3300 794 in
3352 738 3447 792 lib.
3501 737 3667 805 Reg.,
3712 739 3852 790 tom.

2157 832 2278 901 III.)
2314 831 2544 903 Lepmsi
2576 835 2729 896 sunt,
2763 835 2894 898 etc.,
2925 845 3093 898 usque
3123 828 3197 882 ad
3237 827 3300 882 in
3347 831 3594 900 quatuor
3655 823 3855 878 mundi

2154 920 2413 992 partibus
2444 919 2578 974 ﬁdei
2609 919 2903 972 veritatem
2934 917 3266 989 pradicent.

2231 1011 2391 1064 Vens.
2424 1011 2508 1064 l7.
2542 1038 2610 1048 —
2654 1010 2836 1063 Porro.
2886 1009 3002 1060 Dux
3058 1009 3260 1075 typum
3299 1007 3458 1058 tenet
3529 1001 3854 1058 Scribarum

2151 1103 2208 1154 et
2237 1098 2679 1160 Pharisaeorum,
2713 1096 2778 1150 ad
2814 1113 2957 1166 quos
2987 1094 3206 1148 Veritas
3235 1093 3315 1147 ait
3344 1110 3356 1147 :
3400 1095 3485 1148 Vae
3509 1091 3677 1157 vobis,
3716 1091 3855 1146 Scri-

2153 1190 2229 1242 δίε
2252 1194 2301 1243 et
2331 1187 2596 1242 Pharisaei
2647 1187 2960 1254 hypocrita,
2995 1185 3091 1253 qui
3135 1182 3392 1238 clauditis
3450 1196 3673 1248 regnum
3701 1180 3856 1233 σιεὶο-

2149 1293 2272 1332 rum
2346 1281 2472 1329 ante
2553 1275 2835 1328 homines:
2896 1287 2988 1327 vos
3053 1273 3196 1326 enim
3285 1287 3390 1324 non
3458 1270 3703 1333 intratis,
3764 1283 3856 1320 nec

2151 1365 2479 1417 introeuntes
2531 1363 2713 1416 sinitis
2759 1363 2969 1414 intrare
3018 1360 3234 1430 (Matth.
3293 1356 3465 1428 xxiii).
3501 1356 3679 1421 Quem
3715 1371 3851 1409 con-

2153 1450 2393 1504 culcavit
2425 1450 2586 1504 turba
2617 1449 2674 1502 in
2723 1455 2908 1518 porta,
2963 1448 3099 1520 quia
3147 1463 3406 1518 gressum
3465 1447 3536 1499 ad
3568 1443 3854 1498 ﬁnemin-

2155 1539 2505 1595 troeuntium
2561 1538 2956 1609 impediebat:
3019 1539 3168 1592 unde
3227 1536 3433 1590 merito
3465 1535 3852 1598 conculcatus,

2154 1627 2209 1680 id
2241 1632 2343 1694 est,
2377 1627 3018 1697 examinejustijudicis
3041 1627 3365 1685 damnatus,
3381 1629 3687 1695 perpetuas
3719 1622 3854 1675 mit-

2158 1721 2311 1771 tetur
2344 1717 2403 1769 in
2433 1715 2722 1770 tenebras.

2835 1803 3063 1858 CAPUT
3111 1803 3256 1858 VIII.

2229 1894 2390 1947 Vens.
2425 1898 2476 1946 7.
2507 1923 2576 1932 -—
2599 1893 2874 1956 Benedub,
2907 1909 3005 1946 rea:
3028 1893 3218 1960 Syria,
3283 1897 3389 1946 etc.
3449 1892 3724 1962 Syrorum
3754 1903 3852 1941 rex

2160 1981 2298 2036 dum
2328 1981 2572 2034 venisset
2600 1981 2659 2035 in
2716 1982 3078 2048 Damascum,
3132 1986 3189 2035 et
3218 1980 3541 2050 agnovisset
3593 1977 3730 2049 quia
3759 1975 3858 2029 Dio

2159 2071 2363 2124 vinitas
2394 2070 2446 2122 ei
2477 2075 2530 2122 et
2563 2071 2685 2139 ejus
2716 2070 2997 2123 exercitus
3029 2070 3289 2124 timorem
3319 2069 3648 2122 immisisset
3676 2072 3734 2120 et
3762 2065 3859 2118 fu-

2159 2175 2310 2230 gam,
2347 2165 2404 2212 et
2435 2175 2548 2212 non
2609 2158 2900 2212 invasione
2960 2157 3210 2212 hostium
3245 2157 3445 2212 fuisset
3489 2156 3725 2216 factum,
3774 2154 3860 2206 ni-

2160 2247 2268 2302 mis
2307 2246 2567 2310 afﬁictus,
2603 2263 2669 2300 eo
2699 2246 2852 2318 quod
2885 2247 3065 2301 Deum
3093 2247 3174 2301 ita
3200 2245 3438 2301 haberet
3462 2245 3695 2310 iratum,
3729 2257 3858 2296 cor-

2163 2337 2278 2391 ruit
2307 2337 2366 2408 in
2388 2336 2743 2406 languorem.

2867 2425 3092 2480 CAPUT
3120 2426 3205 2479 IX.

2228 2515 2389 2570 Vens.
2419 2517 2465 2567 l.
2532 2545 2595 2552 —
2665 2513 2829 2568 Vade.
2879 2513 3040 2583 (ΗΑΒ.
3098 2515 3154 2567 ἰη
3184 2513 3280 2567 lib.
3341 2514 3506 2580 Reg.,
3544 2515 3682 2565 tom.
3733 2511 3858 2578 ΙΙΙ.)

2164 2603 2429 2672 Designat
2457 2601 2715 2672 gentium
2774 2601 3183 2672 principatum,
3231 2617 3406 2672 quem
3457 2599 3736 2654 Dominus
3774 2601 3862 2653 de-

2157 2691 2390 2746 stinavit
2422 2696 2483 2745 ut
2535 2690 2868 2761 sacrilegam
2921 2691 3235 2758 civitatem,
3268 2705 3398 2761 qua
3447 2688 3760 2760 prophetas
3806 2691 3865 2740 et

2159 2781 2468 2835 Dominum
2520 2780 2936 2850 prophetarum
3011 2779 3234 2844 occidit,
3293 2784 3348 2833 et
3395 2777 3685 2850 apostolos
3736 2777 3863 2846 ejus

2158 2876 2454 2941 persecuta
2489 2873 2590 2934 est,
2623 2869 2839 2922 ultione
2887 2869 3054 2937 juxta
3108 2867 3440 2938 perimeret,
3489 2871 3545 2920 et
3599 2865 3864 2920 sacerdo-

2157 2959 2305 3013 tium
2361 2957 2516 3028 quod
2574 2961 2706 3027 post
2760 2957 3048 3011 Christum
3105 2957 3356 3011 inaniter
3402 2955 3699 3017 habuerat,
3763 2954 3863 3008 de-

2092 3074 2132 3130 α
2162 3051 2429 3112 strueret,
2460 3046 2858 3116 templumque
2885 3046 3261 3109 subverteret,
3287 3060 3510 3099 necnon
3543 3048 3599 3097 et
3619 3042 3864 3113 impiam

2160 3137 2544 3208 Synagogam,
2588 3150 2716 3206 qua:
2745 3135 3085 3204 sanguinem
3137 3139 3461 3188 sanctorum
3519 3147 3751 3202 semper
3781 3131 3866 3184 si-

2161 3227 2355 3292 tiebat,
2390 3225 2461 3278 de
2504 3223 2670 3294 regni
2722 3223 2972 3277 culmine
3030 3223 3432 3294 praecipitaret,
3487 3238 3551 3275 ac
3604 3225 3862 3275 rectores

2162 3315 2315 3370 illius
2345 3312 2710 3367 interﬁceret.

2230 3404 2386 3457 Vens.
2423 3403 2508 3456 29.
2546 3431 2609 3442 -
2641 3402 3028 3470 Regnavitque.
3065 3400 3243 3471 (ΗΑΒ.)
3304 3399 3522 3454 Dicitur
3569 3399 3638 3454 de
3669 3397 3860 3453 Ocho-

2165 3491 2412 3559 zia,etc.,
2461 3504 2630 3558 usque
2659 3487 2733 3543 ad
2753 3492 2810 3543 et
2829 3504 2943 3544 uno
2975 3505 3125 3543 anno
3157 3489 3430 3560 regnavit.

2907 3578 3130 3633 CAPUT
3159 3580 3226 3633 Χ.

2236 3669 2391 3723 Vens.
2432 3671 2516 3721 l5.
2545 3697 2614 3706 —
2667 3668 2836 3724 Estne
2897 3681 2988 3722 cor
3017 3672 3186 3732 tuum,
3241 3672 3347 3722 etc.
3409 3667 3546 3720 Hinc
3595 3669 3682 3718 est
3721 3679 3864 3734 ergo

2163 3755 2550 3827 perspicuum,
2573 3754 2725 3825 quod
2755 3755 2928 3808 etiam
2985 3755 3047 3809 in
3097 3754 3357 3809 tribubus
3406 3758 3570 3809 erant
3624 3751 3866 3822 quidam

2168 3844 2274 3898 viri
2323 3844 2534 3914 pietate
2602 3841 2848 3912 praediti,
2926 3847 3163 3914 propter
3241 3859 3386 3914 quos
3466 3842 3710 3896 aliorum
3776 3855 3870 3894 cu-

2163 3949 2288 3987 ram
2315 3931 2550 4004 gerebat
2580 3929 2874 3986 Dominus.

2868 4019 3092 4074 CAPUT
3119 4021 3212 4074 XI.

2237 4109 2397 4163 Vens.
2427 4112 2481 4169 1.
2511 4137 2580 4148 -
2609 4107 2840 4162 Athalia
2893 4122 3036 4162 vero.
3081 4108 3264 4178 (ΗΑΒ.)
3317 4107 3563 4174 Athalia,
3617 4122 3750 4177 quae
3779 4120 3869 4159 se-

2166 4212 2301 4251 men
2331 4195 2506 4251 David
2537 4195 2898 4265 exstinguere
2950 4195 3314 4263 moliebatur,
3369 4196 3730 4267 impietatem
3773 4210 3872 4248 ex-

2166 4284 2365 4356 primit
2393 4285 2706 4356 Synagogaa
2740 4284 3086 4355 quzesemini
3127 4285 3328 4353 David,
3383 4285 3491 4338 hoc
3519 4288 3605 4339 est
3650 4282 3870 4338 Christi

2169 4371 2488 4426 insidiatrix
2537 4377 2677 4426 erat.
2710 4371 2844 4435 Quae
2893 4370 3201 4442 aliquando
3255 4387 3492 4442 regnare
3538 4369 3870 4436 videbatur,

2171 4479 2301 4518 cum
2331 4461 2472 4532 legis
2504 4461 2875 4516 caeremonias
2907 4461 3301 4531 temporaliter
3347 4457 3723 4514 observabat.’
3771 4462 3874 4513 In-

2171 4555 2518 4622 terpretatur
2565 4549 2721 4604 enim
2785 4549 3011 4604 Athalia
3065 4549 3398 4620 temporalis
3455 4549 3695 4604 Domini.
3765 4548 3872 4604 Sed

2170 4639 2438 4694 Josabeth
2484 4639 2839 4704 strenuitate,
2903 4654 3033 4709 quae
3117 4637 3529 4708 interpretatur
3595 4639 3875 4691 saturitas

2173 4727 2424 4794 Domini,
2457 4727 2513 4781 id
2536 4733 2640 4793 est,
2675 4727 2956 4794 Ecclesiae,
2979 4726 3040 4781 in
3071 4743 3184 4798 qua
3238 4743 3386 4781 verae
3435 4731 3569 4781 sunt
3627 4726 3870 4791 deliciae,

2173 4820 2428 4871 servatur
2483 4817 2633 4882 Joas,
2694 4815 2752 4870 id
2814 4822 2899 4871 est
2955 4815 3236 4871 memoria
3291 4815 3534 4871 Domini.
3587 4814 3873 4882 Christus,

2173 4904 2406 4967 scilicet,
2435 4905 2494 4958 in
2540 4921 2656 4976 quo
2718 4910 2803 4959 est
2861 4904 3136 4959 memoria
3199 4904 3450 4959 nominis
3498 4904 3750 4972 Domini,
3803 4921 3874 4959 ne

2172 5010 2276 5066 per
2297 4993 2692 5047 crudelitatem
2716 4993 2997 5048 saevientis
3027 4992 3206 5047 hostis
3235 4993 3599 5047 interimatur
3656 4992 3717 5046 in
3752 5009 3876 5047 cor-

2175 5081 2692 5138 dibuselectorum.
2755 5082 2928 5152 Magis
2986 5083 3238 5137 nutritur
3289 5081 3350 5136 in
3409 5081 3578 5136 domo
3629 5081 3872 5148 Joiadas,

2175 5169 2274 5239 qui
2305 5169 2545 5224 dilectus
2593 5169 2819 5224 Domini
2875 5176 3056 5239 sonat,
3111 5171 3181 5226 de
3233 5187 3348 5242 quo
3425 5172 3635 5225 Pater:
3672 5173 3776 5225 Hic
3797 5177 3876 5225 est

2174 5256 2400 5311 dilectus
2429 5257 2600 5311 Filius
2631 5273 2776 5312 meus
2807 5257 3034 5329 (Matth.
3064 5269 3163 5324 III),
3198 5259 3359 5330 cujus
3417 5258 3623 5312 domus
3677 5263 3877 5312 sancta

2174 5347 2434 5412 Ecclesia,
2468 5347 2570 5402 ubi
2598 5347 2659 5402 in
2702 5354 2895 5404 sancta
2935 5349 3046 5404 ﬁde
3101 5349 3411 5404 electorum
3462 5365 3700 5405 manens
3731 5366 3876 5422 quo-

2171 5436 2310 5491 tidie
2340 5435 2473 5490 facit
2495 5443 2872 5507 augmentum
2900 5438 3158 5510 corporis
3215 5438 3322 5506 sui,
3375 5438 3554 5493 donec
3608 5443 3876 5509 tempore

2165 5523 2370 5594 judicii
2420 5529 2708 5596 sceptrum
2758 5527 2924 5599 regni
2983 5533 3039 5582 et
3107 5527 3423 5598 potentiam
3474 5527 3743 5582 adversus
3777 5542 3877 5581 eos
