4062 6180
162 283 265 333 617

1300 282 1555 339 CLOSSA
1592 282 1995 341 0RD1NARIA.
2036 313 2107 327 —
2144 287 2272 342 LIB.
2314 287 2382 341 IV
2432 286 2591 342 REG.

3570 293 3673 346 6l8

162 401 414 470 extollet,
468 402 567 473 qui
613 418 743 456 eum
797 402 1118 473 deprimere
1156 403 1504 474 cogitabant,
1540 412 1596 460 et
1629 407 1859 462 interfe-
1889 410 1936 462 Α
1974 424 2103 463 rum
2163 410 2391 463 Domini
2439 410 2751 479 confertur,
2779 410 2869 465 vel
2915 412 3355 482 praedicatorum
3388 415 3576 471 ofﬁcia
3602 418 3673 471 ad

162 490 397 545 ctricem
428 497 755 545 sanctorum
787 492 1016 545 reternis
1046 492 1404 562 deputaverit
1433 495 1637 564 poenis.

234 580 404 633 Vens.
464 580 516 635 4.
563 611 633 620 -
708 584 866 636 Anno
922 586 1099 636 autem
1159 586 1386 652 septimo
1458 588 1611 639 misit
1668 587 1868 640 Joiada

158 672 439 737 pontifex,
491 675 594 723 etc.
645 670 834 724 Sortes
865 675 1115 740 quatuor
1157 676 1214 724 et
1242 672 1445 741 viginti
1476 678 1640 728 erant
1680 691 1866 728 sacer-

164 756 392 824 dotum,
441 757 746 812 levitarum
776 763 832 811 et
856 758 1194 828 janitorum,
1229 764 1285 814 et
1313 761 1601 815 habebant
1637 763 1868 817 totidem

167 846 492 915 pontiﬁces,
541 846 640 917 qui
683 846 894 916 singuli
925 862 1028 916 per
1075 847 1314 901 totidem
1361 849 1708 918 septimanae
1759 851 1867 905 sibi

163 947 231 984 ex
262 932 468 986 ordine
506 934 890 1001 succederent,
936 934 1209 988 habentes
1241 936 1453 1007 singuli
1485 937 1590 991 sub
1631 954 1689 992 se
1721 955 1869 1009 qua-

162 1026 297 1075 tuor
327 1026 385 1075 et
413 1022 614 1093 viginti
659 1022 978 1077 sacerdotes
1019 1028 1075 1077 et
1111 1024 1347 1078 totidem
1388 1026 1605 1093 levitas,
1638 1033 1692 1082 et
1723 1028 1868 1097 ejus-

163 1110 299 1164 dem
344 1111 572 1166 numeri
607 1111 912 1181 janitores.
973 1113 1223 1166 latrante
1272 1114 1465 1185 itaque
1519 1131 1664 1169 novo
1724 1132 1867 1185 pon-

160 1199 315 1253 tiﬁce
359 1200 592 1254 sabbato
622 1200 691 1254 ad
739 1200 991 1253 ofﬁcium
1020 1216 1150 1254 cum
1183 1217 1329 1255 nova
1374 1207 1561 1255 turma
1610 1204 1867 1258 sacerdo-

158 1293 309 1356 tum,
358 1288 680 1355 levitarum,
727 1288 1072 1358 janitorum,
1130 1289 1226 1343 ille
1282 1290 1537 1359 pontifex
1590 1307 1719 1345 cum
1767 1309 1869 1347 sua

164 1382 379 1446 turma,
424 1377 523 1448 qui
556 1381 840 1431 transacta
881 1376 1199 1447 septimana
1245 1379 1689 1446 ministraverat,
1742 1386 1870 1452 post

164 1466 471 1521 sabbatum
512 1466 749 1521 domum
802 1467 1191 1520 revertebatur
1239 1467 1306 1521 ad
1352 1484 1607 1538 uxorem,
1657 1486 1868 1540 quam-

165 1555 267 1609 diu
298 1555 454 1609 enim
504 1555 960 1609 ministrabanta
1010 1556 1294 1626 conjugali
1340 1573 1513 1626 opere
1550 1559 1865 1626 cessabant,

1976 498 2450 553 instaurationem
2481 498 2683 569 templi
2710 498 3026 569 spiritualis
3054 502 3443 571 conferantur,
3478 510 3675 575 quate-

1975 603 2084 641 nus
2135 587 2214 641 ibi
2245 589 2628 658 quodcunque
2684 588 2919 643 scissum
2952 606 3055 659 per
3109 607 3363 646 errorem
3396 595 3481 647 vel
3536 594 3675 648 vitia

1975 675 2321 742 invenerint,
2378 682 2722 743 restaurent,
2781 694 2851 731 ne
2904 678 3048 732 forte
3101 696 3203 749 per
3261 682 3673 752 negligentiam

1974 763 2383 833 magistrorum
2414 764 2683 834 depereat
2708 765 3015 819 multitudo
3048 767 3400 822 auditorum.

2047 851 2206 905 Vens.
2262 855 2312 905 5.
2349 853 2767 907 —Sartatecta.
2830 854 2965 922 (Ιυ.)
3022 854 3166 907 Dicit
3220 856 3418 910 ruinas
3466 858 3674 912 domus

1974 938 2224 1006 Domini,
2264 945 2324 993 ut
2365 940 2516 1010 quod
2549 940 2751 995 cadere
2810 948 3077 1010 coeperat,
3116 943 3431 1001 fulciretur.
3500 947 3668 1017 Legi-

1973 1031 2066 1080 tur
2096 1028 2248 1082 enim
2279 1028 2338 1082 in
2371 1028 2821 1098 Paralipomenis
2851 1030 3006 1101 quod
3036 1032 3262 1086 Athalia
3293 1039 3350 1087 et
3390 1034 3494 1088 ﬁlii
3524 1035 3668 1105 ejus,

1972 1116 2029 1170 id
2060 1121 2163 1182 est,
2222 1117 2541 1171 sacerdotes
2598 1118 2904 1187 idolorum,
2965 1121 3101 1190 quia
3148 1122 3360 1192 legitur
3410 1139 3527 1178 non
3578 1125 3677 1178 ha-

1976 1202 2166 1256 buisse
2222 1204 2427 1266 ﬁlium,
2464 1204 2866 1260 destruxerunt
2904 1207 3140 1261 domum
3201 1209 3449 1277 Domini,
3489 1213 3545 1263 et
3598 1209 3666 1264 de

1976 1290 2340 1346 sanctiﬁcatis
2372 1294 2630 1347 fecerunt
2662 1295 2811 1348 Baal.

2045 1380 2202 1434 Vens.
2263 1384 2313 1434 6.
2373 1412 2440 1422 -—
2496 1382 2677 1449 Igitur
2726 1398 2913 1452 usque.
2969 1384 3102 1456 (Ιά.)
3151 1388 3296 1441 Ante
3356 1388 3669 1441 adventum

1978 1467 2183 1521 Christi
2223 1468 2352 1522 licet
2409 1468 2669 1523 doctrina
2720 1472 2861 1542 legis
2914 1472 2973 1526 in
3002 1479 3173 1543 gente
3231 1475 3431 1529 Judiea
3480 1474 3675 1540 fuerit,

1976 1560 2169 1610 tamen
2199 1573 2301 1626 per
2331 1559 2629 1611 doctorum
2661 1560 3069 1629 negligentiam
3098 1562 3159 1616 in
3189 1564 3384 1617 multis
3414 1579 3677 1617 corrum-

166 1644 225 1697 in
246 1643 562 1713 porticibus
580 1644 727 1697 circa
751 1644 988 1697 domum
1015 1644 1239 1697 Domini
1266 1661 1445 1716 usque
1473 1647 1542 1699 ad
1563 1647 1868 1701 sabbatum
1900 1690 1940 1745 Β
1979 1644 2240 1714 pebatur,
2292 1645 2472 1699 donec
2503 1647 2721 1700 veniret
2747 1648 2867 1717 ipse
2898 1649 2999 1718 qui
3043 1649 3230 1720 legem
3279 1651 3456 1717 dedit,
3489 1657 3544 1705 et
3575 1668 3679 1721 per

169 1736 489 1785 manentes.
521 1731 627 1785 Sed
650 1735 785 1784 tunc
810 1747 1070 1785 summus
1091 1732 1341 1802 pontifex
1365 1739 1600 1804 propter
1626 1736 1868 1789 necessi-

164 1825 347 1874 tatem
374 1820 621 1890 augendi
638 1821 939 1886 exercitus,
974 1825 1031 1874 et
1056 1837 1151 1874 eos
1170 1822 1269 1891 qui
1287 1821 1665 1891 septimanam
1683 1825 1870 1893 exple-

164 1913 388 1974 verant,
420 1908 677 1973 retinuit,
706 1912 761 1962 et
790 1908 918 1962 illos
950 1908 1049 1979 qui
1082 1909 1374 1979 impleturi
1409 1915 1571 1963 erant
1601 1911 1864 1980 suscepit.

165 1997 276 2061 Qui
308 2003 363 2050 et
396 1997 539 2051 alios
586 2013 818 2068 quoque
868 1997 1067 2051 levitas
1112 1998 1180 2052 de
1210 1997 1448 2051 urbibus
1480 2004 1537 2052 et
1580 1999 1871 2069 principes

165 2084 521 2138 familiarum
551 2085 938 2155 congregavit,
974 2101 1117 2155 quos
1152 2085 1335 2138 tilium
1386 2086 1539 2154 regis
1560 2086 1869 2139 educturus

163 2173 265 2226 tali
298 2173 527 2227 ratione
573 2173 847 2240 distinxit,
881 2179 943 2227 ut
990 2173 1093 2241 illi,
1124 2174 1224 2244 qui
1252 2173 1635 2243 impleverant
1667 2174 1869 2228 sabba-

164 2267 315 2327 tum,
370 2263 577 2316 armati
631 2262 1064 2317 circumstareut
1122 2279 1319 2333 regem
1377 2263 1434 2315 in
1496 2263 1870 2317 interioribus

168 2352 301 2405 atrii
342 2351 500 2405 locis.
558 2351 667 2415 Qui
718 2352 787 2405 ad
830 2353 1131 2406 sabbatum
1187 2356 1465 2405 venerant
1520 2352 1757 2405 domum
1789 2368 1873 2406 re-

172 2440 276 2511 gis,
312 2440 375 2494 id
407 2445 494 2494 est
523 2441 798 2511 palatium
831 2441 1223 2506 observarent,
1257 2446 1312 2493 et
1342 2445 1565 2509 portam
1597 2442 1872 2494 scutario-

171 2545 302 2582 rum
325 2546 433 2600 per
462 2546 633 2602 quam
663 2530 731 2584 de
759 2530 972 2599 templo
994 2530 1065 2583 ad
1087 2530 1365 2600 palatium
1398 2530 1870 2584 descendebatur.

172 2619 417 2689 Reliqua
471 2619 776 2672 multitudo
818 2618 1123 2672 exteriores
1174 2617 1455 2672 atriorum
1503 2620 1712 2688 januas
1741 2635 1873 2672 con-

169 2711 256 2760 tra
287 2708 547 2760 furorem
582 2706 812 2777 reginae,
846 2706 894 2759 si
931 2706 1068 2777 quid
1105 2706 1421 2775 moliretur,
1481 2707 1862 2761 custodirent:

172 2801 371 2865 postea
403 2795 594 2849 eduxit
624 2810 817 2864 regem
849 2795 917 2848 de
949 2796 1123 2849 domo
1184 2795 1410 2849 Domini
1444 2795 1543 2849 ubi
1583 2801 1704 2849 erat
1740 2796 1867 2849 abs-

171 2884 455 2948 conditus,
490 2888 882 2953 veneruntqne
933 2899 1037 2953 per
1080 2883 1231 2936 viam
1264 2887 1444 2953 portae
1493 2883 1873 2937 scutariorum

174 2971 226 3025 in
260 2972 561 3041 palatium,
596 2976 651 3025 et
678 2971 827 3025 sedit
857 2988 1029 3042 super
1056 2972 1329 3025 thronum
1360 2987 1587 3042 regum.

238 3062 405 3115 Vens.
441 3063 499 3114 6.
558 3091 624 3099 ——
666 3059 760 3113 Ad
802 3065 1036 3128 portam.
1088 3060 1272 3131 (ΗΑΒ.)
1326 3061 1389 3113 1n
1440 3060 1651 3130 palatio
1697 3066 1864 3129 porta

170 3149 277 3203 Sur
306 3156 365 3201 et
412 3148 620 3202 domus
664 3148 840 3201 Messa
895 3148 1045 3218 (quae
1089 3164 1220 3202 cum
1271 3152 1439 3218 porta
1494 3149 1871 3203 scutariorum

171 3237 570 3306 nominantur)
604 3252 727 3290 esse
747 3236 1033 3289 videntur.

241 3328 622 3382 Scutariorum
669 3331 719 3379 et
786 3324 1097 3379 custodietis
1145 3324 1398 3378 excubias
1478 3325 1685 3380 domus.
1746 3328 1871 3397 (Ιυ.)

168 3413 417 3469 Scutarii
464 3418 627 3468 erant
661 3417 879 3467 tutores
928 3412 1078 3482 regis
1129 3412 1511 3467 custodientes
1550 3414 1748 3485 palatii
1778 3431 1873 3469 ve-

170 3504 476 3559 stibulum.

246 3594 418 3646 Vens.
473 3594 555 3645 l2.
608 3622 677 3631 ——
718 3594 789 3646 Et
822 3594 1004 3661 posuit
1046 3606 1207 3659 super
1244 3606 1362 3645 eum
1404 3590 1660 3645 diadema
1697 3596 1747 3646 et
1794 3596 1877 3646 te-

170 3683 512 3737 stimonium.
549 3680 672 3749 (11).)
707 3681 772 3734 In
802 3680 947 3734 libro
991 3678 1222 3733 Dierum
1263 3679 1553 3750 apertius:
1596 3683 1665 3735 Et
1702 3683 1877 3750 impo—

169 3774 405 3823 suerunt
435 3771 488 3822 ei
529 3768 783 3823 diadema
825 3769 1192 3839 dederuntque
1224 3771 1282 3823 in
1324 3785 1488 3824 manu
1536 3769 1652 3836 ejus
1694 3773 1876 3823 tenen-

169 3858 308 3911 dam
335 3858 521 3924 legem.
588 3857 651 3910 Et
680 3861 802 3911 erat
857 3857 1057 3927 utique
1114 3857 1375 3911 salutaris
1408 3856 1751 3927 prudentiae,
1816 3862 1879 3911 ut

166 3951 311 4016 post
338 3945 651 4017 tyrannicae
680 3960 877 3999 necem
925 3944 1156 4013 regium,
1190 3944 1511 3998 succedenti
1542 3944 1602 3997 in
1633 3959 1877 4014 regnum

166 4034 298 4089 ﬁlio
360 4034 536 4105 regis,
591 4050 721 4088 cum
754 4034 879 4105 ipso
936 4033 1100 4104 regni
1130 4033 1332 4087 habitu
1388 4032 1688 4102 disciplina
1737 4032 1878 4101 legis

168 4124 280 4178 Dei
314 4123 592 4177 servanda
620 4122 1104 4176 committeretur:
1135 4126 1190 4175 et
1220 4120 1319 4191 qui
1361 4137 1417 4175 se
1446 4122 1747 4191 praelatum
1775 4138 1879 4191 po-

165 4214 315 4284 pulo
345 4212 567 4265 videret
594 4211 869 4282 regendo,
901 4211 1023 4281 ipse
1054 4226 1113 4263 se
1174 4209 1491 4280 regendum
1532 4208 1740 4264 divinis
1797 4210 1878 4263 le-

164 4302 349 4372 gibus
376 4300 541 4355 subdi
573 4299 779 4354 debere
810 4298 1184 4353 meminisset.

240 4391 418 4443 Vsas.
454 4394 538 4444 17.
567 4418 637 4428 ——
666 4390 878 4457 Pepigit
923 4388 1103 4456 igitur
1148 4386 1345 4442 Joiada
1391 4386 1575 4453 foedus
1604 4387 1748 4439 inter
1779 4387 1880 4439 Do-

166 4483 411 4537 minum.
447 4483 556 4533 etc.
594 4478 657 4530 In
703 4475 1173 4546 Paralipomenis,
1204 4477 1348 4529 inter
1375 4490 1469 4529 se:
1502 4475 1636 4545 quia
1666 4490 1723 4526 se
1756 4474 1881 4526 loco

166 4569 337 4641 regis
363 4573 422 4621 et
451 4566 573 4635 Dei,
605 4565 766 4636 cujus
805 4564 1065 4618 minister
1103 4568 1244 4632 erat,
1273 4563 1507 4634 posuit;
1545 4563 1698 4617 unde
1729 4561 1880 4616 Joia-

167 4660 242 4713 da
270 4676 284 4712 :
316 4670 726 4726 recognoscens
745 4654 1048 4707 Dominum
1072 4654 1158 4707 vel
1177 4653 1424 4723 diligens
1444 4652 1877 4723 interpretatur:

168 4748 321 4819 quia
355 4744 666 4799 Dominum
692 4759 1032 4813 cognoscere
1062 4747 1118 4796 et
1144 4741 1383 4812 diligere
1414 4740 1627 4795 docuit.
1661 4739 1887 4810 Pepigit

168 4836 368 4892 {cadus
415 4834 568 4887 inter
611 4832 919 4886 Dominum
953 4836 1009 4885 et
1034 4846 1229 4902 regem
1261 4835 1316 4883 et
1342 4830 1646 4901 populum,
1693 4834 1756 4883 ut
1783 4842 1883 4882 rex

169 4931 227 4979 et
258 4924 520 4996 populus
550 4921 791 4976 Domino
821 4921 1134 4975 servirent:
1167 4918 1391 4990 pepigit
1418 4918 1572 4972 inter
1598 4934 1793 4990 regem
1829 4923 1886 4971 et

167 5015 485 5087 populum,
540 5016 604 5066 ut
651 5011 900 5081 populus
953 5027 1089 5081 erga
1130 5025 1327 5079 regem
1378 5006 1624 5062 ﬁdeliter
1667 5011 1883 5078 ageret,

168 5107 226 5157 et
268 5118 371 5157 rex
402 5116 535 5155 cum
558 5098 783 5170 justitia
810 5098 1091 5169 populum
1123 5102 1366 5169 regeret.

845 5240 1071 5295 CAPUT
1108 5240 1229 5295 XII.

245 5368 441 5437 (ΗΑΒ.)
498 5363 726 5419 Mandat
781 5380 879 5418 rex
931 5368 1129 5419 noster
1189 5367 1254 5417 ut
1302 5363 1562 5417 doctores
1611 5358 1892 5430 accipiant

173 5472 419 5513 omnem
450 5454 774 5526 pecuniam,
809 5470 940 5524 qua:
964 5471 994 5506 a
1015 5451 1498 5524 praetereuntibus
1518 5449 1690 5521 justis
1711 5446 1891 5502 scien-

176 5546 275 5601 tias
316 5542 656 5616 spiritualis,
690 5543 776 5596 vel
806 5542 1091 5597 bonorum
1140 5540 1539 5611 exemplorum
1568 5537 1628 5592 in
1657 5538 1888 5593 thesau-

504 5634 780 5698 PATROL.
836 5633 1019 5699 CXIII

1979 1737 2188 1785 sancta:
2219 1733 2512 1787 Trinitatis
2574 1734 2748 1788 ﬁdem
2801 1736 3139 1808 decalogum
3171 1738 3232 1791 in
3288 1739 3423 1792 Mosi
3457 1746 3513 1793 et
3541 1756 3676 1809 pro-

1976 1820 2282 1889 phetarum
2312 1822 2536 1891 scriptis
2563 1822 2942 1892 spiritualiter
2971 1825 3388 1880 observandum
3427 1828 3673 1883 doceret.

2050 1908 2206 1961 Vens.
2241 1913 2291 1961 7.
2326 1937 2396 1948 —
2428 1908 2520 1962 Ad
2561 1911 3013 1965 instaurationem
3061 1915 3249 1981 templi
3281 1914 3491 1967 reddite
3538 1930 3675 1981 eam,

1978 1999 2081 2049 etc.
2118 1995 2249 2065 (Ιυ.)
2289 1996 2567 2050 Dominus
2608 1999 2948 2067 evangelicis
2993 2000 3322 2055 doctoribus
3371 2002 3493 2056 ait:
3529 2004 3679 2056 Prw-

1978 2084 2155 2137 dicate
2215 2085 2574 2153 Evangeiium
2637 2090 2785 2140 omni
2833 2093 3115 2157 creatura,
3170 2092 3410 2158 inﬁrmos
3472 2096 3676 2154 curate,

1978 2179 2218 2227 mortuos
2275 2177 2554 2240 suscitate,
2614 2176 2845 2243 leprosos
2902 2177 3189 2244 mundate;
3239 2182 3414 2248 gratis
3472 2182 3675 2248 accepi-

1978 2263 2095 2328 stis,
2129 2264 2307 2327 gratis
2338 2262 2463 2315 date
2495 2262 2686 2332 (Marc.
2720 2264 2857 2329 xw).

2051 2351 2211 2404 Vens.
2239 2353 2289 2404 9.
2308 2380 2377 2390 —
2396 2352 2464 2404 Et
2478 2352 2620 2404 tulit.
2645 2350 2773 2420 (Ιυ.)
2802 2351 3060 2405 Pontifex
3079 2357 3291 2419 noster,
3310 2354 3409 2424 qui
3423 2355 3674 2425 seipsum

1980 2437 2186 2491 obtulit
2217 2439 2460 2493 hostiam
2495 2440 2629 2506 Deo,
2663 2440 3134 2511 gazophylacium
3163 2457 3343 2495 unum
3375 2443 3589 2512 posuit,
3622 2443 3681 2497 id

1982 2530 2087 2595 est,
2150 2543 2323 2581 unam
2354 2528 2691 2582 catholicam
2725 2529 3030 2583 Ecclesiam
3087 2530 3243 2597 fecit,
3296 2531 3389 2584 cui
3420 2532 3679 2586 foramen

1983 2616 2230 2685 desuper
2251 2616 2493 2685 aperuit,
2521 2616 2658 2687 quia
2680 2617 3127 2672 transituminde
3149 2618 3219 2671 ad
3247 2619 3415 2673 cmlos
3438 2620 3676 2690 paravit.

2054 2707 2124 2758 Et
2145 2707 2350 2773 posuit.
2397 2704 2529 2776 (Ιυ.)
2558 2706 2749 2759 Altare
2802 2722 3009 2775 corpus
3044 2706 3289 2772 Domini,
3336 2707 3502 2778 juxta
3529 2709 3680 2779 quod

1984 2792 2455 2861 gazophylacium
2510 2797 2613 2858 est,
2647 2809 2775 2847 cum
2843 2794 3084 2848 Ecclesia
3126 2795 3343 2849 Christo
3379 2797 3683 2866 conjuncta

1985 2885 2071 2933 est
2097 2880 2167 2933 ad
2208 2880 2499 2934 dexteram
2563 2880 3015 2951 ingredientium
3072 2883 3334 2939 domum.
3404 2885 3549 2949 Quia
3583 2886 3682 2957 qui

1911 2975 1952 3030 ο
1990 2984 2094 3038 per
2152 2969 2322 3023 ﬁdem
2397 2969 2801 3039 ingrediuntur
2870 2972 3193 3035 Ecclesiam,
3260 2974 3561 3028 intcndum
3613 2976 3681 3029 ad

1984 3062 2258 3111 aeternam
2331 3058 2771 3125 beatitudinem,
2854 3076 3028 3129 quam
3085 3061 3314 3114 dextera
3369 3062 3672 3132 signiﬁcat,

1982 3147 2300 3215 pervenire.
2334 3149 2486 3200 Istuc
2516 3162 2652 3218 ergo
2684 3148 2921 3201 mittunt
2977 3150 3315 3214 sacerdotes,
3352 3151 3453 3221 qui
3501 3157 3683 3205 custo-

1983 3234 2153 3288 diunt
2181 3236 2326 3289 ostia
2373 3234 2593 3305 templi,
2626 3251 2861 3290 omnem
2909 3237 3231 3307 pecuniam,
3264 3255 3391 3309 quae
3428 3240 3682 3294 defertur

1983 3324 2054 3378 ad
2082 3324 2381 3394 templum,
2444 3340 2575 3378 cum
2620 3325 3035 3395 praedicatores,
3094 3326 3193 3397 qui
3241 3333 3468 3381 servant
3495 3327 3682 3383 intro-

1984 3410 2128 3465 itum
2159 3410 2316 3480 ﬁdei,
2357 3412 2606 3466 offerunt
2637 3418 2765 3466 vota
2806 3412 3062 3468 ﬁdelium
3094 3415 3154 3468 in
3184 3415 3371 3469 verbis
3403 3420 3458 3470 et
3490 3417 3680 3487 operi-

1986 3499 2091 3554 bus
2126 3516 2138 3554 :
2172 3504 2228 3554 et
2256 3499 2319 3553 in
2360 3500 2607 3554 Ecclesia
2650 3501 2757 3555 rite
2789 3502 3051 3571 precibus
3095 3506 3503 3560 commendant
3544 3507 3679 3562 Deo.

2056 3589 2219 3643 Vaas.
2257 3590 2339 3643 l0.
2374 3590 2653 3645 —Scriba
2676 3592 2842 3658 regis,
2879 3596 2985 3645 etc.
3017 3592 3141 3660 (Ιυ.)
3174 3593 3395 3647 Summi
3424 3600 3560 3648 sunt
3589 3595 3686 3649 do-

1983 3677 2301 3748 ctores,qui
2322 3678 2623 3747 pecuniam
2641 3680 3402 3749 collatamjnxtanumerum
3434 3688 3488 3736 et
3519 3699 3677 3737 men-

1988 3781 2180 3819 suram
2237 3765 2351 3819 illis
2390 3767 2723 3821 tribuebant
2784 3767 2881 3837 qui
2937 3775 3224 3838 praaerant
3256 3770 3429 3825 fabris
3486 3778 3544 3825 et
3571 3789 3682 3826 caa-

1988 3853 2302 3919 mentariis,
2361 3856 2468 3909 hoc
2528 3860 2630 3924 est,
2685 3856 3170 3926 dispensatoribus
3204 3858 3359 3912 verbi
3419 3859 3539 3924 Dei,
3582 3859 3682 3930 qui

1990 3941 2305 4011 evangelici
2359 3942 2532 3996 tritici
2582 3958 2911 3996 mensuram
2968 3945 3256 3997 Conservis
3296 3946 3431 4010 suis,
3474 3946 3562 3999 his
3583 3946 3681 4017 qui

1990 4030 2383 4101 operanturin
2409 4031 2578 4085 domo
2610 4031 2839 4085 Domini
2857 4036 2913 4085 et
2944 4032 3218 4086 virtutum
3252 4050 3426 4104 opera
3457 4035 3517 4088 in
3547 4035 3681 4089 aedi-

1988 4119 2117 4174 ﬁcio
2150 4118 2342 4173 divino
2373 4124 2741 4189 componant,
2772 4119 3119 4175 tribuebant.

2061 4208 2179 4278 (11).)
2228 4208 2506 4277 Apostoli,
2562 4224 2703 4279 quos
2742 4208 3032 4279 principes
3088 4210 3148 4263 in
3180 4211 3425 4265 Ecclesia
3480 4212 3681 4266 electio

1920 4295 2181 4356 Ddivina
2236 4295 2555 4363 constituit,
2610 4313 2713 4367 per
2763 4296 3071 4367 discipulos
3127 4299 3285 4353 verbi
3325 4300 3546 4354 semina
3581 4318 3684 4371 per

1986 4389 2175 4439 totum
2209 4383 2407 4438 orbem
2452 4390 2800 4455 sparserunt,
2833 4392 3115 4457 quatenus
3146 4388 3440 4458 operarios
3472 4390 3681 4444 volun-

1988 4474 2118 4528 tatis
2148 4473 2250 4527 Dei
2277 4473 2518 4528 idoneos
2571 4475 2926 4530 auditoribus
2957 4476 3072 4530 suis
3121 4477 3502 4547 praeﬁcerent,
3531 4494 3679 4548 quo-

1987 4579 2120 4618 rum
2149 4562 2249 4616 alii
2289 4562 2643 4617 fabricabant
2671 4564 2848 4635 ligna,
2901 4581 3032 4619 cum
3064 4582 3121 4620 se
3151 4570 3208 4620 et
3255 4566 3362 4620 sibi
3410 4567 3683 4621 obedien-

1988 4656 2072 4706 tes
2117 4652 2272 4721 ligna
2318 4650 2609 4705 fructifera
2638 4651 2698 4704 in
2746 4652 2919 4705 domo
2970 4652 3196 4706 Domini
3243 4670 3445 4724 parare
3490 4655 3683 4708 stude-

1989 4740 2146 4794 bant.
2198 4739 2311 4793 Alii
2359 4744 2661 4794 sartatecta
2705 4740 2907 4812 templi
2956 4741 3256 4807 faciebant,
3308 4743 3537 4812 quando
3580 4743 3684 4812 illi,

1992 4845 2120 4899 quae
2150 4845 2255 4899 per
2298 4828 2564 4883 hmresim
2594 4835 2653 4884 et
2704 4830 3007 4884 schismata
3039 4834 3207 4900 rupta
3236 4836 3393 4883 erant
3445 4832 3684 4886 reaediﬁ-

1992 4918 2233 4984 cabant;
2267 4917 2367 4971 alii
2396 4934 2527 4971 saxa
2575 4918 2887 4985 caedebant,
2920 4934 3049 4972 cum
3096 4918 3268 4972 duros
3314 4918 3481 4972 corde
3512 4924 3569 4973 et
3596 4920 3685 4973 in-

1991 5004 2252 5060 credulos
2293 5004 2519 5060 fortiter
2563 5004 2951 5075 increpabant,
3006 5005 3085 5059 ita
3114 5011 3175 5058 ut
3204 5006 3542 5075 impleretur
3592 5008 3688 5062 in-

1993 5093 2267 5149 stauratio
2292 5092 2354 5146 in
2381 5092 2680 5155 universis,
2714 5109 2841 5163 quae
2864 5093 3198 5160 indigebant
3229 5110 3475 5164 expensa
3497 5096 3565 5149 ad
3599 5096 3691 5150 do-

1995 5198 2157 5237 mum
2212 5181 2437 5235 Domini
2480 5181 2875 5247 muniendam,
2934 5182 3100 5250 juxta
3143 5182 3330 5237 illud:
3395 5185 3690 5253 Unicuique

1994 5274 2173 5324 autem
2218 5274 2455 5323 vestrum
2504 5269 2639 5323 data
2686 5274 2763 5322 est
2820 5272 3003 5337 gratia
3050 5270 3341 5325 secundum
3384 5288 3690 5328 mensuram

1997 5359 2307 5413 donationis
2336 5360 2541 5415 Christi
2570 5357 2787 5427 (Ephes.
2823 5358 2914 5427 ιν).

2069 5449 2234 5500 Vens.
2290 5449 2375 5502 13.
2428 5476 2498 5487 —
2562 5448 2938 5501 Verumtamen
2984 5463 3091 5502 non
3142 5453 3338 5504 tamen.
3390 5449 3515 5519 (11).)
3568 5452 3695 5507 Alia

2001 5536 2172 5591 debet
2199 5552 2317 5590 esse
2367 5535 2507 5589 ratio
2560 5535 2985 5591 tormandorum
3036 5554 3297 5592 vasorum
3328 5538 3388 5592 in
3427 5540 3693 5595 ministe-

3345 5635 3428 5691 ‘20
