4062 6180
363 258 466 310 619

1000 253 1399 310 WALAFRIDI
1439 255 1687 311 STRABI
1727 256 1928 312 FULD.
1971 255 2133 313 ΜΟΝ.
2172 257 2323 313 OPP.
2366 258 2542 314 PARS
2580 258 2620 313 I.
2662 288 2732 297 —
2769 258 3222 317 THEOLOGICA.
3739 271 3831 323 620

358 378 511 432 rium
558 375 806 445 Domini,
854 375 965 431 alia
1012 377 1403 448 parandorum
1452 378 1742 449 lignorum
1772 384 1830 433 et
1878 396 2052 434 saxo-
2081 382 2129 435 A
2166 381 2260 436 tice
2312 398 2444 436 suos
2496 383 2760 437 hortatur
2795 384 3049 455 primum
3099 386 3401 459 illustrari,
3453 394 3509 444 et
3562 389 3641 446 sic
3682 392 3850 464 jacula

357 483 485 520 rum
517 466 577 520 in
632 465 940 521 mdiﬁcium
972 465 1194 529 domus,
1248 465 1385 535 quia
1436 466 1549 520 alia
1579 467 1750 521 debet
1782 484 1905 521 esse
1950 468 2051 522 do-

360 555 561 622 ctrina,
603 571 718 624 qua
771 554 940 609 rudes
968 554 1307 609 imbuuntur
1361 555 1428 609 ad
1457 555 1653 622 ﬁdem,
1686 560 1743 611 et
1798 557 1909 611 alia
1939 572 2054 628 qua

355 644 475 713 jam
507 643 742 714 perfecti
794 643 1156 696 instruuntur
1210 641 1279 695 ad
1314 641 1565 697 scientias
1606 643 2048 714 plenitudinem.

357 733 499 785 Vasa
533 730 757 785 Domini
814 734 966 796 sunt,
1026 729 1126 801 qui
1175 730 1297 799 jam
1350 731 1469 802 apti
1500 737 1632 785 sunt
1677 733 1746 787 ad
1777 734 2053 804 capienda

358 836 601 874 munera
627 819 838 885 divina,
892 823 947 871 et
993 819 1212 872 habiles
1243 824 1376 874 sunt
1405 818 1479 874 ad
1509 820 1891 877 ministerium
1927 825 2047 879 Dei.

429 911 547 966 Non
601 908 819 977 ﬁebant.
883 908 946 960 In
998 908 1462 978 Paralipomenis.
1519 910 1650 965 Cum
1709 913 2055 981 complessent

358 1000 538 1053 omnia
592 1013 774 1066 opera,
833 996 1139 1049 detulerunt
1185 1012 1365 1050 coram
1421 1013 1543 1065 rege
1581 1003 1630 1053 et
1676 1001 1873 1055 Joiada
1919 1004 2054 1056 reli-

357 1103 519 1158 quam
542 1094 753 1157 partem
780 1086 1016 1154 pecuniae
1047 1085 1112 1139 de
1168 1102 1278 1153 qua
1304 1088 1458 1152 facta
1508 1092 1636 1142 sunt
1683 1105 1820 1144 vasa
1846 1093 2048 1161 templi.

360 1179 485 1231 Non
516 1181 600 1230 est
659 1173 1029 1237 contrarium,
1091 1176 1228 1244 quia
1274 1190 1392 1228 non
1447 1176 1516 1229 de
1549 1178 1751 1231 eadem
1807 1181 2054 1249 pecunia

358 1283 486 1338 quae
519 1264 862 1319 offerebatur
890 1280 923 1316 a
978 1261 1191 1333 populo
1223 1263 1295 1316 ad
1323 1263 1804 1321 instaurationem
1846 1269 2050 1323 domus

359 1354 611 1410 Dominis
631 1353 776 1406 facta
798 1350 1031 1405 fuerunt
1059 1367 1193 1404 vasa
1210 1351 1269 1405 in
1289 1352 1674 1408 ministerium
1700 1356 1926 1427 templi,
1956 1359 2053 1413 sed

357 1450 428 1503 de
458 1447 672 1518 reliqua
733 1449 893 1516 parte
939 1444 1217 1514 pecuniae,
1269 1460 1397 1514 quae
1427 1450 1484 1500 et
1538 1446 1599 1501 in
1630 1448 1757 1502 aliis
1791 1449 2053 1504 donatio-

355 1539 526 1593 nibus
553 1536 738 1590 fuerat
767 1535 991 1603 collata.

426 1631 496 1682 Et
523 1626 827 1693 fuscinulw,
852 1628 958 1678 etc.
995 1622 1174 1693 (ΗΑΒ.)
1208 1624 1498 1692 Doctores,
1522 1640 1769 1695 quorum
1798 1624 2049 1680 ofﬁcium

356 1720 442 1771 est
470 1731 675 1785 corpus
706 1719 761 1767 et
791 1714 1129 1784 sanguinem
1183 1714 1411 1767 Domini
1460 1713 1826 1768 credentibus
1859 1714 2055 1767 distri-

355 1806 553 1870 buere,
602 1803 929 1858 inﬁdelibus
974 1803 1282 1873 abnegare,
1332 1818 1557 1856 necnon
1590 1806 1645 1855 et
1694 1801 2055 1871 spiritualem

357 1893 689 1949 alimoniam
746 1892 901 1946 verbi
948 1892 1153 1963 cuique
1210 1895 1383 1961 prout
1420 1889 1682 1945 convenit
1713 1889 2005 1960 dispertiri
2039 1908 2051 1945 :

357 1982 493 2053 quia
519 1981 733 2035 suntin
780 1980 963 2035 verbis
1006 1980 1123 2045 Dei,
1158 1996 1287 2052 qua:
1337 1983 1547 2033 nostra:
1596 1979 1909 2033 humilitati
1960 1995 2054 2033 re-

352 2071 541 2124 velare
588 2070 853 2140 dignatns
884 2074 986 2137 est,
1034 2074 1165 2123 sunt
1196 2068 1305 2123 alia
1338 2084 1467 2140 qua:
1513 2072 1723 2122 nostras
1772 2067 2053 2139 capacita-

352 2150 426 2213 tis
458 2174 781 2212 mensuram
815 2155 1245 2208 transcendunt.

426 2246 744 2299 Thuribula.
791 2244 910 2314 (10.)
966 2244 1111 2298 Sunt
1140 2243 1241 2314 qui
1290 2244 1564 2298 mundam
1610 2242 1927 2297 orationem
1984 2259 2052 2296 ex

352 2334 700 2388 conscientia
728 2348 874 2403 pora
905 2337 960 2385 et
988 2331 1098 2386 ﬁde
1129 2348 1247 2386 non
1277 2331 1408 2386 ficta
1440 2331 1690 2386 offerunt
1720 2332 1835 2385 Deo
1877 2336 1934 2385 et
1963 2331 2051 2385 di-

352 2428 532 2478 cunt:
582 2425 869 2490 Dirigatur
911 2424 1085 2476 oratio
1129 2437 1268 2487 mea,
1316 2423 1457 2475 sicut
1508 2424 1788 2475 incensum
1829 2422 1888 2474 in
1934 2435 2053 2474 con-

351 2518 534 2582 spectu
563 2516 652 2565 tuo
682 2513 843 2581 (Psal.
879 2511 1018 2582 CXL).

424 2601 583 2655 Tuba
628 2615 779 2654 omne
819 2614 937 2664 vas,
969 2603 1071 2652 etc.
1108 2599 1236 2667 (Ιο.)
1288 2598 1577 2666 Doctores,
1613 2596 1711 2667 qui
1756 2601 1878 2650 toto
1911 2596 2049 2650 orbe

346 2705 545 2744 vocem
599 2688 937 2760 evangelica:
1009 2685 1434 2757 praedicationis
1500 2685 1791 2748 emittunt,
1845 2684 2046 2739 unde:

349 2780 518 2845 Quasi
548 2778 677 2831 tuba
712 2779 897 2831 emalta
927 2792 1101 2831 vocem
1133 2780 1282 2830 tuam
1314 2775 1449 2843 (Isa.
1484 2774 1655 2845 Lvm).

420 2869 580 2922 Vens.
632 2870 716 2921 15.
766 2895 836 2908 -
865 2868 935 2920 Et
971 2881 1077 2919 non
1121 2863 1285 2936 ﬁebat
1327 2867 1471 2918 ratio
1502 2867 1574 2918 iis
1620 2864 1887 2930 omnibus,
1938 2867 2042 2917 etc.

350 2956 470 3027 (10.)
503 2958 639 3010 Tam
672 2954 925 3025 religiosi
972 2955 1221 3021 fuerunt,
1255 2959 1318 3007 ut
1350 2953 1541 3007 nullus
1573 2952 1918 3006 dubitaverit
1948 2951 2048 3023 qui
2077 2955 2115 3011 C

352 3044 655 3115 pecuniam
708 3043 806 3098 Dei
850 3044 971 3097 sine
1007 3044 1207 3098 fraude
1239 3047 1565 3096 tractarent.
1619 3042 1778 3095 Unde
1827 3045 2049 3095 constat

351 3136 564 3201 quanta
609 3130 946 3184 discretione
989 3147 1134 3201 Opus
1164 3136 1249 3184 est
1286 3130 1375 3184 his
1409 3130 1508 3200 qui
1556 3129 1860 3199 pecuniam
1886 3127 2043 3182 verbi

352 3221 453 3273 Dei
484 3220 818 3289 dispensant
850 3220 1163 3289 conservis,
1194 3219 1261 3273 de
1301 3234 1415 3288 qua
1445 3217 1589 3271 ratio
1621 3216 1910 3271 reddenda
1941 3220 2038 3279 est,

354 3314 414 3361 ut
439 3324 554 3361 non
594 3308 785 3362 minus
811 3307 1007 3361 ﬁdeles
1051 3307 1421 3360 inveniantur
1448 3306 1509 3360 hi
1551 3306 1611 3359 in
1655 3304 2047 3376 spiritualibus

352 3412 525 3467 quam
559 3396 639 3449 illi
670 3395 729 3448 in
758 3394 1166 3465 corporalibus.

426 3485 592 3537 Vens.
648 3486 733 3537 16.
766 3514 833 3522 ——-
884 3484 1166 3537 Pecuniam
1194 3497 1319 3535 vero
1362 3496 1463 3549 pro
1501 3480 1713 3546 delicto,
1764 3483 1868 3534 etc.
1925 3480 2046 3551 (ῐυ.)

353 3574 455 3627 Hic
480 3572 798 3626 ostenditur
847 3571 999 3643 quod
1050 3570 1327 3625 confessio
1374 3574 1738 3640 peccatorum
1782 3572 1837 3622 et
1860 3570 2045 3639 poeni-

350 3662 527 3717 tentia
556 3677 672 3715 non
704 3660 939 3731 proprio
983 3660 1283 3730 cujusque,
1314 3658 1411 3712 sed
1443 3659 1799 3713 sacerdotum
1816 3657 2043 3729 .judicio

351 3750 676 3820 peragenda
703 3754 805 3812 est.
844 3765 1089 3819 quorum
1115 3754 1199 3802 est
1231 3747 1554 3803 discernere
1582 3747 1734 3801 inter
1762 3746 2044 3802 mundum

351 3844 405 3893 et
430 3838 818 3904 immundum,
856 3842 911 3893 et
936 3838 1113 3909 leprae
1146 3837 1429 3891 maculam
1455 3836 1788 3906 dijudicare.

999 3979 1223 4033 CAPUT
1261 3979 1402 4033 XIII.

420 4106 581 4159 Vens.
618 4108 703 4160 14.
734 4134 804 4143 -
837 4104 1061 4158 Elisaeus
1095 4108 1290 4157 autem.
1339 4101 1524 4172 (ΗΑΒ.)
1561 4101 1912 4171 Redemptor
1936 4117 2042 4156 no-

348 4198 465 4246 ster
506 4192 823 4246 rectoribus
867 4190 1123 4244 Ecclesia:
1167 4189 1339 4243 armis
1390 4188 1784 4260 spiritualibus
1832 4204 1890 4243 se
1943 4188 2038 4243 in-

346 4281 464 4348 dui,
498 4285 554 4335 et
589 4285 787 4334 contra
838 4280 1063 4333 hostem
1106 4278 1409 4349 antiquum
1453 4277 1715 4348 praecipit
1753 4278 2030 4347 puellari.
2069 4306 2112 4361 ι)

345 4374 522 4424 Arcus
553 4385 774 4423 sacrum
811 4372 896 4422 est
934 4367 1253 4438 eloquium,
1287 4368 1436 4438 quod
1468 4383 1531 4419 ex
1565 4372 1809 4437 utroque
1841 4367 2038 4421 Testa-

347 4464 540 4513 mento
582 4459 737 4512 velut
776 4474 844 4511 ex
891 4472 1068 4511 cornu
1100 4461 1155 4510 et
1179 4456 1388 4510 chorda
1434 4459 1674 4509 constat.
1723 4457 1829 4509 Per
1870 4457 2040 4511 Vetus

345 4548 559 4619 quippe
604 4548 1035 4600 Testamentum
1076 4545 1360 4615 ﬁguratur
1391 4560 1571 4597 cornu
1615 4548 1852 4614 propter
1881 4543 2038 4599 duri-

344 4637 521 4703 tiam;
555 4650 659 4706 per
692 4635 912 4689 Novum
957 4649 1107 4699 vero,
1142 4633 1296 4704 quod
1346 4632 1640 4686 incarnato
1675 4632 1916 4686 Domino
1953 4632 2037 4687 fa-

342 4730 498 4781 ctum
527 4728 631 4791 est,
669 4724 952 4794 ﬁguratur
987 4722 1197 4776 chorda
1230 4739 1243 4775 :
1273 4726 1329 4775 et
1357 4721 1495 4775 dum
1528 4720 1741 4774 chorda
1769 4721 2031 4787 trahitur,

340 4831 519 4870 cornu
548 4817 834 4879 curvatur,
864 4810 1001 4883 quia
1041 4827 1172 4865 cum
1213 4812 1432 4865 Novum
1462 4811 1886 4864 Testamentum
1916 4809 2037 4864 dis-

339 4905 571 4972 cutitur,
618 4903 786 4956 Vetus
829 4917 863 4955 a
905 4900 1093 4972 rigore
1147 4917 1249 4954 suo
1277 4900 1344 4953 ad
1373 4899 1726 4953 intellectum
1774 4898 2039 4969 spiritua-

336 4993 452 5045 lem
483 4990 747 5045 ﬂectitur.
781 4988 1013 5059 Sagittae
1044 4992 1178 5042 sunt
1215 4986 1387 5042 verba
1439 5003 1567 5058 quae
1598 4987 1858 5041 doctores
1904 5004 2037 5058 pro-

338 5080 546 5134 ferunt.
597 5078 707 5131 Nos
737 5093 874 5147 ergo
906 5093 1035 5131 cum
1082 5076 1389 5147 Scriptura:
1437 5091 1610 5129 sacrae
1640 5074 1794 5129 dicta
1828 5089 2036 5146 pensa-

337 5184 487 5234 mus,
519 5182 714 5221 arcum
740 5165 1130 5233 intendimus;
1154 5180 1284 5219 cum
1306 5165 1479 5220 verba
1504 5163 1778 5218 doctrina:
1807 5163 2032 5232 damus,

337 5256 571 5327 sagittas
600 5253 936 5309 emittimus.

408 5345 572 5401 Vens.
628 5346 713 5399 l6.
747 5373 817 5386 -
846 5344 1213 5413 Superposuit.
1264 5342 1394 5413 (1ο.)
1438 5341 1724 5412 Exemplis
1753 5340 1870 5395 suis
1920 5341 2035 5395 Do-

335 5434 529 5490 minus
559 5431 811 5488 actiones
840 5432 1140 5487 doctorum
1165 5430 1366 5501 dirigit
1396 5434 1452 5484 et
1479 5430 1782 5485 confortat.

407 5524 569 5577 Vens.
604 5524 689 5577 17.
720 5551 787 5561 -
820 5521 993 5590 Aperi
1034 5522 1347 5586 fenestram.
1382 5518 1515 5589 (10.)
1563 5518 1803 5573 Lumine
1851 5518 2032 5574 scien-

2160 470 2466 525 verborum
2501 471 2748 527 mittere.

2231 558 2469 627 Sagitta.
2523 560 2642 631 (10.)
2692 562 3024 617 Prmdicatio
3071 568 3264 619 sancta
3312 566 3628 621 certissima
3655 574 3736 623 est
3759 570 3836 625 in-

2162 646 2417 701 terfectio
2470 648 2857 719 spiritualium
2912 651 3167 706 hostium
3198 653 3246 707 si
3276 661 3705 725 perseveranter
3741 659 3845 729 agi-

2164 736 2278 800 tur,
2317 735 2472 789 unde
2504 752 2620 790 non
2663 738 2835 794 debet
2863 739 3059 794 doctor
3087 746 3329 812 propter
3357 743 3653 799 avaritiam
3681 746 3845 817 negli-

2162 839 2297 893 gere
2345 826 2670 880 animarum
2718 843 2934 895 curam,
2970 829 3067 883 sed
3116 830 3298 901 magis
3345 847 3448 902 per
3492 832 3755 903 pietatem
3783 835 3844 890 ad

2162 918 2431 967 aeternam
2454 915 2813 984 praetendere
2836 917 3115 989 requiem,
3150 920 3300 989 quod
3328 920 3610 992 signiﬁcat
3636 923 3837 994 Aphec:

2163 1001 2573 1069 interpretatur
2590 1004 2744 1058 enim
2774 1021 2786 1059 :
2812 1006 3126 1061 continebit
3151 1008 3234 1061 vel
3270 1010 3680 1079 apprehendet,
3703 1013 3838 1065 unde

2161 1088 2464 1157 Apostolus
2519 1095 2867 1148 enumeratis
2918 1094 3069 1149 vitiis
3119 1096 3457 1153 subintulit:
3525 1102 3608 1153 Tu
3659 1105 3837 1167 autem,

2163 1176 2315 1229 homo
2344 1180 2459 1243 Dei,
2492 1180 2600 1234 haec
2624 1183 2771 1249 fuge,
2806 1188 3008 1237 sectare
3036 1199 3158 1237 vero
3180 1185 3463 1252 justitiam
3492 1191 3546 1241 et
3576 1190 3840 1257 pietatem,

2161 1271 2211 1318 et
2237 1268 2578 1335 apprehende
2604 1273 2773 1325 vitam
2796 1278 3049 1327 ater-nam
3072 1272 3127 1343 (Ι
3156 1273 3296 1330 Tim.
3323 1274 3417 1342 γι).

2233 1354 2395 1410 Vens.
2436 1358 2519 1411 18.
2553 1388 2622 1397 -
2656 1360 2815 1414 Tolle.
2863 1362 2968 1427 Qui
3005 1377 3144 1416 cum.
3182 1360 3311 1434 (10.)
3351 1364 3688 1419 Doctoribus
3711 1380 3843 1435 prai-

2163 1439 2375 1511 cipitur
2408 1444 2601 1513 jaculo
2647 1448 3068 1517 praedicationis
3112 1454 3350 1521 terram,
3398 1457 3486 1507 etc
3520 1495 3533 1520 ,
3582 1469 3747 1523 usque
3773 1452 3839 1507 ad

2162 1529 2323 1584 Fides
2352 1533 2469 1585 sine
2493 1534 2742 1602 operibus
2771 1542 2985 1591 mortua
3015 1542 3112 1593 est.

2238 1619 2413 1689 (ΗΑΒ.)
2471 1621 2826 1678 Resurrectio
2889 1627 3201 1697 cadaveris,
3248 1634 3379 1695 etc.,
3452 1645 3622 1699 usque
3681 1629 3751 1683 ad
3801 1633 3850 1683 et

2165 1707 2358 1776 potius
2387 1709 2466 1763 ibi
2498 1726 2671 1781 quam
2705 1713 2797 1767 hic
2827 1713 3039 1769 habere
3071 1716 3302 1771 locum..

2814 1839 3036 1894 CAPUT
3084 1841 3218 1895 XIV.

2236 1941 2395 1995 Vens.
2445 1945 2493 1995 t.
2545 1970 2615 1982 —
2654 1945 2719 1997 In
2764 1960 2905 1998 anno
2953 1948 3201 2003 secundo.
3252 1952 3324 2004 Et
3367 1950 3518 2016 fecit.
3566 1950 3748 2019 (Rara,
3796 1952 3850 2003 in

2163 2028 2259 2083 lib.
2286 2031 2438 2097 Reg.,
2475 2036 2612 2085 tom.
2646 2032 2766 2102 IlI.)
2788 2035 3043 2088 Amasias
3062 2035 3195 2091 fecit
3225 2037 3442 2092 bonum
3463 2037 3523 2091 in
3554 2043 3848 2108 conspectu

2162 2117 2414 2185 Domini,
2447 2119 2545 2173 sed
2577 2136 2695 2174 non
2735 2122 2900 2175 corde
2930 2123 3180 2193 perfecto
3208 2142 3220 2178 :
3266 2126 3420 2179 bona
3450 2127 3665 2198 quippe
3687 2141 3849 2198 opera

2162 2221 2292 2275 quae
2343 2208 2567 2276 placent
2599 2209 2714 2263 Deo
2744 2209 2894 2278 fecit,
2928 2212 3024 2265 sed
3068 2229 3185 2266 non
3215 2215 3384 2268 corde
3423 2216 3695 2285 perfecto,
3723 2214 3848 2285 quia

2160 2293 2264 2347 sub
2314 2295 2580 2350 simulata
2631 2298 2786 2367 speci
2851 2315 3046 2355 coram
3114 2302 3443 2357 hominibus
3498 2304 3845 2364 ostendebat.

2161 2387 2218 2436 et
2247 2382 2327 2436 sic
2350 2400 2542 2439 coram
2574 2386 2686 2439 Deo
2716 2391 2945 2458 accepta
2971 2406 3089 2444 non
3120 2396 3301 2445 erant.

2232 2472 2391 2526 Vens.
2430 2477 2484 2527 7.
2533 2504 2602 2513 ——
2646 2477 2717 2528 In
2755 2477 2911 2532 valle.
2962 2479 3089 2548 (Ιο.)
3142 2480 3314 2535 Vallis
3363 2480 3689 2537 Salinarum
3735 2485 3850 2536 erat

2161 2560 2257 2614 ubi
2287 2563 2367 2615 sal
2395 2561 2692 2619 faciebant.
2724 2565 2821 2618 Vel
2845 2580 3005 2621 coeno
3023 2569 3332 2639 salsuginis
3355 2570 3544 2625 deciso
3576 2576 3634 2626 et
3654 2571 3847 2625 siccato

2158 2654 2215 2702 et
2244 2649 2515 2719 incenso;
2556 2653 2644 2707 vel
2675 2654 2839 2725 aquis
2887 2661 3195 2725 puteorum
3244 2658 3405 2713 salsis
3434 2659 3767 2726 fervefactis,
3797 2663 3849 2713 et

2160 2754 2339 2810 usque
2388 2740 2460 2794 ad
2500 2741 2633 2795 salis
2673 2742 3003 2799 firmitatem
3051 2746 3349 2816 coquendo
3397 2748 3721 2817 perductis;
3767 2748 3850 2802 vel

2156 2827 2268 2881 alio
2290 2828 2545 2899 quolibet
2573 2830 2774 2884 ordine
2803 2848 2918 2902 quo
2952 2833 3029 2888 sal
3061 2833 3186 2888 ﬁeri
3214 2836 3530 2891 consuevit.

2230 2919 2457 2972 Petram.
2515 2920 2637 2989 (11).)
2690 2921 2852 2974 Petra
2902 2923 3095 2976 civitas
3136 2927 3219 2977 est
3263 2924 3491 2978 Arabiae
3538 2926 3749 2980 nobilis
3794 2925 3852 2979 in

2157 3008 2309 3058 terra
2338 3006 2533 3073 Edom,
2567 3022 2695 3077 qua:
2725 3007 2785 3061 in
2808 3008 2952 3062 libro
2986 3011 3368 3065 Numerorum
3399 3012 3605 3067 Recem
3627 3013 3849 3078 dicitur,

2156 3098 2212 3147 et
2242 3110 2275 3148 a
2306 3094 2460 3164 Syris
2485 3095 2565 3149 sic
2592 3097 2935 3166 appellatur.
2966 3098 3075 3153 Sed
3101 3100 3382 3170 Josephus
3411 3117 3531 3155 non
3562 3102 3850 3156 civitatem

2156 3182 2309 3252 dicit,
2341 3184 2438 3238 sed
2465 3200 2732 3253 magnam
2763 3191 2987 3255 petram
3019 3186 3079 3241 in
3108 3188 3318 3242 Arabia
3339 3190 3729 3245 constitutam.

2223 3274 2469 3327 Jectehel.
2520 3274 2701 3345 (ΗΑΒ.)
2733 3274 2894 3339 Quod
2943 3276 3195 3331 Amasias
3225 3277 3402 3331 victor
3430 3294 3643 3333 nomen
3670 3279 3850 3349 impo-

2156 3360 2287 3426 suit,
2324 3360 2733 3431 interpretatur
2763 3368 2942 3418 coetus
2973 3366 3070 3419 Dei
3101 3366 3187 3419 vel
3218 3366 3497 3421 auxilium
3528 3368 3653 3434 Dei,
3686 3383 3852 3438 agen-

2154 3453 2210 3504 te
2243 3465 2309 3504 eo
2346 3449 2593 3505 ﬁdeliter
2616 3457 2683 3506 ut
2712 3454 3011 3522 praesentis
3036 3453 3329 3508 videretur
3357 3456 3676 3525 memorias,
3702 3456 3850 3527 quod

2155 3538 2302 3593 hanc
2333 3538 2419 3593 vel
2449 3544 2626 3594 ccetus
2656 3541 2854 3611 populi
2888 3542 2984 3595 Dei
3013 3544 3101 3597 vel
3132 3544 3248 3597 Deo
3278 3544 3584 3614 adjuvante
3617 3547 3846 3616 ceperit.

2227 3628 2387 3681 Vens.
2440 3630 2526 3682 25.
2558 3658 2627 3667 —-
2655 3630 2776 3698 Ipse
2809 3634 3046 3685 restituit
3090 3634 3344 3686 terminos
3393 3635 3583 3701 Israel,
3635 3639 3741 3689 etc.
3777 3635 3849 3688 De

2152 3715 2456 3770 Jeroboam
2496 3716 2633 3771 dicit
2666 3733 2679 3771 :
2710 3719 2837 3788 Ipse
2874 3722 3117 3774 restituit
3149 3724 3401 3776 terminos
3429 3724 3623 3790 Israel,
3669 3724 3738 3778 ab
3768 3726 3849 3777 in-

2156 3807 2322 3859 troitu
2350 3807 2548 3860 Emath
2594 3821 2763 3875 usque
2790 3807 2865 3861 ad
2892 3824 3041 3863 mare
3067 3809 3399 3864 solitudinis.
3454 3811 3682 3878 Emath,
3730 3827 3852 3883 qua:

2152 3908 2306 3947 nunc
2346 3892 2668 3963 Epiphania
2714 3894 2938 3963 dicitur,
2980 3896 3442 3966 septentrionalis
3490 3905 3618 3954 erat
3657 3900 3849 3955 termi-

2154 3997 2261 4035 nus
2292 3981 2484 4036 Israel.
2536 3982 2685 4036 Mare
2715 3988 2908 4037 autem
2956 3984 3305 4052 solitudinis,
3356 4002 3512 4040 mare
3563 3988 3849 4042 Mortuum

2154 4072 2258 4135 est,
2291 4068 2443 4139 quod
2490 4068 2553 4123 in
2580 4069 2885 4125 latitudine
2931 4087 3037 4142 per
3065 4073 3246 4127 stadia
3291 4074 3613 4145 quingenta
3655 4078 3849 4129 octua-

2154 4157 2313 4227 ginta
2343 4173 2522 4228 usque
2570 4158 2637 4212 ad
2667 4160 2867 4213 Zoaros
2909 4160 3158 4229 Arabiae,
3203 4161 3262 4215 in
3304 4162 3675 4233 longitudine
3722 4178 3852 4217 cen-

2146 4250 2271 4299 tum
2302 4245 2739 4317 quinquaginta,
2772 4264 2954 4319 usque
2983 4249 3052 4303 ad
3083 4250 3289 4304 vicinia
3308 4250 3698 4306 Sodomorum
3720 4268 3850 4325 pro-

2150 4334 2424 4405 greditur.
2468 4335 2651 4405 Igitur
2696 4336 2996 4392 Jeroboam
3040 4344 3471 4394 castrametatus
3502 4347 3709 4396 contra
3752 4341 3847 4411 Sy-

2154 4439 2264 4486 ros,
2297 4439 2528 4478 omnem
2567 4440 2770 4479 eorum
2805 4426 3161 4496 provinciam
3202 4428 3373 4498 (sicut
3400 4428 3574 4483 Jonas
3604 4429 3849 4502 prophe-

2149 4513 2387 4581 taverat)
2415 4512 2741 4568 devastavit.

2220 4602 2352 4667 Quae
2396 4606 2475 4656 est
2523 4604 2603 4668 in,
2648 4608 2752 4657 etc.
2802 4604 3031 4674 Hepher
3076 4604 3249 4660 turris
3280 4609 3402 4659 erat
3437 4622 3556 4660 non
3608 4608 3783 4679 longe
3820 4622 3853 4661 a

2146 4691 2385 4761 templo,
2431 4691 2685 4745 enormis
2733 4693 3144 4764 magnitudinis
3173 4700 3230 4750 et
3277 4694 3646 4752 altitudinis:
3701 4698 3849 4753 unde

2148 4780 2375 4850 Hepher
2414 4779 2644 4849 dicitur,
2688 4780 2748 4835 id
2777 4787 2861 4836 est
2909 4782 3294 4851 tenebrarum,
3337 4784 3451 4839 sive
3491 4785 3687 4841 nubea
3722 4805 3735 4842 :
3785 4802 3850 4841 eo

2146 4868 2303 4940 quod
2333 4884 2516 4940 usque
2545 4869 2618 4923 ad
2653 4871 2835 4926 nubes
2863 4878 3036 4942 caput
3078 4873 3279 4945 erigat,
3330 4889 3460 4945 qua
3490 4873 3550 4928 in
3581 4875 3852 4932 Zacharia

2144 4957 2319 5012 turris
2350 4958 2625 5013 nebulosa
2651 4964 2899 5015 vocatur.

2807 5066 3031 5122 CAPUT
3067 5068 3177 5122 XV.

2215 5170 2380 5223 Vens.
2415 5173 2463 5225 1.
2497 5199 2564 5213 -
2592 5171 2752 5226 Anno
2792 5174 3044 5228 vicesimo
3088 5172 3347 5227 Azarias.
3408 5174 3596 5243 (Ras,
3641 5177 3705 5230 in
3753 5174 3846 5231 lib.

2143 5257 2296 5323 Reg.,
2329 5262 2467 5314 tom.
2498 5259 2618 5329 IIl.)
2663 5260 2788 5330 Ipse
2828 5265 2912 5315 est
2938 5260 3120 5330 Ozias,
3169 5266 3301 5331 etc.,
3344 5277 3513 5332 usque
3557 5263 3638 5317 ad
3677 5280 3846 5335 supe-

2142 5344 2262 5399 rius
2290 5351 2454 5415 porta
2483 5346 2752 5418 Ephraim
2784 5347 3012 5404 dicitur.

2214 5434 2384 5489 Vens.
2418 5437 2506 5490 35.
2537 5465 2607 5475 —-
2639 5438 2764 5506 Ipse
2806 5437 3117 5508 zdiﬁcauit.
3170 5439 3354 5509 (ΒΑΕ.)
3400 5439 3669 5495 Joatham
3707 5439 3846 5496 aedi-

2142 5518 2329 5581 ﬁcavit
2377 5525 2604 5591 portam
2663 5524 2868 5580 domus
2930 5526 3160 5581 Domini
3209 5527 3510 5594 excelsam,
3572 5542 3711 5599 quae
3784 5528 3843 5580 in
