3998 6178
199 284 298 338 621

1304 296 1560 354 GLOSSA
1600 300 2004 361 0RDINARIA.
2045 337 2113 348 ——
2154 309 2281 364 LIB.
2325 311 2392 366 IV
2432 311 2589 367 REG.

3604 329 3708 381 622

195 405 437 514 fetibus
466 409 860 514 apostolorum
897 411 1166 482 Speciosa
1198 415 1427 487 dicitur,
1458 424 1514 474 et
1541 421 1613 475 ab
1643 423 1894 479 Hebraeis
1923 431 1967 484 A
2008 427 2245 500 ejusque
2286 431 2463 485 cultui
2489 433 2659 503 digne
2686 434 3153 505 manciparentur
3179 457 3191 493 :
3227 441 3365 510 quin
3391 441 3577 514 ipsam
3617 447 3706 501 lit-

192 495 369 548 Porta
388 496 652 551 Joatham
687 504 937 554 vocatur.

847 616 1072 671 CAPUT
1109 619 1242 674 XVI.

262 728 425 781 Vens.
470 730 519 781 3.
554 758 622 770 —
673 730 1032 786 Consecravit.
1089 735 1272 802 (ΗΑΒ.)
1331 737 1559 792 Beenon
1607 742 1732 797 fillii
1781 745 1889 799 En-

187 832 329 869 non.
367 816 628 886 Thophet
650 819 763 871 sive
784 820 1043 890 Thaphet
1065 829 1149 876 est
1176 825 1236 876 in
1262 825 1405 878 valle
1436 828 1703 885 Beennon
1734 833 1892 903 juxta

185 906 629 972 Acheldemach,
662 908 818 961 locus
844 911 980 963 olim
1029 912 1470 978 amoenissimus,
1503 918 1598 971 ubi
1632 922 1892 978 solebant

184 994 508 1048 sacriﬁcare
543 995 927 1052 daemonibus.
989 1001 1259 1056 Hebraice
1304 1005 1637 1074 Geheunon,
1690 1010 1747 1064 id
1807 1019 1891 1066 est

185 1083 350 1135 vallis
411 1084 644 1152 Ennon;
707 1088 856 1141 unde
881 1088 939 1141 in
976 1091 1278 1160 Evangelio
1333 1095 1597 1164 gehenna
1656 1100 1886 1170 dicitur,

183 1171 323 1240 quia
352 1172 499 1226 sicut
548 1175 841 1244 perierunt
881 1177 961 1230 ibi
1014 1179 1113 1248 qui
1157 1181 1311 1234 idola
1360 1185 1622 1239 colebant
1665 1187 1725 1241 in
1756 1205 1887 1243 cor-

2005 521 2185 570 teram
2216 519 2358 588 legis
2392 520 2666 587 Mosaicae,
2701 539 2776 593 qu
2791 539 2881 577 am
2923 525 3018 579 ille
3058 529 3303 597 populus
3335 529 3534 599 legalis
3566 533 3704 585 assi-

2005 605 2116 660 dua
2146 607 2391 663 lectione
2447 611 2750 664 resonabat
2779 627 2842 665 ac
2875 629 2977 683 pro
3008 630 3219 684 magno
3254 616 3520 684 habebat,
3563 635 3700 673 con-

2004 695 2182 763 trivit,
2214 713 2277 750 ac
2344 714 2575 753 sensum
2638 701 2993 770 spiritualem
3053 702 3112 756 in
3157 719 3221 758 ea
3251 705 3574 777 intelligere
3606 725 3704 763 eos

2003 783 2215 838 docuit.

2073 890 2231 944 Vens.
2265 893 2314 945 4.
2350 923 2414 931 -
2450 894 2862 963 Confregitque.
2895 896 3158 950 Ezechias
3190 903 3518 968 serpentem
3562 917 3698 956 con-

1997 976 2184 1047 fregit,
2224 979 2359 1049 quia
2406 981 2468 1034 in
2515 983 2760 1036 Domino
2805 985 2918 1056 Deo
2969 986 3232 1054 speravit,
3269 1004 3387 1042 non
3444 989 3504 1042 in
3534 1005 3696 1046 asneo

1999 1072 2282 1135 serpente.

2079 1173 2353 1227 Nohestan
2397 1178 2628 1241 vocavit,
2671 1180 2776 1230 etc.
2830 1178 2993 1241 Quod
3037 1179 3450 1252 interpretatur
3493 1201 3569 1237 aes
3600 1201 3692 1239 eo-

183 1277 325 1329 ροτθ
379 1267 434 1315 et
492 1263 551 1316 in
604 1265 814 1330 anima,
869 1266 952 1320 ita
987 1274 1309 1338 peccatores
1339 1273 1438 1342 qui
1470 1275 1537 1328 ad
1595 1275 1887 1333 infernum
1996 1275 2149 1328 rum,
2175 1267 2237 1314 ut
2263 1279 2437 1332 quem
2458 1262 2541 1316 illi
2567 1281 2669 1333 pro
2702 1268 2940 1320 numine
2972 1269 3254 1336 colebant,
3284 1272 3344 1324 in
3374 1271 3537 1326 dictis
3569 1274 3692 1343 ejus

184 1352 487 1404 transeunt
515 1357 726 1406 aeterna
757 1355 1122 1411 damnatione
1151 1360 1482 1428 punientur.

256 1440 417 1494 Vens.
455 1444 538 1495 l8.
568 1471 636 1482 —
665 1445 889 1498 Musach
942 1461 1166 1515 quoque.
1221 1450 1406 1519 (ΗΑΒ.)
1441 1453 1534 1506 Est
1580 1455 1886 1511 aedificium

184 1528 440 1598 positum
476 1530 534 1582 in
564 1531 844 1585 vestibulo
900 1536 1120 1605 templi,
1165 1537 1264 1590 ubi
1295 1555 1460 1608 reges
1491 1545 1719 1612 quando
1753 1547 1883 1600 sab-

2002 1350 2298 1404 metallum
2327 1367 2458 1404 eum
2491 1367 2628 1414 esse,
2659 1369 2776 1407 non
2822 1356 3024 1425 Deum,
3047 1365 3441 1427 agnoscerent.

2071 1456 2233 1510 Vens.
2286 1461 2370 1510 l7.
2404 1487 2472 1497 —-
2520 1459 2817 1513 Rabsacen.
2863 1461 3038 1530 (ΗΑΒ.)
3090 1462 3233 1526 Quia
3285 1464 3552 1518 Hebraice
3611 1466 3690 1519 lo-

1995 1545 2237 1612 quitur:
2293 1547 2472 1600 iilium
2531 1548 2689 1602 Isaize
2721 1555 2923 1619 putant
2979 1551 3077 1621 qui
3112 1553 3369 1622 proditor
3425 1554 3535 1608 fuit
3560 1571 3691 1609 cum

185 1618 316 1670 bato
363 1620 431 1672 ad
461 1623 738 1690 templum
766 1623 942 1689 ibant,
978 1626 1399 1694 eleemosynam
1450 1632 1784 1698 mittebant;
1829 1641 1884 1688 et
1993 1632 2221 1699 Sobna;
2278 1637 2362 1688 vel
2395 1618 2735 1706 Samariten,
2767 1643 2822 1691 et
2867 1618 3014 1692 ideo
3049 1618 3380 1695 Hebraicam
3432 1643 3688 1713 linguam

183 1706 260 1760 ita
320 1709 549 1762 Musach
583 1710 802 1765 sabbati
835 1714 1308 1784 gazophylacium
1343 1722 1426 1770 est
1457 1735 1678 1789 regum,
1737 1722 1878 1776 sicut
1915 1720 1956 1773 B
1995 1722 2238 1777 scivisse.
2273 1724 2381 1787 Qui
2432 1725 2594 1794 quasi
2626 1726 2885 1796 quaedam
2934 1729 3219 1781 contraria
3259 1706 3689 1785 fortituddimi-

178 1795 436 1849 corbana
489 1800 869 1854 sacerdotum.
929 1804 1153 1857 Musach
1210 1821 1437 1874 quoque,
1525 1813 1628 1861 etc.
1700 1811 1878 1881 (ΗΑΒ.)

179 1884 301 1936 Non
357 1885 489 1939 ideo
523 1889 806 1942 convertit
857 1889 916 1942 in
948 1893 1228 1960 templum
1260 1894 1507 1962 Domini,
1540 1898 1694 1966 quod
1721 1899 1780 1952 in
1812 1916 1878 1953 eo

177 1973 359 2026 cultui
391 1975 493 2027 Dei
522 1976 779 2042 serviret,
813 1978 910 2031 sed
932 1984 994 2031 ut
1023 1996 1154 2032 cum
1205 1983 1419 2048 templo
1449 1985 1878 2055 profanaretur,

175 2062 410 2115 studens
463 2064 687 2134 placere
745 2067 866 2135 regi
921 2068 1279 2138 Assyriorum
1315 2071 1495 2140 magis
1529 2089 1700 2142 quam
1736 2075 1872 2142 Deo,

173 2156 234 2204 ut
265 2168 398 2204 cum
449 2152 583 2206 illuc
622 2154 843 2209 veniret
893 2157 1033 2209 illud
1088 2158 1283 2212 videns
1337 2162 1764 2231 concupisceret
1821 2171 1878 2219 et

175 2240 426 2294 auferret
458 2242 603 2296 sicut
635 2243 747 2298 alia
780 2245 958 2298 multa
1008 2247 1191 2300 Achaz
1243 2247 1351 2301 sibi
1402 2248 1712 2305 tribuente.
1759 2268 1874 2322 quo

171 2327 460 2384 inveniret
490 2332 736 2402 gratiam
766 2333 938 2387 illius.

817 2463 1039 2517 CAPUT
1067 2465 1228 2520 XVII.

243 2575 410 2627 Vsus.
441 2576 528 2628 27.
560 2606 632 2614 -
660 2576 1017 2631 Αάάυωίεεὶε.
1053 2578 1234 2648 (ΗΑΒ.)
1261 2581 1374 2633 Rex
1402 2581 1684 2650 Assyrius,
1711 2582 1767 2635 id
1794 2586 1878 2637 est

173 2661 440 2716 diabolus
470 2679 598 2718 cum
648 2681 749 2718 suo
809 2667 1060 2720 exercitu
1105 2670 1382 2737 populum
1429 2670 1874 2726 ecclesiasticum

173 2751 496 2805 obsidendo
529 2757 584 2806 et
638 2753 980 2808 devastando
1015 2757 1274 2826 quotidie
1328 2758 1518 2825 afficit,
1590 2775 1721 2812 cum
1778 2777 1872 2814 eos

172 2847 411 2911 propter
437 2848 662 2912 peccata
693 2843 992 2897 commissa
1025 2846 1092 2898 de
1141 2845 1371 2899 sedibus
1428 2846 1677 2916 propriis
1723 2849 1871 2901 evel-

169 2928 288 2982 lens
325 2930 513 2984 defert
542 2930 601 2984 in
631 2937 843 2984 terram
875 2931 1141 2985 alienam.
1181 2935 1337 2987 Unde
1369 2951 1381 2988 :
1433 2935 1606 3004 Super
1644 2937 1871 3002 ﬂumina

1993 1810 2222 1864 tabatur
2247 1813 2558 1883 prophetas
2591 1829 2690 1867 sua
2725 1816 3073 1884 arrogantia.
3109 1819 3409 1886 PrOphetaa
3445 1819 3640 1872 dicunt
3672 1837 3684 1873 :

1993 1900 2121 1952 Haec
2152 1901 2291 1954 dicit
2327 1903 2620 1955 Dominus.
2666 1903 2775 1956 Iste
2833 1904 3010 1957 dixit:
3073 1907 3196 1959 1136
3237 1907 3375 1961 dicit
3421 1922 3520 1962 rea:
3575 1924 3689 1962 ma-

1988 2002 2146 2054 gnus,
2180 2005 2277 2042 rea:
2305 1991 2680 2058 Assyriorum.

2064 2093 2219 2146 Vens.
2258 2097 2338 2147 l8.
2373 2123 2440 2133 —
2487 2094 2749 2148 Eliacim.
2803 2096 2983 2165 (ΗΑΒ.)
3019 2098 3094 2150 De
3139 2098 3246 2151 hoc
3277 2098 3510 2152 Eliacim
3545 2099 3688 2154 dixit

1990 2180 2160 2236 Isaias
2196 2198 2207 2234 :
2268 2183 2475 2236 Vocabo
2508 2199 2719 2236 servum
2773 2200 2945 2238 meum
2980 2187 3216 2240 Eliacim
3262 2188 3389 2256 (Isa.
3425 2191 3554 2253 xxu)
3585 2190 3685 2259 qui

1990 2272 2097 2325 fuit
2128 2271 2379 2341 pontifex
2434 2276 2565 2340 post
2593 2272 2879 2326 Sobnam:
2929 2289 3098 2342 quem
3152 2277 3390 2329 tradunt
3437 2277 3678 2346 Hebraei,

1988 2359 2254 2413 Rabsacis
2320 2360 2868 2413 comminationibus
2924 2363 3316 2431 perterritum,
3367 2365 3681 2434 prodidisse

1985 2449 2319 2514 Jerusalem,
2379 2452 2434 2502 et
2499 2454 2735 2518 excepta
2778 2466 2906 2503 arce
2958 2450 3101 2504 sicut
3151 2457 3206 2505 et
3248 2454 3486 2522 templo,
3519 2457 3682 2524 Assy-

1983 2537 2100 2590 rios
2128 2541 2305 2590 totam
2340 2537 2538 2590 urbem
2571 2537 2810 2607 cepisse;
2849 2554 3018 2607 quem
3052 2539 3224 2592 etiam
3273 2539 3520 2593 Sobnam
3550 2556 3678 2594 cum

1987 2625 2217 2680 Eliacim
2252 2626 2317 2679 ad
2353 2626 2640 2680 Rabsacen
2670 2626 2846 2680 exisse
2879 2628 3114 2696 quidam
3144 2632 3462 2680 autumant.

2055 2725 2215 2777 Vsus.
2253 2725 2338 2777 2t.
2374 2754 2441 2762 —
2468 2724 2557 2777 An
2605 2738 2810 2792 speras.
2843 2724 3006 2777 Nulla
3039 2730 3231 2778 narrat
3261 2724 3497 2779 historia
3527 2728 3676 2797 quod

1986 2812 2248 2867 Ezechias
2281 2811 2595 2866 Pharaonis
2622 2811 2895 2866 auxilium
2927 2814 3318 2882 postulaverit.

2056 2920 2218 2973 Vens.
2251 2921 2338 2971 22.
2385 2948 2452 2954 -
2509 2919 2573 2971 In
2604 2917 2847 2971 Domino.
2902 2917 3089 2988 (ΗΑΒ.)
3125 2918 3328 2971 Verum
3379 2922 3464 2972 est
3519 2920 3672 2989 quod

168 3020 460 3087 Babylonis
508 3021 622 3074 imo
674 3021 926 3081 sedimus‘
988 3027 1037 3074 ει
1085 3024 1327 3090 πρυίτηαε
1381 2999 1525 3078 dum’
1549 2999 1868 3078 νεεὸνάανθ,
1900 2999 1940 3055 C
1977 3007 2039 3060 in
2072 3009 2186 3061 Deo
2215 3006 2539 3060 habuerunt
2569 3005 2860 3071 fiduciam,
2893 3005 2991 3059 sed
3020 3006 3223 3060 falsum
3258 3013 3342 3060 est
3379 3008 3672 3063 Ezechiam

165 3122 286 3161 mur
321 3108 474 3162 Sion.

232 3196 406 3249 Vsus.
441 3199 526 3249 29.
568 3227 635 3236 -
680 3198 760 3251 Et
797 3213 1152 3267 unaquaeque.
1207 3200 1330 3270 (10.)
1377 3201 1438 3254 In
1488 3200 1632 3254 libro
1690 3203 1864 3255 Loco-

163 3300 290 3338 rum
323 3284 556 3354 legitur,
593 3286 743 3354 quod
775 3287 992 3340 Benoth
1030 3291 1087 3341 et
1117 3288 1320 3358 Nergel
1350 3288 1585 3342 fuerunt
1611 3289 1866 3344 civitates

160 3389 303 3443 quas
361 3379 802 3428 construxerunt
872 3375 934 3429 in
1013 3376 1208 3430 Judaza
1265 3377 1365 3447 qui
1431 3378 1501 3431 de
1559 3378 1866 3448 Babylonia

162 3460 535 3515 transierant.
584 3462 778 3516 Asima
834 3479 1063 3534 quoque
1119 3464 1398 3534 oppidum
1439 3467 1866 3524 azdificaverunt

161 3550 260 3620 qui
303 3550 376 3604 ad
439 3567 565 3605 eam
593 3557 866 3606 venerant
920 3553 989 3607 de
1021 3553 1246 3607 Emath.
1282 3554 1552 3607 Nebahan
1585 3560 1641 3608 et
1682 3557 1861 3611 Thar-

160 3639 288 3692 thac
326 3638 580 3694 civitates
611 3645 742 3694 sunt
798 3657 939 3711 quas
992 3641 1180 3695 Hevaai
1227 3641 1285 3695 in
1343 3642 1536 3696 Judaea
1592 3645 1862 3700 condide-

160 3735 322 3782 runt.

225 3817 368 3887 (10.)
427 3816 664 3872 Videtur
726 3819 889 3889 juxta
941 3820 1408 3890 consequentiam
1469 3821 1748 3874 sermonis
1805 3825 1863 3876 et

155 3907 473 3971 idolorum,
548 3907 754 3977 quibus
800 3908 886 3960 hae
916 3913 1113 3977 gentes
1162 3908 1322 3977 prius
1379 3909 1706 3974 servierant,
1768 3911 1860 3965 hic

153 4012 328 4065 posse
358 3995 636 4048 vocabula
661 3995 924 4066 intelligi,
974 3997 1110 4066 quia
1153 4013 1282 4050 cum
1312 3997 1529 4050 dictum
1561 4003 1707 4051 esset
1744 4015 1756 4052 :
1789 4002 1860 4053 Et

151 4099 500 4153 unaquaeque
544 4099 671 4153 gens
716 4085 993 4151 fabricata
1022 4090 1099 4140 est
1151 4088 1320 4140 Deum
1363 4101 1541 4154 suum,
1594 4087 1758 4156 quasi
1789 4088 1858 4142 ad

151 4173 550 4244 expletionem
606 4174 900 4227 sententiae
949 4174 1317 4243 subjunctum
1359 4178 1482 4228 est:
1549 4177 1670 4229 Viri
1716 4179 1856 4230 enim

149 4264 478 4332 Babylon-isi
513 4264 754 4328 fecerunt
800 4263 1026 4318 Sochoth
1072 4263 1273 4317 Benoth
1309 4283 1323 4329 ;
1375 4263 1432 4316 id
1477 4267 1563 4316 est
1591 4264 1856 4319 taberna-

1978 3095 2276 3149 abstulisse
2329 3095 2548 3148 excelsa
2618 3094 2718 3148 Dei
2776 3097 2832 3147 et
2885 3093 3086 3148 altaria
3139 3111 3151 3148 :
3202 3095 3311 3149 hoc
3352 3095 3506 3149 enim
3556 3113 3671 3150 non

1978 3188 2175 3238 contra
2221 3185 2422 3248 Deum,
2455 3183 2553 3236 sed
2585 3198 2690 3252 pro
2725 3183 2838 3236 Deo
2861 3182 3013 3247 fecit,
3051 3187 3112 3236 ut
3148 3182 3432 3237 destructo
3480 3201 3670 3239 errore

1975 3272 2152 3328 veteri
2176 3273 2405 3343 juberet
2436 3273 2616 3325 Deum
2637 3270 2698 3325 in
2729 3271 2942 3341 templo
2971 3273 3284 3326 Jerusalem
3321 3272 3561 3327 adorari.

2046 3379 2207 3432 Vens.
2258 3380 2344 3430 23.
2389 3406 2459 3417 --
2508 3376 2660 3431 Dabo
2714 3377 2863 3431 vobis
2913 3376 3037 3447 (ιο.)
3073 3378 3372 3444 Rabsaces,
3416 3384 3479 3433 ut
3533 3397 3672 3450 pau-

1955 3468 2205 3522 -citatem
2266 3467 2627 3519 obsessorum
2685 3465 3028 3532 ostenderet,
3089 3467 3201 3520 duo
3261 3466 3442 3521 millia
3486 3485 3670 3539 equo-

1975 3573 2104 3610 rum
2159 3555 2483 3626 pollicetur,
2535 3570 2780 3624 quorum
2837 3570 3164 3608 ascensores
3231 3556 3494 3610 Ezechias
3551 3574 3668 3612 non

1974 3647 2240 3700 haberet:
2267 3660 2382 3697 non
2415 3643 2484 3696 de
2507 3642 2898 3696 imbecillitate
2922 3643 3123 3712 populi
3143 3644 3296 3697 venit
3318 3643 3480 3714 quasi
3512 3644 3667 3714 equi-

1971 3735 2129 3789 tandi
2156 3733 2364 3804 ignari,
2418 3731 2512 3784 sed
2564 3731 2699 3801 quia
2749 3733 2896 3784 Deus
2925 3732 3199 3801 praecepit
3236 3749 3305 3787 ne
3353 3749 3451 3787 rex
3493 3733 3664 3787 Israel

1973 3839 2150 3895 equos
2180 3827 2236 3875 et
2265 3836 2466 3874 uxores
2497 3819 2602 3872 sibi
2633 3819 3061 3888 multiplicaret.

2042 3927 2207 3979 Vens.
2247 3927 2334 3978 25.
2397 3951 2466 3962 --
2518 3924 2774 3976 Dominus
2827 3922 2991 3976 dixit.
3038 3924 3166 3994 (11).)
3198 3925 3279 3979 Ad
3309 3925 3365 3979 id
3395 3926 3548 3995 quod
3577 3927 3660 3980 di-

1967 4014 2070 4081 xit,
2096 4014 2143 4067 si
2170 4010 2446 4077 dixeritis,
2495 4011 2557 4063 In
2590 4011 2705 4063 Deo
2732 4009 3088 4078 conﬁdimus,
3124 4013 3322 4066 callide
3355 4015 3666 4083 respondet

1968 4120 2026 4157 se
2074 4119 2186 4156 non
2243 4117 2345 4154 sua
2390 4099 2701 4163 voluntate,
2772 4098 2869 4152 sed
2930 4099 3030 4152 Dei
3081 4101 3299 4154 venisse
3370 4101 3659 4156 dicentis:

1966 4191 2227 4247 Ascende.
2260 4191 2322 4243 Et
2366 4193 2449 4241 est
2477 4191 2919 4257 argumentum:
2963 4203 3094 4242 cum
3141 4190 3348 4243 multas
3374 4190 3545 4246 urbes
3573 4207 3662 4245 ce-

1969 4280 2177 4352 perim,
2212 4283 2270 4331 et
2323 4292 2455 4348 pars
2493 4276 2805 4330 Jerusalem
2863 4281 3093 4331 maneat
3148 4278 3379 4345 intacta,
3412 4280 3660 4334 manife-

150 4354 278 4406 cula
321 4369 334 4405 :
372 4352 608 4419 Benoth,
644 4352 793 4422 quod
826 4357 908 4405 est
937 4368 1150 4405 nomen
1183 4351 1345 4405 idoli.
1391 4353 1454 4405 In
1487 4353 1859 4422 sequentibus
1887 4345 1932 4400 D
1969 4345 2122 4425 gum,
2154 4345 2239 4421 est
2269 4345 2360 4420 me
2391 4364 2488 4419 Dei
2519 4365 2736 4418 venisse
2766 4366 3079 4420 voluntate.

152 4441 483 4495 ostenditur
540 4440 914 4495 Adramalech
973 4445 1029 4494 et
1083 4441 1430 4494 Anamelech
1475 4441 1625 4494 idola
1684 4442 1858 4498 fuisse

151 4531 318 4584 urbis
348 4529 742 4599 Sepharvaim,
770 4529 849 4582 ita
881 4529 1107 4583 videtur
1135 4545 1490 4599 consequens
1538 4535 1602 4583 ut
1632 4535 1688 4585 et
1719 4533 1856 4585 Ner-

153 4621 244 4689 gel
278 4619 700 4684 Cuthenorum,
745 4618 941 4672 Asima
993 4617 1434 4680 Emathaaorum,
1470 4618 1763 4673 Nebahath
1805 4624 1859 4674 et

151 4706 482 4759 Tharthach
509 4707 661 4760 idola
689 4706 924 4760 fuerunt
963 4707 1320 4760 Hevaeorum.

227 4795 406 4848 Vnus.
440 4797 527 4848 33.
566 4825 627 4834 —
653 4798 722 4850 Et
763 4811 903 4849 cum.
937 4796 1095 4865 (Rau.
1137 4811 1203 4849 ex
1257 4795 1452 4867 Euch.)
1489 4795 1709 4851 Habent
1737 4797 1858 4851 hae-

152 4887 315 4940 retici
359 4885 625 4956 quazdam
685 4891 1042 4940 sacramenta
1093 4887 1427 4940 communia
1487 4903 1618 4941 cum
1669 4893 1859 4942 sancta

152 4976 426 5041 Ecclesia,
449 4990 619 5045 usque
649 4977 722 5030 ad
752 4981 807 5030 et
838 4981 1117 5046 nepotum
1150 4975 1545 5046 intelligimus.

775 5100 1001 5154 CAPUT
1039 5100 1218 5154 XVIII.

219 5221 390 5272 Anno
439 5218 615 5270 tertio.
665 5215 947 5270 Ezechias.
1006 5214 1192 5285 (ΒΑΕ.)
1227 5214 1683 5284 Apprehendens
1745 5215 1858 5268 Do-

151 5308 377 5361 minum
409 5306 497 5359 vel
517 5304 794 5359 fortitudo
831 5303 1082 5358 Domini.
1119 5305 1260 5357 Nam
1293 5305 1646 5373 Redemptor
1668 5307 1860 5357 noster

155 5397 430 5450 Dominus
461 5395 643 5458 fortis,
701 5394 978 5448 Dominus
1007 5399 1212 5464 potens
1261 5393 1320 5446 in
1350 5393 1568 5463 praelio,
1604 5408 1717 5446 non
1764 5408 1858 5445 so—

155 5485 273 5539 lum
331 5485 490 5539 idola
543 5484 806 5554 gentium
842 5483 1128 5551 contrivit,
1179 5486 1234 5536 et
1279 5482 1494 5536 cultum
1528 5480 1858 5535 idololatriae

161 5574 458 5646 dissipavit
507 5579 794 5645 quatenus
852 5572 1025 5627 unius
1082 5571 1185 5626 Dei
1240 5571 1504 5626 notitiam
1560 5569 1857 5636 haberent,

2039 4475 2196 4527 Vens.
2258 4475 2347 4526 26.
2415 4499 2485 4512 -
2545 4472 2850 4527 Precamur.
2905 4471 3039 4540 (11).)
3104 4471 3314 4525 Sensus
3374 4477 3476 4534 est,
3535 4478 3659 4539 etc.,

1966 4579 2134 4631 usque
2179 4561 2253 4615 ad
2303 4576 2431 4631 quae
2485 4563 2651 4612 terra;
2674 4558 2885 4614 Iudaeae
2913 4558 3358 4613 similitudinem
3388 4559 3660 4626 habebat,

1966 4653 2082 4703 tam
2108 4648 2168 4701 in
2197 4647 2309 4700 situ
2341 4660 2514 4716 quam
2547 4644 2604 4697 in
2635 4643 2932 4698 fructibus.

2037 4756 2196 4808 Vsus.
2250 4755 2346 4808 29.
2400 4779 2467 4790 —
2519 4752 2638 4806 Non
2712 4765 2824 4814 vos,
2888 4753 2992 4803 etc.
3063 4749 3330 4803 Rabsacis
3385 4751 3662 4805 accusatio

1969 4841 2219 4898 Ezechiae
2249 4838 2644 4894 testimonium
2695 4843 2796 4905 est,
2843 4837 2994 4908 quod
3041 4838 3220 4907 captis
3270 4838 3532 4892 videlicet
3575 4856 3664 4892 ur-

1965 4932 2132 4987 bibus
2157 4931 2217 4985 in
2249 4928 2488 4983 Domino
2521 4926 2769 4981 conﬁsus
2823 4926 2897 4980 sit
2932 4942 2944 4979 :
3000 4929 3055 4978 et
3109 4925 3448 4980 confortavit
3479 4945 3664 4999 popu-

1965 5021 2088 5075 lum
2142 5024 2202 5074 ut
2258 5018 2317 5071 in
2368 5016 2614 5071 Domino
2677 5018 2948 5085 speraret.
3009 5013 3167 5066 Unde
3228 5015 3507 5070 Rabsaces
3563 5017 3663 5072 de-

1965 5113 2183 5163 struere
2241 5107 2360 5161 vult
2421 5122 2549 5177 quze
2601 5105 2696 5158 ille
2745 5101 3075 5168 construxit,
3138 5107 3192 5156 et
3250 5103 3385 5158 dicit
3444 5106 3514 5159 ad
3557 5123 3660 5176 po-

1965 5199 2166 5268 pulum
2200 5213 2213 5250 :
2268 5197 2387 5251 Non
2433 5194 2656 5248 scducai
2701 5207 2794 5245 vos
2826 5190 3116 5257 Ezechias,
3150 5197 3334 5247 etnon
3380 5194 3529 5247 vobis
3559 5197 3660 5248 tri-

1968 5289 2097 5342 buat
2113 5286 2379 5353 fiduciam
2400 5299 2561 5352 super
2585 5283 2803 5335 Domino
2827 5282 2936 5334 Deo
2968 5286 3159 5334 vestro.

2039 5389 2223 5459 (ΗΑΒ)
2283 5387 2540 5442 Ostendit
2590 5387 2793 5440 harum
2852 5387 3143 5440 civitatum
3218 5387 3332 5442 sive
3405 5389 3659 5459 gentium

1968 5479 2076 5533 diis
2128 5477 2365 5531 servisse
2422 5475 2752 5542 Samarites,
2815 5480 2946 5542 etc.,
3007 5491 3176 5544 usque
3231 5476 3305 5529 ad
3357 5483 3417 5531 ut
3474 5485 3664 5534 noster

1966 5566 2132 5621 vertit
2167 5565 2470 5634 interpres.
