4062 6180
349 299 454 353 623

1001 423 1227 478 CAPUT
1267 424 1400 478 XIX.

418 515 606 584 (llam,
649 512 706 566 in
737 512 812 566 lib
841 512 1004 580 Reg.,
1036 515 1176 565 tom.
1208 510 1328 580 111.)
1379 509 1514 563 Mira
1545 509 1695 579 regis
1751 508 2047 564 humilitas

349 617 404 668 et
433 609 760 684 prudentia,
795 615 902 663 etc.
921 651 934 674 ,
967 623 1136 678 usque
1163 608 1238 661 ad
1259 612 1317 662 et
1341 606 1640 661 inimicum
1682 607 1741 660 in
1763 623 1864 661 sua
1893 611 2046 662 terra

349 717 472 756 esse
503 699 870 754 moriturum.

417 788 578 840 Vens.
662 788 714 838 9.
793 816 865 825 —
928 785 1164 854 Cumque
1215 783 1482 838 audisset.
1571 784 1702 854 (10.)
1798 783 2034 839 Volente

350 874 463 928 Deo
519 874 796 928 Rabsaces
848 873 1099 927 deseruit
1163 872 1522 927 obsidionem
1595 873 1929 936 Jerusalem,
1988 879 2046 928 et

347 961 568 1015 invenit
603 962 910 1015 Dominum
942 978 1110 1014 suum
1141 961 1224 1014 vel
1259 967 1425 1032 capta
1467 962 1554 1015 vel
1594 961 1818 1016 deserta
1849 962 2045 1016 Lachis

346 1054 781 1119 oppugnantem
838 1049 1104 1103 Lobnam.
1159 1049 1544 1104 Sennacherib
1590 1066 1890 1104 occurrens
1921 1051 2044 1120 regi

345 1137 698 1208 Ethiopum,
745 1137 902 1191 misit
957 1137 1028 1191 ad
1092 1138 1392 1193 Ezechiam
1452 1139 1721 1210 epistolas
1779 1145 1844 1193 ut
1900 1155 2044 1210 quos

344 1225 560 1279 viribus
589 1242 707 1280 non
731 1226 902 1296 cepit,
935 1243 1199 1281 sermone
1223 1231 1480 1282 terreret.
1517 1229 1804 1298 Pugnasse
1835 1228 2044 1282 Senna-

343 1313 540 1368 cherib
598 1319 799 1368 contra
852 1316 1147 1386 zEgyptios
1205 1322 1261 1369 et
1338 1316 1631 1371 obsedisse
1699 1316 1989 1370 Pelusium
2025 1358 2039 1383 ,

335 1404 575 1474 jamque
633 1403 930 1457 exstructis
986 1404 1294 1474 aggeribus
1324 1404 1494 1476 [urbe
1523 1404 1800 1477 capienda
1823 1405 2042 1460 venisse

343 1492 655 1546 Taracham
713 1509 910 1564 regem
961 1492 1293 1564 IEthiopum
1378 1493 1440 1547 in
1497 1493 1772 1548 auxilium
1850 1499 2044 1550 narrat

346 1581 684 1635 Herodotus.

416 1670 597 1740 (ΗΑΒ.)
643 1669 806 1724 Prius
837 1669 1102 1724 Ezechias
1154 1669 1378 1724 Domini
1438 1675 1657 1724 terrore
1705 1671 2043 1742 perterritus

343 1757 582 1812 adorare
621 1759 679 1812 in
737 1760 952 1829 templo
984 1775 1101 1813 non
1136 1759 1378 1813 audebat
1404 1760 1494 1813 vel
1552 1759 1760 1814 liberas
1791 1760 1871 1814 ibi
1903 1760 2035 1813 fun-

343 1847 477 1902 dere
510 1864 725 1918 preces,
776 1863 930 1901 nunc
982 1847 1202 1902 dicente
1242 1848 1421 1901 Isaia:
1491 1850 1568 1904 Ne
1600 1851 1789 1902 timeas
1820 1865 1854 1902 a
1894 1851 2038 1916 facie

336 1935 620 1989 verborum
649 1951 768 2004 qua:
797 1936 1008 1989 audisti
1038 1936 1177 2006 (Isa.
1235 1937 1366 2005 xu),
1413 1937 1683 1991 audacter
1724 1937 2036 1992 Dominum

341 2025 696 2094 deprecatur.

413 2113 582 2166 Vens.
617 2115 704 2166 2|.
757 2143 823 2151 --ο
861 2115 1027 2179 Virgo
1057 2113 1206 2183 ﬁlia.
1256 2112 1438 2184 (ΗΑΒ.)
1470 2112 1612 2178 Quia
1644 2114 1861 2168 cunctis
1891 2131 2036 2185 gen-

339 2201 491 2254 tibus
542 2200 694 2254 idola
727 2199 1118 2268 adorantibus,
1171 2202 1291 2255 hmc
1321 2203 1442 2256 sola
1471 2208 1770 2257 conservat
1801 2203 2037 2258 castita—

339 2294 456 2343 tem
498 2289 795 2358 religionis
827 2289 996 2343 unius
1031 2289 1150 2355 Dei,
1185 2294 1240 2343 et
1269 2306 1396 2360 qua:
1419 2307 1489 2344 ne
1513 2291 1581 2344 ad
1613 2292 1890 2362 majorem
1921 2291 2040 2345 bla-

341 2377 661 2447 sphemiam
696 2377 1020 2445 concitaret,
1055 2379 1322 2448 praesenti
1351 2395 1466 2432 non
1521 2380 1820 2450 respondit
1851 2397 1864 2434 :
1908 2385 2037 2451 post

338 2465 646 2520 abeuntem
672 2466 848 2520 movit
875 2471 1048 2536 caput
1076 2467 1147 2520 ad
1168 2467 1490 2538 rogandum
1513 2469 1716 2535 Deum,
1766 2469 1851 2522 vel
1883 2473 2036 2523 certe

341 2554 412 2608 ad
452 2553 828 2609 deridendam
862 2555 1254 2625 arrogantiam
1309 2557 1432 2626 ejus
1481 2562 1635 2610 certa
1674 2557 1744 2612 de
1793 2557 2029 2612 ultione.

342 2643 454 2697 Nec
485 2643 604 2713 ipse
634 2659 739 2712 per
789 2660 848 2697 se
885 2643 979 2696 sed
1015 2659 1118 2713 per
1145 2660 1337 2696 servos
1379 2660 1530 2711 suos,
1583 2649 1645 2699 ut
1673 2645 1858 2716 major
1887 2651 2036 2700 esset

338 2732 686 2801 arrogantia,
729 2732 1034 2785 Dominum
1062 2732 1498 2800 blasphemavit.

408 2821 569 2874 Vens.
600 2823 688 2875 23.
746 2821 1109 2874 —E:rcelsa.
1161 2820 1286 2890 (10.)
1344 2821 1600 2875 Altitudo
1657 2823 1944 2877 montium
1977 2828 2034 2876 et

329 2911 472 2981 juga
505 2909 703 2963 Libani
741 2911 978 2962 excelsa:
1032 2907 1187 2962 cedri
1237 2915 1292 2963 et
1344 2910 1578 2964 abietes.
1639 2912 1736 2964 Vel
1777 2928 1882 2982 per
1911 2928 2032 2966 me-

965 296 1364 352 WALAFRIDI
1403 295 1648 372 STRABI
1689 295 1885 351 FULD.
1934 295 2093 351 MON.
2136 295 2288 352 OPP.
2328 296 2512 354 PARS
2550 299 2594 354 Ι.
2634 329 2704 338 —
2741 299 3195 356 TllEOLOGlCA.

3741 305 3836 360 624

2076 422 2126 475 A
2164 438 2279 493 quo
2310 429 2620 477 monentur
2647 429 2705 478 et
2749 441 2865 478 suae
2923 423 3295 496 negligentiae
3344 429 3401 479 et
3442 425 3599 480 illius
3638 425 3765 481 ﬁdei
3789 435 3840 483 et

2151 511 2413 582 justitiaa,
2461 512 2599 583 quia
2653 512 2714 566 in
2771 518 2995 568 tantum
3043 514 3233 584 diligit
3264 516 3414 568 Deus
3452 515 3752 585 justitiam,
3780 523 3839 572 ut

2153 605 2410 671 posteros
2442 602 2728 671 majorum
2758 601 2967 656 virtute
2997 609 3246 657 tueatur.

2229 690 2393 744 VaRs.
2451 693 2538 744 35.
2598 721 2666 728 —
2712 692 2936 745 Factum
3005 696 3084 745 est
3147 694 3318 759 igitur
3373 693 3572 757 (ΗΑΒ.)
3626 693 3725 746 Tot
3775 693 3838 746 ab

2153 794 2269 832 uno
2301 778 2505 849 angelo
2559 796 2674 832 una
2698 785 2876 847 nocte
2911 778 3227 846 caeduntur,
3266 785 3322 834 et
3350 780 3564 852 absque
3590 780 3837 835 vulneri-

2154 867 2259 921 bus
2304 884 2459 922 mors
2509 884 2653 922 saeva
2685 867 2970 923 discurrit.
3006 869 3189 939 Super
3219 886 3331 940 quo
3375 869 3433 922 in
3463 870 3836 941 Paralipome-

2154 955 2241 1010 nis
2286 955 2534 1027 legitur:
2578 959 2648 1012 Et
2675 959 2827 1012 misit
2875 960 3130 1012 Dominus
3181 959 3430 1024 angelum
3451 962 3548 1027 qui
3581 963 3836 1028 percussit

2151 1061 2356 1100 omnem
2402 1048 2580 1099 virum
2635 1045 2915 1100 robustum
2965 1052 3014 1100 et
3065 1048 3392 1113 bellatorem,
3440 1049 3837 1118 principemque

2151 1136 2415 1189 exercitus
2471 1135 2842 1206 Assyriorum.
2926 1137 3320 1207 Reversusque
3377 1141 3461 1190 est
3505 1153 3637 1190 cum
3684 1137 3838 1207 igno-

2153 1223 2334 1276 minia
2386 1223 2446 1276 in
2502 1229 2712 1277 terram
2763 1240 2945 1279 suam.
2980 1225 3088 1289 Qui
3121 1230 3375 1278 servatus
3405 1230 3512 1290 est,
3573 1229 3641 1279 ut
3683 1225 3838 1279 ﬁeret

2153 1311 2315 1366 testis
2375 1312 2684 1383 majestatis
2737 1312 2891 1366 illius
2945 1329 3120 1384 quem
3168 1313 3340 1384 paulo
3395 1317 3525 1367 ante
3589 1319 3837 1368 contem-

2152 1405 2366 1470 pserat.

2225 1490 2385 1544 Vens.
2439 1492 2534 1546 3‘7.
2589 1519 2659 1531 —
2690 1491 2926 1560 Cumque
2973 1490 3232 1545 adoraret
3286 1493 3346 1545 in
3386 1491 3598 1560 templo.
3667 1491 3838 1560 (ΗΑΒ.)

2151 1578 2321 1642 Quasi
2345 1577 2638 1632 victoriam
2687 1578 2755 1632 de
2786 1579 3042 1634 hostibus
3087 1583 3427 1649 reportaret,
3483 1585 3841 1650 contemptor

2154 1666 2274 1720 veri
2309 1666 2407 1720 Dei
2433 1666 2493 1720 in
2546 1667 2678 1720 fano
2709 1667 2835 1721 falsi
2864 1667 3116 1722 numinis
3147 1667 3468 1722 trucidatur
3499 1685 3644 1722 :nec
3677 1685 3844 1739 ange-

2152 1755 2263 1810 lico
2297 1755 2445 1826 perit
2474 1755 2664 1826 gladio
2695 1757 2850 1828 quod
2876 1763 3000 1810 erat
3034 1773 3358 1822 commune,
3388 1757 3486 1811 sed
3539 1757 3839 1828 parricidio

2146 1845 2417 1898 ﬁliorum.

2217 1932 2342 2004 (10.)
2404 1932 2620 1986 Pharao
2675 1949 2902 2004 quoque
2947 1933 3006 1988 in
3063 1933 3259 1989 decem
3311 1934 3533 2006 Aigypti
3581 1938 3838 1989 servatur

2144 2021 2350 2092 plagis,
2379 2027 2443 2075 ut
2468 2021 2809 2075 novissimus
2841 2028 3056 2092 pereat.

2216 2113 2278 2164 In
2330 2115 2530 2164 terram
2574 2111 2977 2165 Armeniorum.
3011 2113 3249 2166 Ararath
3278 2111 3433 2183 regio
3482 2111 3542 2166 in
3573 2111 3839 2166 Armenia

2144 2199 2467 2270 campestri,
2503 2215 2606 2269 per
2653 2216 2824 2270 quam
2856 2203 3072 2254 Araxes
3105 2201 3235 2255 fluit
3289 2201 3643 2255 incredibilis
3677 2201 3837 2256 uber-

2126 2269 2289 2341 .tatisi
2333 2287 2402 2342 ad
2469 2269 2687 2342 radices
2731 2288 2900 2342 Tauri
2956 2289 3184 2344 montis.
3236 2291 3381 2360 Ergo
3431 2295 3486 2344 et
3537 2306 3672 2344 arca
3727 2290 3837 2342 Noe

2145 2392 2262 2430 non
2293 2376 2363 2430 ad
2403 2383 2626 2430 montes
2664 2377 3008 2448 generaliter
3053 2378 3338 2432 Armeniae
3389 2379 3576 2433 delata
3604 2384 3711 2444 est,
3744 2377 3837 2431 sed

2144 2465 2211 2518 ad
2267 2471 2492 2520 montes
2539 2465 2706 2519 Tauri
2765 2465 3070 2521 altissimos
3118 2466 3217 2538 qui
3278 2469 3519 2522 Ararath
3578 2466 3841 2521 imminet

2144 2569 2382 2624 campis.

2812 2679 3039 2734 CAPUT
3071 2681 3174 2735 XX.

2215 2822 2380 2876 Vens.
2428 2824 2477 2876 l.
2528 2850 2596 2862 —
2649 2822 2713 2875 In
2766 2821 2955 2875 diebus
3005 2823 3140 2876 illis.
3191 2822 3344 2890 (the.
3401 2824 3462 2876 in
3511 2822 3608 2876 lib.
3664 2823 3827 2890 Reg.,

2141 2913 2282 2963 tom.
2316 2909 2438 2978 ΙΙΙ.)
2489 2909 2569 2963 Ne
2597 2910 2914 2964 elevaretur
2948 2925 3047 2964 cor
3079 2910 3327 2964 Ezechiae
3369 2916 3501 2982 post
3524 2910 3837 2965 incredibi-

334 3000 632 3071 taphoram
666 2999 735 3053 de
795 3000 1012 3053 cunctis
1065 3000 1333 3071 gentibus
1392 3000 1788 3070 accipiendum
1846 3006 1930 3056 est
1977 3005 2034 3056 et
2062 2999 2105 3056 C
2141 2997 2222 3052 les
2253 2997 2598 3068 triumphos,
2647 2998 2982 3052 inﬁrmitate
3010 2999 3266 3070 corporis
3295 2999 3557 3053 visitatur
3587 3003 3644 3052 et
3677 2999 3837 3053 audit

334 3088 690 3158 principibus
723 3104 940 3142 earum.
977 3088 1076 3142 Vel
1118 3089 1186 3142 de
1238 3088 1608 3155 Hierusalem,
1647 3105 1775 3160 quae
1819 3095 1903 3144 est
1935 3089 2024 3144 Li-

327 3179 532 3244 banus,
565 3177 720 3229 cedri
745 3182 802 3229 et
831 3176 1046 3229 abietes
1077 3181 1344 3246 potentes
1371 3183 1428 3230 et
1461 3177 1786 3247 optimates.

407 3265 576 3317 Vens.
607 3265 697 3317 24-.
731 3293 798 3302 —
825 3265 894 3317 Et
923 3266 1144 3316 siccavi.
1173 3263 1301 3333 (10.)
1350 3264 1446 3316 Vel
1496 3279 1614 3333 prae
1651 3264 2028 3320 multitudine

337 3352 617 3405 exercitus
666 3350 859 3404 omnia
912 3349 1129 3404 ﬂuenta
1180 3350 1427 3415 siccavit,
1476 3355 1536 3404 ut
1566 3355 1769 3420 puteos
1803 3351 1910 3406 sibi
1942 3351 2029 3406 fo-

335 3442 467 3494 dere
497 3431 825 3508 compulsus
849 3437 940 3491 sit.
973 3438 1070 3490 Vel
1113 3438 1300 3491 omuis
1355 3439 1625 3508 populus,
1670 3455 1813 3509 quos
1862 3455 2028 3511 aqum

337 3527 676 3598 signiﬁcant,
707 3541 809 3578 suo
836 3529 1088 3578 vastatur
1112 3525 1378 3579 exercitu.

404 3617 571 3669 Vens.
624 3617 711 3668 25.
762 3643 830 3652 —
878 3613 1162 3682 Nunquid.
1215 3614 1318 3683 (10)
1350 3614 1478 3668 Haec
1509 3630 1572 3668 ex
1627 3629 1879 3684 persona
1911 3615 2025 3669 Do-

335 3703 498 3767 mini,
530 3707 660 3766 etc.,
701 3715 869 3767 usque
909 3701 982 3754 ad
1029 3700 1185 3770 quod
1222 3706 1380 3754 tuam
1427 3701 1783 3757 ferocitatem
1830 3703 2023 3774 dome,

333 3800 390 3847 et
422 3797 474 3846 te
499 3791 733 3845 reducat
761 3788 819 3840 in
852 3789 1127 3858 Assyrios.

404 3883 560 3935 Vens.
618 3880 706 3932 29.
750 3905 824 3918 —
870 3879 979 3932 Hoc
1021 3880 1126 3932 erit
1169 3880 1405 3946 signum.
1457 3878 1588 3950 (10.)
1640 3881 1849 3935 Eorum
1897 3899 2025 3954 quae

330 3967 676 4040 praenuntio,
733 3971 863 4032 etc.,
898 3981 1069 4034 usque
1119 3968 1193 4021 ad
1243 3968 1360 4021 imo
1411 3968 1532 4022 zelo
1583 3984 1697 4040 quo
1757 3971 2026 4026 adversus

330 4057 538 4128 impios
567 4056 780 4110 zelatus
809 4057 894 4107 est
921 4055 1202 4125 p0pulum
1233 4072 1424 4111 suum.

401 4145 638 4202 Cvmede.
693 4143 866 4197 Isaias
909 4142 1023 4197 ita:
1077 4143 1296 4199 Comede
1345 4145 1439 4198 hoc
1486 4160 1628 4198 anno
1677 4161 1795 4213 quae
1838 4153 2026 4216 sponte

328 4238 647 4297 nascuntur,
696 4235 746 4284 et
784 4245 924 4283 anno
978 4231 1206 4284 secundo
1262 4245 1465 4286 vescere
1515 4235 1711 4300 pomis.
1774 4235 1837 4288 In
1882 4250 2023 4288 anno

2140 3103 2200 3140 se
2231 3103 2350 3140 esse
2380 3087 2748 3154 moriturum,
2785 3093 2850 3142 ut
2895 3104 3202 3142 conversus
3251 3089 3322 3143 ad
3385 3088 3696 3143 Dominum
3733 3088 3832 3142 11e-

2139 3180 2256 3229 ctat
2284 3175 2649 3230 sententiam.

2213 3263 2428 3318 Cuncta
2484 3266 2630 3318 Deus
2660 3269 2926 3319 secutura
2968 3265 3274 3336 praesciens
3305 3270 3438 3320 ante
3469 3265 3703 3332 smeula,
3737 3264 3835 3319 de-

2139 3352 2314 3406 crevit
2371 3352 2620 3423 qualiter
2676 3370 2778 3424 per
2832 3355 3041 3408 saecula
3091 3354 3489 3424 disponantur.
3544 3354 3836 3408 Statutum

2139 3456 2275 3510 ergo
2303 3445 2388 3494 est
2437 3447 2718 3512 quantum
2749 3441 2808 3496 in
2853 3443 2977 3514 ipsa
3019 3443 3134 3497 vita
3190 3443 3414 3497 mortali
3442 3442 3838 3514 temporaliter

2137 3527 2376 3583 vivatur.
2409 3531 2551 3584 Nam
2582 3531 2687 3585 etsi
2737 3547 2916 3585 annos
2967 3531 3297 3602 quindecim
3332 3532 3585 3586 Ezechiae
3617 3530 3840 3586 addidit

2139 3618 2308 3681 Deus,
2339 3634 2471 3672 eum
2499 3624 2690 3674 tamen
2739 3635 2867 3674 cum
2909 3621 3055 3676 mori
3095 3620 3378 3690 permisit,
3425 3626 3562 3686 tunc
3609 3619 3838 3692 prmsci-

2137 3706 2218 3760 vit
2245 3723 2378 3761 eum
2413 3723 2534 3762 esse
2589 3707 2953 3762 moriturum.
3005 3709 3106 3763 Cui
3153 3725 3284 3763 cum
3327 3707 3526 3762 mortis
3555 3707 3840 3762 sententia

2135 3795 2286 3850 dicta
2315 3801 2416 3861 est,
2448 3796 2713 3867 protinus
2744 3797 2812 3851 ad
2845 3797 2968 3867 ejus
3006 3798 3281 3868 lacrymas
3311 3797 3428 3851 vita
3472 3803 3560 3852 est
3609 3797 3827 3851 addita.

2137 3884 2214 3938 Eo
2270 3884 2505 3956 quidem
2568 3890 2828 3956 tempore
2881 3885 3022 3939 mori
3078 3887 3425 3951 merebatur,
3476 3886 3576 3957 qui
3629 3887 3833 3950 elatus,

2137 3972 2378 4027 Domino
2406 3973 2616 4043 gratias
2666 3991 2769 4046 pro
2818 3975 3111 4045 inopinata
3141 3974 3378 4029 victoria
3402 3990 3522 4028 non
3555 3973 3828 4038 reddidit,

2136 4061 2346 4116 scilicet
2375 4062 2512 4132 quia
2551 4079 2669 4117 sure
2713 4062 2953 4134 justitim
3003 4068 3058 4118 et
3106 4063 3323 4118 meritis
3371 4063 3690 4134 deputavit.
3727 4063 3836 4117 Nec

2134 4149 2432 4218 praeﬁxum
2462 4149 2522 4203 in
2553 4151 2914 4220 praescientia
2944 4150 3043 4204 Dei
3080 4155 3308 4222 tempus
3352 4151 3481 4205 vitae
3511 4151 3832 4222 prolonga-

2134 4239 2258 4290 tum
2287 4240 2392 4303 est,
2427 4237 2525 4291 sed
2567 4237 2710 4293 illud
2759 4238 2914 4310 quod
2962 4239 3249 4309 peccando
3285 4239 3580 4305 amiserat,
3619 4255 3687 4293 ex
3721 4240 3833 4292 lar-

328 4327 514 4377 autem
577 4321 732 4374 tertio
809 4321 1090 4387 seminate,
1138 4320 1385 4388 plantate
1428 4322 1612 4373 vineas
1670 4327 1720 4374 et
1767 4322 2024 4377 comedite
2049 4343 2094 4398 ι)
2133 4323 2310 4394 gitate
2337 4323 2439 4379 Dei
2468 4325 2757 4381 redditum
2807 4331 2947 4381 erat.
2994 4327 3102 4392 Qui
3139 4343 3269 4381 cum
3301 4328 3656 4382 moriturum
3685 4342 3834 4398 pra:-

325 4415 539 4476 fructus
595 4425 782 4466 earum
824 4415 875 4464 et
904 4410 1080 4463 mittet
1127 4407 1188 4460 id
1230 4407 1375 4476 quod
1413 4409 1684 4462 salvatum
1729 4411 1901 4476 fuerit
1963 4413 2022 4465 in

327 4501 482 4556 domo
557 4499 736 4567 Juda;
797 4506 846 4555 et
908 4497 1053 4569 quod
1105 4499 1375 4566 reliquum
1429 4503 1506 4552 est
1566 4499 1806 4554 radicem
1864 4499 2018 4555 deor-

323 4605 463 4655 sum,
521 4593 571 4642 et
629 4590 797 4655 faciet
854 4590 1116 4654 fructum,
1198 4588 1328 4654 quia
1402 4585 1468 4639 de
1523 4588 1863 4640 Hierusalem
1922 4603 2017 4642 ea:-

325 4679 483 4731 ibunt
508 4677 773 4745 reliquie,
825 4681 876 4730 et
910 4676 1144 4730 salvatio
1197 4674 1263 4727 de
1316 4679 1491 4728 monte
1520 4675 1676 4730 Sion.
1713 4677 1866 4729 Zelus
1907 4676 2018 4729 Do-

323 4768 460 4820 mini
513 4767 843 4820 exercituum
880 4766 1048 4832 faciet
1102 4765 1195 4817 hoc
1267 4762 1408 4834 (lsa.
1455 4765 1684 4832 xxxvu).
1735 4763 2018 4818 Omnibus

323 4855 392 4909 ab
445 4855 694 4909 exercitu
736 4853 966 4908 vastatis
1012 4852 1221 4908 comede
1268 4867 1388 4921 qua:
1434 4855 1630 4905 iterum
1681 4854 2012 4920 germinare,

323 4944 440 4997 sive
472 4959 591 5012 qua
635 4946 777 4998 inter
815 4944 1047 5012 ungulas
1076 4957 1332 5010 equorum
1358 4940 1581 4994 evadere
1606 4945 1917 5010 potuerunt.
1950 4943 2016 4996 In

321 5032 550 5086 secundo
593 5047 735 5086 anno
766 5047 884 5100 quae
925 5035 1111 5100 sponte
1161 5035 1463 5084 nascuntur
1513 5031 1630 5082 sine
1672 5029 1872 5084 labore.
1917 5031 2015 5085 Vel

322 5119 684 5175 simulatione
715 5119 824 5174 hoc
881 5119 1098 5174 dictum
1157 5122 1257 5183 est,
1307 5117 1443 5189 quia
1471 5117 1754 5188 putabant
1780 5134 1838 5171 se
1865 5117 2014 5172 fame

319 5207 628 5279 perituros.

391 5297 559 5351 Vens.
586 5296 672 5351 34.
706 5297 865 5350 -Εε
892 5301 1112 5366 propter
1159 5294 1352 5350 David
1387 5308 1620 5348 servum.
1656 5293 1841 5364 (Rea)
1881 5295 2017 5350 Pro-

318 5389 446 5455 pter
463 5383 788 5438 futurorum
811 5401 993 5454 spem,
1016 5387 1360 5454 praesentem
1381 5383 1592 5437 excutit
1609 5387 1849 5440 metum.
1869 5382 2015 5437 Dicit

317 5478 534 5542 autem,
561 5472 696 5545 quia
727 5489 842 5528 non
875 5489 978 5527 suo
1035 5472 1260 5540 merito,
1293 5473 1388 5526 sed
1424 5471 1523 5525 Dei
1551 5471 1856 5526 clementia
1882 5488 2014 5526 con-

317 5568 636 5630 serventur,
664 5563 782 5618 imo
812 5568 872 5616 et
922 5561 1097 5632 patris
1127 5576 1326 5614 eorum
1361 5560 1535 5614 David
1594 5559 1874 5614 memoria
1907 5577 1921 5612 :
1952 5559 2011 5614 in

2127 4412 2286 4480 dixit,
2345 4418 2478 4468 ante
2535 4416 2934 4485 paenitentiam
2987 4415 3142 4470 illius
3192 4416 3495 4488 prmscivit.
3531 4414 3838 4471 Convertit

2129 4498 2330 4553 faciem
2361 4500 2431 4554 ad
2461 4501 2738 4571 parietem
2771 4503 2992 4574 templi,
3024 4503 3159 4574 quia
3189 4504 3259 4558 ad
3291 4505 3572 4575 templum
3598 4503 3688 4557 ire
3719 4517 3836 4556 non

2128 4591 2370 4657 poterat.
2401 4590 2684 4644 Parietem
2719 4592 2922 4662 templi
2953 4592 3089 4647 dicit
3125 4593 3293 4664 juxta
3346 4592 3500 4664 quod
3545 4591 3833 4662 palatium

2129 4681 2270 4743 erat,
2329 4677 2420 4730 vel
2465 4679 2535 4732 ad
2578 4680 2856 4750 parietem
2907 4681 3188 4749 absolute,
3235 4697 3307 4735 ne
3356 4683 3643 4752 lacrymas
3693 4678 3832 4733 assi-

2127 4765 2406 4820 stentibus
2454 4773 2788 4836 ostentaret,
2839 4775 2906 4824 ut
2936 4773 3054 4824 tota
3109 4776 3298 4826 mente
3333 4771 3515 4825 Deum
3555 4769 3835 4840 depreca-

2126 4857 2306 4908 retur.

2195 4943 2363 4997 Vens.
2419 4947 2472 4998 2.
2522 4975 2588 4983 —
2639 4945 2747 5010 Qui
2791 4949 3078 5002 convertit.
3133 4949 3322 5017 (ΗΑΒ.)
3351 4950 3501 5005 Felix
3535 4953 3835 5008 conscien-

2124 5029 2227 5096 tia,
2279 5035 2407 5098 etc.,
2484 5047 2656 5102 usque
2701 5033 2776 5087 ad
2829 5034 3004 5089 verba
3057 5036 3212 5090 enim
3261 5037 3628 5109 singulorum
3681 5042 3833 5096 Deus

2124 5124 2327 5191 pensat
2355 5135 2420 5173 ex
2454 5121 2622 5175 corde
2663 5121 2940 5191 ipsorum.

2083 5223 2091 5234 ί
2195 5208 2364 5262 Vaas.
2427 5211 2478 5264 3.
2557 5240 2627 5250 —
2676 5211 2847 5265 Flevit
2900 5213 3111 5282 itaque.
3166 5214 3291 5281 (10.)
3360 5216 3540 5271 Flevit
3588 5219 3832 5289 propter

2123 5295 2566 5367 promissionem
2596 5298 2846 5369 Domini,
2876 5303 3010 5366 etc.,
3069 5316 3239 5371 usque
3277 5303 3353 5358 ad
3407 5309 3466 5359 et
3492 5311 3626 5376 post
3670 5321 3828 5361 mor-

2128 5387 2247 5439 tem
2266 5386 2627 5440 resuscitatos
2647 5387 2928 5458 plurimos
2946 5389 3244 5460 legimus.-

2194 5473 2356 5527 Vens.
2392 5478 2444 5528 7.
2487 5505 2556 5515 -
2581 5475 2791 5544 Americ
2817 5492 3074 5532 massam.
3112 5479 3303 5550 (ΗΑΒ.)
3336 5481 3583 5536 Verbum
3637 5483 3824 5537 sehim

2122 5561 2236 5615 sive
2257 5561 2436 5616 schim
2465 5564 2729 5634 amt-ﬂat
2747 5564 2912 5622 aiunt
2931 5565 3179 5637 ΗΘΜ-εί)
3202 5570 3362 5625 ulcus
3375 5575 3536 5625 sonat
3558 5586 3685 5627 non
3697 5571 3823 5627 vul-
