3998 6178
217 306 321 357 625

1326 308 1574 363 GLOSSA
1612 310 2012 365 ORDINARIA.
2052 340 2118 348 ——
2159 310 2292 365 LIB.
2333 308 2399 363 IV
2440 309 2601 366 REG.

3625 318 3728 369 626

210 448 323 486 nus
347 449 362 498 ;
396 432 508 487 hoc
528 430 828 502 inﬂigitur,
852 430 992 485 illud
1010 436 1211 501 sponte
1233 432 1501 488 nascitur.
1524 434 1667 488 Nam
1690 435 1916 506 Aquila,
1947 438 1991 490 Α
2030 433 2187 489 chias
2219 449 2391 505 super
2419 433 2679 505 sepulcra
2708 449 2927 505 regum,
2966 434 3102 505 quia
3131 435 3253 507 ejus
3276 438 3604 507 sepulcrum
3644 446 3731 493 est

209 521 592 592 Symmachus
657 525 714 575 et
766 520 1104 586 Theodotio,
1162 537 1293 575 aroc
1365 522 1729 592 interpretati
1789 528 1924 578 sunt
2031 523 2302 577 excelsius
2340 522 2680 577 fabricatum
2708 538 2876 577 causa
2898 522 3127 593 pietatis
3155 541 3268 596 qua
3309 525 3483 581 coluit
3527 528 3724 582 Deum.

209 610 369 681 quod
411 610 679 665 morbum
708 609 934 681 regium
970 608 1321 680 intelligunt,
1353 610 1445 665 cui
1475 611 1762 666 contraria
1810 628 1917 682 pu-

208 704 410 753 tantur
437 699 525 752 vel
552 703 779 769 sumpta
808 698 866 751 in
896 697 1045 765 cibo,
1078 699 1165 751 vel
1195 698 1459 769 apposita
1487 700 1716 771 corpori
1755 716 1919 771 quaa-

208 804 443 859 cunque
472 792 607 842 sunt
635 786 841 842 dulcia.
893 785 993 841 Dei
1038 803 1175 857 ergo
1222 788 1482 858 potentia
1545 793 1915 857 monstratur,

206 877 350 932 dum
382 893 488 948 per
526 892 617 931 res
667 875 858 930 noxias
907 875 1122 930 sanitas
1167 876 1512 931 restituitur.
1560 878 1670 931 Alii
1713 878 1916 948 schim,

206 973 511 1035 apostema
541 969 924 1035 suspicantur,
968 964 1195 1035 quando
1240 969 1468 1020 tumens
1511 982 1718 1035 corpus
1761 971 1917 1020 cocto

204 1058 260 1107 et
290 1058 659 1125 putrescente
689 1069 831 1124 pure
862 1054 1208 1124 completur.
1250 1055 1315 1109 Et
1354 1054 1520 1124 juxta
1567 1061 1748 1109 artem
1800 1071 1914 1109 me-

205 1142 495 1209 dicorum,
527 1142 714 1197 omnis
744 1142 932 1196 sanies
958 1141 1287 1196 siccioribus
1325 1143 1447 1197 ﬁcis
1493 1148 1665 1214 atque
1711 1147 1915 1198 contu-

207 1232 282 1285 sis
314 1232 379 1285 in
410 1231 557 1286 cutis
588 1231 949 1301 superﬁciem
975 1236 1339 1301 provocatur.

280 1320 472 1390 (ΗΑΒ.)
513 1322 691 1375 Datur
733 1319 963 1390 signum
1005 1324 1067 1374 ut
1116 1321 1200 1374 sol
1250 1320 1446 1374 decem
1502 1320 1774 1391 gradibus
1828 1336 1911 1374 re-

207 1415 486 1475 vertatur,
541 1413 671 1474 etc.,
716 1424 884 1477 usque
929 1410 1003 1463 ad
1048 1414 1106 1463 et
1153 1409 1408 1479 ogdoade
1454 1409 1774 1463 viventibus
1813 1425 1914 1479 per

205 1497 694 1552 resurrectionem
743 1498 949 1553 Christi
1000 1497 1131 1552 vitae
1178 1498 1360 1569 spatia
1402 1514 1507 1569 pro
1550 1498 1681 1552 vitae
1728 1498 1911 1569 spatio

207 1586 597 1658 protelentur.
1210 1568 1217 1569 ⁷
1404 1568 1419 1569 7
1758 1568 1771 1569 ί
1864 1568 1881 1579 ”

280 1678 361 1744 (lo
392 1676 408 1745 )
440 1676 684 1739 Quidam
713 1676 908 1730 decem
932 1676 1141 1746 gradus
1160 1675 1445 1730 linearum
1478 1676 1546 1730 ad
1574 1676 1910 1747 mysterium

2688 663 2913 718 CAPUT
2945 665 3071 718 XXI.

2102 770 2289 838 (ΗΑΒ.)
2318 769 2505 842 {Cujus
2547 774 2807 840 tempore
2855 769 3028 824 Isaias
3076 770 3161 842 (ut
3205 773 3441 827 tradunt
3482 773 3725 842 Hebraei)

2029 856 2218 927 lignea
2249 874 2404 911 serra
2432 874 2535 929 per
2574 858 2829 912 medium
2867 863 3114 912 serratus
3144 864 3246 926 est,
3290 862 3425 931 quia
3461 861 3726 933 princeps

2025 944 2407 1000 Sodomorum
2446 945 2758 1015 appellavit
2799 962 2917 1012 eos,
2969 952 3255 1002 vertentes
3304 953 3361 1002 et
3406 949 3466 1003 in
3505 950 3724 1004 crimen

2025 1034 2176 1104 quod
2207 1033 2459 1088 dixerit:
2501 1034 2633 1089 Vidi
2660 1036 2945 1089 Dominum
2988 1036 3253 1090 sedentem
3300 1052 3463 1106 super
3525 1039 3725 1093 solium

2023 1124 2291 1178 excelsum
2320 1123 2450 1193 (Isa.
2483 1122 2577 1186 vn).
2617 1125 2731 1177 Deo
2775 1123 2997 1178 dicente
3031 1140 3042 1178 :
3095 1127 3212 1181 Non
3248 1126 3454 1179 videbit
3502 1142 3584 1180 me
3636 1127 3724 1182 ho-

2023 1227 2109 1266 mo
2137 1216 2186 1265 et
2209 1215 2352 1265 vivet
2385 1212 2578 1280 (Exod.
2612 1212 2828 1282 xxxiii).

2097 1300 2232 1371 (10.)
2262 1302 2542 1355 Manasses
2590 1301 2661 1355 ad
2699 1300 2854 1355 idola
2898 1318 2954 1355 se
2998 1302 3277 1356 convertit
3325 1308 3382 1357 et
3424 1303 3719 1358 abomina-

2022 1390 2226 1443 tiones.
2260 1390 2472 1444 Locuto
2514 1391 2629 1444 Deo
2680 1391 2767 1443 vel
2821 1390 3060 1445 Domino
3112 1392 3178 1445 ad
3227 1408 3379 1457 eum,
3431 1393 3721 1447 attendere

2023 1479 2244 1544 noluit;
2277 1478 2405 1532 ideo
2438 1478 2618 1532 victus
2646 1479 2849 1533 ductus
2879 1484 2963 1533 est
3009 1480 3070 1533 in
3128 1480 3497 1551 Babylonem,
3546 1497 3718 1536 coan-

2021 1571 2281 1636 gustatus
2337 1567 2521 1620 oravit
2597 1567 2908 1621 Dominum
2986 1569 3202 1623 intente
3259 1569 3373 1639 egit
3430 1570 3721 1640 poeniten-

2021 1655 2161 1709 tiam
2188 1655 2371 1723 valde,
2405 1660 2462 1709 et
2509 1656 2773 1710 exaudita
2820 1662 2904 1710 est
2953 1657 3135 1711 oratio
3187 1658 3331 1727 ejus,
3383 1659 3719 1729 reduxitque

281 1720 360 1744 \""
392 1720 407 1745 I
443 1720 684 1739 ““"""“"
714 1720 908 1730 “‘"""""
932 1720 1141 1746 D““"""
1160 1720 1445 1730 ⁶’““’“’⁵“’“¹“⁶
1478 1720 1546 1730 “""
1574 1720 1881 1747 ““⁵⁶.1“¹’“¹¹⁸’“¹“⁸¹

208 1763 422 1820 Christi
452 1764 826 1833 transferunt,
855 1770 988 1831 etc.,
1036 1780 1205 1834 usque
1251 1765 1326 1819 ad
1372 1771 1430 1819 et
1475 1781 1707 1820 omnem
1751 1765 1881 1820 illan

2084 1760 2156 1797 Im
2185 1744 2248 1798 in
2284 1760 2529 1814 regnum
2578 1761 2769 1812 suum,
2829 1749 2884 1800 et
2929 1746 3196 1816 cognovit
3238 1748 3518 1801 Manasses
3564 1753 3718 1819 quod

205 1855 480 1909 umbram
509 1855 650 1926 legis
682 1855 934 1909 veritatis
964 1854 1135 1909 radiis
1159 1855 1483 1909 illustravit.

279 1945 449 1998 Vens.
509 1948 593 1999 12.
650 1974 718 1983 ——
766 1946 829 1999 In
885 1945 997 1998 illo.
1054 1944 1181 2013 (lo.)
1233 1944 1416 2013 Supra
1474 1943 1704 2014 legitur,
1775 1948 1908 2011 etc.,

207 2048 381 2101 usque
409 2033 485 2087 ad
514 2032 674 2087 illum
706 2032 1066 2087 adorandum
1096 2033 1223 2102 plus
1263 2032 1497 2086 homine
1519 2032 1907 2088 crediderunt.

276 2120 473 2190 (ΗΑΒ.)
511 2119 767 2174 Tradunt
815 2118 1055 2188 Hebraei,
1117 2124 1245 2183 etc.,
1301 2135 1469 2189 usque
1520 2119 1595 2173 ad
1635 2119 1708 2174 ad
1756 2120 1909 2174 noti-

206 2209 350 2263 tiam
414 2208 720 2263 hominum
764 2224 870 2278 per
923 2208 1134 2262 factum
1186 2208 1347 2278 pravi
1394 2207 1583 2279 operis
1628 2209 1907 2279 perduce-

204 2302 388 2352 retur.

278 2389 410 2455 (11).)
448 2385 768 2457 Hypocritie
797 2401 1026 2457 quoque
1063 2390 1195 2456 post
1243 2401 1479 2455 magnas
1523 2384 1761 2440 virtutes
1810 2386 1909 2441 de-

205 2480 491 2543 crescunt,
541 2475 675 2546 quia
723 2474 894 2529 celari
936 2474 995 2528 in
1047 2475 1261 2529 eisdem
1300 2474 1605 2530 virtutibus
1652 2475 1904 2531 nolunt:

205 2565 309 2636 qui
342 2566 483 2619 dum
524 2580 691 2618 suasu
725 2563 1110 2634 malignorum
1141 2564 1446 2635 spirituum
1474 2564 1764 2634 jactantiae
1813 2581 1905 2619 ac-

204 2654 534 2725 quiescunt,
591 2652 755 2724 quasi
803 2652 1013 2707 ostium
1064 2670 1177 2724 quo
1226 2653 1439 2707 diutius
1492 2658 1905 2723 congregatum

202 2741 473 2796 amittant
503 2741 761 2796 hostibus
786 2741 1066 2811 pandunt,
1099 2742 1254 2796 unde
1287 2758 1301 2796 :
1342 2742 1596 2797 Tradidit
1621 2744 1681 2796 in
1727 2746 1903 2810 capti-

200 2834 428 2885 vitatem
456 2833 711 2885 virtutem
739 2846 939 2884 eorum.
987 2829 1238 2885 Gloriam
1284 2847 1448 2885 suam
1496 2831 1705 2885 Paulus
1743 2830 1902 2884 testi-

199 2920 464 2974 monium
514 2918 876 2973 conscientiae
924 2935 1041 2973 suae
1097 2924 1397 2981 memorat,
1447 2918 1584 2989 quia
1652 2919 1901 2973 favorem

196 3007 371 3061 alieni
401 3006 520 3061 oris
552 3022 670 3060 non
720 3006 955 3077 appetit.
1014 3006 1357 3062 Occultanda
1399 3014 1533 3060 sunt
1583 3022 1719 3077 ergo
1774 3024 1902 3078 quae
1933 3008 1975 3065 C

196 3096 450 3163 agimus,
484 3111 554 3149 ne
584 3095 693 3148 hoc
721 3094 779 3148 in
810 3095 979 3165 hujus
1018 3095 1150 3151 vitas
1176 3094 1379 3148 itinere
1409 3095 1637 3149 incaute
1668 3101 1901 3166 portan-

194 3189 278 3238 tes
308 3182 781 3238 latrocinantium
811 3182 1077 3254 spiritum
1104 3182 1430 3237 incursione
1452 3174 1779 3252 perdamus.

265 3273 401 3341 (In).
463 3273 632 3327 Tacet
682 3272 752 3327 de
828 3271 1296 3343 qquverebatur
1370 3272 1668 3337 offensam,
1744 3273 1895 3343 quod

191 3360 528 3416 ostenderat
566 3360 650 3414 eis
679 3365 881 3414 cuncta
900 3376 1025 3432 quae
1056 3360 1294 3414 haberet
1337 3359 1397 3413 in
1442 3363 1723 3429 potestate
1772 3376 1895 3426 sua,

190 3450 350 3504 inter
370 3465 503 3520 quae
540 3448 833 3520 praecipua
862 3454 983 3503 erat
1014 3448 1213 3519 templi
1239 3448 1514 3519 supellex.

264 3540 430 3593 Vens.
490 3541 575 3594 l3.
634 3539 873 3593 Laetatus
923 3542 1001 3592 est
1057 3542 1235 3592 autem
1285 3540 1346 3591 in
1410 3537 1648 3591 adventu
1717 3550 1899 3590 eorum

187 3628 487 3682 Ezechias.
523 3624 647 3694 (In).
684 3625 861 3679 Verba
887 3624 1125 3680 Dierum
1156 3626 1226 3680 de
1257 3624 1495 3680 Ezechia
1530 3624 1713 3689 aiunt,
1764 3629 1896 3691 etc.,

187 3732 364 3786 usque
388 3715 465 3769 ad
493 3714 855 3785 ostenditque
888 3714 970 3769 eis
998 3714 1237 3768 domum
1277 3717 1622 3779 aromatum,
1646 3715 1751 3766 etc.

260 3807 507 3860 Domum
564 3808 887 3871 aromatum,
940 3808 992 3858 et
1036 3818 1234 3857 aurum
1280 3808 1331 3858 et
1398 3806 1699 3869 argentum.
1755 3799 1898 3870 ((ln.)

186 3894 441 3959 Quidam
468 3894 726 3964 sepulcra
757 3908 956 3964 regum
987 3890 1317 3964 opinantur,
1371 3907 1497 3962 quae
1551 3888 1899 3944 aromatibus

182 3986 364 4057 plena
396 3986 580 4050 erant,
609 3982 747 4054 quia
774 3997 1014 4053 corpora
1041 3997 1244 4052 regum
1275 3980 1598 4052 antiquitus
1626 3993 1900 4049 augmen-

183 4074 258 4129 tis
324 4072 763 4127 condiebantur.
822 4070 936 4125 Alii
973 4070 1159 4141 magis
1198 4070 1399 4124 cellam
1447 4072 1770 4122 aromatum
1836 4066 1896 4120 in

185 4162 418 4232 templo
449 4159 676 4215 Domini
706 4159 879 4215 fuisse
908 4159 1259 4230 intelligunt,
1292 4158 1393 4213 ubi
1436 4155 1897 4211 recondebantur

181 4249 493 4306 odoriferae
521 4247 756 4319 species,
788 4264 857 4302 ex
898 4247 1109 4319 quibus
1155 4247 1331 4302 ﬁebat
1376 4244 1694 4316 thymiama
1741 4243 1893 4314 quod

181 4338 244 4392 in
278 4337 507 4408 templo
539 4335 765 4392 Domini
785 4335 1148 4389 offerebatur.

253 4429 386 4483 Non
413 4428 526 4492 fuit
553 4425 774 4480 verbum
804 4424 950 4493 quod
990 4439 1098 4478 non
1145 4426 1471 4478 monstraret
1512 4423 1588 4476 eis
1632 4422 1893 4477 Ezechias

178 4518 259 4584 in,
298 4520 409 4569 etc.
446 4514 623 4585 (quod
652 4514 803 4584 apud
832 4512 1095 4567 Hebraeos
1116 4528 1220 4584 pro
1253 4528 1311 4566 re
1331 4511 1663 4583 frequenter
1690 4509 1890 4580 accipi,

177 4604 302 4673 tur)
337 4603 483 4672 quod
504 4619 612 4658 non
640 4601 931 4658 ostenderit
958 4604 1035 4657 eis
1064 4603 1123 4655 in
1172 4601 1327 4655 dumo
1371 4616 1494 4669 sua,
1563 4601 1693 4654 etin
1748 4600 1894 4653 omni

176 4695 456 4762 potestate
482 4706 602 4746 sua.
634 4690 794 4745 Unde
822 4690 921 4744 Dei
952 4690 1037 4745 ira
1058 4689 1394 4761 justissima,
1446 4688 1723 4760 quoniam
1774 4703 1892 4741 non

180 4782 383 4835 solum
412 4780 713 4834 thesauros
763 4795 895 4832 suos
942 4783 1113 4850 atque
1163 4777 1384 4848 palatii,
1438 4777 1537 4831 sed
1586 4782 1644 4831 et
1690 4775 1894 4846 templi

180 4866 463 4925 ostendit,
512 4866 666 4937 quod
713 4870 865 4919 certe
913 4865 1022 4919 fuit
1068 4864 1368 4936 potestatis
1416 4864 1561 4935 ejus,
1610 4864 1679 4918 de
1733 4864 1896 4933 cujus

179 4955 372 5011 valvis
400 4954 532 5009 atrii
562 4953 805 5009 laminas
834 4960 964 5009 ante
989 4942 1108 5027 jam
1134 4954 1365 5009 tulerat.

254 5044 403 5099 Vsa.
442 5045 525 5098 14.
561 5072 629 5085 —
682 5045 758 5097 De
812 5047 958 5097 terra
1010 5045 1310 5111 longinqua
1364 5046 1643 5097 venerunt.
1704 5039 1891 5110 (ΗΑΒ).

183 5132 365 5197 Quasi
396 5131 549 5186 dicat
581 5148 593 5185 :
626 5132 851 5196 Quanto
893 5137 1044 5186 terra
1092 5130 1321 5201 longior
1376 5131 1530 5185 unde
1585 5134 1893 5195 venerunt,

185 5228 351 5279 tanto
386 5238 493 5293 ego
522 5220 827 5292 gloriosior
852 5224 1088 5292 propter
1117 5236 1290 5292 quem
1331 5226 1629 5274 venerunt.

270 5313 360 5367 4d
386 5327 469 5365 me
515 5311 581 5364 de
619 5310 916 5379 Babylone.
974 5309 1262 5365 Debuerat
1313 5309 1502 5364 dicere
1554 5309 1626 5363 ad
1682 5308 1896 5380 gloriﬁ-

185 5402 439 5457 candum
483 5402 663 5455 Deum
690 5416 799 5470 pro
826 5399 974 5470 signi
1004 5398 1426 5470 magnitudine.

258 5492 425 5544 Vens.
476 5493 564 5544 21.
616 5520 682 5528 —
734 5491 1107 5559 Dormicitque
1142 5489 1411 5543 Ezechias
1450 5504 1569 5543 cum
1617 5487 1890 5558 patribus,

189 5585 298 5634 etc.
334 5582 394 5633 ln
426 5578 896 5649 Paralipomenis,
930 5579 1138 5633 dicitur
1170 5578 1320 5649 quod
1353 5578 1609 5648 sepultus
1644 5580 1729 5630 est
1752 5578 1891 5630 Eze-

2024 1832 2299 1887 Domiuus
2332 1832 2454 1903 ipse
2481 1838 2567 1888 est
2596 1835 2767 1889 Deus.
2807 1835 2952 1905 Ergo
2982 1840 3115 1904 post
3160 1836 3460 1889 commissa
3507 1836 3720 1890 scelera

2022 1922 2215 1975 nullus
2246 1922 2315 1976 de
2346 1922 2448 1976 Dei
2478 1922 2873 1977 misericordia
2917 1923 3196 1993 desperet,
3250 1924 3343 1978 sed
3394 1924 3575 1994 magis
3614 1939 3719 1994 per

2019 2010 2417 2080 paenitentiam
2444 2026 2603 2081 spem
2642 2010 2824 2065 venia:
2854 2011 3079 2066 habeat.

2093 2099 2253 2153 Vens.
2283 2102 2369 2152 24.
2413 2129 2481 2138 -
2525 2101 2768 2154 Josiam.
2819 2100 2997 2170 (ΒΑΗ.)
3042 2100 3219 2155 Josias
3268 2116 3500 2154 omnem
3550 2116 3717 2170 spur-

2018 2186 2212 2242 citiam
2238 2186 2523 2242 idolorum
2549 2188 2892 2255 emendavit,
2924 2191 2980 2241 et
3017 2204 3076 2241 se
3115 2189 3174 2242 in
3219 2189 3319 2243 Dei
3371 2190 3525 2244 cultu
3572 2193 3713 2244 stre-

2018 2292 2133 2331 nue
2164 2275 2436 2342 exercuit,
2468 2276 2613 2330 sicut
2642 2276 2711 2330 de
2742 2275 2841 2329 illo
2877 2280 3009 2331 ante
3051 2278 3220 2347 longe
3264 2277 3599 2348 praedictum
3630 2281 3714 2332 est

2018 2380 2123 2436 per
2146 2364 2502 2436 prophetam.
2688 2382 2691 2383 '
3300 2375 3306 2381 '

2660 2488 2886 2543 CAPUT
2914 2489 3068 2543 XXII.

2088 2600 2251 2653 Vens.
2319 2600 2402 2651 14.
2445 2626 2514 2636 -
2560 2598 2622 2651 In
2668 2597 2933 2653 Secunda.
2985 2597 3166 2668 (ΗΑΒ.)
3211 2598 3274 2651 In
3316 2598 3709 2669 Paralipome-

2016 2686 2105 2740 nis
2137 2684 2351 2756 legitur
2380 2685 2447 2740 de
2480 2685 2736 2753 Ezechia,
2769 2686 2917 2755 quod
2971 2686 3269 2740 aediﬁcavit
3310 2702 3540 2740 omnem
3589 2702 3710 2741 mu-

2015 2791 2145 2829 rum
2199 2772 2299 2845 qui
2360 2774 2544 2827 fuerat
2595 2773 2919 2843 dissipatus,
2972 2779 3027 2828 et
3078 2774 3392 2828 forinsecus
3458 2775 3704 2828 alterum

2015 2878 2283 2929 murum;
2355 2862 2507 2917 unde
2575 2862 2942 2931 Sophonias:
3016 2864 3261 2917 Ululatus
3326 2879 3359 2915 ιι
3432 2863 3699 2918 Secunda.

2013 2950 2377 3022 Prophetissa
2404 2966 2540 3021 ergo
2565 2951 2841 3005 habitavit
2870 2950 2929 3004 in
2955 2952 3230 3019 Secunda,
3263 2951 3315 3005 id
3359 2956 3463 3019 est,
3513 2950 3575 3004 in
3622 2967 3703 3005 se-

2011 3057 2075 3095 cu
2085 3039 2179 3095 ndi
2210 3039 2362 3093 muri
2390 3044 2551 3111 parte
2564 3080 2578 3093 .

2636 3164 2862 3220 CAPUT
2886 3165 3067 3219 XXIII.

2078 3272 2237 3326 Vens.
2270 3272 2353 3325 10.
2410 3300 2481 3310 —-
2532 3271 2960 3325 Contaminavit.
3013 3270 3199 3342 (ΗΑΒ.)
3258 3273 3317 3325 in
3377 3270 3471 3324 lib.
3531 3271 3691 3339 1269.,

2005 3364 2145 3414 tom.
2177 3361 2297 3428 Ill.)
2325 3359 2506 3414 Josias
2550 3360 2853 3429 Thopheth
2896 3360 2982 3413 vel
3034 3376 3161 3413 ossa
3208 3364 3563 3413 mortuorum
3614 3357 3696 3413 ibi

2008 3448 2177 3518 (sicut
2219 3449 2279 3502 in
2328 3448 2699 3519 sequentibus
2742 3448 2881 3501 locis
2932 3447 3125 3501 fecisse
3174 3448 3400 3519 legitur)
3451 3448 3537 3500 vel
3585 3447 3709 3501 alia,

2006 3537 2278 3608 quaelibet
2306 3536 2604 3590 immunda
2666 3535 3019 3606 dispergens,
3073 3540 3353 3607 quatenus
3396 3534 3695 3589 abomina-

2004 3625 2147 3680 tioni
2180 3620 2369 3695 potius
2417 3641 2590 3696 quam
2639 3624 3005 3679 delectationi
3054 3630 3220 3695 aptus
3267 3624 3535 3679 omnibus
3595 3624 3695 3695 qui

2007 3714 2324 3784 aspicerent
2347 3714 2501 3767 locus
2526 3717 2843 3784 appareret.

2074 3804 2139 3857 In
2167 3802 2422 3857 convalle.
2474 3802 2600 3872 (11).)
2649 3801 2820 3855 Vallis
2874 3803 3093 3854 Ennom
3137 3804 3222 3855 est
3261 3801 3425 3871 juxta
3465 3817 3697 3856 murum

2003 3891 2317 3946 Jerusalem
2350 3895 2549 3944 contra
2595 3889 2895 3955 orientem,
2929 3894 3055 3954 etc.,
3090 3904 3259 3957 usque
3283 3889 3357 3942 ad
3381 3890 3518 3960 quia
3546 3891 3697 3945 Tho-

2004 3978 2187 4050 pheth
2216 3977 2424 4032 dicitur
2443 3978 2703 4032 latitudo.

2078 4067 2241 4120 Vens.
2278 4069 2361 4120 ll.
2394 4094 2461 4105 -—
2492 4065 2759 4119 Abstulit.
2793 4063 2969 4133 (ΗΑΒ.)
2998 4061 3177 4117 Judaei
3198 4062 3699 4133 superstitionibus

2004 4155 2264 4226 gentium
2298 4169 2355 4208 se
2397 4153 2877 4223 mancipaverant,
2921 4151 3022 4222 qui
3068 4151 3218 4206 inter
3263 4155 3467 4206 cetera
3515 4153 3701 4207 solent

2001 4244 2241 4314 pingere
2267 4243 2355 4297 vel
2383 4242 2567 4296 facere
2596 4241 2965 4295 simulacrum
3015 4242 3148 4295 solis
3193 4246 3257 4296 ut
3301 4257 3547 4312 puerum
3590 4241 3699 4296 im-

1921 4355 1967 4409 ι)
2005 4334 2261 4396 berbem,
2316 4332 2450 4404 quia
2506 4332 2731 4386 nullum
2787 4347 2892 4402 per
2946 4332 3155 4387 sacula
3203 4331 3427 4386 senium
3477 4331 3698 4396 incidit,

2005 4421 2262 4494 quotidie
2293 4437 2441 4475 novo
2473 4426 2604 4474 ortu
2632 4424 2819 4474 natus.
2878 4421 2981 4475 Cui
3023 4436 3222 4475 currus
3270 4424 3327 4473 et
3373 4435 3549 4490 equos
3598 4420 3702 4473 tri-

2001 4512 2205 4573 buunt,
2238 4510 2374 4582 quia
2402 4525 2570 4563 curru
2601 4510 2772 4581 igneo
2803 4514 2860 4565 et
2882 4510 3043 4581 equis
3089 4508 3270 4580 igneis
3315 4508 3460 4562 Elias
3503 4512 3703 4578 raptus

2003 4604 2088 4655 est
2117 4599 2187 4653 ad
2216 4599 2442 4665 coelum,
2477 4598 2631 4669 quod
2685 4598 2837 4653 inter
2885 4599 2994 4653 alia
3040 4597 3101 4652 in
3149 4596 3366 4667 pariete
3410 4594 3701 4667 depictum

2001 4689 2214 4751 vident,
2251 4692 2306 4741 et
2338 4686 2544 4741 vicinia
2590 4688 2847 4742 nominis
2896 4686 3307 4758 decipiuntur:
3360 4685 3507 4740 Elios
3546 4683 3699 4738 enim

2005 4779 2194 4832 Graece
2224 4776 2306 4829 sol
2339 4775 2565 4830 dicitur.

2074 4864 2239 4917 Vens.
2275 4865 2360 4919 13.
2412 4895 2480 4903 -—
2529 4866 2775 4919 Emcelsa.
2828 4864 3023 4933 (ΗΑΒ.)
3070 4862 3214 4917 Dicit
3242 4861 3534 4932 Scriptura
3578 4860 3702 4915 loca

2003 4951 2062 5006 in
2092 4952 2335 5007 collibus
2364 4953 2551 5024 posita
2576 4952 2995 5014 frondentibus,
3030 4952 3089 5005 in
3122 4951 3330 5023 quibus
3359 4950 3444 5004 vel
3487 4950 3701 5005 daemo-

2002 5040 2174 5095 nibus
2215 5040 2632 5108 immolabant;
2700 5042 2786 5095 vel
2833 5040 3097 5107 Domino,
3158 5040 3411 5093 locorum
3459 5036 3698 5092 amoeni-

2004 5134 2118 5184 tate
2170 5130 2363 5197 illecti,
2415 5134 2615 5184 contra
2656 5129 3047 5199 interdictum,
3100 5128 3295 5183 relicto
3332 5127 3497 5181 altari
3542 5127 3696 5198 quod

2004 5223 2126 5273 erat
2181 5219 2241 5273 in
2296 5220 2531 5289 templo,
2585 5218 2722 5273 illuc
2768 5218 3017 5273 oblaturi
3079 5216 3490 5272 conﬂuebant:
3546 5215 3699 5271 unde

2003 5308 2209 5378 saepius
2237 5308 2297 5361 in
2324 5309 2431 5362 hoc
2476 5307 2624 5362 libro
2669 5308 2876 5362 dicitur
2926 5309 2994 5363 de
3046 5307 3280 5379 regibus
3334 5306 3523 5360 minus
3568 5321 3700 5376 per-

2002 5397 2161 5452 fectis
2194 5416 2205 5450 :
2240 5398 2648 5451 Verumtamen
2680 5398 2900 5451 excelsa
2925 5414 3041 5452 non
3070 5396 3323 5451 abstulit.

2075 5488 2201 5554 Quae
2245 5486 2629 5555 aediﬁcaverat.
2683 5486 2805 5555 (In)
2864 5486 2962 5540 Hic
3018 5486 3340 5541 ostenditur
3392 5484 3543 5557 quod
3602 5485 3701 5540 Sa-

2002 5575 2197 5630 lomon
2250 5575 2318 5629 de
2371 5575 2622 5630 admisso
2692 5576 3029 5632 idololatriae
3109 5576 3321 5631 scelere
3400 5589 3700 5645 nunquam
