3998 6178
306 276 408 327 627

936 271 1337 326 WALAFRIDI
1375 270 1617 326 STRABI
1658 270 1859 326 FULD.
1901 270 2062 326 MON.
2101 269 2251 327 OPP.
2297 269 2473 325 PARS
2510 270 2554 324 I.
2597 297 2666 307 -—-
2703 268 3159 325 THEOLOGICA.

3699 275 3793 327 6‘28

302 395 553 469 perfecto
599 393 913 466 pcenituit:
974 393 1021 447 si
1074 393 1227 448 enim
1280 409 1410 448 vere
1459 393 1841 465 pcenituisset,
1896 396 2009 447 sat-
2038 396 2077 449 Α
2148 409 2321 465 parvo
2350 397 2611 464 tempore
2640 392 2916 464 regnavit,
2968 408 3103 446 nam
3176 393 3400 447 Nechao
3426 393 3608 447 vinxit
3654 409 3793 461 eum,

304 484 517 555 egisset
546 486 679 537 ante
710 480 905 536 omnia
938 486 1000 535 ut
1028 481 1181 535 idola
1212 496 1338 551 quae
1368 480 1746 534 aediﬁcaverat
1774 479 1844 533 de
1882 478 2013 533 civi-

303 577 417 627 tate
460 572 848 626 tollerentur:
911 575 967 624 et
1023 587 1136 624 non
1192 570 1253 623 in
1301 569 1629 623 scandalum
1678 568 2009 635 stultorum,

304 676 429 732 quae
460 660 583 730 ipse
609 675 737 714 cum
795 664 943 712 esset
990 658 1447 728 sapientissimus
1495 673 1737 713 erronea
1778 657 2008 723 fecerat,

310 749 474 821 quasi
504 748 786 819 sapientia
813 749 1187 817 relinqueret.

375 842 447 894 Et
475 839 721 894 Chamos.
778 836 956 906 (Rau)
1011 836 1162 890 Alibi
1219 835 1429 906 legitur
1498 834 1651 906 quod
1713 832 2012 887 aediﬁcavit

306 926 572 981 Salomon
612 925 811 979 fanum
859 925 1104 978 Cbamos
1150 923 1209 977 in
1259 928 1477 988 monte,
1532 922 1632 993 qui
1678 926 1763 975 est
1811 926 2011 975 contra

303 1013 637 1069 Jerusalem.
671 1013 780 1067 Sed
811 1029 923 1066 non
952 1018 1032 1065 est
1081 1011 1472 1077 contrarium;
1518 1011 1653 1080 quia
1692 1027 1858 1064 mons
1905 1010 2008 1064 iste

306 1105 364 1158 in
394 1105 555 1157 tanta
586 1106 709 1155 erat
746 1101 1160 1170 urbisjvicinia,
1195 1106 1259 1155 ut
1315 1101 1387 1154 ad
1456 1100 1636 1170 ipsam
1697 1099 2003 1170 pertinere.

308 1191 609 1262 ipsamque
634 1190 919 1256 sordibus,
953 1206 1082 1261 qua:
1122 1190 1183 1244 in
1227 1206 1294 1243 eo
1343 1188 1821 1260 congerebantur,
1869 1203 2007 1241 con-

306 1280 488 1335 tamin
497 1296 590 1333 are
621 1280 930 1334 videretur.

380 1370 679 1437 Oﬁ’ensioni
726 1369 903 1423 Moab.
980 1367 1099 1438 (10.)
1175 1367 1332 1422 Idola
1405 1366 1672 1421 dicuntur
1745 1364 2003 1431 offensio,

309 1457 445 1528 quia
505 1458 589 1511 vel
648 1456 759 1510 illis
812 1456 1123 1511 offenditur
1184 1458 1350 1523 Deus,
1399 1456 1486 1509 vel
1529 1454 1903 1509 offensionem
1950 1460 2006 1509 et

307 1547 535 1601 ruinam
566 1545 683 1600 suis
716 1546 964 1600 afferunt
994 1544 1327 1600 cultoribus.

378 1638 538 1692 Vens.
572 1640 655 1691 l6.
683 1666 752 1676 —
784 1638 930 1691 Tulit
984 1651 1125 1699 ossa,
1177 1639 1284 1689 etc.
1341 1633 1520 1688 Josias
1571 1648 1700 1686 ossa
1748 1635 2001 1686 mortuo-

309 1741 440 1780 rum
470 1723 711 1779 cremari
742 1741 916 1795 super
954 1725 1131 1777 altare
1174 1722 1361 1794 jussit,
1409 1721 1545 1793 quia
1600 1721 1844 1792 profana
1878 1720 2005 1774 fue-

308 1818 447 1868 runt
498 1828 700 1867 eorum
755 1811 1050 1878 sacriﬁcia,
1100 1816 1157 1865 et
1209 1827 1316 1882 per
1372 1826 1629 1865 errorem
1672 1809 2007 1865 idololatriae

309 1919 427 1958 non
458 1902 644 1955 solum
675 1917 885 1971 pecora
912 1899 1273 1954 daamonibus
1301 1899 1638 1967 offerebant,
1687 1899 1779 1953 sed
1808 1902 1865 1952 et
1911 1913 1998 1951 se-

310 1992 464 2062 ipsos
515 1991 575 2043 iu
617 1993 953 2059 potestatem
994 1988 1321 2043 daemonum
1389 1988 1751 2042 tradiderunt
1789 2004 1801 2041 :
1874 1986 2010 2057 quia

307 2083 461 2152 justo
496 2080 592 2134 Dei
617 2078 837 2150 judicio
870 2078 1044 2133 simul
1072 2094 1202 2131 cum
1228 2076 1394 2131 altari
1429 2077 1582 2148 quod
1622 2075 1793 2130 idolis
1835 2074 2009 2129 fabri-

316 2172 602 2233 caverant,
639 2167 951 2237 dissipandi
981 2172 1165 2222 erant.
1198 2166 1446 2237 Mystice,
1480 2164 1581 2235 qui
1631 2164 1845 2219 diaboli
1894 2178 2011 2217 ser-

314 2257 450 2312 vitio
507 2256 838 2326 mancipati,
898 2256 1071 2309 vitam
1116 2254 1451 2325 sacrilegam
1490 2252 1886 2324 temporaliter
1942 2251 2011 2305 ﬁ-

316 2345 503 2413 niunt,
550 2344 781 2399 aeternis
827 2343 1173 2398 cruciatibus
1220 2346 1647 2410 consumentur,
1697 2342 1812 2395 Deo
1854 2339 2014 2394 retri-

315 2435 527 2490 buente
560 2432 875 2487 secundum
903 2431 1130 2486 merita.

387 2524 547 2576 Vsus.
603 2525 692 2576 2t.
753 2552 822 2561 —
878 2522 1059 2575 Facite
1108 2521 1300 2589 phase.
1355 2517 1540 2588 (ΗΑΒ.)
1573 2516 1754 2572 Josias
1810 2520 2012 2586 typum

314 2614 472 2666 tenet
500 2609 828 2675 Salvatoris,
854 2614 983 2675 etc.,
1013 2624 1183 2677 usque
1232 2608 1349 2663 ad:
1408 2612 1460 2662 et
1501 2609 1705 2662 orietur
1746 2605 1896 2660 vobis
1943 2607 2016 2659 ti-

316 2700 583 2755 mentibus
613 2700 693 2754 sol
713 2700 975 2768 justitiae.

385 2788 493 2842 Nec
527 2788 667 2841 enim
697 2788 907 2853 factum
936 2790 1020 2841 est
1056 2786 1224 2856 phase
1266 2786 1398 2853 tale,
1444 2788 1549 2839 etc.
1601 2783 1759 2848 Quia,
1812 2781 2014 2836 ablatis

316 2874 517 2946 ﬁguris
550 2875 609 2929 in
641 2875 732 2930 die
755 2874 983 2946 judicii,
1014 2874 1338 2929 transibunt
1377 2872 1557 2928 sancti
1600 2873 1669 2927 de
1714 2876 1895 2926 morte
1944 2870 2011 2925 ad

2122 499 2189 537 eo
2238 482 2391 553 quod
2433 483 2684 553 populus
2728 486 2925 536 contra
2974 498 3137 536 suam
3190 483 3550 536 voluntatum
3603 484 3796 537 consti-

2120 571 2321 627 tuisset
2351 586 2483 625 eum
2512 586 2726 641 regem.
2764 574 2821 622 et
2848 569 3011 624 duxit
3026 569 3187 623 illum
3214 570 3273 623 in
3302 572 3632 641 zEgyptum.

2190 660 2310 731 (10.)
2365 659 2604 713 Joachaz
2655 662 2905 712 retentus
2958 659 3244 730 signiﬁcat
3300 659 3481 713 malos
3535 660 3798 727 doctores,

2120 763 2264 818 quos
2293 749 2543 819 populus
2572 754 2761 815 terrae,
2808 748 3021 804 scilicet
3067 754 3308 803 terrenas
3359 748 3661 819 cupiditati
3712 748 3799 803 de-

2120 835 2245 901 diti,
2279 835 2703 891 consentientes
2740 836 2892 890 vitiis
2936 837 3054 891 suis
3081 838 3347 908 pralatos
3395 838 3640 908 eligunt,
3671 852 3799 906 quos

2119 925 2332 995 pharao
2367 924 2424 978 in
2455 924 2632 979 Rebla
2675 923 2871 978 vinxit'
2903 941 3034 980 cum
3086 925 3347 980 diabolus
3400 942 3505 996 per
3557 923 3801 979 multitu-

2118 1012 2313 1067 dinem
2344 1013 2699 1067 adulatorem
2742 1028 3018 1066 enervans
3077 1013 3289 1083 decipit
3318 1013 3489 1067 corda
3550 1012 3800 1083 praelato-

2118 1118 2266 1165 rum,
2320 1101 2513 1173 sicque
2564 1102 2622 1155 in
2677 1101 2990 1172 spiritualis
3039 1102 3271 1173 Egypti
3314 1102 3537 1155 vinctos
3603 1099 3803 1155 catenis

2117 1194 2482 1259 peccatorum
2514 1188 2879 1243 tenebrosam
2912 1190 3124 1261 mergit
3148 1190 3438 1260 abyssum.

2188 1279 2358 1333 Vsus.
2377 1282 2462 1334 35.
2478 1310 2546 1317 —
2560 1280 2863 1346 Argentum
2889 1284 3069 1333 autem
3083 1284 3131 1333 et
3152 1296 3349 1333 aurum
3369 1278 3545 1345 dedit,
3570 1280 3675 1330 etc.
3692 1274 3801 1347 (10.)

2114 1365 2390 1436 Malignus
2422 1383 2655 1421 censum
2686 1366 2903 1421 servitii
2934 1367 3022 1421 sui
3057 1369 3270 1438 populo
3314 1366 3535 1422 carnali
3580 1364 3801 1437 expetit,

2115 1460 2180 1509 ut
2224 1461 2342 1511 tam
2381 1472 2551 1510 sensu
2590 1472 2764 1527 quam
2810 1456 3064 1527 eloquio,
3115 1458 3342 1528 ejusper
3375 1456 3576 1512 omnia
3624 1453 3794 1526 parati

2115 1543 2225 1600 sint
2254 1544 2546 1614 obsequio.
2574 1544 2831 1599 Joachim
2860 1549 3147 1615 praecepto
3178 1545 3328 1615 regis
3358 1562 3598 1600 censum
3621 1542 3800 1612 exigit,

2116 1634 2251 1705 quia
2282 1631 2542 1687 diabolus
2570 1647 2675 1701 per
2700 1632 2809 1686 sibi
2834 1632 3055 1687 deditos
3085 1632 3409 1703 magistros,
3450 1633 3523 1687 ab
3558 1650 3804 1705 unoquo-

2120 1736 2232 1792 que
2263 1720 2433 1791 exigit
2461 1720 2777 1775 secundum
2823 1721 2969 1775 vires
3000 1738 3131 1776 suas
3187 1723 3399 1793 peccati
3429 1738 3671 1778 censum
3702 1726 3804 1779 sol-

2122 1825 2271 1877 vere,
2299 1809 2491 1881 sicque
2520 1809 2582 1864 in
2613 1810 2879 1879 nequiter
2916 1810 3168 1881 prmlatis
3218 1810 3474 1883 quotidie
3532 1817 3811 1883 praeparat

2120 1896 2504 1967 perditionem
2534 1898 2819 1969 subjectis.

2749 2046 2970 2101 CAPUT
3009 2046 3183 2100 XXIV.

2193 2170 2359 2240 (Ras)
2432 2170 2575 2225 Cum
2650 2171 2826 2225 semel
2877 2170 3003 2241 quis
3068 2170 3308 2242 quilibet
3383 2186 3442 2225 se
3488 2173 3645 2227 maci
3675 2175 3812 2243 parit

2120 2257 2279 2323 vitio,
2314 2262 2444 2327 etc.,
2482 2274 2651 2327 usque
2692 2258 2765 2313 ad
2796 2263 2852 2313 et
2897 2258 3247 2329 adjutorium
3285 2274 3318 2311 a
3358 2258 3470 2312 Deo
3523 2258 3802 2330 imploret.

2193 2346 2380 2417 (ΗΑΒ.)
2445 2348 2605 2401 Hunc
2675 2346 2824 2400 refer
2892 2347 3177 2416 Josephus
3230 2346 3812 2404 aNabuchodonosor

2121 2433 2508 2501 interfectum,
2541 2438 2598 2488 et
2626 2439 2758 2488 ante
2806 2451 2999 2488 muros
3028 2434 3341 2488 Jerusalem
3397 2434 3719 2505 projectum
3763 2441 3813 2491 et

2124 2523 2498 2593 insepultum,
2563 2523 2633 2576 de
2693 2540 2805 2595 quo
2861 2523 3200 2593 pradictum
3250 2522 3471 2578 fuerat:
3529 2524 3812 2592 Sepultum

2123 2613 2270 2665 asini
2296 2612 2579 2681 sepelietur
2607 2612 2738 2683 (Jer.
2767 2613 2915 2681 χχιι).

2196 2700 2471 2766 Regnavit
2495 2716 2597 2769 que
2651 2700 2924 2765 Jcachim,
2976 2704 3081 2754 etc.
3131 2699 3247 2769 (10.)
3292 2699 3517 2753 Nomen
3560 2701 3811 2756 Joacbim

2127 2787 2292 2841 aliter
2312 2786 2575 2842 scribitur
2602 2788 2665 2842 in
2691 2788 3085 2859 designatione
3113 2786 3311 2856 patris,
3342 2786 3442 2856 qui
3472 2793 3533 2841 et
3555 2788 3805 2842 Eliacim:

2126 2877 2294 2931 aliter
2323 2892 2453 2930 cum
2482 2876 2636 2931 ﬁlius
2667 2877 3040 2947 signiﬁcatur,
3091 2876 3190 2947 qui
3249 2882 3303 2928 et
3327 2876 3654 2944 Jecbonias,
3690 2893 3814 2930 nam

318 2964 514 3030 vitam,
543 2964 739 3035 sicque
770 2964 828 3018 in
863 2968 1168 3034 conspectu
1199 2961 1508 3017 conditoris
1540 2960 1628 3015 sui
1657 2960 2008 3032 gaudebunt,
2047 2962 2087 3018 C
2125 2982 2254 3020 cum
2287 2970 2509 3037 patrem
2540 2966 2729 3037 signat
2755 2983 2859 3037 per
2889 2969 2920 3021 k
2950 2972 3006 3021 et
3032 2983 3086 3021 m
3116 2965 3409 3021 scribitur:
3436 2982 3572 3020 cum
3602 2982 3732 3020 vero
3754 2964 3815 3018 ﬁ-

318 3055 455 3123 quia'
478 3052 751 3107 videbitur
779 3055 919 3108 Deus
948 3056 1176 3107 Deorum
1204 3054 1263 3105 in
1290 3052 1441 3106 Sion.

390 3141 589 3211 (ΗΑΒ.)
621 3141 781 3205 Quod
807 3141 1002 3207 Josias,
1042 3140 1235 3211 ejectis
1272 3139 1438 3193 idolis
1476 3138 1545 3192 de
1593 3142 1766 3204 terra,
1798 3136 2011 3207 pytho-

317 3229 510 3296 nibus,
543 3229 731 3283 ariolis
762 3233 819 3282 et
848 3228 1115 3283 omnibus
1144 3225 1546 3290 immunditiis,
1581 3223 1811 3278 Domini
1840 3223 2015 3293 phase

319 3317 637 3371 celebrasse
684 3315 917 3387 legitur,
966 3314 1263 3369 moraliter
1300 3314 1464 3368 docet
1506 3317 1572 3367 ut
1628 3313 1814 3383 primo
1875 3325 2014 3381 pur-

320 3420 525 3478 gemus
554 3408 765 3458 terram
805 3402 993 3457 cordis
1042 3419 1073 3455 a
1127 3401 1300 3467 vitiis,
1359 3405 1423 3455 ut
1470 3400 1678 3454 servire
1728 3398 2018 3469 possimus

321 3495 461 3558 Deo,
515 3492 707 3563 sicque
762 3495 993 3562 gratum
1043 3489 1284 3543 Domino
1344 3488 1699 3543 celebremus
1760 3486 2014 3557 pascha:

320 3584 443 3639 Non
492 3583 679 3650 utique
727 3582 785 3633 in
835 3581 1096 3646 fermento
1148 3579 1373 3631 malitiae
1403 3581 1452 3630 et
1494 3578 1769 3645 nequitia,
1825 3575 1919 3630 sed
1960 3576 2020 3629 in

323 3670 532 3737 azymis
565 3669 894 3723 sinceritatis
919 3673 967 3721 et
994 3667 1242 3720 veritatis
1274 3665 1319 3736 (Ι
1343 3665 1461 3720 Cor.
1486 3662 1565 3733 v).

398 3757 522 3829 (10.)
588 3756 768 3811 Josias
825 3756 1158 3809 vulneratus
1219 3758 1303 3807 est
1354 3753 1414 3806 in
1459 3768 1661 3823 campo
1719 3750 2012 3822 Mageddo,

327 3846 478 3901 unde
509 3849 565 3900 et
591 3844 784 3899 statim
812 3848 1075 3898 mortuus
1105 3846 1207 3896 est.
1258 3840 1540 3911 Duxitque
1593 3856 1725 3894 eum
1772 3840 2021 3909 populus

324 3935 595 4002 multum,
644 3932 919 3987 Jeremias
966 3932 1234 3986 maxime.
1282 3931 1439 3984 Tunc
1476 3929 1640 3984 (enim
1690 3928 1900 3983 dicitur
1944 3928 2023 3982 ita

322 4024 706 4079 lamentasse:
765 4021 1064 4086 Quomodo
1124 4019 1282 4074 sedet
1330 4019 1450 4072 sola
1495 4017 1731 4072 civitas!
1783 4018 1861 4072 De
1919 4016 2025 4070 hoc

325 4112 557 4183 planctu
578 4109 803 4165 dicitur.
836 4111 906 4163 Et
935 4109 1043 4163 erit
1071 4108 1331 4178 planctus
1389 4106 1449 4159 in
1490 4107 1824 4171 Jerusalem,
1882 4104 2028 4159 sicut

323 4203 586 4273 planctus
614 4199 922 4263 Adremon,
959 4197 1114 4268 quod
1146 4211 1357 4250 nomen
1392 4200 1477 4249 est
1520 4194 1692 4265 regis,
1724 4193 1847 4265 (qui
1891 4198 2027 4247 tunc

2125 3055 2265 3109 lium
2296 3070 2398 3125 per
2430 3056 2494 3109 ch
2525 3059 2579 3107 et
2608 3070 2645 3108 n
2673 3054 2958 3108 scribitur.

2197 3144 2373 3197 Vsas.
2415 3146 2468 3197 8.
2526 3143 2929 3197 —Jerusalem
2988 3142 3157 3210 (Bsns
3205 3141 3264 3194 in
3294 3141 3387 3195 lib.
3419 3144 3575 3210 Reg.,
3637 3146 3814 3211 quaest.

2125 3233 2213 3298 30,
2264 3234 2403 3284 tom.
2455 3230 2547 3299 II.)
2587 3229 2901 3284 Jerusalem
2952 3233 3008 3283 et
3057 3233 3206 3282 terra
3237 3228 3429 3293 Israel,
3476 3233 3611 3284 etc..
3662 3244 3821 3297 usque

2127 3318 2201 3372 ad
2226 3317 2282 3372 id
2328 3323 2430 3385 est,
2475 3316 2711 3371 scientia
2757 3316 3074 3387 spiritualis
3120 3317 3194 3370 ad
3236 3319 3606 3386 peccatorum
3654 3332 3819 3387 opera

2128 3405 2500 3461 convertitur.

2204 3497 2372 3550 Vsus.
2409 3495 2494 3549 14.
2549 3525 2619 3537 -
2671 3496 2800 3565 (10.,
2838 3494 3002 3563 ibid.)
3048 3494 3335 3563 Artiﬁcem
3380 3500 3429 3548 et
3475 3496 3814 3557 inclusorem,

2127 3584 2375 3653 nihilque
2392 3585 2637 3638 relictum
2675 3588 2771 3650 est,
2807 3585 3044 3653 exceptis
3068 3583 3404 3652 pauperibus
3420 3585 3621 3653 populi
3651 3588 3815 3638 terra.

2132 3672 2291 3740 (Ras.
2323 3687 2392 3726 ex
2424 3672 2581 3738 Bed.,
2614 3673 2766 3737 ibid.)
2796 3672 2960 3737 Quod
2993 3688 3165 3742 supra
3212 3672 3427 3741 populo
3484 3672 3661 3725 Israel
3690 3671 3817 3725 Phi-

2130 3758 2370 3813 listhiim
2417 3764 2720 3829 regnantes
2762 3760 2962 3814 fecisse
3012 3764 3339 3825 narrantur,
3392 3774 3525 3813 cum
3583 3759 3818 3813 dicitur:

2129 3849 2300 3902 Faber
2327 3848 2592 3918 ferrarius
2624 3865 2728 3903 non
2748 3846 3123 3903 inveniebatur
3153 3851 3225 3902 im
3254 3849 3401 3903 omni
3440 3853 3593 3903 terra
3639 3849 3819 3913 Israel,

2132 3940 2385 3990 caverant
2420 3940 2563 3990 enim
2607 3936 2963 4002 Philisthiim,
3012 3952 3079 3991 ne
3125 3937 3268 4001 forte
3310 3936 3558 4001 facerent
3612 3934 3818 3991 Hebraei

2134 4024 2380 4092 gladium
2420 4030 2517 4079 aut
2546 4025 2787 4079 lanceam
2816 4030 2890 4079 ad
2935 4023 3349 4095 repugnandum
3402 4026 3459 4094 (Ι
3488 4025 3631 4093 Reg.
3683 4026 3821 4093 xm),

2134 4112 2211 4164 ita
2242 4126 2393 4164 nunc
2419 4110 2669 4165 Chaldaei
2698 4116 2983 4182 satagunt,
3018 4116 3082 4165 ut
3101 4111 3294 4165 nullus
3336 4112 3397 4165 in
3425 4128 3494 4166 ea
3536 4115 3826 4166 remaneat

2135 4197 2337 4253 artifex
2362 4202 2419 4251 et
2446 4198 2716 4265 inclusor,
2758 4197 2857 4269 qui
2896 4198 3086 4252 diruta
3129 4196 3290 4252 urbis
3335 4198 3549 4252 moenia
3593 4213 3820 4268 compo-

326 4289 601 4360 regnabat
632 4287 692 4340 in
725 4284 1110 4350 Charchamis,
1145 4284 1204 4337 in
1235 4283 1395 4352 cujus
1428 4282 1706 4336 auxilium
1735 4280 1917 4336 Josias
1946 4298 2031 4335 ve-
2055 4302 2097 4355 ι)
2137 4302 2272 4340 nere
2302 4285 2481 4355 possit
2508 4286 2594 4339 vel
2625 4286 2918 4341 resarcire.

326 4381 494 4432 nerat
522 4375 793 4430 adversus
826 4374 1049 4428 Necbao
1080 4387 1275 4442 regem
1300 4370 1547 4441 Egypti.

399 4464 524 4536 (10.)
562 4462 888 4518 Interfectio
934 4460 1098 4516 Josias
1146 4478 1178 4514 a
1221 4459 1517 4513 Pharaone
1565 4456 1812 4525 Nechao,
1882 4457 2031 4512 facta

327 4554 389 4608 in
417 4552 714 4623 Mageddo,
748 4549 1031 4622 signiﬁcat
1076 4547 1533 4620 persecutionem
1582 4545 1806 4616 antiqui
1852 4545 2030 4600 hostis

328 4642 595 4698 adversus
626 4639 1051 4710 praedicatores,
1102 4652 1247 4708 quos
1285 4652 1388 4705 per
1434 4634 1708 4688 invidiam
1750 4634 1877 4688 neci
1920 4640 2031 4689 tra-

329 4730 463 4785 dere
493 4728 748 4797 molitur,
780 4731 836 4782 et
864 4726 1087 4781 auferre
1129 4724 1198 4779 de
1239 4728 1392 4778 terra
1441 4722 1697 4777 Ecclesiae
1745 4726 2025 4778 conatur:

330 4823 615 4889 quatenus
659 4815 880 4871 facilius
952 4819 1131 4869 totam
1202 4812 1427 4885 plebem
1490 4810 1764 4881 dissipare
1828 4811 2027 4880 possit.

329 4908 549 4962 Pharao
594 4904 895 4976 dissipans,
952 4905 1179 4959 Nechao
1240 4900 1551 4973 percussio,
1616 4899 1890 4970 Mageddo
1960 4900 2029 4955 de

328 4993 662 5049 tentatione.
722 4992 1036 5047 Permissus
1090 4991 1305 5063 quippe
1352 4989 1613 5044 diabolus
1679 5004 2029 5058 consurgere

331 5083 599 5137 adversus
624 5086 866 5147 sanctos,
914 5081 1007 5136 hic
1055 5081 1190 5136 totis
1236 5078 1452 5133 viribus
1500 5082 1697 5147 certat,
1748 5081 2031 5148 quatenus

332 5170 608 5225 tentando
640 5186 876 5241 gregem
909 5169 1139 5225 Domini
1164 5167 1492 5241 percutiens
1521 5166 1779 5237 dissipet,
1812 5181 2026 5237 eosque

331 5258 587 5329 primum
616 5259 837 5313 auferat
862 5274 1111 5329 quorum
1142 5258 1343 5313 solatio
1375 5256 1555 5329 adjuti
1586 5259 1782 5311 contra
1805 5255 2030 5311 hostem

333 5346 608 5403 dimicare
637 5346 971 5401 debuerant.

406 5436 568 5490 Vsas.
602 5437 689 5489 30.
723 5464 790 5474 -—
834 5434 1083 5489 Joachaz
1121 5436 1304 5503 ﬁlium
1346 5436 1537 5492 Josiz.
1587 5433 1718 5505 (10.)
1748 5431 1874 5489 Alio
1922 5448 2028 5488 no-

334 5521 491 5579 mine
531 5520 746 5577 Sellum
780 5520 1011 5590 dicitur,
1059 5523 1157 5577 sed
1216 5523 1351 5595 quia
1387 5522 1846 5595 perversissimus
1893 5520 2027 5592 fuit,

2210 4376 2395 4445 (ΗΑΒ.)
2453 4376 2583 4431 Mali
2639 4381 2772 4430 sunt
2812 4380 3079 4439 rectores,
3140 4374 3241 4446 qui
3298 4390 3541 4429 munere
3586 4379 3645 4430 et
3680 4376 3822 4431 dono

2141 4465 2334 4520 divino
2368 4466 2705 4532 abutuntur,
2737 4470 2794 4519 et
2831 4464 2973 4519 falso
3007 4464 3115 4519 sibi
3144 4479 3356 4519 nomen
3383 4464 3628 4535 justitias
3669 4481 3823 4519 usur-

2140 4559 2297 4625 pant.
2326 4553 2663 4610 Matthathia
2700 4552 2788 4607 vel
2847 4552 3188 4607 Matthanias
3240 4552 3393 4606 enim
3422 4552 3826 4624 interpretatur

2140 4658 2352 4697 munus
2381 4642 2496 4697 sive
2536 4642 2790 4696 donum:
2838 4641 3099 4696 Sedecias
3135 4641 3323 4712 justus
3372 4641 3671 4696 Dominus.
3729 4642 3825 4695 Un-

2140 4730 2325 4785 decim
2382 4730 2547 4785 annis
2594 4729 2875 4801 regnavit,
2926 4729 3063 4801 quia
3101 4733 3491 4799 transgressor
3536 4728 3683 4800 legis
3729 4724 3827 4780 fuit

2141 4818 2270 4891 quas
2302 4819 2658 4889 signiﬁcatur
2698 4818 2954 4885 denario,
2997 4832 3259 4872 numero.
3308 4815 3665 4870 Novenarius
3712 4812 3823 4885 qui,

2140 4907 2330 4962 minus
2354 4908 2528 4962 habet
2553 4907 2789 4962 denario
2810 4906 3345 4977 imperfectionnem
3366 4903 3511 4974 legis
3532 4902 3823 4975 signiﬁcat,

2140 4995 2285 5050 sicut
2313 4994 2661 5051 undenarius
2707 4993 3240 5066 transgressionem.
3296 4993 3468 5046 Recte
3535 5007 3675 5062 ergo
3725 4990 3824 5044 Na-

2138 5079 2574 5135 buchodonosor
2602 5079 2662 5134 in
2713 5095 2868 5134 nono
2925 5094 3075 5133 anno
3114 5076 3281 5148 regni
3330 5075 3577 5132 Sedeciaa
3618 5071 3825 5130 obsedit

2139 5167 2426 5224 civitatem
2453 5184 2651 5223 mense
2681 5166 2926 5231 decimo,
2974 5171 3032 5222 et
3060 5166 3283 5221 decima
3312 5166 3404 5220 die
3427 5164 3671 5220 mensis:
3701 5161 3822 5234 quia

2138 5258 2278 5311 mali
2307 5265 2579 5330 pastores,
2614 5274 2744 5313 cum
2778 5256 3032 5328 decalogi
3072 5257 3359 5321 mandata,
3414 5270 3544 5325 qua:
3600 5249 3823 5306 scientia

2143 5352 2355 5413 tenent,
2402 5362 2575 5416 opere
2610 5350 2665 5399 et
2714 5344 2973 5399 doctrina
3002 5342 3276 5414 perﬁcere
3344 5341 3662 5413 negligunt,
3727 5352 3818 5392 ne-

2139 5450 2291 5488 cesse
2325 5438 2409 5488 est
2433 5438 2496 5489 ut
2533 5434 2760 5506 plebem
2789 5433 2897 5489 sibi
2924 5432 3285 5488 commissam
3329 5431 3598 5503 antiquus
3654 5425 3818 5482 hostis

2138 5536 2270 5575 cum
2299 5537 2401 5575 suo
2428 5520 2679 5577 exercitu
2724 5520 3021 5576 obsidione
3050 5519 3378 5583 circumdet.
3432 5524 3491 5573 et
3514 5513 3815 5572 munitione
