3998 6178
189 287 289 338 6'29

1293 286 1551 343 GLOSSA
1579 288 1984 345 0RDINARIA.
2028 320 2092 329 —
2134 290 2264 346 LIB.
2306 289 2329 343 Ι
2369 291 2615 347 ΡΑΒΑΙ..

3601 299 3706 351 630

183 404 398 459 erroris
429 422 495 461 ac
513 405 784 462 vitiorum
809 411 1138 463 constructa
1167 409 1413 476 claudat,
1449 411 1713 467 vallaudo
1745 412 1887 466 civi-
1915 416 1962 468 Α
2001 414 2173 470 dotem
2199 418 2462 485 primum,
2509 431 2638 469 cum
2672 416 2926 486 primum
2958 417 3220 472 Ecclesia
3256 418 3540 486 ordinem,
3599 421 3700 492 qui

181 497 415 549 tatem:
478 495 672 567 sicque
723 496 904 551 fames
945 497 1005 551 in
1057 497 1286 553 civitate
1340 501 1667 568 praevaleat,
1709 502 1890 556 fames

189 580 392 653 utique
425 583 584 638 verbi
609 583 708 639 Dei
736 600 868 640 cum
901 602 1019 640 non
1049 587 1392 657 expenditur
1418 588 1583 659 panis
1613 590 1887 645 doctrinae

180 673 403 742 populo
428 677 614 728 terra.

831 799 1057 853 CAPUT
1097 800 1250 855 XXV.

255 939 422 992 Vens.
458 939 508 992 4.
545 970 612 978 -—-
644 943 713 995 Et
744 941 1051 1010 interrupta
1080 946 1178 1007 est,
1211 945 1318 996 etc.
1348 942 1534 1012 (ΗΑΒ.)
1566 944 1894 1015 Interrupta

181 1035 428 1107 quidem
483 1052 588 1106 per
633 1037 978 1092 tentationes
1034 1038 1218 1092 varias
1251 1039 1578 1094 dmmonum
1637 1042 1892 1096 custodia

181 1125 561 1196 populorum,
614 1131 759 1194 etc.,
816 1143 984 1196 usque
1035 1128 1108 1180 ad
1141 1127 1241 1198 qui
1297 1144 1472 1198 pravo
1529 1145 1634 1183 usu
1680 1135 1736 1184 et
1779 1130 1889 1184 ini-

183 1214 431 1285 quitatis
463 1231 582 1268 suae
613 1215 985 1269 multitudine
1016 1221 1302 1287 gravatur.

257 1306 423 1359 Vens.
478 1309 528 1359 8.
581 1335 650 1345 —
690 1307 867 1360 Mense
905 1308 1111 1374 quinto.
1176 1306 1362 1374 (ΗΑΒ.)
1423 1306 1700 1376 Congruit
1747 1311 1891 1360 tem-

181 1393 347 1462 poris
390 1393 528 1448 ordo
562 1409 692 1447 cum
739 1393 960 1447 ratione
1004 1393 1282 1448 vindictae.
1336 1395 1523 1449 Mense
1556 1395 1759 1466 quinta
1790 1413 1892 1449 va-

187 1486 340 1535 stata
373 1487 459 1535 est
499 1480 711 1547 civitas,
774 1497 903 1552 quae
962 1483 1412 1536 Peutateuchum
1467 1483 1609 1553 legis
1667 1500 1892 1538 servare

184 1569 475 1640 despexit,
534 1574 591 1622 et
628 1568 872 1639 septima
929 1568 1022 1623 die
1059 1570 1291 1636 mensis,
1336 1571 1472 1641 quia
1529 1572 1753 1626 sabbati
1799 1589 1890 1626 re-

183 1659 387 1730 quiem
443 1674 560 1712 nou
617 1659 939 1724 custodivit,
997 1663 1053 1712 et
1110 1660 1397 1714 contraria
1431 1661 1730 1731 praeceptis
1791 1661 1892 1716 Dei
1923 1701 1964 1754 Β

184 1749 325 1819 egit,
389 1748 598 1801 frustra
650 1747 757 1801 sibi
821 1747 1119 1802 blandiens
1172 1749 1243 1804 de
1294 1750 1597 1804 securitate
1643 1766 1748 1821 pro
1770 1767 1891 1805 san-

189 1842 418 1890 ctorum
451 1836 710 1890 locorum
733 1835 1105 1891 habitatione.

258 1924 392 1992 llo.)
422 1927 579 1980 Venit
635 1924 1030 1990 Nabuzardan,
1081 1924 1180 1996 qui
1237 1924 1650 1996 interpretatur
1707 1926 1889 1980 venti-

183 2013 437 2078 labrum,
464 2013 578 2066 sive
640 2013 942 2084 prophetia
970 2014 1145 2068 alieni
1169 2013 1394 2084 judicii,
1443 2020 1574 2080 etc.,
1615 2031 1786 2084 usque
1815 2016 1888 2070 ad

183 2103 282 2157 sed
317 2102 498 2172 spina
532 2102 714 2172 magis
744 2107 801 2156 et
826 2102 1022 2156 tribuli
1054 2102 1323 2156 vitiorum
1359 2109 1706 2158 excrescant.

254 2191 419 2245 Vens.
513 2193 592 2244 l3.
655 2221 724 2229 —
786 2190 1074 2246 Columnas
1121 2195 1300 2244 autem
1353 2206 1520 2245 aereas
1579 2207 1717 2260 qua,
1777 2195 1884 2246 etc.

185 2280 315 2348 (ῐυ.)
354 2280 420 2332 Et
474 2279 638 2333 bases
683 2279 1063 2348 intelligimus
1105 2279 1385 2344 doctores,
1420 2279 1520 2350 qui
1571 2279 1888 2333 sonoritate

185 2367 620 2438 praedicationis
649 2373 706 2422 et
743 2367 878 2422 ﬁdei
909 2367 1177 2422 ﬁrmitate
1209 2368 1532 2422 debuerunt
1561 2368 1702 2422 alios
1765 2385 1886 2421 sus-

187 2463 434 2512 tentare.
470 2459 617 2512 Mare
675 2473 899 2511 aeneum
937 2457 1211 2528 baptismi
1242 2458 1532 2511 lavacrum
1588 2459 1677 2512 vel
1734 2473 1888 2512 com-

185 2546 563 2616 punctionem
623 2547 1026 2616 lacrymarum.
1065 2547 1188 2600 Haec
1218 2546 1448 2617 quidem
1484 2546 1677 2600 omnia
1727 2546 1890 2600 Chal-

185 2635 293 2689 daei
344 2635 673 2705 spirituales
732 2650 834 2705 per
888 2634 1160 2689 inertiam
1216 2635 1645 2705 magistrorum,
1704 2640 1759 2688 et
1819 2635 1889 2689 de

191 2725 366 2779 domo
389 2723 620 2778 Domini
652 2723 876 2777 auferre
909 2723 1188 2786 nituntur,
1227 2728 1284 2776 et
1313 2723 1691 2793 confringere.

259 2815 434 2867 Vens.
477 2813 558 2866 14.
595 2843 660 2852 —-
692 2813 838 2867 Ollas
883 2827 1109 2881 quoque.
1137 2812 1265 2882 (11).)
1297 2811 1440 2876 Quia
1487 2812 1707 2866 diversa
1759 2811 1887 2865 ofti-

191 2900 277 2954 cia
331 2899 393 2952 in
448 2899 841 2954 ecclesiasticis
871 2899 1169 2954 ordinibus
1223 2899 1292 2953 de
1327 2899 1428 2954 Dei
1466 2901 1696 2954 servitio
1734 2900 1889 2954 aufe—

187 2993 383 3043 rentes
414 2988 474 3041 in
508 3004 677 3042 suum
709 3005 877 3042 usum
906 2988 1326 3059 nequissimum
1364 2993 1678 3042 verterunt.

259 3079 436 3130 Vens.
473 3080 552 3130 l5.
586 3108 651 3115 —
688 3077 991 3132 Thuribula
1022 3083 1071 3132 et
1112 3078 1358 3148 phialas.
1400 3078 1541 3132 Cum
1573 3076 1892 3131 orationem

186 3166 326 3236 quia
352 3165 627 3219 divinitas
657 3165 869 3234 placari
916 3165 1125 3236 potuit,
1171 3171 1225 3219 et
1266 3166 1538 3235 poculum
1577 3166 1735 3220 verbi
1778 3182 1893 3237 quo

187 3254 322 3311 lassi
349 3254 655 3308 refocillari
678 3254 994 3308 debuerant
1013 3254 1380 3323 impediendo
1423 3256 1783 3309 subvertunt.

223 3343 390 3414 Δ(11).)
425 3343 571 3407 Quia
606 3346 722 3396 tam
781 3359 1012 3397 sensum
1064 3343 1405 3414 pretiosum,
1453 3360 1627 3413 quam
1677 3342 1895 3413 eloquii

187 3436 575 3497 venustatem,
613 3431 794 3486 hostis
815 3447 1064 3503 nequam
1093 3433 1162 3486 de
1211 3432 1380 3486 domo
1411 3432 1643 3486 Domini
1672 3431 1894 3486 auferre

187 3521 432 3575 molitur
453 3525 510 3576 et
539 3537 731 3575 secum
763 3522 822 3574 in
853 3521 1243 3575 confusionem
1275 3521 1500 3575 ducere.

259 3612 431 3665 Vsus.
470 3612 554 3664 18.
605 3639 674 3650 —
710 3611 854 3664 Tulit
884 3626 1114 3679 quoque.
1168 3609 1292 3680 (11).)
1327 3611 1450 3664 Non
1491 3609 1679 3663 solum
1710 3625 1894 3679 popu-

2004 504 2062 558 in
2096 504 2380 575 episcopis
2407 509 2521 574 est,
2556 521 2750 559 amore
2794 506 3103 577 voluptatis
3134 512 3378 561 terrenas
3428 509 3703 563 vitiorum

2005 597 2208 648 catena
2261 594 2631 664 constringit.
2688 594 2964 648 Similiter
3013 597 3362 665 Sophoniam,
3397 596 3497 667 qui
3519 598 3703 651 inter-

1997 686 2260 752 pretatur
2289 682 2676 748 absconditus,
2720 683 3046 737 sacerdotem
3082 685 3396 751 secundum,
3450 702 3581 740 cum
3610 703 3702 740 se—

1998 770 2173 824 cundi
2204 770 2421 825 ordinis
2463 771 2635 836 viros,
2669 771 2724 824 id
2757 776 2840 825 est
2871 771 3234 842 presbyteros
3263 773 3384 844 (qui
3419 776 3702 828 talentum

1999 858 2158 912 verbi
2184 864 2238 912 et
2267 863 2418 913 terra
2462 859 2743 913 fodientes
2775 859 3211 929 absconderant)
3247 862 3306 914 in
3367 878 3538 915 suum
3596 863 3694 916 do-

1999 946 2247 1000 minium
2273 946 2502 1018 subigit.
2535 950 2602 1001 Et
2631 951 2738 1001 tres
2786 950 2961 1013 inani,
2993 948 3092 1018 qui
3125 949 3336 1002 ostium
3369 950 3505 1003 fidei
3563 967 3701 1019 ape-

2001 1036 2110 1089 rire
2137 1036 2470 1098 debuerant,
2523 1039 2580 1090 et
2620 1040 2879 1090 tenentes
2914 1038 3130 1090 clavem
3163 1039 3414 1091 scientia:
3454 1054 3557 1092 nec
3588 1039 3702 1109 ipsi

1999 1125 2362 1190 introierunt,
2411 1141 2514 1180 nec
2556 1125 2696 1179 alios
2753 1126 2991 1180 introire
3052 1127 3464 1197 permiserunt.
3507 1128 3700 1181 Eunu-

2000 1213 2139 1266 chus
2179 1213 2461 1284 signiticat
2491 1215 2672 1268 fatuas
2702 1214 2973 1284 virgines,
3025 1231 3154 1285 qua}
3181 1232 3311 1269 vasa
3342 1216 3468 1269 oleo
3516 1231 3696 1270 vacuo

2000 1303 2060 1357 in
2092 1305 2356 1359 manibus
2386 1306 2678 1372 tenebant,
2726 1307 3080 1361 continentes
3137 1323 3195 1360 se
3249 1323 3281 1360 a
3307 1307 3459 1360 coitu
3495 1323 3698 1376 corpo-

2000 1391 2124 1457 rali,
2159 1408 2262 1444 nec
2305 1397 2497 1447 tamen
2547 1393 2739 1447 oleum
2796 1394 2991 1462 gratiae
3053 1397 3108 1446 et
3161 1393 3570 1447 misericordias
3601 1394 3693 1447 in-

2001 1485 2231 1548 pectore
2278 1497 2379 1534 suo
2409 1481 2619 1536 habere
2667 1481 2947 1535 volebant.
2983 1481 3090 1545 Qui
3131 1481 3342 1535 frustra
3382 1497 3552 1551 super
3581 1481 3699 1535 bel-

2001 1569 2208 1623 latores
2255 1569 2687 1623 constituuntur
2716 1586 2845 1623 cum
2894 1569 3282 1640 arrogantiam
3313 1585 3432 1622 non
3478 1585 3692 1638 praeca-

2000 1663 2185 1712 veant.
2227 1658 2474 1727 Quinque
2507 1660 2652 1712 viros
2692 1658 2756 1712 de
2788 1659 2869 1712 his
2919 1661 3014 1726 qui
3044 1663 3301 1712 steterant
3350 1673 3534 1712 coram
3576 1675 3698 1726 rege

2003 1745 2218 1814 (Matth.
2268 1746 2344 1817 v),
2378 1746 2433 1799 id
2483 1751 2586 1815 est,
2644 1746 2772 1800 illos
2828 1746 2926 1816 qui
2958 1745 3212 1816 quinque
3261 1746 3522 1800 sensibus
3573 1762 3692 1800 cor-

1999 1835 2156 1904 poris
2190 1834 2468 1904 voluptati
2500 1834 2832 1900 servientes,
2866 1834 2988 1905 regi
3017 1834 3284 1888 vitiorum
3309 1850 3535 1904 semper
3563 1835 3696 1888 assi-

2002 1923 2244 1977 stebant.

2070 2013 2274 2080 Sopher
2313 2014 2636 2081 principem.
2674 2011 2807 2082 (11).)
2839 2013 3256 2080 Interpretatur
3289 2010 3571 2081 dissipans
3600 2010 3689 2064 vel

2000 2101 2309 2155 dividens:
2387 2100 2715 2170 significans
2768 2117 2885 2169 eos,
2943 2100 3042 2170 qui
3089 2100 3260 2154 rudes
3319 2099 3381 2153 in
3428 2100 3690 2162 Ecclesia,

1998 2206 2140 2261 quos
2172 2190 2241 2243 ad
2292 2189 2556 2242 militiam
2613 2189 2818 2241 Christi
2868 2188 3088 2242 nutrire
3138 2188 3470 2256 debuerant,
3505 2188 3694 2258 pravis

1999 2279 2270 2349 exemplis
2299 2277 2600 2348 dissipans,
2633 2293 2664 2329 a
2703 2281 2848 2331 coetu
2873 2276 3131 2330 fidelium
3161 2293 3264 2346 per
3306 2293 3562 2330 errorem
3603 2293 3698 2330 se-

2000 2372 2311 2438 questrant.
2348 2369 2416 2420 Et
2459 2367 2750 2433 sexaginta
2781 2368 2926 2420 viros
2954 2381 2979 2418 e
3002 2367 3180 2433 vulgo,
3217 2365 3272 2419 id
3329 2371 3432 2431 est,
3496 2365 3696 2418 stultos

2000 2460 2347 2526 operatores,
2381 2453 2480 2524 qui
2513 2453 2716 2507 merito
2753 2469 2782 2506 e
2812 2454 3003 2523 vulgo,
3055 2454 3192 2524 quia
3221 2453 3414 2508 divina
3461 2453 3693 2508 consilia

2000 2544 2216 2598 discere
2248 2547 2303 2596 et
2325 2543 2486 2596 factis
2515 2543 2757 2612 implere
2787 2542 3179 2613 neglexerant.

2071 2635 2138 2688 Et
2187 2633 2477 2701 sexaginta
2515 2633 2678 2685 viros.
2714 2631 2836 2700 (11).)
2900 2632 3009 2685 Hos
3068 2646 3264 2683 omnes
3317 2629 3687 2684 Nabuzardau

1998 2719 2158 2774 duxit
2217 2720 2288 2773 ad
2338 2735 2533 2790 regem
2595 2719 2913 2790 Babylonis,
2948 2722 3004 2773 et
3043 2717 3324 2772 interfecti
3369 2723 3521 2783 sunt,
3555 2717 3696 2789 quia

1998 2809 2257 2864 diabolus
2312 2810 2568 2881 prmdam
2600 2825 2772 2878 quam
2827 2809 2896 2862 ab
2931 2808 3170 2862 Ecclesia
3200 2806 3409 2870 evellit,
3453 2807 3526 2861 ad
3571 2822 3696 2877 per-

1997 2902 2185 2969 petua
2216 2898 2416 2952 mortis
2446 2896 2906 2951 interfectionem
2937 2897 3249 2966 perducere
3290 2895 3472 2949 ambit
3502 2913 3514 2948 ε
3549 2911 3692 2966 quos

2002 2987 2251 3056 percutit
2278 3003 2376 3040 rex
2408 2985 2755 3040 confusionis
2786 2984 2846 3038 in
2877 2985 3170 3050 Reblatha,
3200 2985 3306 3038 hoc
3328 2989 3414 3038 est
3464 2985 3523 3040 in
3556 2983 3700 3038 mul-

2003 3074 2250 3128 titudine
2281 3073 2579 3140 scelerum,
2615 3077 2672 3126 et
2696 3087 2892 3126 amore
2921 3073 3301 3141 voluptatum.

2075 3163 2197 3233 (10.)
2231 3163 2371 3216 Cum
2419 3161 2504 3215 illi
2557 3160 2656 3232 qui
2714 3160 3129 3214 confessionem
3183 3158 3434 3212 nominis
3483 3158 3584 3212 Dei
3638 3158 3698 3211 in

2004 3251 2249 3306 Ecclesia
2289 3249 2628 3303 videbantur
2658 3249 2889 3316 habere,
2932 3265 3036 3319 per
3083 3249 3298 3302 scelera
3352 3245 3698 3316 multiplicia

2003 3342 2071 3395 de
2103 3345 2256 3393 terra
2284 3338 2595 3392 viventium
2630 3338 2886 3392 translati
2942 3338 3001 3391 in
3046 3353 3288 3408 regnum
3345 3334 3699 3389 confusionis

2005 3434 2061 3483 et
2091 3427 2301 3482 erroris
2329 3427 2708 3491 abducuntur,
2745 3430 2874 3493 etc.,
2904 3441 3073 3496 usque
3093 3425 3166 3478 ad
3211 3429 3269 3478 et
3299 3424 3518 3478 vultum
3553 3424 3697 3477 Cou-

2005 3517 2210 3571 ditoris
2243 3515 2422 3570 nostri
2450 3531 2552 3587 per
2581 3516 2789 3569 saecula
2815 3512 3214 3584 contemplari.

2077 3607 2234 3660 Vens.
2289 3607 2378 3660 23.
2411 3635 2479 3644 —-
2527 3607 2597 3659 Et
2625 3605 2842 3660 Βαναία.
2905 3603 3077 3657 Filius
3122 3601 3336 3656 Saraiae
3392 3599 3700 3656 sacerdotis

183 3701 360 3763 lares,
395 3697 495 3751 sed
527 3701 584 3752 et
613 3698 786 3752 fortes
817 3702 874 3751 et
901 3697 1189 3768 principes
1218 3696 1278 3751 in
1326 3697 1573 3751 Ecclesia
1623 3696 1888 3750 diabolus
1921 3693 1963 3748 D
2001 3698 2320 3748 reservatus
2377 3697 2480 3758 est,
2515 3698 2570 3746 et
2613 3697 2775 3763 pater
2804 3693 3040 3746 occisus.
3093 3692 3170 3744 Ex
3223 3707 3337 3761 quo
3369 3690 3429 3744 in
3467 3687 3701 3783 captivi:

182 3787 458 3856 decipere
489 3792 546 3840 et
576 3790 900 3857 peccatores
938 3786 1224 3856 captivare
1256 3785 1483 3856 satagit,
1517 3786 1667 3840 unde
1698 3785 1758 3838 in
1786 3785 1888 3840 Job
1996 3787 2113 3837 tate
2160 3786 2360 3852 postea
2405 3786 2572 3834 natus
2623 3785 2707 3833 est
2749 3781 2909 3833 Jesus
2957 3779 3216 3832 sacerdos
3275 3793 3538 3848 magnus,
3600 3779 3700 3846 qui

182 3875 252 3930 de
285 3877 420 3946 ipso
448 3892 462 3930 :
489 3876 650 3930 Escae
679 3875 793 3944 ejus
824 3875 996 3930 electae
1026 3879 1150 3929 sunt
1178 3874 1293 3945 (Job
1319 3874 1530 3943 xxxiii).

257 3966 414 4021 Tulit
463 3965 738 4031 Samiam,
800 3962 899 4034 qui
954 3962 1366 4033 interpretatur
1411 3962 1653 4027 vinctus,
1708 3976 1888 4015 sacer-

1998 3871 2225 3926 reduxit
2253 3871 2536 3940 populum
2565 3884 2695 3922 cum
2729 3867 3058 3922 Zorobahel.

187 4099 3679 4131 ________________________________________________

725 4215 967 4282 BEATI
1015 4212 1464 4280 HIERONYMI
1516 4209 1933 4276 PROLOGUS
1983 4209 2064 4273 IN
2115 4206 2400 4272 LIBROS
2449 4201 3136 4271 PARALIPOMENON

1441 4351 1602 4421 (Vide
1635 4353 1776 4405 inter
1805 4351 1980 4419 Opera
2011 4351 2073 4404 B.
2102 4347 2461 4417 Hieronymi.)

1161 4601 1449 4668 SANCTI
1503 4599 1950 4666 HIERONYMI
2003 4597 2421 4664 PROLOGUS
2471 4597 2740 4662 ALTER

1353 4705 1358 4710 Ι
1676 4739 1844 4809 (Vide
1880 4739 1976 4793 ubi
2012 4740 2231 4808 supra.)

1124 5038 1423 5117 LIBER
1485 5031 2344 5114 PARALIPOMENON
2410 5029 2803 5109 PRIMUS.

1015 5199 1275 5254 Hebraice
1316 5199 1488 5252 Diana
1525 5209 1758 5250 unum
1799 5193 2013 5263 (uuam
2044 5191 2222 5260 713T),
2261 5189 2323 5244 id
2353 5194 2431 5244 est
2459 5189 2640 5242 Vane;
2679 5189 2913 5242 Dumuu.

775 5454 1000 5509 CAPUT
1041 5453 1332 5510 PRIMUM.

266 5546 428 5599 Vsus.
486 5546 540 5599 4.
581 5545 701 5604 Noe,
743 5542 898 5613 (Ras.
933 5544 992 5596 in
1037 5543 1247 5608 Paral.,
1288 5545 1426 5596 tom.
1477 5539 1596 5610 III.)
1643 5537 1902 5593 Decimus

2011 5447 2082 5502 ab
2110 5447 2292 5501 Adam
2325 5446 2462 5509 Noe,
2503 5448 2560 5498 et
2586 5443 2646 5497 in
2673 5442 2874 5499 Genesi
2895 5446 2950 5497 et
2974 5442 3036 5496 in
3066 5439 3520 5512 Paralipomenis
3548 5455 3707 5496 mon-

2013 5541 2244 5600 stratur,
2275 5539 2331 5589 et
2379 5537 2509 5604 apte
2561 5532 2814 5588 decimus
2844 5531 2978 5603 quia
3030 5531 3314 5602 perfectus
3361 5534 3464 5586 est.
3525 5530 3705 5598 Unde,
