4062 6180
379 272 473 323 631

994 267 1385 324 WALAFRIDI
1424 268 1670 323 STRABI
1711 268 1911 323 FULD.
1959 267 2119 324 MON.
2159 267 2310 323 OPP.
2355 266 2530 323 PARS
2566 267 2610 320 ῐ.
2649 295 2719 305 ——
2757 266 3209 322 THEOLOGICA.

3764 269 3863 321 632

376 380 485 446 Noe
533 391 623 444 vir
665 389 853 459 justus
913 393 1029 443 erat
1076 394 1128 443 et
1192 390 1466 457 perfectus
1531 390 1589 441 in
1640 388 2077 455 generationibus
2106 389 2150 443 A
2187 387 2286 459 qui
2337 389 2468 442 Deo.
2518 386 2802 459 Regnavit
2833 392 3026 441 autem
3087 386 3336 440 Nemrod
3394 386 3452 440 in
3501 386 3778 456 Babylone
3814 394 3867 441 et

374 480 510 543 suis,
544 483 649 532 etc.
686 478 842 549 (Gen.
873 477 971 548 v1.)
1027 478 1124 531 Hic
1168 477 1368 546 genuit
1425 476 1577 542 Sem,
1637 477 1815 531 Cham
1869 480 1926 531 et
1980 479 2072 531 Ja-

376 565 574 634 pheth,
631 582 734 637 per
777 583 919 636 quos
973 571 1100 636 post
1129 564 1410 618 diluvium
1464 564 1719 619 rediviva
1766 566 2069 619 hominum

376 654 649 707 dilatatur
677 654 1003 725 progenies.

447 742 607 795 Vens.
642 747 696 797 5.
727 773 797 782 —
846 744 977 796 Filii
1003 744 1256 811 Jupheth.
1316 743 1529 812 (Hii-1n.)
1592 742 1655 797 Hi
1696 743 2074 813 possederunt

378 837 586 885 terram
617 831 674 885 in
706 830 839 884 Asia
869 831 938 884 ab
994 836 1213 884 Amano
1247 834 1302 884 et
1334 837 1389 883 et
1446 832 1631 884 Tauro
1668 830 1843 901 Syria
1875 831 2073 885 Cheles

380 926 435 973 et
465 919 673 975 Cilicia
704 920 998 973 montibus
1040 936 1217 989 usque
1249 920 1317 971 ad
1372 921 1585 972 ﬂumen
1644 919 1946 973 Thanaim.
2009 921 2069 973 In

378 1010 619 1078 Europa,
651 1024 830 1077 usque
862 1007 932 1061 ad
963 1008 1178 1061 Gadara
1229 1008 1465 1060 nomina
1497 1007 1633 1060 locis
1664 1014 1720 1062 et
1761 1009 2071 1078 gentilibus

374 1096 786 1166 relinquentes,
821 1112 850 1149 e
898 1096 1105 1165 quibus
1150 1101 1346 1165 postea
1401 1096 1703 1149 immutata
1759 1102 1891 1150 sunt
1944 1099 2070 1166 plu-

376 1185 544 1250 rima,
577 1190 918 1254 permanent
936 1189 1159 1237 catera.

454 1273 682 1328 Thubal.
715 1272 901 1344 (ΒΑΗ.)
954 1273 1191 1326 Iliberes
1234 1272 1330 1343 qui
1365 1276 1420 1326 et
1468 1271 1720 1342 Hispani,
1773 1291 1805 1326 a
1862 1274 2071 1344 quibus

378 1362 701 1425 Celtiberia,
725 1362 858 1416 licet
888 1361 1123 1432 quidam
1157 1362 1325 1414 Italos
1356 1361 1735 1431 suspicentur.

446 1452 669 1507 Mosoch
699 1450 821 1521 (Ιυ.)
854 1450 1232 1520 Cappadoces,
1287 1450 1438 1503 unde
1473 1450 1604 1503 urbs
1634 1466 1834 1503 eorum
1888 1466 2071 1520 usque

375 1540 546 1595 hodie
579 1540 835 1594 Masacha
865 1539 1075 1593 dicitur
1130 1538 1504 1608 Septuaginta
1539 1554 1673 1592 vero
1728 1538 2071 1609 interpretes

377 1629 708 1699 Capthorim
740 1629 1103 1698 Cappadoces
1132 1627 1502 1681 arbitrantur.

446 1719 610 1771 Vens.
664 1723 714 1770 7.
767 1747 837 1757 —
876 1718 1021 1775 Filii
1077 1720 1275 1770 autem.
1328 1714 1550 1785 (Gneo.)
1599 1714 1683 1768 Ab
1731 1714 1819 1769 his
1881 1714 2070 1769 divisa

377 1810 512 1860 sunt
591 1805 795 1859 insula
865 1804 1190 1869 nationum,
1269 1803 1503 1874 lingua,
1564 1804 1933 1873 cognationes
2016 1808 2074 1858 et

378 1898 595 1963 gentes.
655 1894 731 1946 De
776 1892 1027 1957 Ionibus,
1080 1892 1136 1945 id
1192 1896 1277 1945 est
1326 1891 1535 1946 Gracis
1589 1897 1904 1945 nascuntur
1955 1892 2070 1946 Eli-

379 1980 500 2048 sai,
559 1980 659 2051 qui
736 1986 794 2035 et
840 1980 1107 2035 .Eolides.
1188 1980 1343 2034 Unde
1419 1980 1529 2033 ista
1611 1978 1811 2051 lingua
1885 1981 2073 2036 Graece

382 2070 556 2125 IEolis
587 2068 815 2123 dicitur.

456 2159 700 2212 Tharsis.
782 2156 963 2228 (ΗΑΒ.)
1048 2158 1156 2211 Hos
1205 2157 1486 2226 Josephus
1553 2156 1756 2211 Cilices
1838 2156 2078 2211 arbitra-

383 2249 499 2314 tur,
549 2246 704 2300 unde
766 2251 822 2299 et
875 2245 1211 2316 metropolis
1266 2261 1464 2299 eorum
1541 2244 1767 2299 Tharsis
1847 2244 2075 2311 dicitur,

383 2336 559 2390 Paulo
593 2335 850 2405 apostolo
880 2334 1127 2406 gloriosa
1156 2336 1302 2402 (Act.
1344 2334 1498 2403 χχιι).

457 2426 683 2480 Cethim.
735 2423 857 2494 (11).)
906 2427 953 2477 A
1010 2440 1124 2493 quo
1186 2422 1402 2489 Cithai,
1457 2422 1598 2475 alias
1663 2422 1839 2477 Cithii
1895 2420 2081 2492 aqui-

385 2512 492 2568 bus
551 2513 682 2566 urbs
734 2511 902 2583 Cypri
958 2511 1162 2579 Cithia,
1220 2511 1358 2565 alias
1416 2510 1667 2565 Cithium
1722 2510 1931 2564 dicitur
1985 2526 2081 2563 us-

387 2617 501 2672 que
529 2601 720 2656 hodie.

453 2690 749 2746 Dodam’m.
823 2689 950 2759 (10.)
1007 2688 1235 2754 Rhodii,
1293 2688 1373 2741 sic
1424 2687 1577 2741 enim
1642 2689 1765 2743 LXX
1824 2692 2078 2742 transtu-

381 2780 594 2833 lerunt.
669 2779 949 2849 Legamus
1021 2777 1289 2832 Varronis
1365 2777 1433 2830 de
1507 2776 1947 2849 antiquitatibus
2018 2777 2083 2830 li-

380 2868 516 2923 bros
585 2874 642 2921 et
697 2866 911 2922 Sinnii-
947 2866 1255 2936 Capitonis,
1314 2871 1369 2919 et
1426 2866 1683 2920 Gracum
1766 2866 2082 2937 Phlegonta

383 2960 758 3026 caterosque,

381 3043 439 3092 et
487 3040 662 3094 totius
730 3039 885 3094 orbis
932 3039 1143 3099 littora,
1205 3044 1498 3110 terrasque
1555 3039 1872 3093 maritimas
1923 3040 2077 3094 Gra-

380 3127 462 3181 cis
518 3128 721 3182 accolis
788 3132 1129 3197 occupatas:
1185 3128 1285 3197 qui
1363 3129 1435 3181 ab
1520 3131 1740 3182 Amano
1789 3132 1845 3181 et
1895 3129 2077 3182 Tauro

381 3216 580 3271 omnia
607 3216 899 3270 maritima
932 3232 1111 3286 usque
1162 3217 1230 3270 ad
1284 3231 1561 3270 oceanum
1605 3215 1899 3285 possidere
1958 3216 2075 3269 Bri-

380 3304 698 3358 tannicum.

450 3393 607 3446 Vens.
678 3396 728 3445 8.
798 3393 959 3456 Phut,
1043 3392 1170 3460 (Ιυ.)
1232 3391 1453 3462 Libyes,
1507 3408 1538 3445 a
1603 3407 1717 3461 quo
1790 3396 1849 3445 et
1915 3393 2076 3445 Mau-

380 3479 607 3533 ritania
638 3479 845 3533 fluvius
867 3479 1016 3532 Phut
1046 3479 1275 3545 dicitur,
1309 3485 1365 3534 et
1382 3478 1539 3548 regio
1563 3479 1884 3533 Phutensis.
1917 3480 2075 3534 Multi

380 3572 575 3621 autem
625 3566 933 3636 scriptores
964 3572 1079 3621 tam
1133 3568 1310 3622 Graci
1340 3585 1511 3639 quam
1546 3568 1729 3622 Latini
1760 3569 1931 3638 hujus
1990 3570 2073 3623 rei

376 3660 551 3710 testes
606 3660 757 3710 sunt.
817 3656 1002 3720 Quare
1071 3662 1264 3710 autem
1320 3657 1380 3710 in
1438 3673 1554 3711 una
1619 3657 1862 3711 climatis
1908 3664 2069 3727 parte

378 3744 686 3815 antiquum
734 3744 923 3816 Libya
961 3761 1173 3799 nomen
1218 3752 1535 3815 permanet,
1567 3751 1623 3799 et
1671 3746 1891 3817 reliqua
1920 3753 2074 3801 terra

381 3834 602 3889 dicatur
630 3834 839 3903 Africa,
872 3850 988 3888 non
1019 3840 1104 3889 est
1133 3836 1302 3904 hujus
1324 3836 1598 3907 temporis
1630 3836 1926 3890 disserere.

452 3924 616 3977 Vens.
670 3926 721 3977 9.
762 3952 831 3963 —
869 3923 1033 3978 Saba.
1099 3924 1220 3995 (ln.)
1272 3927 1318 3978 A
1369 3940 1481 3995 quo
1538 3924 1740 3990 Sabai,
1789 3924 2071 3996 interpre-

379 4016 534 4066 tatur
581 4027 733 4065 nunc
791 4012 938 4067 Saba
989 4012 1228 4078 Arabia,
1288 4013 1441 4066 unde
1481 4013 1541 4066 in
1596 4014 1739 4083 psal.
1798 4029 1920 4067 Lxx1
1975 4014 2072 4067 ubi

378 4100 657 4155 habemus
691 4117 704 4154 ε
738 4102 923 4171 Reges
969 4100 1223 4155 Arabum
1255 4106 1312 4155 et
1346 4101 1521 4167 Saba;
1574 4102 1634 4155 in
1685 4102 1920 4156 Hebrao
1962 4101 2068 4156 ha—

379 4189 586 4243 betur:
651 4189 836 4257 Reges
864 4188 1010 4243 Saba
1065 4193 1121 4242 et
1184 4188 1350 4253 Saba,
1404 4189 1659 4259 primum
1713 4206 1815 4259 per
1873 4189 2063 4253 Schin,

377 4277 693 4331 secundum
726 4291 830 4344 per
859 4275 1116 4331 Samech.

449 4366 610 4419 Vens.
648 4367 733 4419 10.
764 4395 816 4403 -
871 4366 984 4419 Iste
1023 4369 1181 4434 capit
1210 4380 1320 4419 esse
1366 4370 1553 4434 potens
1610 4368 1669 4420 in
1707 4371 1872 4420 terra.
1924 4366 2069 4430 Quia

376 4450 661 4505 insuetum
716 4451 1081 4521 tyrannidem
1135 4452 1355 4522 primus
1400 4453 1662 4524 arripuit.
1699 4454 1798 4508 Hic
1829 4454 1937 4508 fuit
1971 4470 2071 4508 ro—

372 4538 574 4593 bustus
656 4545 895 4594 venator
954 4556 1142 4594 coram
1205 4540 1469 4608 Domino,
1524 4541 1659 4613 quia
1719 4542 1983 4596 homines
2038 4559 2071 4596 a

378 4627 479 4681 Dei
506 4629 739 4697 :cultura
789 4629 1012 4683 avertit.
1076 4630 1233 4685 Unde
1284 4631 1615 4701 Josephus:
1674 4630 1822 4685 Fecit
1878 4637 2068 4686 autem

371 4732 471 4770 eos
529 4717 704 4771 elatos
774 4717 846 4771 ad
901 4718 1175 4787 injuriam
1238 4718 1337 4773 Dei
1415 4724 1585 4790 atque
1640 4726 2057 4791 contemptum.

372 4805 643 4872 Nemrod,
705 4805 858 4860 ﬁlius
913 4806 1110 4872 Cham,
1175 4806 1281 4861 ﬁlii
1338 4808 1512 4873 Noe,~
1562 4808 1681 4878 qui,
1739 4824 1869 4862 cum
1924 4814 2068 4863 esset

375 4894 641 4948 audacior
689 4899 746 4949 et
818 4911 996 4949 manu
1047 4895 1413 4962 fortissimus,
1479 4896 1753 4951 suadebat
1806 4897 2063 4951 homini-

375 4981 483 5036 bus
537 4987 602 5036 ut
656 4998 777 5037 non
821 4985 934 5038 Deo
988 4999 1150 5038 suam
1208 4983 1560 5051 felicitatem,
1648 4985 1747 5040 sed
1816 4987 2065 5057 propria

368 5069 566 5123 virtuti
595 5070 962 5126 ascriberent.
1008 5071 1097 5126 Sic
1154 5072 1420 5127 homines
1478 5090 1508 5126 a
1567 5073 1667 5128 Dei
1713 5073 1920 5128 timore
1978 5091 2064 5129 re-

372 5157 631 5224 vocabat,
686 5164 750 5213 ut
790 5176 948 5231 spem
980 5160 1040 5214 in
1073 5161 1306 5231 prapria
1358 5160 1565 5215 virtute
1603 5168 1864 5231 poneret.
1906 5161 2063 5215 Ideo-

371 5260 483 5315 que
532 5246 810 5316 putabant
866 5249 1047 5302 Deum
1106 5249 1467 5304 interminari
1529 5250 1826 5305 diluvium.
1904 5250 2062 5305 Unde

370 5333 578 5388 turrim
620 5334 890 5390 adiﬁcari
951 5337 1269 5393 suadebant
1325 5353 1499 5408 quam
1546 5354 1695 5409 aqua
1756 5354 1870 5392 non
1926 5354 2060 5409 pos-

368 5426 455 5477 set
505 5423 827 5478 ascendere.
887 5424 1187 5479 Multitudo
1267 5430 1459 5480 autem
1508 5431 1777 5498 prompta
1827 5430 1950 5482 erat
1997 5431 2063 5481 ut

368 5510 630 5567 obediret
692 5512 957 5578 Nemrod,
1007 5528 1178 5583 grave
1256 5518 1466 5585 putans
1521 5515 1815 5570 servitium
1892 5515 2057 5570 obse-

2183 477 2243 530 in
2267 477 2458 531 Areth.
2509 478 2638 531 Hac
2683 481 2769 531 est
2806 477 3014 530 Edessa
3040 482 3096 531 et
3139 476 3329 531 Macha
3360 492 3487 547 quae
3546 482 3629 530 est
3670 476 3865 531 Nisibis

2183 572 2243 620 et
2288 566 2350 619 in
2381 566 2703 627 Chalamne,
2737 582 2863 637 qua
2892 583 2925 619 a
2953 566 3186 621 Seleuco
3234 581 3367 636 rege
3409 565 3663 620 Seleucia
3724 566 3863 619 dicta

2183 660 2288 720 est,
2317 656 2406 709 vel
2435 671 2564 726 qua
2596 672 2749 707 nunc
2770 655 3096 725 Thesiphon
3120 654 3342 709 dicitur.

2252 745 2411 797 Vens.
2472 748 2553 797 11.
2605 770 2673 782 -
2719 746 2975 797 ῥέων-θείνῃ
3039 748 3217 797 autem
3264 745 3468 810 genuit.
3543 742 3723 812 (ΗΔΒ.)
3775 743 3861 796 Ex-

2181 831 2358 903 ceptis
2414 832 2666 897 Laabim,
2723 848 2757 885 a
2829 832 3037 903 quibus
3115 832 3314 901 Libyes
3389 831 3670 885 nominati
3722 837 3862 892 sunt,

2182 917 2281 988 qui
2312 916 2467 987 prius
2498 915 2740 982 Phutai,
2785 922 2843 970 et
2882 916 3155 977 Cestium,
3187 916 3287 985 qui
3340 921 3472 986 post
3528 915 3863 969 Philisthiim

2183 1002 2317 1057 dicti
2346 1006 2497 1070 sunt,
2554 1019 2698 1073 quos
2736 1018 2837 1056 nos
2892 1008 3156 1073 corrupte
3214 1002 3542 1056 Palastinos
3606 1002 3856 1056 dicimus.

2182 1092 2413 1146 Catera
2487 1097 2688 1162 gentes
2764 1090 3043 1162 ignorata
3104 1097 3237 1144 sunt
3292 1090 3481 1159 nobis,
3544 1090 3684 1161 quia
3726 1090 3863 1144 bello

2181 1180 2500 1250 .Ethiopico
2560 1180 2850 1234 subversa
2910 1180 2971 1234 in
3044 1181 3385 1234 oblivionem
3454 1180 3863 1249 prateritorum

2182 1269 2483 1323 nominum
2520 1285 2849 1340 pervenere.
2898 1271 3279 1324 Possederunt
3332 1274 3522 1323 autem
3575 1273 3786 1322 terram
3837 1285 3865 1320 a

2183 1358 2324 1411 Gaza
2349 1373 2527 1428 usque
2555 1358 2628 1411 ad
2647 1363 2929 1411 extremos
2964 1359 3107 1412 ﬁnes
3135 1358 3378 1428 Aigypti.

2250 1447 2415 1501 Vens.
2463 1446 2547 1499 14.
2608 1476 2669 1485 -
2729 1446 3087 1512 Gergezazum,
3143 1449 3412 1501 Hevaum.
3478 1445 3575 1499 Hic
3615 1443 3858 1500 condidit

2179 1535 2389 1590 Archas
2433 1534 2717 1605 oppidum
2771 1540 2971 1588 contra
3013 1535 3287 1605 Tripolim
3336 1534 3395 1587 in
3453 1533 3744 1588 radicibus
3788 1532 3866 1587 Li-

2180 1624 2400 1691 bani,a
2456 1640 2571 1695 quo
2602 1624 2757 1678 haud
2811 1624 3008 1694 procul
3069 1623 3180 1676 alia
3225 1622 3420 1677 civitas
3480 1622 3586 1676 fuit
3645 1620 3867 1676 nomine

2181 1713 2320 1780 Sim,
2372 1730 2500 1784 qua
2557 1712 2714 1767 vario
2787 1718 2991 1766 eventu
3051 1713 3323 1766 subversa
3394 1712 3700 1777 bellorum,
3773 1725 3866 1764 no-

2182 1816 2316 1853 men
2347 1804 2569 1855 tantum
2598 1802 2721 1855 loco
2751 1801 3057 1871 pristinum
3088 1800 3413 1854 reservavit.

2256 1891 2415 1945 Vens.
2451 1894 2533 1945 16.
2574 1920 2643 1931 --
2670 1891 2941 1945 Aradium
2971 1906 3198 1960 quoque.
3239 1894 3287 1944 A
3344 1907 3458 1961 quo
3504 1888 3719 1951 Aradii,
3778 1886 3868 1957 qui

2184 1979 2433 2033 Aradum
2474 1980 2718 2033 insulam
2769 1980 3147 2050 possederunt
3188 1984 3429 2050 angusto
3458 1978 3602 2032 freto
3629 1995 3663 2032 a
3718 1976 3867 2030 Pha-

2186 2067 2328 2121 nicis
2358 2068 2551 2122 littore
2580 2074 2919 2139 separatam.

2256 2155 2337 2209 Et
2377 2156 2718 2212 Samareum.
2773 2160 2820 2211 A
2899 2173 3011 2227 quo
3072 2155 3249 2227 Syria
3330 2154 3536 2209 Chelas
3614 2151 3870 2209 Samaria

2188 2241 2406 2309 civitas,
2457 2260 2611 2299 nunc
2663 2261 2892 2316 quoque
2938 2250 3056 2299 tam
3115 2262 3145 2299 a
3196 2243 3349 2315 Syris
3401 2258 3577 2316 quam
3636 2242 3710 2296 ab
3769 2242 3865 2295 He-

2188 2329 2358 2386 brais
2388 2337 2453 2386 ut
2478 2333 2639 2403 prius
2669 2334 2816 2404 apud
2851 2338 3067 2388 veteres
3099 2334 3440 2405 appellatur.

2260 2422 2657 2476 Hamathaum.
2720 2422 2902 2493 (ΗΑΒ.)
2960 2426 3005 2476 Α
3040 2439 3153 2493 quo
3206 2422 3408 2476 Emath
3461 2419 3683 2474 civitas.
3733 2420 3876 2472 Hanc

2189 2506 2520 2563 Macedones
2551 2510 2650 2581 qui
2678 2516 2807 2581 post
2826 2512 2962 2565 Alex
2990 2511 3233 2565 andrum
3265 2510 3325 2563 in
3355 2509 3586 2564 Oriente
3617 2522 3877 2578 regnave-

2191 2601 2346 2662 runt,
2377 2597 2749 2669 Epiphaniam
2805 2603 3298 2669 nuncupaverunt.
3355 2596 3467 2650 Alii
3519 2594 3876 2650 Antiochiam

2192 2684 2272 2739 ita
2326 2686 2535 2740 dictam
2577 2691 2797 2756 putant.
2832 2687 2943 2741 Alii
2985 2703 3101 2741 non
3152 2703 3279 2740 vero
3338 2685 3672 2755 Opinionem
3722 2698 3875 2736 suam

2191 2774 2489 2828 verisimili
2532 2774 2803 2829 vocabulo
2833 2776 3214 2839 consulentes,
3261 2775 3467 2828 Emaus
3513 2773 3765 2843 primam
3803 2770 3869 2823 ab

2192 2862 2494 2917 Antiochia
2526 2864 2881 2917 mansionum
2911 2864 3182 2917 Edessam
3207 2862 3578 2934 pergentibus
3604 2857 3877 2931 appellari

851 2960 907 3009 et
980 2954 1300 3010 videbimus
1375 2970 1574 3009 omnes
1648 2971 1793 3024 pene
1869 2955 2083 3009 insulas
2110 2956 2151 3014 C
2192 2956 2416 3023 putant,
2449 2956 2505 3005 et
2533 2952 2733 3006 eadem
2780 2953 2931 3021 apud
2964 2958 3182 3006 veteres
3211 2952 3437 3006 Emath.

2260 3042 2427 3094 Vens.
2464 3044 2547 3095 17.
2579 3069 2649 3081 -
2679 3042 2787 3095 Fili
2824 3041 2963 3096 Sam.
3021 3046 3129 3093 etc.
3165 3040 3231 3093 Hi
3283 3040 3354 3093 ab
3408 3037 3702 3107 Euphrate
3753 3051 3878 3108 par-

2187 3132 2271 3183 tes
2298 3129 2446 3183 Asia
2478 3145 2661 3200 usque
2691 3129 2761 3183 ad
2796 3129 3057 3183 Indicum
3087 3144 3366 3182 oceanum
3398 3130 3612 3181 tenent.
3649 3126 3743 3180 Est
3786 3141 3875 3178 au-

2186 3222 2303 3271 tem
2335 3219 2515 3271 ZElam
2546 3235 2578 3271 a
2608 3233 2721 3287 quo
2752 3217 3042 3287 principes
3071 3217 3343 3271 Persidis.

2258 3308 2371 3359 Hus
2406 3311 2459 3360 et
2537 3306 2663 3360 Hui.
2732 3306 2830 3360 Vel
2886 3306 2975 3372 Us,
3030 3304 3447 3360 Trachonitidis
3496 3307 3553 3357 et
3612 3300 3867 3357 Damasci

2184 3392 2447 3446 conditor
2518 3392 2670 3448 inter
2718 3394 3081 3449 Palastinam
3134 3399 3191 3447 et
3266 3391 3630 3462 Calesyriam
3696 3389 3873 3445 tenuit

2183 3480 2591 3552 principatum,
2634 3498 2665 3536 a
2703 3498 2818 3553 quo
2888 3488 3040 3535 terra
3101 3483 3216 3536 Hus
3262 3483 3331 3536 de
3378 3497 3492 3552 qua
3554 3481 3662 3534 Job
3732 3478 3869 3539 fuit;

2184 3569 2357 3637 unde,
2408 3570 2723 3624 secundum
2779 3571 2945 3633 LXX,
3002 3570 3089 3623 vir
3141 3575 3262 3624 erat
3309 3570 3368 3624 in
3418 3569 3657 3640 regione
3695 3566 3872 3622 Ausiti

2183 3658 2252 3713 de
2273 3659 2509 3713 nomine
2540 3659 2645 3713 Job
2669 3658 2833 3729 quasi
2859 3659 3135 3714 Husitide.

2254 3748 2417 3802 Vens.
2471 3750 2553 3802 19.
2614 3778 2686 3787 -
2731 3749 2951 3816 Phaleg.
2994 3748 3176 3819 (ΗΔΒ.)
3256 3745 3534 3801 Vaticinio
3601 3747 3867 3817 quodam.

2183 3836 2395 3907 Phaleg
2425 3836 2578 3890 enim
2609 3836 2831 3904 divisio,
2882 3837 3017 3907 quia
3045 3836 3107 3890 in
3150 3836 3351 3890 diebus
3390 3836 3536 3904 ejus,
3571 3836 3787 3906 lingua
3815 3834 3870 3887 in

2184 3924 2466 3995 Babylone
2501 3925 2693 3979 divisa
2742 3930 2890 3979 sunt.
2930 3926 3131 3980 Narrat
3169 3934 3360 3979 autem
3399 3924 3566 3979 Philo
3615 3925 3677 3978 in
3731 3924 3869 3978 libro

2181 4013 2572 4077 Quastionum
2640 4030 2810 4085 super
2860 4013 3143 4078 Genesim,
3195 4013 3348 4085 quod
3402 4029 3467 4085 ex
3511 4013 3698 4067 tribus
3744 4011 3869 4066 filiis

2183 4102 2323 4169 Noe,
2374 4102 2557 4156 adhuc
2586 4102 2709 4172 ipso
2757 4102 3001 4168 vivente,
3035 4102 3154 4155 nati
3194 4108 3327 4156 sunt
3366 4101 3640 4155 tredecim
3697 4100 3870 4155 millia

2178 4189 2434 4244 virorum
2462 4194 2519 4244 et
2545 4195 2796 4256 centum,
2826 4196 2985 4245 extra
3039 4190 3309 4245 mulieres
3348 4195 3405 4244 et
3455 4191 3729 4260 parvulos
3774 4190 3867 4243 ha-

2097 4302 2141 4356 ι)
2180 4278 2378 4332 bentes
2407 4296 2579 4349 super
2608 4296 2665 4332 se
2714 4279 2905 4333 duces.
2940 4278 3065 4333 Filii
3096 4280 3250 4343 Sem,
3289 4280 3483 4333 Jectan
3536 4279 3772 4343 ducem;
3810 4276 3867 4330 ﬁ-

2179 4365 2242 4418 lii
2265 4366 2464 4433 Cham,
2496 4366 2801 4431 Nemroth;
2862 4366 2967 4420 ﬁlii
2998 4367 3222 4435 Japhet,
3255 4366 3541 4435 Suphene.
3621 4368 3751 4419 Post
3778 4364 3868 4417 ob-

2178 4455 2321 4508 itum
2349 4464 2482 4508 vero
2528 4456 2661 4509 Noe.
2711 4460 3101 4509 convenerunt
3147 4455 3319 4509 duces
3360 4469 3493 4508 cum
3540 4454 3867 4525 agminibus

2178 4542 2294 4597 suis
2319 4543 2379 4596 in
2408 4559 2672 4614 campum
2705 4543 2979 4609 Sennaar,
3015 4548 3075 4597 ut
3104 4542 3183 4596 ibi
3212 4541 3417 4596 turrim
3437 4546 3861 4595 construerent.

2177 4632 2320 4687 Cum
2349 4637 2543 4686 autem
2574 4632 2942 4700 adiﬁcarent,
2978 4631 3168 4686 divisit
3198 4632 3344 4685 Deus
3374 4631 3603 4703 linguas
3648 4646 3861 4695 eorum,

2175 4727 2231 4775 et
2259 4720 2502 4774 mutavit
2540 4720 2784 4791 esﬁgies,
2808 4725 2866 4774 et
2894 4736 3011 4774 non
3041 4719 3303 4791 cognovit
3333 4720 3576 4790 quisque
3636 4720 3865 4774 fratrem

2174 4826 2363 4876 suum,
2393 4825 2496 4863 nec
2542 4809 2762 4863 audivit
2791 4810 3049 4880 linguam
3097 4807 3347 4880 proximi
3378 4808 3484 4862 sui.
3544 4808 3691 4863 Cum
3739 4824 3863 4862 vero

2176 4896 2433 4967 magistri
2461 4896 2678 4967 lapides
2727 4897 3079 4967 quarebant,
3117 4897 3366 4951 ministri
3403 4913 3614 4968 aquam
3663 4897 3858 4951 affere-

2170 4985 2332 5054 bant,
2360 4988 2561 5039 etcum
2587 4985 2673 5039 illi
2720 4986 3074 5055 quarebant,
3132 5001 3363 5057 aquam,
3415 4985 3497 5039 illi
3547 4986 3861 5040 efferebant

2171 5073 2462 5143 stipulam.
2523 5072 2728 5143 Sicque
2795 5074 3065 5128 frustrata
3107 5074 3451 5145 cogitatione
3502 5077 3861 5128 cessaverunt

2171 5161 2453 5216 adiﬁcare
2485 5166 2543 5215 et
2571 5160 2812 5231 dispersi
2838 5166 2974 5215 sunt
3001 5178 3171 5232 super
3199 5162 3403 5217 faciem
3435 5166 3622 5216 terra.

2242 5250 2410 5305 Vens.
2443 5251 2531 5303 20.
2594 5280 2663 5289 —
2708 5252 2892 5303 Jectan
2921 5256 3117 5304 autem.
3164 5250 3445 5320 (HIERON.)
3484 5252 3697 5304 Harum
3730 5264 3856 5320 gen-

2168 5338 2313 5392 tium
2334 5337 2650 5408 posteriora
2679 5339 2917 5392 nomina
2964 5338 3220 5392 invenire
3268 5355 3382 5393 non
3424 5338 3605 5409 potui,
3636 5338 3738 5392 sed
3769 5353 3853 5389 us-

2168 5442 2279 5497 que
2309 5425 2370 5480 in
2392 5442 2662 5496 prasens,
2693 5426 2828 5498 quia
2856 5426 3054 5498 procul
3087 5444 3119 5481 a
3140 5426 3307 5482 nobis
3328 5431 3481 5492 sunt,
3524 5427 3612 5479 vel
3650 5426 3731 5479 ita
3760 5440 3852 5478 vo-

2167 5518 2370 5569 cantur
2399 5519 2463 5570 ut
2483 5514 2757 5586 primum,
2780 5516 2868 5570 vel
2890 5532 3022 5588 qua
3051 5520 3269 5571 mutata
3320 5519 3455 5570 sunt
3477 5516 3849 5586 ignorantur;
