3998 6178
178 292 286 340 633

1267 282 1530 338 GLOSSA
1567 283 1974 338 ORDINARIA.
2019 314 2084 321 ——
2129 286 2257 338 LIB.
2301 286 2322 338 l
2367 286 2608 339 PARAL.

3591 291 3694 342 634

169 409 554 479 possederunt
578 412 768 461 autem
805 424 836 460 a
871 406 1074 460 Gofene
1106 406 1279 459 ﬂuvio
1311 422 1543 460 omnem
1573 407 1750 460 Indiae
1785 422 1868 458 re-
1899 407 1942 460 Α
1980 406 2222 460 bulatus.
2261 406 2437 460 Variis
2493 407 2647 460 enim
2701 408 2998 463 eventibus
3051 410 3285 464 nomina
3335 418 3691 466 commutan-

167 498 405 568 gionem
429 513 558 567 quae.
585 501 816 550 vocatur
849 494 1054 549 Hieria.

243 587 406 640 Vens.
438 587 525 639 24.
557 616 622 624 -
645 586 785 652 Sem,
825 587 926 638 Ar.
983 584 1166 651 (Rau)
1189 583 1344 637 Sicut
1401 583 1459 636 in
1490 583 1775 653 principio
1809 582 1878 636 ab

165 677 348 732 Adam
375 691 555 744 usque
577 675 650 728 ad
684 675 798 727 Noe
827 674 1024 726 decem
1083 671 1482 741 generationes
1535 671 1727 742 posuit
1755 692 1769 738 ;
1801 672 1877 724 ita

166 780 200 816 a
231 765 369 817 Seni
400 779 581 834 usque
635 763 705 816 ad
761 763 994 828 Abram,
1046 776 1164 814 non
1209 760 1332 813 sine
1392 760 1730 814 sacramenti
1759 776 1879 830 my-

168 853 372 906 sterio.

267 942 432 994 Vens.
495 943 580 994 ‘29.
644 969 709 977 -—
768 939 1181 1005 Primogenitus.
1231 939 1514 1005 (multum,
1569 937 1773 1002 Quzst.
1822 939 1877 990 in

165 1031 389 1095 Paral.,
433 1035 570 1081 tom.
616 1025 732 1093 ΙΙΙ.)
767 1025 1077 1078 Duodecim
1106 1025 1208 1078 lilii
1259 1031 1573 1078 nascuntur
1621 1026 1874 1080 Ismaeli:

162 1119 592 1189 primogenitus
640 1116 937 1173 Nabaiotli.
977 1132 1008 1167 a
1037 1132 1152 1185 quo
1211 1115 1396 1168 omnis
1453 1115 1611 1185 regio
1661 1117 1730 1168 ab
1765 1117 1876 1169 Eu-

167 1209 377 1278 phrate
411 1223 590 1277 usque
625 1206 695 1259 ad
725 1221 878 1258 mare
913 1204 1170 1257 Rubrum
1205 1203 1597 1257 Nabaiothena
1639 1203 1872 1258 dicitur:

164 1313 297 1368 quae
329 1312 466 1365 pars
497 1300 580 1349 est
621 1293 863 1347 Arabim.
902 1294 1041 1346 Nam
1093 1292 1321 1345 familiae
1353 1291 1605 1361 ipsorum
1642 1292 1875 1362 oppida-

162 1402 275 1456 que
297 1388 358 1438 et
387 1383 535 1454 pagi,
567 1399 629 1436 ac
661 1382 883 1434 minuta
913 1382 1142 1434 castella
1199 1386 1254 1434 et
1291 1381 1468 1434 tribus
1525 1381 1732 1434 horum
1770 1398 1873 1450 ap-

161 1473 480 1544 pellatione
533 1471 884 1525 celebrantur
937 1470 1007 1522 ab
1054 1487 1165 1522 una
1216 1486 1279 1522 ex
1312 1469 1392 1522 eis
1443 1469 1624 1522 Cedar
1670 1469 1728 1522 in
1771 1470 1876 1523 de—

162 1567 350 1617 serto:
386 1566 442 1615 et
473 1563 656 1615 Duma
684 1560 795 1613 alia
828 1559 1004 1629 regio,
1041 1563 1095 1611 et
1124 1558 1442 1611 Thebaram
1490 1559 1557 1612 ad
1582 1563 1873 1628 Austrum,

167 1657 221 1705 et
248 1650 500 1706 Cedema
529 1650 600 1703 ad
630 1649 978 1703 Orientalem
1010 1648 1258 1717 plagam.

228 1741 395 1793 Vens.
432 1741 518 1792 32.
551 1768 620 1777 ——-
653 1738 874 1793 Ceturae.
945 1736 1128 1806 (ΗΑΒ.)
1160 1736 1328 1799 Quasi
1377 1736 1676 1805 copulam,
1727 1736 1877 1789 unde

161 1829 531 1898 suspicantur
596 1826 820 1880 Hebraei
880 1841 1007 1879 eam
1067 1841 1187 1878 esse
1243 1827 1393 1894 Agar
1455 1840 1606 1894 quae,
1653 1830 1879 1878 mortua

163 1915 324 1982 Sara,
366 1915 435 1969 de
463 1914 782 1968 concubina
830 1915 1121 1968 transierit
1176 1914 1235 1967 in
1291 1931 1548 1980 uxorem,
1605 1931 1675 1967 ne
1709 1930 1876 1966 senex

163 2005 332 2058 novis
359 2010 633 2071 arguatur
664 2004 880 2073 nuptiis
913 2002 1214 2056 lascivisse.

234 2094 368 2162 (10.)
402 2092 524 2146 Filii
556 2097 752 2146 autem
783 2093 1037 2158 Caaturae,
1077 2092 1242 2162 juxta
1292 2091 1589 2146 historicos
1614 2091 1877 2145 Hebmo-

165 2197 319 2247 rum,
372 2185 792 2251 occupaverunt
828 2181 1268 2246 Troconitidem,
1319 2180 1416 2234 alii
1461 2180 1878 2234 Traconitidem

166 2276 221 2324 et
248 2271 525 2324 Arabiam
553 2287 566 2324 :
601 2286 730 2341 quae
769 2286 920 2323 nunc
949 2273 1185 2324 vocatur
1246 2270 1536 2336 Eidormo,
1596 2286 1778 2340 usque
1809 2269 1878 2322 ad

169 2360 349 2413 maris
383 2358 560 2413 Rubri
591 2358 884 2413 terminos.

243 2451 529 2502 Assurim.
564 2448 650 2502 Ab
676 2447 931 2501 Assurim
961 2447 1153 2517 Syrios
1204 2447 1439 2518 quidam
1481 2453 1714 2501 vocatus
1736 2463 1879 2501 con-

171 2538 438 2603 tendunt,
475 2542 532 2591 et
563 2553 595 2590 a
624 2537 911 2607 plerisque
959 2537 1092 2590 ﬁliis
1155 2537 1396 2591 Abrahae
1434 2537 1502 2590 de
1559 2537 1763 2591 Cetura
1793 2552 1881 2589 oc-

179 2633 416 2696 cupates
445 2642 564 2679 esse
592 2626 767 2680 Indiae
791 2625 1073 2695 regiones.

237 2716 402 2769 Vens.
441 2718 526 2770 33.
576 2745 644 2754 —-
679 2716 882 2783 Epher.
937 2713 1127 2783 (ΗΑΒ.)
1179 2712 1276 2767 Hic
1320 2713 1529 2766 dicitur
1558 2718 1755 2766 contra
1787 2714 1878 2767 Li—

169 2803 340 2873 byam
369 2803 681 2858 exercitum
725 2802 971 2869 duxisse,
1029 2801 1110 2856 ibi
1141 2801 1318 2855 victor
1374 2802 1719 2868 consedisse,
1771 2819 1877 2872 po-

172 2900 468 2963 sterosque
487 2909 552 2946 ex
579 2892 810 2946 nomine
837 2892 884 2961 ej
897 2907 960 2945 us
987 2890 1236 2944 Africam
1273 2907 1654 2960 nuncupasse.

248 2983 409 3036 Vens.
471 2984 557 3036 36.
624 2982 895 3036 Thamna.

177 3070 381 3124 Genesi
439 3071 663 3140 legatur
710 3067 1025 3122 concubina
1084 3083 1203 3120 esse
1259 3067 1489 3138 Eliphaz
1545 3069 1614 3122 de
1665 3085 1877 3138 genere

177 3158 609 3222 Horrhmorum,
668 3157 767 3228 qui
820 3157 973 3226 apud
1043 3156 1326 3210 Idumaeos
1383 3157 1783 3210 habitaverunt
1816 3157 1876 3210 in

170 3249 327 3299 terra
347 3246 492 3313 Seir,
536 3262 664 3316 qua;
704 3246 929 3316 peperit
975 3243 1029 3299 ei
1083 3245 1333 3308 Amalec,
1365 3245 1679 3314 _quomodo
1727 3245 1878 3297 inter

165 3334 314 3388 ﬁlios
354 3339 710 3399 numeretur,
751 3350 881 3388 cum
924 3334 983 3387 in
1046 3333 1417 3403 sequentibus
1473 3333 1696 3401 legatur
1752 3332 1877 3401 ipsa

162 3423 426 3477 Thamna
463 3440 624 3477 soror
669 3425 861 3478 Lotam
913 3421 1016 3476 ﬁlii
1061 3421 1203 3488 Seir,
1262 3421 1362 3491 qui
1397 3427 1454 3474 et
1513 3421 1741 3474 Edom?
1769 3420 1876 3475 Sed

159 3513 280 3567 Seir
331 3512 605 3566 Hebraice
655 3512 872 3582 pilosus
933 3511 1162 3576 dicitur,
1222 3509 1322 3580 qui
1377 3510 1486 3563 fuit
1532 3509 1590 3562 in
1638 3510 1874 3563 modum

160 3602 331 3670 pellis
391 3601 671 3671 hispidus.
735 3601 906 3653 Edom
956 3604 1145 3652 autem
1205 3598 1475 3652 Hebraice
1525 3598 1736 3651 rubeus
1787 3600 1875 3652 vel

159 3692 371 3744 fulvus.
409 3690 494 3744 Ab
551 3706 617 3743 eo
657 3689 832 3757 igitur
875 3688 1026 3759 quod
1086 3688 1262 3741 rubeo
1307 3687 1434 3741 cibo
1475 3687 1727 3740 vendidit
1757 3687 1873 3756 pri-

159 3777 462 3848 mogenita
506 3793 627 3842 sua,
678 3777 854 3830 Edom
913 3780 1139 3828 vocatus
1194 3779 1298 3829 est.
1362 3773 1583 3827 Hebraei
1632 3790 1762 3827 vero
1794 3774 1871 3827 ita

159 3867 411 3918 solvunt.
449 3865 654 3918 Dicunt
712 3865 1026 3918 Thamnam
1093 3862 1475 3916 concubinam
1535 3862 1710 3915 fuisse
1759 3862 1870 3916 Eli-

159 3955 330 4023 phaz,
369 3957 429 4006 et
488 3969 786 4023 generasse
836 3953 888 4006 ei
929 3952 1177 4019 Amalec,
1205 3951 1302 4005 sed
1359 3956 1635 4022 tanquam
1696 3951 1872 4005 ﬁliam

157 4043 314 4096 inter
344 4042 497 4095 ﬁlios
521 4043 589 4096 ab
617 4042 741 4112 ipso
772 4041 944 4095 fuisse
969 4041 1286 4095 educatam.

231 4134 402 4185 Vens.
439 4132 621 4184 40.-
677 4132 880 4196 Aliam,
928 4131 1027 4201 qui
1073 4130 1140 4184 de
1193 4145 1399 4199 genere
1464 4128 1873 4183 Horrhaeorum

160 4225 255 4274 est.
297 4222 364 4274 In
410 4220 613 4275 Genesi
671 4219 957 4284 scribitur,
1004 4220 1270 4287 Aluham,
1329 4218 1388 4273 id
1426 4222 1511 4272 est
1563 4219 1871 4271 exaltatus.

1991 499 2102 561 tur,
2147 499 2210 549 ut
2236 495 2393 550 varia
2423 496 2691 566 mysteria
2722 497 3136 566 signiﬁcentur.

2059 587 2219 640 Vens.
2261 586 2348 638 43.
2398 585 2634 639 Denaba.
2691 585 2894 640 Civitas
2957 588 3091 640 l-lala
3167 588 3270 641 ﬁlii
3347 590 3486 643 Beor
3543 591 3692 661 regis

1993 674 2185 738 Edom,
2212 679 2339 743 post
2364 691 2536 744 quem
2591 674 2850 744 regnavit
2879 676 3078 729 Jobab.
3141 678 3234 729 Est
3267 683 3460 731 tamen
3514 695 3693 750 usque

1987 762 2156 816 hodie
2177 763 2308 816 villa
2363 764 2610 826 Denaba,
2647 763 2705 815 in
2765 766 2962 816 octavo
3005 765 3274 818 milliario
3325 769 3688 837 Areopoleos,

1985 852 2356 921 pergentibus
2379 855 2706 917 Armonem,
2743 856 2799 905 et
2829 853 3008 906 altera
3069 854 3295 908 Deuaba
3317 871 3489 924 super
3527 874 3692 911 mon-

1985 946 2101 994 tem
2134 941 2374 1011 Phegor,
2409 941 2468 993 in
2523 941 2766 1010 septimo
2820 941 3008 1011 lapide
3053 943 3242 995 Jebus.
3304 943 3688 1013 Hieronymus

1987 1029 2056 1083 de
2084 1029 2272 1083 Jesbii.

2053 1119 2211 1172 Vens.
2273 1119 2360 1171 44.
2426 1147 2492 1158 -
2547 1119 2728 1172 Jobab
2782 1121 2928 1187 ﬁlius
2979 1123 3146 1184 lam,
3201 1136 3371 1190 quem
3430 1121 3535 1174 Job
3569 1137 3691 1175 esse

1986 1206 2364 1276 suspicantur.
2431 1206 2538 1260 Sed
2594 1207 2813 1260 Hebraei
2875 1209 3123 1261 afferunt
3175 1225 3308 1262 eum
3380 1209 3448 1262 de
3519 1209 3692 1280 stirpe

1992 1294 2210 1348 Nacbor
2267 1309 2387 1348 esse
2447 1295 2862 1364 progenitum;
2926 1297 3088 1350 Philo
3144 1303 3353 1361 autem,
3415 1298 3473 1351 in
3546 1298 3692 1352 libro

1988 1383 2379 1447 Quaestionum
2416 1399 2587 1453 super
2616 1384 2899 1448 Genesim,
2941 1391 3134 1438 narrat
3191 1385 3279 1439 his
3337 1387 3694 1456 temporibus

1985 1488 2119 1525 eum
2152 1471 2323 1524 fuisse
2355 1475 2409 1524 et
2464 1473 2743 1542 accepisse
2802 1489 3038 1527 uxorem
3109 1474 3325 1534 Dinam,
3381 1476 3560 1528 ﬁliam
3594 1477 3693 1530 Ja-

1985 1562 2122 1616 cob:
2159 1567 2212 1615 et
2271 1565 2397 1614 ante
2450 1561 2780 1614 tentationis
2834 1579 2951 1615 suae
3027 1568 3314 1616 certamen
3374 1564 3512 1618 dicit
3566 1580 3693 1618 eam

1989 1657 2205 1721 septem
2261 1649 2408 1703 ﬁlios
2465 1655 2520 1703 et
2567 1655 2680 1703 tres
2734 1649 2881 1704 ﬁlias
2925 1650 3010 1704 illi
3067 1668 3388 1721 generasse,
3450 1653 3550 1724 qui
3599 1670 3692 1706 ex-

1989 1740 2179 1793 stincti
2231 1744 2362 1792 sunt
2415 1739 2474 1792 in
2518 1740 2852 1793 tentatione.
2909 1741 3017 1794 Sed
3070 1741 3121 1794 ei
3182 1747 3380 1794 sanato
3448 1741 3694 1796 reddidit

1993 1826 2266 1880 Dominus
2321 1828 2514 1880 omnia
2569 1827 2836 1897 duplicia,
2868 1834 2923 1882 et
2983 1829 3120 1882 item
3178 1834 3394 1900 septem
3435 1830 3580 1884 ﬁlios
3637 1834 3695 1884 et

1989 1923 2102 1969 tres
2151 1917 2298 1969 ﬁlias
2347 1916 2645 1986 praedictas
2689 1933 2831 1970 nxor
2876 1919 3096 1987 genuit,
3157 1935 3405 1988 quorum
3459 1917 3695 1973 nomina

1990 2005 2190 2059 eadem
2221 2005 2453 2058 fuerunt
2503 2021 2630 2074 quae
2678 2006 2961 2074 priorum,
3017 2007 3072 2060 id
3121 2013 3226 2074 est,
3287 2007 3539 2077 Eliphaz,
3582 2010 3692 2061 Ar-

1990 2110 2138 2161 moe,
2174 2092 2421 2154 Diasath,
2457 2093 2719 2160 Philasia,
2785 2095 3210 2164 Dipharcelutb,
3270 2096 3510 2161 Thelon,
3541 2096 3695 2150 ﬁlia-

1993 2196 2119 2234 rum
2152 2197 2281 2234 vero
2304 2181 2478 2245 Meru,
2508 2181 2720 2243 Lizath,
2753 2182 2886 2236 Zeli.

2058 2273 2249 2340 Bosra,
2281 2275 2384 2324 etc.
2428 2271 2566 2334 Quae
2603 2275 2686 2324 est
2729 2273 2900 2325 Bosor
2940 2272 3135 2325 civitas
3169 2272 3229 2326 in
3283 2273 3505 2327 deserto
3537 2279 3693 2328 trans

1986 2361 2290 2414 Jordanem
2331 2359 2388 2412 in
2416 2359 2567 2412 tribu
2626 2360 2846 2414 Ruben.
2904 2362 3239 2430 Appellatur
3290 2367 3345 2414 et
3375 2363 3486 2415 alia
3519 2365 3695 2417 Bosor

1989 2449 2184 2503 civitas
2217 2451 2359 2503 Esau
2411 2449 2470 2502 in
2501 2449 2794 2503 montibus
2835 2450 3103 2514 Idumem,
3165 2451 3232 2504 de
3266 2467 3379 2520 qua
3431 2451 3640 2505 dicitur
3675 2468 3686 2505 :

1993 2539 2225 2591 Fulvida
2254 2540 2567 2591 vestimenta
2588 2538 2704 2604 ejus
2769 2539 3022 2592 emRosor.

2061 2627 2223 2680 Vens.
2259 2627 2347 2680 45.
2389 2653 2461 2664 -—-
2509 2627 2924 2681 Themanorum.
2987 2626 3242 2679 'l‘heman
3298 2626 3449 2697 regis
3480 2641 3512 2679 a
3539 2628 3691 2680 The-

1990 2729 2124 2766 man
2156 2713 2275 2766 ﬁlio
2308 2713 2537 2783 Eliphaz
2561 2712 2765 2766 sortita
2795 2713 3150 2767 vocabulum.
3188 2715 3278 2766 Est
3298 2729 3480 2783 usque
3518 2712 3691 2766 hodie

1989 2800 2119 2853 villa
2151 2802 2422 2865 Theman,
2477 2801 2694 2854 distans
2751 2801 2820 2853 ab
2872 2802 3012 2854 urbe
3060 2803 3224 2854 Petra
3263 2801 3518 2871 quinque
3566 2800 3691 2853 mil-

1991 2889 2159 2954 libus,
2187 2894 2243 2942 et
2275 2889 2369 2942 ubi
2404 2890 2794 2942 Romanorum
2847 2888 3093 2942 militum
3131 2889 3466 2959 praesidium
3524 2888 3687 2953 sedit,

981 2979 1283 3044 Quaeritur,
1341 2995 1468 3032 cum
1515 2980 1771 3033 Thamna
1818 2979 1877 3032 in
1909 2985 1950 3039 Ο
1987 2984 2056 3031 de
2087 2993 2201 3047 quo
2235 2978 2358 3030 loco
2406 2977 2514 3030 fuit
2571 2977 2799 3047 Eliphaz
2867 2993 2963 3030 rex
3020 2979 3487 3031 Themanorum:
3543 2994 3690 3030 unus

1986 3081 2213 3136 quoque
2238 3066 2490 3119 ﬁliorum
2514 3065 2715 3118 Ismael
2748 3066 3147 3135 appellabatur
3185 3067 3459 3119 Tlieman.
3503 3065 3690 3119 Scien-

1985 3155 2123 3208 dum
2176 3159 2367 3208 autem
2425 3155 2577 3224 quod
2637 3154 2822 3208 omnis
2887 3156 3149 3208 australis
3204 3155 3361 3224 regio
3421 3155 3690 3208 Hebraice
3748 3205 3759 3213 .

1982 3244 2238 3297 Theman
2278 3243 2507 3296 dicitur.

2048 3333 2208 3385 Vens.
2260 3333 2348 3386 46.
2396 3361 2467 3371 -
2523 3331 2770 3396 Madian,
2814 3331 3071 3385 civitasa
3128 3331 3369 3385 minimo
3437 3331 3690 3386 ﬁliorum

1983 3421 2268 3473 Abraham
2325 3425 2382 3474 et
2439 3421 2698 3474 Gethurze
2747 3420 2826 3473 sic
2877 3426 3088 3474 vocata.
3156 3422 3249 3474 Est
3307 3424 3496 3474 autem
3532 3426 3691 3475 trans

1981 3509 2249 3563 Arabiam
2303 3509 2363 3562 in
2413 3510 2636 3563 deserto
2694 3509 3107 3564 Saracenorum
3159 3514 3356 3564 contra
3409 3509 3687 3564 orientem

1983 3599 2156 3652 maris
2180 3599 2380 3665 Rubri,
2415 3600 2565 3652 unde
2601 3605 2878 3652 vocantur
2931 3600 3242 3666 Madianaei,
3298 3605 3352 3653 et
3380 3600 3691 3653 Madianaaa

1982 3687 2160 3757 regio.
2196 3688 2354 3740 Filiae
2414 3703 2644 3756 quoque
2698 3687 2878 3739 soceri
2929 3687 3105 3756 Moysi
3154 3688 3288 3740 ﬁliae
3347 3689 3569 3742 Madian
3599 3689 3686 3743 di-

1981 3784 2225 3842 cuntur;
2288 3776 2386 3829 sed
2443 3776 2564 3829 haec
2620 3775 2732 3828 alia
2785 3774 2983 3828 civitas
3042 3779 3125 3828 est
3194 3793 3512 3846 ononymos
3567 3778 3687 3847 ejus

1973 3866 2136 3935 juxta
2168 3869 2478 3918 Armonem
2531 3868 2585 3917 et
2642 3863 2994 3933 Areopolim,
3049 3864 3210 3933 cujus
3269 3865 3452 3918 adhuc
3502 3868 3686 3920 ruinae

1982 3956 2396 4006 monstrantur.

2045 4042 2205 4094 Vens.
2265 4043 2353 4094 48.
2417 4070 2483 4079 ——
2542 4039 2842 4094 Rohoboth.
2898 4039 3038 4094 Urbs
3101 4043 3185 4092 est
3231 4040 3392 4109 juxta
3444 4040 3684 4095 ﬂuvium

1979 4130 2077 4184 ubi
2108 4134 2228 4183 erat
2257 4144 2350 4182 rex
2417 4129 2617 4194 Edom,
2669 4133 2724 4182 et
2763 4145 2946 4200 usque
2995 4128 3164 4183 hodie
3209 4134 3294 4182 est
3348 4129 3684 4199 praesidium

1981 4219 2041 4272 in
2115 4219 2347 4289 regione
2418 4217 2722 4283 Gabalena,
2784 4223 2842 4271 et
2918 4217 3073 4271 vicus
3131 4217 3365 4290 grandis
3449 4218 3548 4290 qui
3608 4220 3685 4272 sic

160 4311 220 4362 In
255 4309 714 4380 Paralipomenis
769 4325 900 4362 vero
943 4309 1128 4373 Ahan,
1179 4307 1237 4361 id
1269 4312 1353 4360 est
1383 4307 1620 4378 ejectus,
1684 4305 1862 4376 signi—
1897 4329 1940 4382 ι)
1981 4311 2230 4362 vocatur.

157 4398 336 4453 ﬁcans
385 4398 487 4468 qui
543 4397 798 4452 Horrhai
853 4397 1079 4450 exaltati
1131 4400 1265 4449 sunt
1319 4399 1628 4466 autequam
1689 4394 1868 4449 Edom

158 4491 372 4541 terram
402 4502 601 4540 eorum
632 4491 880 4556 caperet,
913 4491 1042 4556 post
1065 4501 1197 4538 vero
1229 4485 1410 4554 ejecti.

225 4577 421 4645 Sephi.
455 4575 814 4645 (HlERON.)Id
861 4580 965 4641 est,
1021 4573 1242 4644 unipes.
1276 4574 1339 4626 In
1384 4571 1586 4627 Genesi
1654 4572 1864 4642 Sepho,

157 4663 209 4716 id
244 4670 351 4729 est,
381 4663 544 4733 bipes
579 4680 592 4729 ;
627 4669 933 4733 utrumque
955 4669 1144 4715 tamen
1174 4663 1356 4732 perte?
1403 4661 1562 4714 schin
1592 4661 1866 4730 litteram,

163 4753 325 4822 Bipes
349 4757 544 4806 autem
577 4752 799 4817 dicitur,
854 4752 987 4822 quia
1017 4768 1047 4804 a
1086 4767 1352 4820 processu
1404 4750 1680 4818 temporis
1717 4752 1868 4805 mul-

157 4842 408 4895 titudine
435 4841 645 4896 sobolis
695 4842 968 4912 majorem
1024 4838 1334 4895 efﬁcaciam
1383 4838 1648 4892 habuerit
1691 4855 1864 4909 quam

156 4928 214 4983 in
245 4929 477 4999 primis.

225 5021 400 5074 Vnus.
438 5021 527 5073 41.
555 5020 908 5073 —Hamran.
961 5018 1025 5071 In
1085 5013 1534 5085 Paralipomenis
1591 5017 1862 5084 Hamran,

153 5107 204 5160 id
237 5114 324 5161 est
380 5106 723 5172 rubricatus,
781 5106 1040 5160 sordidus
1089 5105 1174 5158 vel
1229 5105 1606 5158 tumulentus.
1673 5107 1735 5158 In
1767 5106 1868 5161 Ge-

157 5197 276 5250 nesi
297 5196 548 5261 Amdan,
580 5196 637 5249 id
660 5200 744 5248 est
765 5193 1217 5264 concupiscibilis
1245 5212 1258 5259 ;
1289 5193 1387 5246 sed
1417 5198 1659 5264 utraque
1692 5196 1865 5250 unius

159 5284 416 5339 hominis
450 5285 683 5338 nomina
713 5288 862 5337 sunt.

223 5376 388 5428 Vens.
449 5375 539 5428 42.
604 5403 666 5414 --
716 5377 902 5429 Jacan.
959 5373 1142 5444 (ΗΑΒ.)
1198 5374 1370 5427 Jacan
1400 5371 1553 5426 ﬁlius
1608 5375 1748 5428 Aser
1792 5375 1863 5430 de

161 5478 370 5531 genere
431 5465 815 5525 Horraaorum,
858 5462 919 5516 in
975 5461 1177 5518 Genesi
1221 5465 1375 5516 Acan
1423 5460 1771 5529 nominatur,
1803 5462 1862 5516 id

163 5557 243 5605 est
272 5552 594 5606 tribulator.
661 5553 717 5605 In
781 5550 1232 5621 Paralipomenis
1280 5551 1472 5616 Jacan,
1530 5550 1585 5603 id
1644 5556 1727 5606 est
1759 5552 1860 5605 tri-

2062 4399 2222 4450 Vens.
2285 4397 2370 4449 50.
2417 4425 2478 4435 —
2534 4395 2748 4449 Matred
2803 4397 2948 4465 ﬁlim,
3002 4401 3107 4450 etc.
3165 4398 3301 4450 Due:
3359 4400 3570 4451 matres
3592 4398 3685 4452 hic

1979 4489 2377 4550 numerantur,
2413 4484 2478 4537 ad
2523 4483 2962 4553 signiﬁcandum
3026 4485 3381 4556 mysterium,
3435 4489 3497 4540 ut
3529 4485 3684 4539 auri-

1978 4575 2070 4629 fex
2157 4574 2450 4643 genuisset
2499 4573 2986 4643 dispensatricem,
3049 4579 3106 4628 et
3141 4574 3514 4644 dispensatrix
3571 4577 3681 4629 Do-

1977 4663 2122 4717 mini
2195 4661 2630 4732 benignitatem,
2691 4661 2827 4731 quia
2886 4678 2951 4715 ex
3030 4663 3412 4733 profunditate
3485 4678 3685 4716 sensus

1975 4752 2228 4806 nascitur
2251 4752 2492 4805 facunda
2552 4751 2760 4805 locutio
2821 4767 2949 4820 quae
3008 4751 3182 4805 ﬁdem
3227 4752 3502 4804 mundam
3548 4767 3679 4821 gra-

1976 4842 2117 4896 tiam
2159 4841 2261 4895 Dei
2306 4845 2670 4911 promeretur
2725 4839 2964 4910 gignere
3025 4839 3083 4892 in
3143 4839 3407 4893 cordibus
3463 4840 3681 4894 audito-

1976 4946 2124 4984 rum.

2047 5021 2208 5074 Vens.
2243 5021 2328 5074 51.
2369 5047 2440 5059 -
2490 5021 2678 5083 Duces,
2738 5023 2842 5072 etc.
2915 5016 3239 5071 Notandum
3323 5017 3476 5087 quod
3519 5016 3678 5086 prius

1975 5125 2139 5179 reges
2171 5108 2314 5163 dixit
2355 5109 2424 5163 de
2483 5108 2678 5170 Edoni,
2734 5112 2931 5177 postea
2978 5108 3148 5159 duces
3179 5122 3308 5161 cum
3367 5107 3526 5178 prius
3555 5107 3680 5161 fue-

1974 5203 2146 5252 runt:
2171 5214 2416 5268 quorum
2447 5197 2721 5268 quasdam
2754 5202 2963 5248 matres
2991 5195 3268 5261 nominat,
3288 5200 3349 5249 ut
3381 5195 3678 5250 Oolibama

1975 5292 2029 5340 et
2060 5287 2333 5340 Thamna.

2037 5377 2161 5429 Dum
2199 5374 2393 5428 Aliha.
2455 5374 2591 5429 Alva
2635 5372 2692 5427 in
2744 5358 2946 5428 Genesi
2989 5372 3216 5442 legitur,
3279 5374 3440 5444 cujus
3496 5374 3673 5429 inter-

1975 5464 2219 5533 pretatio
2267 5461 2628 5528 elevatio;in
2687 5462 3139 5533 Paralipomenis
3204 5462 3392 5532 Aliha,
3469 5464 3527 5518 id
3565 5467 3668 5518 est.

1974 5567 2146 5623 super
2176 5567 2325 5605 eam.
