4062 6180
351 262 455 313 635

1066 382 1291 436 CAPUT
1332 382 1397 436 II.

968 256 1369 314 WALAFRIDI
1406 259 1653 315 STRABI
1693 258 1898 316 FULD.
1938 258 2109 315 MON.
2157 257 2316 313 OPP.
2367 256 2542 312 PARS
2579 255 2622 309 Ι.
2661 283 2732 296 αα·-
2769 252 3227 311 THEOLOGICA.

3743 257 3852 308 636

2070 384 2113 439 Δ
2225 381 2383 436 Vnus.
2443 380 2529 436 54.
2559 409 2629 420 -
2678 379 3029 447 Bethlehem;
3089 378 3287 434 civitas
3336 378 3531 447 David,
3591 379 3654 433 in
3699 378 3856 434 tribu

412 469 599 525 Achar
654 472 770 539 qui.
827 470 1113 541 (HIERON.,
1163 470 1359 535 Quasi.
1383 471 1443 523 in
1474 470 1675 537 Paral.,
1732 472 1870 524 tom.
1921 469 2042 541 III.)
2150 469 2334 540 Iudae,
2386 470 2447 524 in
2507 484 2621 540 qua
2669 468 2944 525 Dominus
3003 472 3171 522 natus
3222 472 3307 522 est
3381 468 3440 522 in
3489 467 3735 538 septimo
3779 468 3858 523 ab

341 558 525 614 Achar
581 558 683 630 qui
736 564 795 613 et
849 559 1039 614 Achan
1098 558 1158 612 in
1204 557 1373 613 Josue
1432 557 1661 627 dicitur,
1720 557 1779 613 id
1837 562 1920 612 est
1948 573 2042 611 co-

2151 557 2270 612 Elia
2324 557 2591 612 milliario
2651 562 2848 612 contra
2916 557 3329 612 meridonalem
3385 558 3633 629 plagam,
3690 557 3857 627 juxta

342 647 505 701 luber
551 647 849 714 insidians,
906 648 1094 702 Achar
1162 647 1444 715 turbatus,
1504 653 1634 717 etc.,
1679 663 1848 717 usque
1890 645 2044 701 adid
2148 645 2300 700 viam
2346 662 2476 718 qua:
2529 646 2687 700 ducit
2753 647 2995 713 Hebron,
3059 646 3156 701 ubi
3212 648 3541 717 sepulcrum
3606 648 3763 701 Jesse
3796 650 3859 699 et

342 741 446 803 est,
483 736 854 792 multitudine
884 742 1250 807 peccatorum
1282 736 1542 791 exstincti
1588 742 1737 792 sunt.

414 826 577 879 Vsus.
622 828 673 880 9.
736 857 804 866 —
858 826 1075 896 Calubi,
1132 826 1193 880 id
1250 831 1355 892 est,
1414 826 1569 881 canis
1618 842 1799 887 meus,
1847 826 1947 897 qui
1991 829 2050 880 et

344 913 533 983 Caleb,
584 913 644 967 id
701 918 785 968 est
840 913 1018 980 canis,
1077 929 1225 967 unus
1284 914 1352 968 de
1409 913 2049 985 exploratoribus.Hes—

344 1018 451 1056 ron
472 1018 701 1074 quoque
724 1006 781 1057 et
834 1003 1086 1073 Jephone
1144 1003 1294 1057 idem
1350 1009 1454 1069 est,
1517 1004 1667 1057 unde
1696 1004 1864 1058 Caleb
1896 1002 2050 1057 ﬁlius

348 1091 583 1156 Hesron,
617 1094 674 1143 et
702 1090 1011 1162 aliquando
1029 1090 1182 1144 ﬁlius
1211 1090 1467 1162 Jephone
1496 1090 1732 1160 legitur.

416 1179 793 1233 Vaas.l3.—
830 1181 943 1233 Isai
995 1184 1173 1233 autem
1237 1182 1446 1247 genuit.
1512 1180 1575 1232 In
1632 1179 1779 1233 libro
1827 1181 2050 1249 Regum

346 1267 555 1322 dicitur
584 1268 793 1322 habere
828 1268 935 1322 Isai
964 1273 1088 1323 octo
1129 1267 1295 1336 ﬁlios,
1353 1267 1411 1321 in
1458 1266 1905 1338 Paralipomenis
1936 1282 2051 1321 non

347 1356 597 1428 amplius
653 1374 827 1428 quam
878 1362 1119 1428 septem.
1148 1358 1254 1412 Sed
1308 1356 1506 1411 dicunt
1565 1356 1787 1411 Hebraei
1830 1356 2053 1411 Nathan

348 1447 690 1516 prophetam
722 1446 907 1500 ﬁlium
940 1447 1109 1501 Sama
1141 1446 1248 1516 (vel
1299 1444 1585 1511 Sammaa,
1643 1446 1729 1499 vel
1775 1444 2049 1513 Simmaa)

346 1535 453 1589 ﬁlii
485 1535 614 1602 Isai,
665 1551 838 1606 quem
887 1535 949 1589 iu
1002 1536 1191 1589 locum
1248 1534 1353 1588 ﬁlii
1409 1533 1668 1588 educavit
1721 1538 1775 1587 et
1818 1532 2056 1587 nutrivit

348 1624 498 1678 inter
523 1623 671 1719 ﬁlios
704 1628 1091 1679 numeratum.
1133 1625 1289 1678 Inter
1318 1623 1468 1677 ﬁlios
1513 1638 1742 1694 quoque
1797 1622 1906 1676 Isai
1937 1622 2050 1675 Na-
2087 1665 2125 1719 Β

349 1714 487 1767 than
521 1712 797 1767 adductus
843 1716 927 1767 est
976 1713 1047 1767 ad
1100 1711 1445 1777 Samuelem,
1506 1711 1605 1782 qui
1659 1716 1714 1765 et
1752 1710 2053 1776 Jonathan,

349 1802 452 1874 qui
480 1800 761 1873 percussit
805 1802 1055 1856 leonem.
1098 1803 1162 1855 Et
1219 1800 1515 1855 sciendum
1561 1800 1716 1870 quod
1764 1799 1866 1854 ubi
1926 1814 2058 1869 pro-

348 1891 518 1964 pheta
546 1894 795 1956 vocatur,
824 1890 1048 1944 Nathan
1078 1889 1367 1955 scribitur,
1404 1877 1839 1957 uoanonathan.

421 1981 579 2035 Vsus.
630 1983 711 2034 17.
763 2009 831 2019 --
874 1981 1077 2036 Jether.
1106 1980 1170 2033 In
1214 1980 1454 2049 Regum,
1483 1979 1678 2033 Jethra
1735 1976 2053 2043 Israelites;

270 2069 274 2073 ⁴
351 2069 446 2124 sed
479 2067 821 2122 meritorum
890 2067 1133 2139 qualitas
1184 2067 1572 2121 diversitatem
1631 2065 1935 2120 nominum
1967 2064 2049 2119 fa-

350 2156 462 2225 cit;
496 2171 629 2210 nam
658 2156 853 2211 Jethra
884 2155 1179 2210 residuum
1204 2155 1633 2227 interpretatur,
1691 2155 1885 2209 Jether
1922 2169 2056 2207 vero

354 2245 644 2299 modicum
701 2245 1017 2309 residuum,
1078 2249 1136 2299 et
1180 2244 1409 2299 residuo
1450 2244 1714 2315 jungitur
1768 2242 2055 2309 Israelitis,

354 2334 579 2389 modico
610 2333 841 2388 residuo
874 2332 1192 2387 Ismaelitis.

452 2424 610 2477 Vnus.
678 2426 762 2477 19.
819 2453 886 2462 -
935 2423 1202 2491 Ephrata.
1259 2419 1538 2489 (ΗιεηοΝ.)
1587 2421 1717 2474 Haec
1764 2424 1848 2473 est
1888 2418 2061 2474 Maria

353 2528 516 2567 soror
546 2510 743 2581 Moysi,
782 2517 966 2565 mater
1016 2510 1157 2577 Hur,
1186 2509 1364 2579 patris
1417 2508 1575 2575 Furi,
1626 2508 1730 2563 Avi
1789 2508 2056 2563 Beseleel.

357 2603 475 2656 Hur
502 2617 638 2655 vero
665 2604 750 2655 est
778 2600 1028 2671 quicum
1054 2602 1243 2653 Aaron
1291 2597 1609 2652 sustinebat
1649 2612 1853 2651 manus
1883 2596 2063 2667 Moysi

354 2692 653 2759 pugnante
681 2690 874 2743 Iosue.

427 2778 586 2831 Vsus.
620 2778 708 2830 22.
749 2806 817 2817 —
868 2777 1010 2830 Jair.
1060 2774 1158 2828 Hic
1207 2774 1383 2844 judex
1443 2774 1551 2828 fuit
1598 2778 1728 2845 post
1780 2773 1958 2829 Thola
2005 2775 2063 2827 et

349 2865 626 2936 judicavit
656 2865 829 2918 Israel
851 2863 1073 2919 duobus
1095 2868 1152 2918 et
1194 2862 1398 2934 viginti
1425 2862 1612 2927 annis,
1662 2862 1883 2917 habens
1912 2860 2062 2916 ﬁlios

2153 734 2330 791 David
2352 735 2694 804 ostenditur,
2744 740 2802 791 et
2860 734 3015 791 mille
3081 735 3305 790 circiter
3361 735 3622 806 passibus
3654 736 3858 805 procul

2154 824 2327 879 turris
2354 824 2525 891 Ader,
2558 824 2618 879 id
2648 827 2733 878 est
2770 824 2941 878 turris
2968 824 3180 895 gregis,
3230 824 3290 878 in
3317 823 3569 895 quodam
3591 823 3859 877 vaticinio

2155 919 2413 986 pastores
2453 912 2766 969 Dominicas
2818 911 3127 966 nativitatis
3170 911 3426 965 conscios
3455 916 3589 965 ante
3643 910 3860 982 signiﬁ-

2157 1019 2309 1058 cans.

2229 1094 2333 1160 Qui
2361 1090 2642 1146 dividebat
2677 1089 2969 1144 dimidium
3015 1090 3413 1158 requietionum
3462 1087 3742 1159 (Hieaox.,
3768 1089 3866 1142 ubi

2155 1180 2368 1252 supra),
2402 1181 2462 1235 id
2483 1185 2567 1235 est
2594 1184 2773 1234 sortes
2816 1179 3037 1235 Madian
3081 1179 3249 1249 juxta
3300 1178 3561 1248 sepulcra
3614 1178 3861 1248 patriar-

2159 1272 2397 1326 charum
2427 1286 2557 1341 quaa
2583 1273 2717 1323 sunt
2774 1268 2835 1323 in
2892 1268 3258 1324 Cariatharbe
3305 1266 3543 1337 accepit,
3604 1272 3661 1320 et
3688 1267 3863 1337 hujus

2159 1360 2266 1415 ﬁlii
2288 1360 2521 1414 fuerunt
2550 1358 2784 1425 Jethrei,
2848 1362 2954 1412 etc.
3012 1356 3243 1412 Semita:
3301 1360 3357 1410 et
3387 1355 3712 1410 Esthaolitae
3765 1372 3864 1409 no-

2160 1450 2319 1503 mina
2371 1450 2625 1503 locorum
2689 1446 2877 1500 sortiti
2952 1450 3103 1511 sunt,
3168 1444 3268 1517 qui
3328 1450 3461 1499 sunt
3536 1444 3726 1499 Sarrai
3808 1448 3866 1497 et

2164 1539 2412 1604 Esthaol,
2440 1536 2541 1592 ubi
2583 1537 2841 1607 sepultus
2871 1540 2954 1589 est
2999 1535 3253 1589 Samson.
3310 1532 3672 1605 Requietatio
3710 1532 3866 1587 enim

2162 1628 2488 1699 sepulcrum
2521 1625 2747 1681 dicitur.
2776 1623 3211 1679 Aliidimidium
3234 1621 3609 1693 requietionis
3638 1626 3867 1693 tempus

2164 1716 2471 1773 dimidium
2489 1714 2838 1785 intelligunt,
2863 1729 2978 1784 quo
3009 1712 3114 1767 ﬁlii
3136 1713 3305 1766 Israel
3327 1716 3623 1782 caaperunt
3648 1716 3866 1765 terram

2163 1804 2561 1878 promissionis
2613 1802 2926 1874 possidere,
2959 1802 3029 1859 ab
3083 1818 3150 1855 eo
3211 1800 3423 1854 scilicet
3470 1805 3732 1871 tempore
3753 1816 3867 1871 quo

2165 1897 2382 1965 Moyses
2410 1892 2566 1948 dedit
2594 1898 2807 1947 terram
2857 1890 3064 1946 Galaad
3096 1890 3249 1944 ultra
3302 1889 3629 1955 Iordanem,
3662 1889 3867 1943 Ruben

2165 1990 2222 2039 et
2249 1983 2390 2049 Gad,
2419 1987 2476 2036 et
2501 1981 2757 2036 dimidia:
2784 1979 2958 2034 tribui
2986 1980 3259 2045 Manasse,
3292 1994 3591 2049 usquequo
3644 1982 3868 2032 caeteras

2162 2072 2346 2128 tribus
2396 2075 2572 2125 sortes
2651 2085 2780 2123 suas
2827 2072 3191 2138 acceperunt.
3237 2068 3303 2121 In
3361 2067 3534 2137 hujus
3588 2062 3870 2136 temporis

2164 2162 2471 2217 medietate
2497 2159 2695 2213 dicunt
2724 2157 2894 2213 Sobal
2943 2172 3063 2210 esse
3119 2161 3439 2223 mortuum,
3491 2159 3547 2209 et
3576 2154 3656 2208 ita
3688 2153 3870 2208 dimi-

2165 2251 2325 2307 dium
2376 2247 2802 2319 requietionum
2859 2246 3084 2313 vidisse,
3140 2245 3198 2299 id
3230 2249 3333 2313 est,
3392 2244 3462 2299 ad
3502 2243 3871 2299 medietatem

2165 2338 2321 2393 illius
2351 2334 2627 2407 temporis
2656 2334 2999 2405 pervenisse.

2237 2426 2464 2498 Mystice
2505 2429 2697 2480 autem
2738 2424 2927 2488 Sobal,
2979 2422 3039 2477 id
3096 2426 3181 2477 est
3234 2437 3381 2476 vana
3455 2424 3728 2483 vetustas,
3788 2422 3875 2474 vel

2166 2515 2340 2569 vectis
2371 2515 2443 2570 ad
2466 2512 2833 2584 portandum.
2883 2512 3107 2566 Judaaos
3152 2510 3438 2582 signiﬁcat
3489 2509 3589 2580 qui
3618 2508 3874 2579 antiqui-

2166 2608 2259 2659 tus
2289 2603 2539 2675 populus
2573 2600 2675 2655 Dei
2728 2600 3082 2655 vocabantur
3135 2605 3191 2654 et
3245 2600 3429 2670 legem
3461 2598 3669 2653 litterae
3695 2596 3877 2668 primi

2170 2698 2528 2762 acceperunt,
2560 2691 2658 2762 qui
2684 2690 2859 2744 libros
2881 2690 3023 2760 legis
3051 2694 3107 2743 et
3135 2689 3550 2760 prophetarum
3588 2686 3873 2749 ferebant,

2171 2783 2271 2839 sed
2322 2780 2659 2853 mysterium
2717 2778 3121 2834 incarnationis
3176 2777 3382 2833 Christi
3437 2792 3555 2830 non
3593 2775 3876 2846 intellige-

2169 2873 2327 2927 bant.
2365 2869 2523 2925 Unde
2554 2867 2857 2923 dimidium
2877 2865 3326 2937 requietionum,
3366 2865 3425 2918 id
3458 2868 3543 2918 est
3569 2862 3879 2917 historiam

358 2954 615 3025 triginta,
673 2953 965 3025 principes
1007 2951 1299 3007 civitatum
1353 2951 1608 3021 triginta,
1665 2967 1795 3022 quae
1837 2950 1907 3004 ab
1939 2950 2050 3020 ipso

2223 2961 2456 3015 derunt.
2491 2957 2591 3012 Ille
2620 2962 2812 3011 autem
2835 2954 3705 3027 plenitudinemlrequietionum
3736 2968 3876 3022 pos-

359 3042 674 3097 nominatae
707 3046 858 3108 sunt,
889 3041 1033 3095 sicut
1062 3041 1121 3094 in
1168 3040 1315 3095 libro
1342 3040 1609 3095 Iudicum
1686 3039 1914 3111 legitur.

430 3132 591 3187 Vsus.
624 3133 712 3185 25.
742 3160 813 3172 —
840 3132 974 3188 Nati
1002 3133 1148 3184 sunt.
1186 3131 1467 3183 Hactenus
1509 3129 1751 3199 scriptor
1806 3127 2059 3182 historiae

362 3219 546 3273 texuit
574 3219 1008 3290 generationem
1041 3218 1285 3272 duorum
1334 3217 1586 3271 ﬁliorum
1645 3219 1880 3285 Hesron,
1912 3216 2060 3271 duo—

361 3322 490 3361 rum
517 3307 922 3377 posteriorum,
955 3306 1015 3360 id
1046 3311 1149 3369 est,
1180 3309 1349 3359 Aram
1377 3310 1435 3359 et
1465 3304 1685 3371 Calubi,
1720 3305 1788 3359 de
1850 3305 2061 3375 quibus

360 3394 520 3465 prius
537 3394 850 3467 Inarravit;
908 3395 1044 3465 quia
1084 3393 1305 3464 regiam
1361 3397 1417 3447 et
1482 3393 1890 3447 sacerdotalem
1920 3409 2061 3464 quo-

362 3482 654 3553 quomodo
710 3482 884 3536 voluit
917 3483 1275 3535 innotescere
1321 3480 1682 3551 dignitatem.
1741 3480 1900 3534 Nunc
1959 3497 2063 3534 au-

362 3574 478 3624 tem
511 3570 581 3625 ad
610 3569 1005 3641 primogeniti,
1059 3570 1119 3624 id
1176 3574 1262 3623 est
1306 3568 1606 3635 Jerameel,
1663 3568 2064 3640 genealogiam

364 3659 528 3713 redit.

434 3749 597 3803 Vsus.
631 3750 720 3803 26.
753 3776 822 3787 --
851 3748 1041 3804 Onam.
1079 3747 1175 3802 Hic
1206 3747 1278 3801 ab
1298 3747 1481 3802 Onam
1511 3746 1629 3801 ﬁlio
1659 3746 1821 3802 Iudae
1848 3762 2065 3802 nomen

361 3837 598 3908 accepit,
644 3837 743 3892 sed
796 3837 1086 3905 differunt,
1163 3837 1298 3908 quia
1365 3852 1466 3907 per
1507 3836 1654 3890 Num
1709 3836 1861 3891 ﬁlius
1900 3835 2060 3891 Iudae

365 3925 518 3981 ﬁlius
540 3927 822 3981 Jerameel
852 3943 955 3997 per
984 3928 1129 3982 Mem
1157 3925 1448 3980 scribitur.

434 4017 596 4071 Vsus.
626 4016 712 4071 34.
738 4046 805 4056 -
839 4016 1030 4069 Sesan.
1081 4016 1240 4069 Hunc
1298 4013 1522 4069 Hebrtei
1571 4012 1766 4069 dicunt
1795 4028 1917 4067 esse
1946 4012 2063 4067 Eli-

364 4104 608 4170 melech,
643 4102 826 4158 virum
853 4102 1075 4166 Noemi,
1108 4108 1327 4175 patrem
1370 4101 1647 4157 Mahalom
1705 4105 1761 4155 et
1788 4100 2060 4168 Cheliom,

367 4197 423 4247 et
452 4192 582 4247 ideo
614 4192 856 4261 scriptor
912 4191 971 4244 in
1029 4191 1400 4262 sequentibus
1448 4190 1641 4244 innuit
1678 4189 1835 4261 quod
1888 4190 2065 4245 Sesan

367 4297 484 4335 non
532 4279 801 4335 habuerit
846 4279 1016 4346 ﬁlios,
1073 4279 1171 4334 sed
1229 4279 1395 4347 ﬁlias,
1430 4280 1567 4349 quia
1620 4279 1734 4332 duo
1790 4278 1898 4333 ﬁlii
1942 4279 2137 4349 ejusD

367 4370 585 4441 absque
612 4368 809 4424 liberis
836 4367 1050 4422 mortui
1080 4371 1229 4421 sunt.

439 4459 605 4513 Vnus.
659 4459 746 4513 43.
789 4485 863 4498 -
920 4457 1150 4511 Hebron.
1211 4454 1417 4511 Civitas
1488 4454 1551 4509 in
1608 4453 1743 4525 {qua
1812 4453 2071 4524 regnavit

372 4545 550 4602 David
605 4550 825 4617 septem
871 4544 1037 4600 annis
1095 4548 1403 4615 antequam
1432 4542 1695 4615 regnavit
1741 4542 1800 4597 in
1844 4543 2070 4597 Jerusa-

367 4651 524 4690 nem.
569 4633 864 4705 Signiﬁcat
920 4632 1042 4688 haec
1104 4633 1226 4688 loca
1268 4630 1504 4686 nomina
1553 4630 1835 4701 accepisse
1875 4646 1909 4684 a
1963 4646 2072 4700 po-

368 4723 535 4779 steris
567 4722 758 4791 Caleb,
792 4721 894 4793 qui
926 4722 1151 4777 Hebron
1180 4726 1235 4776 et
1254 4720 1581 4775 suburbana
1636 4719 1760 4791 ejus
1787 4718 1848 4774 in
1860 4722 2075 4774 sortem

372 4812 604 4884 accepit.

442 4903 601 4957 Vaas.
657 4902 743 4955 50.
800 4929 869 4940 —-
896 4901 971 4955 Hi
1026 4904 1183 4954 erant
1236 4900 1359 4968 ﬁlii.
1424 4896 1782 4969 Recapitulat
1834 4912 2074 4968 genera-

372 4988 589 5044 tionem
620 4988 794 5047 Caleb
824 4987 895 5043 de
924 4987 1195 5058 Ephrata,
1215 5000 1389 5057 quam
1414 4990 1547 5039 aute
1573 4984 1811 5050 dimisit,
1844 4985 2075 5056 quando

375 5080 495 5134 Hur
525 5078 595 5133 de
623 5077 896 5148 Ephrata,
939 5075 1001 5130 id
1056 5079 1160 5142 est,
1209 5073 1387 5129 Maria
1443 5088 1641 5128 sorore
1701 5073 1877 5144 Moysi
1908 5072 2077 5143 geni-

371 5171 498 5222 tum
526 5165 798 5221 narravit.

446 5255 603 5310 Vsus.
637 5256 723 5309 52.
755 5283 825 5296 --
858 5254 1276 5319 Cariathiarim,
1324 5267 1455 5323 quae
1495 5254 1553 5305 et
1607 5249 1986 5314 Cariathabal,
2019 5247 2080 5303 id

375 5348 463 5399 est
485 5343 681 5399 civitas
712 5343 980 5411 saltuum,
1004 5358 1121 5397 una
1147 5341 1217 5396 de
1250 5339 1487 5396 urbibus
1543 5337 1991 5394 Gabaonitarum
2019 5336 2081 5391 in

376 5448 527 5488 nono
556 5431 825 5487 milliario
855 5430 1125 5486 euntibus
1156 5430 1228 5485 ab
1287 5428 1447 5484 Helia
1493 5426 1806 5499 Diospolim
1833 5426 1895 5481 in
1927 5424 2080 5480 tribu

376 5518 523 5575 Juda

2169 3049 2332 3113 sidet,
2366 3046 2613 3118 quipost
2652 3060 2828 3115 opera
2882 3045 3035 3099 bona
3087 3043 3248 3097 valde
3299 3042 3361 3096 in
3419 3046 3633 3095 aeterna
3679 3040 3881 3111 quiete

2169 3137 2400 3209 gaudet.
2436 3136 2530 3189 Vel
2583 3133 2892 3189 dimidium
2947 3132 3167 3204 requiei
3223 3131 3395 3197 videt,
3419 3129 3518 3201 qui
3555 3135 3685 3201 post
3726 3145 3883 3199 prm-

2168 3226 2343 3281 sentis
2387 3224 2519 3279 vita:
2581 3223 2839 3277 laborem
2911 3221 3119 3275 animae
3176 3219 3429 3292 quietem
3481 3218 3670 3273 habet.
3722 3220 3883 3273 Tunc

2171 3320 2364 3368 autem
2410 3311 2820 3383 perfectionem
2875 3309 3305 3381 requietionum
3362 3307 3596 3373 videbit,
3654 3322 3794 3361 cum
3821 3311 3880 3361 et

2171 3403 2366 3458 anima
2386 3406 2444 3456 et
2474 3416 2712 3471 corpore
2740 3396 3441 3470 perfrueturgperfectione
3491 3395 3728 3467 quietis.

2243 3493 2404 3546 Vens.
2452 3491 2537 3543 55.
2570 3516 2641 3529 -
2695 3488 3096 3542 Habitantium.
3157 3486 3285 3557 (ln.)
3340 3484 3596 3539 Tradunt
3654 3483 3883 3538 Hebraei

2168 3581 2333 3637 Iabes
2363 3578 2535 3633 fuisse
2563 3578 2856 3631 doctorem
2914 3576 3057 3647 legis
3106 3573 3542 3645 peritissimum,
3596 3571 3659 3626 in
3718 3573 3884 3643 cujus

2172 3672 2480 3739 conspectu
2506 3665 2782 3721 sedebant
2810 3662 2915 3717 ﬁlii
2962 3662 3161 3730 Cinaei,
3192 3662 3292 3733 qui
3345 3666 3403 3716 et
3438 3660 3621 3716 Jobab
3650 3660 3884 3731 cognati

2173 3757 2363 3829 Moysi,
2414 3755 2623 3811 Scribaa
2666 3753 2843 3823 igitur
2889 3751 3159 3806 dicuntur
3214 3754 3482 3804 canentes
3523 3753 3696 3819 atque
3726 3763 3884 3803 reso-

2172 3852 2394 3912 nantes,
2427 3844 2563 3916 quia
2591 3842 2815 3896 assidue
2845 3840 2906 3894 in
2936 3840 3078 3911 legis
3110 3839 3210 3893 Dei
3240 3837 3523 3893 locutione
3570 3838 3882 3892 versaban-

2172 3941 2295 3991 tur:
2363 3933 2426 3988 in
2507 3929 2891 3986 tabernaculis
2948 3943 3178 4000 quoque
3228 3931 3612 3982 commoratos
3672 3941 3881 3997 regum

2175 4027 2373 4078 narrat
2419 4020 2679 4076 historia.
2752 4018 2920 4074 Iabes
2978 4017 3269 4073 Christum
3334 4014 3615 4086 signiﬁcat
3675 4030 3882 4069 verum

2173 4111 2513 4182 magistrum
2540 4112 2867 4163 sanctorum
2898 4106 3092 4160 laudes
3134 4106 3249 4159 Deo
3309 4102 3658 4158 canentium.
3712 4102 3885 4157 Iabes

2175 4201 2328 4255 enim
2360 4200 2773 4271 interpretatur
2800 4198 3098 4258 exsiccans,
3150 4193 3407 4249 Christus
3463 4196 3659 4247 autem
3688 4190 3884 4245 ﬂuxus

2179 4288 2495 4345 carnalium
2538 4285 2917 4357 cupiditatum
2973 4283 3033 4337 in
3067 4282 3185 4337 suis
3238 4280 3503 4336 ﬁdelibus
3558 4278 3882 4334 exsiccavit.

2181 4377 2377 4445 Cinaei,
2411 4376 2468 4431 id
2498 4380 2580 4430 est
2634 4373 2915 4446 possessio
2961 4372 3049 4427 vel
3096 4370 3473 4441 possidentes,
3519 4372 3653 4423 sunt
3682 4383 3886 4423 omnes

2181 4464 2347 4523 electi
2395 4465 2463 4519 de
2511 4462 2722 4535 quibus
2773 4461 3025 4516 dicitur:
3084 4458 3391 4514 Hereditas
3430 4471 3559 4511 mea
3596 4455 3799 4521 Israel,
3833 4457 3888 4508 et

2182 4569 2428 4627 quorum
2485 4551 2768 4623 possessio
2802 4549 3078 4605 Dominus
3124 4552 3229 4602 est.
3282 4545 3509 4602 Rechab
3539 4545 3883 4623 interpreta-

2182 4648 2279 4698 tur
2359 4642 2559 4709 auriga
2606 4639 2695 4694 vel
2752 4638 3064 4693 ascendens.
3100 4636 3166 4690 Hi
3233 4639 3423 4689 autem
3480 4638 3767 4688 venerunt
3821 4632 3887 4687 de

2182 4731 2371 4785 calore
2402 4728 2581 4800 patris
2635 4727 2842 4782 domus
2872 4723 3119 4790 Rechab,
3152 4724 3288 4794 quia
3327 4726 3540 4793 apatre
3595 4720 3885 4775 luminum

2184 4818 2369 4891 gratia
2397 4816 2642 4888 Spiritus
2673 4814 3035 4879 inﬂammati,
3067 4828 3171 4883 per
3204 4810 3543 4883 quadrigam
3608 4809 3888 4865 virtutum

2184 4909 2245 4965 in
2304 4908 2472 4963 caelos
2521 4906 2855 4973 ascendunt,
2922 4903 2993 4957 de
3043 4902 3251 4974 quibus
3289 4900 3539 4956 dicitur:
3575 4901 3890 4969 Quicunque

2186 4999 2403 5069 Spiritu
2426 4998 2522 5052 Dei
2545 4999 2805 5065 aguntur,
2840 4994 2897 5046 hi
2919 4993 3033 5060 lilii
3089 4990 3197 5046 Dei
3228 4993 3356 5046 sunt
3402 4989 3583 5060 (Rom.
3613 4988 3756 5059 VIII).

2844 5116 3069 5172 CAPUT
3124 5115 3221 5169 III.

2276 5247 2440 5301 Vnus.
2503 5247 2553 5300 Ι.
2609 5273 2678 5284 -
2707 5242 2888 5298 David
2943 5255 3086 5295 vero.
3144 5236 3313 5294 Redit
3358 5237 3432 5293 ad
3478 5235 3880 5308 explicandam

2189 5333 2530 5408 progeniem
2554 5330 2750 5398 David,
2780 5345 2956 5403 quam
3005 5332 3135 5383 ante
3192 5326 3427 5394 dimisit,
3479 5341 3611 5380 cum
3637 5325 3889 5381 sobolem

2191 5426 2426 5478 Amram
2460 5421 2568 5477 ﬁlii
2623 5422 2844 5477 Hesron
2894 5432 3241 5473 enumerans
3279 5413 3538 5487 pervenit
3587 5414 3663 5468 ad
3703 5412 3809 5468 Isai
3834 5417 3891 5466 et

2194 5512 2266 5567 ad
2294 5510 2445 5566 ﬁlios
2474 5510 2619 5583 ejus,
2660 5523 2909 5581 quorum
2956 5506 3135 5562 David
3184 5504 3539 5561 novissimus.
