4062 6180
180 303 274 354 637
1265 297 1520 354 GLOSSA
1560 298 1963 355 ORDINARIA.
2003 327 2076 340 —
2118 298 2241 353 LIB.
2287 299 2310 353 l
2350 297 2595 352 PARAL.

3581 297 3685 349 638

239 423 608 480 Jezraelitide.
662 423 847 492 (ΗΑΒ.)
896 422 1111 477 ,Ιθιτειθὶ
1169 421 1364 475 civitas
1398 427 1484 477 est
1529 422 1588 477 in
1631 439 1744 494 qua
1774 423 1873 477 ha-
1905 425 1949 477 A
2061 423 2222 476 Vens.
2259 423 2341 475 l8.
2393 449 2462 459 —
2493 420 2768 475 Senneser.
2814 418 2940 487 Ipse
2975 419 3058 470 est
3079 416 3340 470 Selbasar
3369 415 3460 469 cui
3507 417 3682 486 Cyrus

170 512 370 566 bitavit
401 512 640 578 Naboth,
673 528 844 582 quem
875 511 1083 566 occidit
1112 511 1354 565 Iezabel.

237 621 448 674 Daniel.
483 620 606 689 (ln.)
643 619 836 673 Daniel
870 619 968 690 qui
1000 618 1058 671 in
1091 618 1236 672 libro
1265 619 1483 688 Regum
1516 617 1778 682 Cheleab,
1812 617 1869 671 id

167 714 274 775 est,
307 709 600 766 vindicans
649 714 892 778 patrem,
928 709 1062 778 quia
1092 707 1406 761 secundum
1436 708 1722 772 Hebraeos,
1756 707 1869 760 dis-

165 803 401 868 ceptans
422 814 551 851 cum
582 798 959 867 Miphiboseth
984 797 1052 851 de
1074 797 1484 867 quaestionibus
1505 796 1667 867 legis,
1695 796 1871 849 victor

165 887 432 959 apparuit
475 890 530 939 et
582 892 803 957 patrem
849 887 907 939 in
939 903 1004 939 eo
1052 886 1246 940 ulcisci
1295 886 1447 938 visus
1486 891 1588 952 est,
1623 901 1694 938 ne
1742 883 1867 938 irri-

165 977 399 1030 deretur
428 976 485 1029 in
519 976 860 1045 disputando
889 975 958 1028 ab
982 975 1214 1028 homine
1234 975 1406 1029 debili
1440 975 1525 1027 vir
1547 974 1863 1028 bellicosus.

231 1083 397 1136 Vens.
433 1085 482 1136 3.
518 1112 582 1119 —
619 1081 699 1134 De
739 1081 889 1148 Egla
937 1096 1105 1134 uxore
1155 1095 1273 1133 sua.
1321 1082 1607 1149 (HIERON.)
1653 1079 1866 1144 Quaeri-

167 1176 259 1224 tur
293 1187 394 1224 cur
436 1171 524 1223 ha}
578 1171 712 1240 Egla
743 1170 863 1223 sola
913 1186 1055 1222 uxor
1097 1169 1268 1223 David
1318 1169 1571 1234 dicatur;
1620 1169 1714 1222 sed
1749 1169 1868 1222 haec

164 1263 244 1313 est
303 1259 527 1324 Michol,
600 1275 726 1329 quae
791 1257 936 1310 inter
1004 1258 1212 1310 multas
1285 1259 1404 1310 sola
1455 1273 1597 1310 uxor
1640 1256 1868 1321 dicitur,

164 1348 301 1418 quia
349 1364 473 1402 eam
525 1347 584 1400 in
643 1346 1021 1401 adolescentia
1057 1347 1302 1416 primam
1353 1346 1568 1416 accepit
1608 1362 1864 1410 uxorem,

164 1453 290 1506 quae
321 1436 380 1489 in
416 1440 578 1506 partu
614 1434 944 1488 occubuisse
974 1434 1200 1488 dicitur.
1243 1435 1379 1504 Egla
1428 1451 1559 1488 vero
1588 1436 1868 1504 interpre-

162 1529 314 1578 tatur
361 1524 558 1590 vitula,
614 1540 741 1594 quae
788 1523 1074 1592 signiﬁcat
1119 1523 1498 1593 Synagogam,
1548 1540 1675 1594 qua:
1726 1523 1868 1592 legis

159 1615 364 1683 jugum
441 1612 704 1682 suscepit,
785 1612 881 1665 sed
952 1611 1294 1665 lasciviendo
1351 1613 1626 1682 corrupit,
1692 1612 1864 1678 unde,

165 1703 438 1772 Ephraim
483 1703 658 1754 vitula
696 1700 852 1755 docta
901 1701 1126 1768 diligere
1159 1704 1430 1754 trituram.
1488 1703 1636 1754 Hanc
1671 1706 1864 1754 noster
1893 1713 1934 1767 Β

164 1790 340 1844 David
393 1789 626 1860 accepit,
677 1789 906 1860 quando
956 1805 1082 1842 eam
1115 1789 1223 1842 sibi
1267 1789 1326 1842 in
1358 1794 1700 1843 testamento
1733 1791 1864 1844 dato

161 1877 466 1947 c0pulavit.
513 1878 574 1930 In
626 1881 796 1946 partu
845 1876 1125 1940 occubuit,
1176 1876 1310 1946 quia
1343 1883 1655 1945 apparente
1691 1877 1857 1930 verbo

163 1967 260 2019 Dei
311 1966 370 2018 in
423 1981 613 2032 carne,
645 1970 699 2018 et
746 1965 1114 2034 Evangelium
1163 1964 1529 2035 praedicante,
1584 1982 1715 2019 cum
1762 1983 1866 2035 per

167 2055 338 2108 ﬁdem
405 2054 689 2106 bonorum
739 2069 980 2123 operum
1031 2052 1285 2106 sobolem
1341 2052 1577 2124 gignere
1650 2054 1867 2118 debuit,

165 2143 548 2196 scandalizata
594 2140 653 2194 in
699 2141 964 2212 passione
1015 2141 1138 2211 ejus
1167 2140 1275 2194 sibi
1303 2146 1549 2195 mortem
1597 2147 1868 2197 aeternam

167 2229 379 2284 ascivit.

234 2337 400 2389 Vens.
451 2335 502 2388 4.
537 2363 605 2374 —
651 2337 714 2388 In
761 2336 971 2390 Hebron
1022 2336 1116 2389 ubi
1143 2337 1413 2404 regnavit,
1455 2340 1559 2390 etc.
1594 2335 1737 2401 Quid
1770 2354 1873 2408 per

171 2441 410 2496 regnum
441 2424 613 2478 David
642 2424 701 2477 in
734 2424 960 2478 Hebron
983 2425 1070 2479 vel
1100 2425 1161 2478 in
1188 2426 1500 2479 Jerusalem
1533 2426 1861 2496 accipiatur,

168 2515 377 2568 librum
411 2514 630 2582 Regum
681 2514 1018 2583 exponendo
1076 2514 1537 2584 perstrinximus.
1581 2515 1866 2585 Scriptum

170 2610 250 2658 est
302 2603 362 2656 in
414 2602 786 2673 sequentibus
844 2619 856 2655 :
919 2603 1100 2657 Omne
1158 2607 1386 2674 tempus
1445 2621 1559 2674 quo
1612 2604 1873 2674 regnavit

172 2691 344 2745 David
377 2691 757 2761 quadraginta
787 2691 985 2757 annis;
1018 2692 1280 2761 regnavit
1309 2692 1367 2745 in
1397 2693 1620 2746 Hebron
1653 2699 1869 2763 septem

173 2779 354 2844 annis,
390 2780 449 2832 in
481 2780 793 2833 Jerusalem
836 2780 1019 2833 tribus
1070 2787 1124 2834 et
1171 2781 1430 2852 triginta,
1474 2782 1620 2835 unde
1653 2782 1869 2852 quaeri-

173 2872 260 2919 tur
319 2884 421 2921 cur
477 2884 589 2921 non
643 2868 702 2921 in
761 2884 988 2922 summa
1046 2870 1432 2940 quadraginta
1479 2871 1616 2924 anni
1674 2877 1730 2925 et
1775 2887 1872 2926 sex

174 2973 398 3010 menses
453 2961 879 3023 numerentur;
944 2957 1167 3013 Hebraei
1233 2964 1426 3012 autem
1482 2959 1678 3014 dicunt
1733 2961 1869 3030 quia
1905 2996 1946 3052 ρ
1983 3023 2042 3062 es

175 3045 348 3098 David
393 3046 734 3100 Absalonem
778 3045 963 3100 ﬁlium
996 3062 1163 3100 suum
1195 3046 1406 3116 fugerit
1435 3062 1529 3100 sex
1561 3048 1870 3113 mensibus,

173 3152 386 3205 eosque
438 3135 639 3188 merito
689 3152 721 3188 a
745 3152 968 3189 summo
1010 3135 1173 3206 regni
1204 3136 1326 3206 ejus
1358 3137 1633 3191 exclusos.
1672 3136 1878 3190 Dicunt

170 3223 349 3276 etiam
381 3224 536 3293 quod
591 3240 686 3277 sex
720 3224 1009 3278 mensibus
1034 3224 1092 3278 in
1125 3224 1352 3278 Hebron
1381 3224 1714 3278 inﬁrmitate
1745 3241 1876 3278 cor-

167 3312 330 3380 poris
363 3311 720 3378 laboraverit,
750 3317 806 3365 et
837 3312 965 3366 ideo
1011 3312 1070 3365 in
1101 3328 1279 3381 regno
1311 3328 1427 3365 non
1455 3318 1605 3367 recte
1638 3329 1876 3383 compu-

170 3400 298 3452 tari.
340 3400 555 3453 Extunc
601 3400 753 3453 enim
787 3400 984 3453 dicunt
1018 3417 1149 3454 eum
1183 3401 1507 3470 regnavisse
1539 3401 1596 3454 in
1631 3403 1875 3468 Hebron,

170 3505 236 3542 ex
270 3505 389 3560 quo
421 3488 581 3542 victis
625 3489 928 3543 Amalectis
977 3489 1047 3542 de
1093 3489 1292 3560 spoliis
1342 3506 1544 3544 eorum
1599 3490 1757 3544 misit
1799 3508 1880 3544 se-

171 3578 436 3631 nioribus
464 3577 627 3644 Juda,
661 3577 748 3630 his
788 3577 1002 3632 scilicet
1051 3578 1149 3648 qui
1191 3582 1355 3632 erant
1390 3578 1614 3633 Hebron
1645 3585 1701 3633 et
1731 3578 1877 3634 aliis.

241 3677 404 3730 Vens.
462 3678 511 3728 9.
546 3705 618 3714 —
652 3675 839 3729 Omnes
871 3675 930 3728 hi
963 3676 1068 3743 filii
1105 3675 1304 3741 David,
1355 3679 1458 3729 etc.
1506 3675 1649 3739 Quia
1681 3691 1881 3730 omnes

169 3762 274 3816 ﬁlii
326 3761 538 3816 Christi
576 3767 851 3816 aeternam
885 3762 1135 3832 palmam
1167 3766 1518 3832 exspectant,
1576 3763 1672 3816 sed
1724 3764 1878 3816 exci-

165 3850 415 3920 piuntur
464 3848 567 3901 ﬁlii
635 3847 1108 3912 concubinarum,
1178 3847 1277 3918 qui
1343 3848 1688 3902 nominatim
1731 3849 1881 3903 inter

166 3945 411 3991 caeteros
444 3951 557 3989 non
588 3940 926 3989 meruerunt
953 3935 1264 3990 numerari.
1297 3936 1478 3990 Judaei
1510 3937 1664 3990 enim
1706 3938 1881 3991 haere-

166 4024 264 4077 tici
315 4025 405 4076 vel
452 4021 799 4076 schismatici
846 4023 1017 4092 hujus
1049 4023 1332 4076 societatis
1382 4024 1730 4078 consortium
1779 4025 1880 4078 ha-

167 4114 304 4168 bere
358 4129 479 4166 non
531 4117 772 4183 possunt
806 4127 818 4164 :
852 4111 1094 4165 coelestia
1145 4113 1298 4165 enim
1335 4113 1498 4184 regni
1526 4113 1709 4184 gloria
1735 4113 1881 4168 ﬁlios

169 4202 352 4256 David
388 4202 456 4256 de
485 4201 665 4254 nobili
697 4205 920 4254 tantum
952 4201 1219 4271 conjugio
1251 4207 1556 4272 exspectat.
1589 4205 1707 4258 Non
1739 4205 1880 4256 enim

168 4294 341 4346 nares
377 4293 480 4344 erit
499 4291 645 4358 ﬁlius
671 4291 881 4343 ancillae
911 4306 1030 4344 cum
1053 4290 1364 4359 ﬁlioliberae
1387 4292 1548 4360 (Gen.
1597 4293 1729 4360 χχι).

237 4401 412 4454 Vens.
471 4402 551 4452 l5.
610 4427 672 4437 —
723 4398 854 4451 Filii
917 4402 1096 4450 autem
1153 4399 1341 4452 Josioe.
1391 4398 1576 4468 (ΗΑΒ.)
1629 4399 1883 4462 Quatuor

169 4487 276 4540 ﬁlii
321 4484 498 4540 Josim
544 4485 817 4554 leguntur
848 4484 962 4550 hic,
1015 4489 1145 4553 etc.,
1194 4501 1361 4554 usque
1390 4486 1465 4539 ad
1507 4485 1606 4557 qui
1637 4490 1693 4541 et
1721 4486 1880 4542 simi-

170 4576 305 4629 liter
337 4574 654 4628 translatus
686 4578 773 4626 est
799 4573 858 4626 in
892 4573 1206 4628 Chaldaeos.

241 4677 413 4730 Vens.
462 4681 644 4730 172-
683 4680 835 4744 Asir,
881 4681 1167 4745 Salathiel,
1222 4682 1557 4748 Melchiram,
1609 4683 1878 4751 Phadaia,

168 4764 458 4833 Sennese-r,
507 4769 611 4820 etc.
649 4767 777 4820 Haec
812 4783 942 4821 vero
991 4770 1224 4823 nomina
1257 4771 1422 4824 unius
1458 4771 1703 4826 hominis
1731 4777 1880 4840 sunt,

169 4858 233 4906 ut
279 4853 513 4907 Hebaasi
558 4855 772 4920 volunt,
809 4856 929 4925 ipse
979 4863 1064 4911 est
1094 4858 1341 4912 Phadaia
1380 4864 1544 4928 pater
1575 4861 1881 4915 Zorobabel

169 4946 225 4993 et
255 4941 476 4994 Semei.
525 4942 685 4997 Unde
731 4943 790 4996 in
845 4944 1020 4998 Esdra
1050 4951 1108 4998 et
1151 4945 1212 4999 in
1264 4946 1530 5000 Matthaso
1575 4947 1884 5001 Zorobabel

168 5029 472 5088 Salathiel,
531 5030 818 5086 scribitur.
893 5034 957 5086 Et
1016 5033 1428 5104 interpretatur
1483 5036 1730 5090 Phadaia
1798 5052 1883 5090 re-

168 5118 430 5187 demptus
478 5120 728 5186 Domini;
805 5121 932 5174 Asir
993 5129 1322 5188 carceratus,
1389 5124 1660 5178 Salatbiel
1698 5125 1884 5195 frutex

168 5207 428 5270 Domini;
482 5221 611 5275 quae
649 5206 843 5260 omnia
892 5209 1240 5263 conveniunt
1286 5210 1610 5265 doctoribus
1654 5212 1879 5278 sanctis,

171 5309 431 5365 quorum
466 5293 656 5348 ofﬁcio
694 5296 1106 5352 ecclesiasticus
1137 5299 1386 5368 populus
1422 5303 1750 5370 generatur,
1783 5299 1882 5370 qui

171 5381 421 5436 diversis
471 5382 879 5439 afflictionibus
928 5387 1184 5459 castigati
1214 5403 1316 5458 per
1363 5387 1608 5458 gratiam
1655 5387 1884 5443 Domini

172 5470 461 5541 redempti
494 5472 754 5541 germina
795 5473 1072 5529 virtutum
1100 5479 1218 5530 tam
1263 5475 1323 5530 in
1373 5493 1432 5530 se
1464 5492 1637 5547 quam
1668 5475 1724 5530 in
1746 5476 1881 5532 sub-

174 5561 308 5616 ditis
333 5563 656 5634 proferunt.

1981 508 2382 564 annumeravit
2441 524 2570 561 vasa
2614 507 2818 560 domus
2883 505 3133 572 Domini,
3200 505 3346 558 sicut
3401 504 3461 558 in
3511 505 3686 559 Esdra

1979 599 2208 654 dicitur.
2262 599 2356 650 Est
2416 602 2608 650 autem
2665 598 2944 650 Senneser
3017 596 3346 665 plasmatus,
3417 594 3685 648 Sesbasar

1978 687 2300 750 tribulatus,
2337 703 2467 757 qua:
2508 684 2834 738 custodibus
2874 699 3137 736 vasorum
3190 683 3289 736 Dei
3335 687 3680 752 congruunt,

1977 776 2035 829 id
2084 781 2170 830 est
2217 781 2541 829 sanctarum
2595 774 2917 828 animarum
2969 773 3176 841 quibus
3230 771 3464 836 Christo,
3509 787 3680 841 quem

1977 865 2154 934 Cyrus
2205 864 2440 918 nomine
2499 868 2554 916 et
2583 862 2942 916 absolutione
2975 859 3334 931 signiﬁcavit,
3400 859 3492 912 cui
3542 859 3681 913 dici-

1976 958 2113 1007 tur:
2166 955 2385 1008 Postula
2429 969 2462 1006 a
2505 969 2585 1006 me
2635 957 2688 1006 et
2738 951 2876 1004 dabo
2926 951 3028 1004 tibi
3081 955 3262 1016 gentes
3311 948 3681 1003 haereditatem

1977 1047 2126 1096 tuam
2175 1043 2340 1110 (Psal.
2392 1045 2474 1109 ιι),
2507 1047 2562 1095 et
2594 1041 2692 1112 qui
2737 1039 3125 1109 captivitatem
3161 1037 3401 1091 humani
3452 1037 3682 1107 generis

1974 1131 2273 1197 relaxavit,
2315 1135 2542 1186 sanctas
2614 1129 2831 1182 animas
2879 1127 3286 1181 custodiendas
3329 1141 3681 1178 annumera-

1975 1221 2074 1281 vit,
2128 1238 2256 1291 quee
2325 1225 2458 1274 sunt
2511 1237 2642 1273 vasa
2690 1217 2916 1272 Domini
2961 1223 3282 1284 numerata,
3343 1216 3480 1287 quia
3534 1218 3682 1270 novit

1981 1312 2234 1365 Dominus
2265 1311 2361 1378 qui
2381 1313 2509 1363 sunt
2539 1309 2654 1377 ejus
2682 1308 2751 1375 (ll
2786 1308 2925 1360 Tim.
2961 1306 3042 1375 ιι).

2655 1446 2877 1500 CAPUT
2920 1445 3006 1498 ιν.

2047 1575 2204 1628 Vens.
2263 1579 2311 1629 l.
2341 1604 2406 1612 —-
2427 1575 2556 1628 Filii
2579 1572 2756 1626 Juda.
2793 1572 3090 1636 Quomodo
3136 1572 3346 1626 Phares
3373 1574 3430 1624 et
3462 1571 3682 1624 Hesron

1976 1667 2034 1716 et
2077 1668 2189 1716 tres
2237 1662 2336 1733 qui
2367 1665 2688 1732 sequuntur
2719 1661 2824 1714 ﬁlii
2853 1660 3016 1715 Iuda:
3065 1676 3186 1714 esse
3226 1658 3514 1722 dicuntur,
3547 1674 3680 1712 cum

1977 1751 2115 1804 alibi
2183 1752 2391 1805 Phares
2455 1755 2510 1804 et
2563 1753 2758 1804 Zaram
2807 1750 2956 1802 ﬁlios
3019 1748 3176 1801 Judae
3238 1748 3451 1800 Hesron
3501 1746 3683 1800 ﬁlium

1980 1841 2190 1894 Phares
2238 1839 2518 1910 legimus;
2553 1839 2651 1892 sed
2700 1837 2919 1892 Hebraei
2971 1840 3251 1900 asserunt,
3299 1834 3531 1888 mutatis
3580 1851 3680 1888 no-

1980 1927 2252 1993 minibus,
2315 1928 2546 1980 eosdem
2596 1927 2744 1980 ﬁlios
2800 1926 2979 1990 Judae,
3035 1941 3178 1994 quos
3224 1923 3512 1993 Scriptura
3562 1923 3686 1976 aliis

1979 2016 2308 2070 nominibus
2355 2015 2492 2069 alibi
2533 2015 2810 2078 nominat,
2865 2014 2956 2068 hic
2987 2030 3108 2068 esse
3157 2027 3468 2082 expressos.
3507 2011 3682 2065 Aiunt

1979 2105 2132 2159 enim
2168 2106 2377 2158 Phares
2409 2104 2508 2174 qui
2558 2104 2970 2173 interpretatur
2997 2103 3218 2165 divisio,
3276 2116 3445 2154 suum
3472 2113 3685 2152 nomen

1979 2192 2283 2263 proprium
2347 2192 2436 2245 hic
2489 2190 2718 2244 habere.
2795 2192 3008 2243 Hesron
3052 2194 3242 2242 autem
3298 2203 3417 2240 esse
3462 2189 3682 2252 Zaram,

1980 2283 2077 2335 sed
2151 2282 2368 2335 Hesron
2443 2281 2850 2348 interpretatur
2928 2281 3151 2342 atrium,
3227 2279 3424 2330 Zaram
3514 2281 3683 2330 ortus.

1982 2369 2206 2424 Charmi
2256 2384 2486 2440 quoque
2545 2383 2666 2421 esse
2719 2367 2926 2433 Heber,
2961 2382 3095 2419 nam
3145 2364 3374 2418 Charmi
3405 2363 3685 2434 interpre-

1985 2464 2140 2512 tatur
2186 2460 2346 2511 vinea
2395 2472 2532 2516 mea,
2572 2457 2681 2509 Her
2710 2457 2962 2521 vigilans.
3020 2455 3093 2507 Ur
3126 2457 3315 2505 autem
3344 2451 3539 2504 dicunt
3565 2466 3687 2505 esse

1982 2548 2183 2614 Onam,
2237 2548 2330 2599 sed
2387 2546 2460 2597 Ur
2505 2546 2915 2614 interpretatur
2943 2545 3187 2606 sinistra,
3223 2541 3402 2594 Onam
3443 2555 3684 2592 murmu-

1978 2639 2144 2701 ratio,
2196 2634 2365 2690 Sobal
2411 2651 2544 2687 vero
2598 2649 2717 2686 esse
2750 2634 2876 2687 Sela
2910 2632 3214 2685 minimum
3248 2630 3496 2684 ﬁliorum
3525 2627 3688 2681 ludas

1981 2741 2126 2795 quos
2182 2727 2404 2794 peperit
2471 2722 2523 2776 ei
2576 2721 2704 2776 Sue.
2776 2721 3191 2790 Interpretatur
3264 2723 3454 2771 autem
3519 2715 3687 2769 Sobal

1979 2818 2151 2883 spica,
2187 2814 2273 2866 vel
2313 2829 2457 2866 uana
2499 2816 2756 2866 vetustas.
2804 2810 2929 2864 Sela
2963 2811 3158 2863 missus
3207 2809 3289 2861 vel
3317 2806 3510 2860 umbra
3543 2807 3680 2875 ejus.

2052 2921 2211 2973 Vens.
2267 2922 2315 2972 3.
2359 2949 2419 2956 —-
2459 2919 2843 2986 Asalelphuni.
2892 2917 3075 2984 (ΗΑΒ.)
3124 2915 3277 2967 Hanc
3327 2913 3690 2983 suspicantur

2047 3023 2104 3062 se
2183 3011 2421 3060 matrem
2496 3004 2784 3060 Samsonis
2865 3004 3044 3072 stirpe
3109 3002 3269 3056 Judae
3329 3005 3685 3072 generatam,

1983 3097 2146 3166 cujus
2179 3094 2416 3148 maritus
2448 3096 2648 3149 Manue
2681 3094 2750 3147 de
2788 3093 2943 3146 tribu
2977 3094 3117 3157 Dan,
3154 3092 3254 3162 qui
3283 3096 3339 3145 et
3369 3091 3436 3144 de
3469 3090 3604 3144 Sara
3629 3088 3690 3142 in

1985 3185 2131 3239 libro
2162 3184 2426 3239 Judicum
2455 3200 2575 3238 esse
2611 3183 2841 3253 legitur.

2058 3294 2217 3347 Vens.
2246 3294 2296 3346 4.
2335 3322 2403 3332 -
2461 3291 2634 3346 Gedor
2674 3295 2722 3342 et
2751 3292 2906 3344 Ezer.
2958 3288 3084 3358 (11).)
3135 3289 3277 3342 Loca
3328 3289 3461 3339 sunt
3491 3302 3522 3338 a
3557 3283 3691 3338 ﬁliis

1990 3383 2065 3436 Ur
2115 3397 2410 3452 possessa;
2444 3379 2540 3433 sed
2594 3379 2805 3432 mirum
2837 3378 2991 3448 quod
3038 3377 3129 3430 hic
3173 3376 3381 3429 dicitur
3422 3375 3496 3428 Ur
3527 3378 3691 3443 pater

1988 3471 2345 3536 Bethlehem,
2398 3485 2528 3522 cum
2586 3467 2849 3538 superius
2915 3467 3105 3520 Salma
3169 3465 3353 3520 dictus
3415 3463 3486 3516 sit
3532 3465 3696 3532 pater

1987 3560 2130 3627 ejus,
2172 3558 2283 3612 nisi
2329 3559 2471 3611 forte
2511 3561 2733 3627 patrem
2779 3556 2870 3609 hic
2919 3555 3166 3625 appellet
3214 3556 3530 3623 parentem,
3561 3549 3698 3620 quia

1989 3651 2106 3703 Hur
2136 3649 2243 3704 fuit
2275 3653 2438 3719 pater
2467 3649 2566 3717 qui
2598 3646 2706 3701 fuit
2736 3651 2898 3715 pater
2927 3646 3278 3699 Bethlehem.

2062 3758 2218 3811 Vens.
2263 3759 2314 3810 9.
2363 3786 2430 3793 —
2477 3757 2601 3808 Fuit
2636 3758 2814 3806 autem
2869 3753 3048 3807 Jabes.
3100 3752 3216 3819 (10.)
3266 3750 3498 3804 Videtur
3552 3748 3693 3803 ordo

1989 3845 2274 3908 confusus,
2350 3844 2486 3914 quia
2560 3841 2874 3895 numeratis
2941 3840 3074 3894 ﬁliis
3135 3841 3306 3893 Halaa
3371 3843 3426 3892 et
3488 3839 3693 3905 Naara,

1989 3934 2175 3988 subito
2229 3933 2449 3987 inducit
2514 3930 2916 4001 cognationem
2968 3928 3176 3982 Arahel
3232 3927 3337 3981 ﬁlii
3395 3931 3589 3992 Aram,
3639 3930 3695 3979 et

1989 4026 2406 4093 consequenter
2454 4023 2648 4074 narrat
2711 4019 2779 4072 de
2834 4018 3028 4083 labes;
3082 4017 3180 4070 sed
3229 4015 3453 4069 Hebraei
3498 4014 3696 4068 dicunt

1989 4111 2143 4182 quod
2180 4115 2352 4166 Assur
2399 4109 2467 4164 de
2513 4108 2685 4161 Halaa
2736 4106 2933 4177 genuit
2983 4107 3162 4171 Etam,
3194 4110 3252 4159 et
3283 4105 3378 4158 ille
3418 4105 3545 4168 Cos,
3590 4105 3695 4158 Cos

1996 4204 2183 4254 autem
2240 4199 2482 4264 Soboba,
2540 4201 2597 4250 et
2645 4195 2869 4250 Soboba
2942 4194 3123 4262 labes,
3173 4194 3273 4266 qui
3333 4193 3440 4248 fuit
3497 4194 3696 4247 doctor

1991 4288 2323 4342 scribarum.
2359 4289 2513 4340 Inter
2544 4287 2648 4341 Cos
2691 4293 2745 4338 et
2771 4284 2934 4339 Jabes
2965 4284 3301 4338 inseruntur
3330 4282 3695 4354 cognationes

1993 4377 2280 4434 Aharehel
2332 4377 2442 4444 (vel
2492 4375 2797 4440 Aharahel,
2850 4374 2988 4427 alias
3040 4374 3218 4443 Aral),
3279 4373 3418 4443 quia
3448 4373 3570 4442 ipse
3612 4375 3697 4425 est

1994 4465 2150 4520 Obab
2206 4463 2358 4518 ﬁlius
2407 4465 2579 4524 Aran,
2632 4463 2690 4516 id
2744 4466 2846 4527 est,
2895 4463 3049 4516 letro
3096 4460 3324 4531 cognati
3390 4458 3578 4530 Moysi.
3631 4458 3697 4511 Et

1993 4554 2128 4625 quia
2165 4553 2328 4606 labes
2359 4552 2597 4605 docebat
2627 4567 2758 4615 eos;
2791 4550 2990 4603 inserti
3020 4554 3154 4604 sunt
3183 4549 3244 4603 in
3274 4549 3397 4617 ejus
3423 4545 3695 4619 progenie

1993 4643 2156 4712 quasi
2178 4657 2211 4695 a
2251 4640 2562 4710 majoribus
2593 4640 2714 4709 ejus
2745 4638 2943 4709 geniti.

2063 4752 2132 4804 Et
2189 4753 2362 4803 mater
2415 4747 2719 4817 Synagoga
2773 4745 2842 4798 de
2901 4760 3016 4815 qua
3073 4742 3327 4797 Christus
3374 4746 3541 4795 natus
3588 4745 3692 4805 est,

1992 4851 2122 4906 qua
2170 4835 2390 4907 peperit
2433 4851 2566 4889 eum
2618 4834 2676 4887 in
2727 4833 2942 4896 dolore,
2991 4833 3127 4903 quia
3158 4831 3227 4884 de
3274 4830 3522 4884 adventu
3573 4829 3696 4899 ejus

1992 4928 2228 4994 propter
2273 4924 2674 4979 inﬁdelitatem
2730 4922 2933 4987 doluit,
2984 4921 3135 4976 unde
3164 4919 3346 4975 Judaei
3377 4918 3694 4972 invidentes

1993 5013 2299 5067 dicebant:
2355 5015 2417 5069 Si
2485 5014 2821 5068 dimittimus
2865 5027 2982 5064 eum
3021 5013 3120 5077 sic,
3165 5023 3340 5063 omnes
3377 5008 3593 5062 credent
3635 5009 3694 5060 in

1993 5119 2111 5157 eum
2143 5103 2314 5172 (Joan.
2348 5104 2452 5172 xi).

2066 5208 2226 5262 Vnus.
2293 5209 2376 5261 l0.
2441 5238 2506 5246 —
2566 5209 2860 5262 Invocavit.
2927 5207 3040 5259 Hoc
3120 5202 3386 5258 convenit
3450 5203 3692 5270 Christo,

1994 5312 2169 5368 quem
2224 5298 2391 5350 Pater
2420 5295 2811 5360 sanctiﬁcavit,
2867 5299 2921 5348 et
2967 5293 3123 5348 misit
3169 5293 3228 5348 in
3260 5292 3571 5347 mundum:
3625 5293 3694 5347 de

1993 5402 2107 5456 quo
2137 5385 2344 5440 dicitur
2376 5402 2388 5438 :
2418 5387 2548 5440 Ecce
2577 5399 2749 5452 agnus
2780 5386 2876 5439 Dei
2913 5385 3010 5453 qui
3048 5384 3184 5438 tollit
3218 5387 3443 5453 peccata
3480 5382 3691 5451 mundi,

1993 5481 2100 5529 etc.
2153 5477 2330 5541 (Joan.
2363 5473 2420 5544 ι).
2476 5475 2632 5528 Hunc
2681 5473 2973 5528 benedixit
3023 5474 3168 5526 Deus
3215 5471 3696 5542 multiplicatione

1992 5564 2266 5631 ﬁliorum,
2296 5579 2439 5634 quos
2477 5579 2579 5634 per
2610 5579 2817 5636 aquam
2852 5561 3122 5633 baptismi
3155 5566 3517 5616 sacrosancta
3544 5561 3693 5632 parit
