3998 6178
414 298 518 349 639
1023 295 1412 349 WALAFRIDI
1451 294 1697 349 STRABI
1739 295 1933 349 FULD.
1979 295 2137 350 MON.
2192 295 2349 351 OPP.
2396 295 2569 350 PARS
2616 295 2658 349 l.
2703 321 2772 333 --
2810 292 3263 348 THEOLOGICA.
3778 299 3868 352 640

396 416 641 472 Ecclesia
698 417 759 484 (Ι
804 418 935 470 Cor.
984 418 1047 483 ι).
1111 414 1374 468 Dilatavit
1435 414 1714 467 terminos
1770 414 1912 485 ejus,
1970 415 2177 486 quiaA
2217 415 2522 486 prietatem
2568 413 2821 470 nominis
2869 415 2991 469 ﬁlia
3047 414 3278 470 Domini
3339 419 3708 486 nuncupatur,
3754 419 3870 489 quia

397 504 660 559 omnium
691 504 949 573 gentium
980 502 1136 557 dedit
1177 502 1230 555 ei
1262 502 1677 569 hereditatem,
1710 507 1767 556 et
1794 503 2101 574 possessio-
2207 503 2422 557 bonam
2469 502 2681 557 scilicet
2728 503 3081 558 voluntatem
3130 503 3191 557 in
3232 503 3537 558 nutriendo
3592 521 3755 575 puero
3782 508 3867 562 ha-

397 610 533 648 nem
574 594 696 665 ejus
740 592 994 647 extendit
1050 607 1233 662 usque
1284 591 1354 645 ad
1405 591 1684 645 terminos
1730 597 1919 647 terrae.
1960 593 2101 648 Cum
2208 590 2352 659 buit,
2405 596 2462 646 et
2507 592 2772 650 Amared.
2807 591 2864 645 id
2911 596 2996 646 est
3038 592 3224 662 Moyse
3256 597 3482 662 accepta
3521 592 3731 659 dicitur,
3757 596 3869 665 quia

399 696 514 753 quo
570 681 679 735 fuit
716 697 920 734 manus
959 678 1207 745 Domini,
1240 678 1378 750 quia
1428 681 1681 749 potentia
1730 680 1959 734 deitatis
1990 696 2095 751 per
2209 681 2431 735 relectis
2460 680 2628 735 idolis
2659 681 2727 735 ad
2762 680 2862 735 Dei
2887 682 3104 735 cultum
3133 696 3406 734 conversa
3435 692 3535 734 est.

401 786 534 823 eum
604 769 841 822 virtutes
899 772 955 822 et
1014 767 1290 821 miracula
1355 768 1506 821 fecit.
1567 771 1688 838 Ipse
1736 786 1964 840 quoque
2021 774 2105 823 est
2281 768 2443 823 Vens.
2499 773 2591 825 2t.
2626 772 2829 824 —Her
2875 774 3052 839 pater.
3106 769 3230 840 (10.)
3259 769 3426 824 Redit
3473 769 3543 823 ad
3574 771 3865 841 progeniem

401 860 579 912 virtus
634 858 733 911 Dei
799 862 856 910 et
907 845 1191 927 sapientia
1265 873 1367 927 per
1414 873 1587 927 quem
1638 859 1805 912 Pater
1852 858 2106 913 condidit
2209 856 2417 911 Phares
2462 856 2532 910 de
2581 873 2696 928 qua
2753 862 2910 910 ortus
2936 862 3021 910 est
3062 856 3255 923 David,
3304 862 3366 910 ut
3402 856 3725 927 progeniem
3751 859 3868 913 lude

401 946 597 1001 omnia
641 962 769 1017 quae
821 945 880 999 in
932 946 1084 999 caelis
1131 951 1265 999 sunt
1309 950 1365 999 et
1405 946 1465 999 in
1528 952 1699 1011 terra,
1749 947 1840 1000 cui
1887 946 2105 1001 malitia
2208 945 2277 999 de
2307 960 2420 1016 qua
2469 949 2591 999 orta
2648 950 2734 999 est
2786 944 2969 998 tribus
2999 944 3159 1015 regia
3214 944 3276 998 in
3331 945 3507 999 David
3554 946 3866 1001 terminaret.

400 1036 735 1090 Iudaeorum
791 1049 993 1087 nocere
1032 1050 1151 1087 non
1198 1034 1403 1104 potuit,
1456 1035 1554 1105 qui
1586 1035 1654 1089 de
1688 1052 1745 1087 se
1785 1035 1907 1088 ait:
1949 1038 2106 1090 Venit
2207 1034 2462 1087 Tradunt
2508 1033 2663 1087 enim
2710 1034 2864 1087 hunc
2912 1033 3086 1087 fuisse
3130 1033 3439 1087 Elimelech
3467 1034 3651 1087 virum
3681 1035 3866 1099 Noemi,

393 1126 650 1194 princeps
694 1124 857 1192 hujus
900 1123 1111 1187 mundi,
1162 1128 1213 1177 et
1243 1125 1302 1175 in
1330 1138 1413 1176 me
1448 1140 1555 1177 non
1586 1124 1743 1178 habet
1777 1125 2099 1195 quidquam.
2211 1122 2269 1175 in
2324 1123 2486 1193 cujus
2538 1128 2798 1193 tempore
2854 1126 3089 1193 propter
3140 1122 3604 1193 praevaricatores
3653 1123 3778 1194 legis
3804 1126 3867 1177 sol

400 1213 507 1267 Per
535 1228 667 1265 eum
707 1227 936 1282 quoque
982 1211 1403 1265 benedicuntur
1437 1213 1694 1265 membra
1725 1215 1871 1283 ejus,
1912 1214 1967 1268 id
1997 1221 2100 1277 Bst,
2210 1210 2387 1276 stetit,
2421 1216 2485 1265 ut
2513 1211 2631 1265 viso
2652 1210 2928 1265 miraculo
2960 1216 3433 1265 converterentur
3460 1212 3529 1264 ad
3566 1211 3866 1276 Dominum;

400 1300 663 1366 Ecclesia,
718 1300 810 1353 cui
858 1316 960 1370 per
991 1300 1193 1353 Isaiam
1225 1300 1473 1354 dicitur:
1502 1302 1684 1355 Dilata
1724 1302 1895 1355 locum
1933 1306 2101 1357 tento-
2209 1301 2361 1371 quod
2408 1300 2546 1372 quia
2592 1304 3082 1371 contempserunt,
3134 1299 3376 1353 invaluit
3405 1300 3605 1369 fames,
3630 1307 3682 1354 et
3719 1300 3868 1371 quiin

396 1390 474 1440 rii
527 1386 627 1454 tui,
689 1393 793 1441 etc.
830 1390 968 1457 (Isa.
1008 1388 1136 1458 LIV).
1168 1390 1309 1444 Cum
1340 1405 1407 1442 eo
1466 1394 1550 1442 est
1592 1406 1797 1442 manus
1848 1389 2097 1458 Domini,
2209 1388 2360 1443 tribu
2420 1389 2563 1443 Juda
2621 1388 2779 1459 prior
2834 1389 3155 1457 videbatur,
3212 1388 3409 1459 inopia
3464 1395 3718 1459 cogente,
3764 1406 3867 1443 cum

398 1475 533 1547 quia
562 1476 622 1530 in
652 1476 777 1545 ipsa
805 1482 1076 1547 operatur
1110 1477 1281 1530 Filius
1316 1476 1436 1537 Dei.
1470 1477 1568 1548 qui
1600 1483 1684 1531 est
1715 1479 2014 1533 brachium
2045 1483 2102 1534 et
2211 1494 2384 1531 uxore
2430 1482 2487 1531 et
2535 1477 2667 1531 ﬁliis
2699 1479 2885 1548 patria
2937 1478 3154 1549 pulsus,
3188 1478 3250 1531 in
3280 1477 3738 1549 peregrinatione
3765 1494 3869 1531 cum

401 1563 631 1619 dextera
679 1565 880 1620 Patris.
934 1567 1005 1619 Et
1030 1570 1204 1634 parte
1248 1567 1418 1631 inferi
1444 1581 1551 1620 non
1579 1568 1947 1635 pravalebunt
1992 1568 2100 1622 ad-
2207 1567 2339 1622 ﬁliis
2368 1573 2624 1622 mortuus
2656 1572 2759 1622 est.

396 1668 583 1755 versus
796 1669 902 1707 nec
944 1653 1210 1707 diabolus
1257 1653 1651 1755 dominabitur
1678 1655 1768 1755 ei,
1801 1656 1936 1727 quia
1966 1656 2099 1711 data
2137 1701 2177 1755 Β
2276 1658 2449 1755 Vhaas.
2498 1660 2587 1711 ‘22.
2624 1686 2704 1755 --.
2740 1658 2970 1755 ξςοαζηε
3012 1660 3063 1711 et
3110 1656 3419 1755 Incendens.
3456 1654 3601 1755 .(lo.)
3641 1655 3870 1755 .Mahalon

395 1744 545 1795 estei
564 1746 803 1811 potestas
828 1758 990 1811 super
1020 1758 1224 1796 omnem
1247 1745 1502 1797 virtutem
1531 1746 1760 1799 inimici.
2138 1744 2177 1755 “’
2212 1750 2270 1799 et
2299 1745 2553 1810 Chelion,
2609 1745 2709 1818 qui
2739 1746 2831 1799 hic
2884 1745 3125 1801 Securus
3156 1750 3212 1799 et
3260 1745 3582 1799 Incendens
3624 1744 3871 1811 dicuntur,

469 1847 632 1901 vus.
683 1850 766 1901 Η,
817 1877 886 1888 _
935 1848 1092 1904 Caleb
1130 1853 1307 1903 autem
1346 1851 1540 1915 frater.
1604 1851 1786 1921 mw.)
1836 1851 2101 1922 Legimus
2210 1834 2383 1889 fuisse
2439 1835 2499 1888 in
2543 1835 2723 1901 Moab,
2780 1834 2916 1905 quia
2964 1850 3170 1922 uxores
3221 1833 3556 1889 Moabitidas
3607 1833 3870 1899 duxerunt,

396 1949 570 2003 supra
615 1934 785 1990 Caleb
833 1951 954 1990 esse
1005 1936 1189 1990 ﬁlium
1234 1938 1467 2004 Hesron,
1523 1939 1685 2008 cujus
1732 1921 1935 1993 fratres
1975 1941 2086 1995 fue-

2267 1922 2361 1976 ide
2392 1923 2452 1977 in
2500 1923 2735 1977 Hebraeo
2767 1939 2882 1976 non
2913 1921 3223 1993 principes,
3270 1923 3369 1977 sed
3398 1921 3599 1976 mariti
3622 1921 3873 1989 dicuntur,

394 2026 533 2074 runt
596 2022 737 2076 Ram
797 2026 853 2076 et
910 2023 1208 2077 Jerameel.
1280 2024 1456 2078 Aiunt
1503 2042 1640 2096 ergo
1688 2026 1908 2081 Hebrmi
1954 2029 2086 2082 Ram

2267 2016 2356 2064 cut
2384 2012 2538 2065 illius
2567 2011 2781 2082 lingua:
2814 2012 3067 2066 doctores
3097 2011 3348 2065 tradunt.

396 2110 567 2166 Caleb
597 2110 831 2165 fratrem
870 2112 1043 2166 Suam
1096 2111 1187 2166 hic
1248 2113 1542 2184 appellari.
1597 2116 1660 2169 Et
1688 2114 2086 2185 interpretatur

2280 2101 2385 2166 Qui
2412 2103 2616 2154 reversi
2670 2104 2797 2154 sunt
2825 2103 2902 2165 in,
2944 2105 3051 2154 etc.
3088 2098 3289 2153 Noemi
3344 2103 3400 2153 et
3429 2099 3609 2167 Ruth,
3662 2115 3777 2171 quae
3804 2115 3871 2153 re-

396 2200 536 2254 gam
585 2201 844 2270 “celsus,
893 2200 1006 2255 sua
1054 2201 1295 2267 humilis,
1375 2202 1528 2273 quod
1595 2204 1830 2258 Judaico
1878 2206 2095 2275 populo
2206 2204 2384 2243 versae
2415 2194 2548 2243 sunt
2576 2189 2637 2242 in
2669 2188 2997 2243 Bethlehem
3026 2188 3223 2242 audita
3253 2188 3417 2259 panis
3446 2189 3728 2243 ubertate.

392 2289 674 2357 convenit,
727 2290 861 2361 quia
910 2291 1161 2344 excelsus
1209 2290 1316 2345 fuit
1370 2292 1428 2345 in
1486 2293 1640 2346 cultu
1693 2293 1861 2347 unius
1894 2294 1995 2348 Dei
2041 2300 2086 2348 e1

2277 2279 2438 2333 Vens.
2472 2280 2557 2332 23.
2594 2309 2660 2318 —
2693 2279 2875 2346 Figuli
2908 2277 3232 2331 habitantes.
3270 2276 3497 2347 Figulos
3532 2277 3633 2348 qui
3662 2278 3716 2330 in
3742 2277 3873 2347 plan-

393 2378 649 2450 ροιθηιίε
678 2378 877 2449 regni;
910 2379 1007 2433 sed
1040 2379 1175 2451 quia
1202 2380 1298 2434 Dei
1331 2381 1535 2435 Filium
1568 2382 1854 2452 suscipere
1886 2383 2093 2450 noluit,
2206 2367 2519 2421 tationibus
2548 2371 2604 2421 et
2642 2367 2872 2438 sepibus
2901 2366 3161 2420 laborant
3216 2366 3476 2419 doctores
3504 2366 3872 2436 intelligimus,

394 2466 631 2521 humilis
679 2467 859 2522 factus
902 2473 988 2522 est
1037 2472 1207 2539 atque
1259 2469 1405 2535 vilis,
1465 2475 1529 2523 ut
1577 2471 1718 2523 tiant
1772 2470 1945 2542 primi
1993 2488 2093 2525 no-
2204 2455 2571 2527 qniformam
2595 2460 2651 2510 et
2679 2459 3034 2526 componunt
3064 2471 3197 2508 νεεδ
3228 2453 3475 2522 Domini:
3508 2456 3724 2525 ﬁngere
3747 2454 3874 2508 εηίω

393 2556 630 2610 γίδείωί,
2204 2559 2551 2613 componere
2598 2542 2859 2609 dicimus,
2920 2543 3071 2597 unde
3128 2544 3537 2614 compositores
3569 2544 3669 2598 luti
3700 2544 3874 2615 ﬁgulos

462 2663 622 2717 Vens.
680 2666 764 2717 l2.
831 2693 901 2702 —
927 2659 1052 2733 (1ο.)
1092 2664 1288 2719 Recha.
1355 2663 1600 2728 Quidam
1648 2670 1855 2735 putant
1908 2666 2096 2721 Recha
2204 2647 2487 2735 vofmufus'
2526 2631 2591 2735 En
2621 2632 2845 2735 v‘inezfm
2878 2631 3397 2735 9°mini,d°c“i“f‘
3432 2632 3695 2735 Ριιθίξξῗωί
3723 2637 3776 2735 et,
3800 2648 3877 2685 ex-

2205 2721 2419 2789 colunt,
2470 2720 2821 2774 exhortando
2867 2726 2923 2775 et
2951 2721 3165 2775 orando
3212 2721 3501 2775 muniunt.
3543 2721 3609 2774 Hi
3640 2720 3778 2791 apud
3806 2738 3878 2773 re-

2205 2824 2336 2879 gem
2385 2809 2445 2863 in
2484 2809 2751 2881 operibus
2785 2808 2903 2863 suis
2944 2815 3264 2873 morantur,
3300 2809 3436 2879 quia
3466 2809 3531 2862 in
3557 2810 3666 2863 ﬁde
3697 2808 3880 2863 Christi

2205 2903 2502 2951 manentes
2540 2898 2824 2969 quidquid
2871 2898 3087 2963 dicunt,
3130 2897 3413 2969 quidquid
3446 2904 3649 2969 agunt,
3680 2898 3744 2952 ad
3773 2898 3876 2969 glo-

2125 2985 2164 3040 C
2202 2986 2345 3040 riam
2379 2987 2479 3041 Dei
2506 2986 2740 3041 faciunt.

2268 3076 2428 3129 Vens.
2475 3077 2563 3129 28.
2626 3076 3025 3129 Habitaverunt
3076 3078 3153 3139 in,
3206 3079 3308 3129 etc.
3365 3075 3677 3145 Progenies
3726 3074 3877 3137 Ruth,

2196 3178 2327 3233 qum
2374 3162 2435 3216 in
2465 3162 2603 3233 ipsis
2634 3163 2865 3232 sepibus
2929 3167 2987 3218 et
3015 3162 3463 3233 plantationibus
3494 3163 3781 3217 habitasee
3809 3162 3878 3215 di-

2194 3250 2363 3318 citur,
2396 3250 2624 3319 quando
2658 3251 2727 3304 ad
2764 3251 2983 3321 regiam
3016 3250 3355 3321 dignitatem
3386 3257 3441 3306 et
3471 3252 3877 3307 munimentum

2194 3339 2376 3410 plebis
2406 3340 2528 3393 inec
2558 3339 2837 3409 plantatio
2870 3339 3147 3411 pervenit.

2267 3428 2700 3497 Commoratique
2752 3434 2878 3483 sunt
2924 3428 3017 3482 ibi.
3076 3430 3139 3483 In
3171 3429 3372 3484 Genesi
3399 3446 3495 3483 sex
3547 3429 3874 3493 scribuntur,

2195 3518 2295 3572 sed
2349 3518 2439 3571 hic
2485 3518 2662 3572 Sober
2706 3518 3121 3587 praemittitur:
3171 3519 3306 3589 quia
3360 3519 3517 3572 nulla
3570 3520 3638 3573 de
3671 3535 3734 3571 eo
3762 3534 3878 3587 pro-

2195 3606 2409 3677 genies.
2443 3606 2549 3661 Sed
2598 3606 2866 3676 quaedam
2897 3606 3135 3659 nomina
3179 3612 3477 3660 mutantur
3506 3607 3629 3660 suis
3660 3605 3878 3660 rationi-

2193 3696 2318 3749 bus.
2355 3696 2418 3749 ln
2458 3694 2659 3750 Genesi
2701 3694 2856 3748 enim
2897 3695 3153 3761 Gemuel,
3191 3695 3249 3748 id
3282 3700 3367 3749 est
3396 3700 3583 3749 mater
3638 3695 3734 3749 Dei
3768 3695 3882 3761 ;hic

2196 3785 2454 3849 Hamuel,
2503 3784 2560 3838 id
2611 3789 2696 3838 est
2724 3784 2922 3855 legens
2971 3800 3102 3838 cum
3154 3786 3291 3838 Deo.
3329 3784 3573 3848 Quidam
3607 3785 3666 3839 in
3697 3782 3879 3840 Genesi

2193 3878 2425 3927 vocatur
2472 3873 2640 3941 Echa,
2690 3872 2787 3927 hic
2845 3878 3038 3927 autem
3067 3873 3241 3938 Jarib,
3284 3872 3341 3927 id
3373 3879 3458 3927 est
3477 3873 3734 3943 ligitans,
3763 3872 3881 3943 quia

2195 3962 2264 4016 de
2290 3978 2356 4015 eo
2405 3961 2578 4015 exivit
2613 3960 2857 4028 Zambri,
2909 3961 3009 4033 qui
3038 3977 3167 4015 cum
3212 3961 3580 4017 Madianitide
3614 3962 3879 4016 fornicans

2196 4066 2229 4104 a
2258 4048 2470 4104 Phinee
2520 4050 2807 4104 sacerdote
2847 4056 3184 4121 peremptus
3216 4055 3317 4104 est.
3371 4050 3548 4104 Jacim
3582 4051 3644 4105 in
3675 4050 3876 4115 Genesi,

455 4115 618 4169 Vens.
676 4118 765 4210 17ἶ
824 4146 895 4156 —
942 4120 1104 4172 Ezra.
1155 4120 1584 4189 (RAB-HIBRON.)
1633 4120 1811 4175 Aiunt
1863 4121 2086 4177 Hebraei

2302 4144 2383 4193 est
2434 4138 2815 4210 praeparatio;
2869 4139 2962 4193 hic
3008 4156 3142 4194 vero
3181 4139 3513 4194 nominatur
3538 4143 3699 4202 Zara,
3728 4140 3781 4193 id
3808 4141 3881 4192 est

386 4202 601 4275 Ezram,
667 4202 769 4273 qui
824 4204 1234 4275 interpretatur
1294 4208 1619 4273 aumiliator,
1670 4223 1789 4261 esse
1850 4211 2084 4262 Amram
2197 4233 2373 4283 ortus.

383 4295 607 4388 Ρδῖτθῑξι
653 4292 1209 4388 M°y31_°t__Aar?n;
1255 4295 1490 4388 immiti
1519 4295 1577 4349 id
1619 4299 1725 4364 θεῖ»
1783 4298 2076 4388 “nimium,
2111 4334 2155 4388 ι)
2263 4320 2333 4372 Et
2374 4319 2631 4371 universa
2671 4318 2919 4384 cognatio
2965 4332 3094 4382 non,
3146 4320 3252 4370 etc.
3302 4315 3457 4387 LQuia
3494 4315 3726 4370 Simeon
3776 4329 3877 4368 non

384 4395 508 4433 esse
553 4383 783 4447 Aaron;
830 4386 885 4435 et
934 4382 1143 4447 Mered,
1184 4386 1281 4452 qui
1327 4385 1612 4450 rebellans,
1657 4401 1778 4439 esse
1830 4387 2077 4457 Moysen.

2267 4404 2390 4459 buit
2440 4407 2658 4457 tantam
2716 4382 2974 4457 sobolem
3030 4382 3311 4475 quantam
3363 4404 3569 4471 Iudas;
3631 4404 3777 4459 unde
3826 4404 3876 4456 in

385 4468 571 4537 Epher
619 4485 850 4541 quoque
899 4471 987 4524 vel
1032 4470 1240 4541 Opher,
1290 4472 1345 4525 id
1397 4477 1499 4538 est,
1542 4474 1836 4543 pulverem,
1871 4475 2079 4529 Heldad

2267 4508 2355 4547 sue
2413 4491 2669 4546 dicitur:
2722 4492 2951 4547 Simeon
3006 4508 3108 4563 per
3159 4491 3530 4564 cognationes
3582 4508 3711 4547 suas
3740 4507 3875 4546 acce-

382 4556 576 4654 Ῡίξίδὲθ·
628 4558 1073 4654 ³⁸¹ξη¹ηνθτο⁸θῖ
1104 4559 1368 4625 Μθίάδηιν
1423 4560 1531 4654 qui
1568 4560 1680 4614 duo
1732 4562 1801 4616 de
1848 4568 2081 4634 πρίων
2189 4582 2338 4654 pisse
2368 4580 2760 4635 hmreditatem
2790 4581 2848 4635 in
2879 4556 3064 4635 medio
3097 4556 3349 4635 ﬁliorum
3373 4582 3536 4636 Juda.

383 4642 544 4741 ginta
610 4645 930 4741 senioribuf
976 4646 1233 4741 fuerat“.
1285 4663 1427 4741 c1995
1486 4648 1697 4718 Moyses
1744 4667 1779 4741 ξι
1830 4651 1942 4703 Deo
1988 4667 2081 4741 βο·
2189 4642 2209 4654 ’
2260 4674 2357 4725 ne
2402 4672 2667 4736 civitates,
2702 4675 2807 4726 etc.
2853 4671 2997 4735 Quia
3031 4671 3283 4725 Sicelech
3322 4675 3379 4725 et
3437 4672 3732 4737 Bersabee,
3764 4684 3875 4741 quae

383 4735 533 4825 99p“
579 4735 650 4789 ad
699 4735 935 4805 τθεθιιάί
984 4737 1179 4806 Populi
1230 4736 1507 4790 animum
1568 4753 1581 4791 ³
1638 4738 1872 4793 tradunt
1927 4739 2081 4794 enim
2186 4760 2347 4815 Judm
2382 4760 2617 4814 fuerunt
2662 4765 2720 4814 et
2750 4776 2781 4813 a
2830 4759 3096 4815 Simeone
3136 4759 3347 4814 invasie
3379 4765 3532 4825 sunt,
3566 4778 3601 4815 a
3630 4735 3799 4816 David
3825 4760 3875 4813 in

385 4824 614 4894 Moysen
661 4829 790 4895 post
840 4830 1130 4895 acceptam
1156 4825 1340 4895 legem
1391 4825 1451 4878 in
1500 4840 1695 4880 eremo
1748 4828 1898 4898 patri
1952 4844 2083 4882 sua-

2267 4850 2493 4903 istinam
2520 4848 2683 4903 Juda:
2714 4848 3107 4903 haereditatem
3143 4848 3455 4903 redierunt.

390 2750 623 2804 nomine
680 2751 851 2805 David
920 2752 1261 2823 nuncupari.
1332 2754 1422 2806 Est
1471 2753 1623 2807 enim
1676 2754 1865 2809 Racha
1910 2760 2089 2809 tener.

389 2840 545 2895 Unde
601 2839 775 2895 David
836 2840 905 2895 de
964 2858 1023 2894 se
1052 2841 1130 2894 ait
1163 2857 1175 2893 :
1210 2842 1333 2908 Ego
1359 2857 1477 2896 sum
1505 2848 1649 2897 tener
1678 2850 1727 2897 et
1766 2850 1956 2899 unctus
1996 2861 2095 2899 rem

390 2928 483 2997 (II
528 2932 656 2996 Reg.
692 2934 789 2999 ιιι).
828 2930 956 2999 Ipse
986 2945 1214 2999 quoque
1241 2930 1405 3001 quasi
1448 2932 1791 2985 vermiculus
1830 2932 1973 3003 ligni
2006 2938 2090 2986 te-

388 3032 492 3071 ner
538 3034 659 3072 esse
732 3018 959 3073 dicitur.
1013 3018 1142 3072 ldeo
1186 3025 1378 3072 autem
1421 3019 1527 3073 viri
1576 3020 1762 3074 Recha
1797 3021 2084 3087 dicuntur,

388 3105 524 3176 quia
575 3112 813 3176 propter
861 3105 1295 3177 exprimendam
1344 3109 1739 3180 genealogiam
1793 3110 1969 3164 David
1996 3110 2087 3164 hic

386 3195 644 3249 aunotati
672 3201 823 3249 sunt.

458 3300 619 3353 Vens.
674 3303 756 3355 l3.
785 3329 858 3341 —
898 3302 1098 3357 Saraia
1147 3309 1327 3359 autem
1386 3306 1590 3371 genuit.
1638 3305 1717 3357 De
1761 3304 1943 3357 saraia
1994 3304 2086 3359 di-

386 3386 535 3440 citur
571 3388 710 3442 Joab
759 3389 1036 3458 prodisse,
1090 3390 1187 3461 qui
1230 3391 1393 3460 juxta
1446 3390 1698 3444 nominis
1741 3391 2085 3462 interpreta-

386 3475 604 3529 tionem
650 3481 811 3546 pater
850 3476 1011 3530 vallis
1057 3478 1340 3532 artiﬁcum
1387 3479 1614 3547 dicitur,
1665 3480 1801 3549 quia
1846 3481 1914 3534 de
1953 3481 2088 3536 ﬁliis

386 3562 508 3632 ejus
573 3564 809 3619 fuerunt
873 3566 1161 3621 architecti
1215 3567 1315 3638 qui
1364 3568 1788 3623 aediﬁcaverunt
1852 3569 2087 3625 domum

390 3651 636 3706 Domini.
685 3652 943 3707 Artiﬁces
992 3672 1124 3709 vero
1153 3656 1252 3726 qui
1307 3655 1366 3709 in
1391 3656 1533 3709 velle
1561 3656 1820 3711 habitant
1850 3664 2090 3728 possunt

385 3739 497 3794 dici
546 3741 803 3795 doctores
844 3743 1003 3812 legis,
1056 3761 1202 3815 quos
1233 3747 1460 3799 scientia
1487 3761 1604 3798 non
1635 3748 1806 3813 inﬂat.
1842 3747 1937 3801 sed
1962 3749 2081 3802 cha-

384 3832 520 3884 ritas
548 3830 780 3900 zdiﬁcat
807 3833 862 3904 (Ι
884 3834 1003 3890 Cor.
1038 3836 1179 3904 vni),
1211 3850 1355 3904 quos
1385 3834 1671 3890 modestia
1694 3841 1751 3889 et
1786 3836 2085 3890 humilitas

389 3920 619 3987 exaltat,
670 3926 733 3975 ut
779 3922 1050 3978 Gamaliel
1099 3929 1154 3977 et
1186 3925 1396 3978 Paulus
1426 3926 1547 3995 ejus
1591 3924 1906 3995 discipulus
1935 3928 2081 3992 (Act.

387 4024 439 4075 v,
473 4009 622 4077 xxu).

384 4910 543 5009 sisse,
592 4912 1314 5009 uthmatremndnimi-tteret,
1356 4928 1428 5009 eo
1477 4914 1629 4983 quod
1677 4914 1869 5009 ipsius
1901 4915 2081 5009 stuic}!
2189 4910 2209 4921 ⁸
2264 4940 2425 4993 Vnus.
2476 4941 2563 4993 38.
2594 4940 2803 4993 —Isti
2853 4943 2980 4993 sunt
3022 4941 3310 4992 nominati.
3367 4930 3663 5009 Descripta
3714 4938 3872 5007 stirpe

386 5004 558 5097 θῖδθίν
589 4998 701 5054 fuit
747 5000 920 5097 θηξω,
944 5000 1277 5097 θξξδ--Ῑίξθῆν-
1310 5005 1626 5097 ΡΨᾜἾΨῘ
1660 5004 1896 5058 Αωτδω
1925 5004 2084 5059 dux“
2188 5026 2474 5083 Simeonis
2518 5031 2577 5080 et
2605 5025 2823 5081 actibus
2861 5041 3084 5091 eorum,
3138 5025 3374 5095 mystice
3411 4998 3694 5097 signatur,
3753 4998 3871 5096 quia

386 5088 557 5140 “nam
587 5103 656 5142 ex
685 5104 799 5159 qua
828 5089 1033 5144 halm“
1060 5092 1301 5146 Heldath
1329 5096 1384 5145 εί
1408 5092 1671 5148 Meldath-
2188 5116 2447 5171 doctores
2496 5114 2695 5181 sancti,
2750 5115 2809 5169 id
2849 5118 2932 5168 est
2986 5088 3247 5169 Ecclesiae
3303 5088 3593 5185 principes
3621 5088 3873 5186 gregibus

456 5194 759 5264 Genuitque
820 5198 1040 5252 Marim.
1115 5198 1243 5268 (11).)
1316 5200 1567 5254 Sammai
1632 5202 1854 5273 Moysen
1906 5201 2083 5257 intel-
2188 5204 2397 5260 Christi
2444 5220 2657 5275 pascua
2706 5203 3069 5275 providentes
3124 5202 3563 5274 proﬁciscuntur
3613 5204 3674 5258 in
3703 5203 3873 5259 Gador

379 5280 481 5350 ligi
536 5282 752 5350 volunt,
809 5289 938 5351 etc.,
969 5287 1242 5354 usquead
1287 5287 1424 5359 quia
1459 5290 1739 5360 populum
1798 5290 1859 5344 in
1888 5306 2081 5346 eremo
2190 5294 2278 5348 vel
2330 5294 2533 5361 Gader,
2595 5309 2728 5363 quas
2780 5292 3195 5362 interpretatur
3245 5307 3393 5360 sepes
3443 5294 3583 5361 ejus.
3629 5294 3755 5346 Haec
3798 5295 3872 5344 est

383 5370 743 5440 gubernavit,
779 5377 835 5426 et
858 5373 1118 5429 doctrina
1148 5392 1249 5429 sua
1279 5378 1535 5447 quotidie
1566 5380 1867 5449 gubernat.
2190 5382 2434 5437 Ecclesia
2485 5398 2616 5453 quae
2661 5386 2745 5437 est
2790 5380 3046 5436 ﬁdelium
3086 5380 3344 5435 defensio
3374 5397 3387 5435 :
3412 5379 3493 5435 ibi
3518 5387 3651 5435 sunt
3676 5394 3869 5451 pascua

453 5460 614 5512 Vens.
662 5462 746 5513 18.
780 5491 847 5500 -
876 5463 1029 5516 Filiae
1070 5464 1391 5520 Pharaonis.
1433 5466 1562 5535 (Ιο.)
1609 5469 1809 5523 Filiam
1842 5468 2086 5523 Pharao-
2189 5486 2372 5542 usque
2395 5471 2469 5525 ad
2500 5471 2790 5526 Orientem
2822 5470 3004 5538 vallis,
3031 5469 3089 5525 id
3110 5473 3194 5524 est
3216 5469 3667 5524 incarnationem
3696 5466 3864 5529 Verbi,

384 5546 472 5602 nis
502 5551 745 5603 matrem
788 5550 963 5621 Moysi
1003 5558 1184 5620 vocat,
1239 5569 1368 5623 quae
1400 5556 1572 5609 etiam
1601 5559 1912 5612 secundum
1945 5574 2079 5629 pro-
2189 5562 2285 5631 qui
2349 5563 2689 5630 semetipsum
2756 5560 3081 5625 exinanivit,
3136 5561 3280 5614 servi
3331 5561 3567 5625 formam
3615 5559 3868 5627 accipiens
