4062 6180
153 292 240 344 641
1237 285 1488 341 CLOSSA
1527 284 1933 341 ORDINARIA.
1974 315 2042 322 —
2084 285 2211 338 LIB.
2255 285 2276 338 Ι
2319 285 2559 340 PABAL.

3549 293 3650 346 642

148 414 353 480 Philip.
387 412 454 478 ι.)
486 411 548 464 In
576 426 643 464 eo
691 410 1064 465 inveniuntur
1106 425 1332 478 pascua.
1395 410 1518 479 Ipse
1549 409 1704 463 enim
1736 409 1852 462 ait:
1889 412 1934 462 A
1975 411 2131 478 genti
2184 411 2298 477 (IV
2331 413 2456 475 Reg.
2509 413 2616 480 xv),
2669 415 2732 464 ut
2789 416 2938 465 esset
2997 412 3047 464 ei
3077 413 3288 467 auxilio
3316 419 3373 468 et
3419 416 3678 471 ﬁrmaret

146 503 242 553 Per
277 517 364 555 me
428 503 478 553 si
519 503 640 568 quis
691 501 962 553 introierit
1033 499 1369 566 ingredietur
1418 504 1467 551 et
1522 499 1847 565 egredietur,

144 595 190 640 et
220 604 430 656 pascua
495 591 728 641 inveniet
784 589 960 656 (Joan.
1008 587 1082 656 χ).
1127 586 1364 639 virtutes
1426 587 1654 640 scilicet.
1700 589 1764 639 In
1793 602 1850 640 eo

145 686 296 731 terra
323 678 596 730 latissima
614 681 668 728 et
707 678 909 744 quieta,
943 675 1000 728 id
1032 681 1134 744 est,
1163 675 1346 744 gratia
1386 675 1630 745 Spiritus
1670 675 1849 728 sancti

142 766 416 835 copiosa;
465 765 526 818 in
567 781 680 835 qua
728 769 860 817 ante
903 763 1296 817 habitaverunt
1326 764 1395 817 de
1449 764 1623 832 stirpe
1650 763 1846 828 Cham,

143 854 433 924 signiﬁcat
464 854 720 922 gentium
755 852 1182 905 multitudinem
1236 851 1388 905 idola
1441 852 1760 922 reliquisse,
1795 855 1851 904 et

140 944 209 996 ad
244 943 419 996 unius
455 942 552 996 Dei
597 943 816 995 cultum
864 942 1220 994 conﬂuxisse.
1275 941 1341 994 Hi
1377 957 1512 1010 ergo
1571 946 1852 994 venerunt

142 1049 289 1102 quos
315 1048 491 1101 supra
540 1030 940 1100 descripsimus
1002 1030 1346 1084 nominatim
1404 1030 1460 1082 in
1490 1030 1688 1083 diebus
1714 1031 1848 1082 Eze-

142 1121 288 1174 chiae
312 1121 463 1191 regis
491 1120 649 1184 Iuda,
685 1121 794 1172 hoc
833 1125 916 1171 est
944 1119 1001 1171 in
1052 1119 1299 1172 adventu
1335 1119 1559 1172 Christi.
1608 1120 1732 1188 Ipse
1765 1126 1850 1172 est

139 1211 298 1262 enim
350 1209 600 1262 Christus
665 1207 762 1261 Dei
822 1208 1018 1272 virtus,
1075 1223 1248 1277 quem
1295 1206 1579 1273 Ezechias,
1639 1207 1850 1261 scilicet

141 1298 420 1352 fortitudo
453 1296 698 1359 Domini,
723 1295 1026 1365 signiﬁcat.

238 1390 627 1442 Percusserunt
673 1385 1063 1438 tabernacula:
1125 1383 1370 1453 percutit
1427 1384 1535 1437 ﬁde
1585 1384 1844 1438 taberna-

140 1476 269 1528 cula
305 1475 616 1546 impiorum
642 1479 695 1526 et
717 1474 1060 1527 habitatores
1081 1473 1392 1543 impiorum
1414 1473 1642 1543 quando
1670 1473 1848 1528 abne-

143 1582 285 1634 gans
310 1564 665 1635 impietatem
688 1579 917 1616 omnem
967 1567 1022 1614 et
1065 1561 1361 1615 saecularia
1408 1561 1710 1629 desideria,
1745 1579 1848 1632 per

143 1652 355 1705 Christi
386 1652 729 1721 baptismum
764 1669 796 1703 a
844 1651 1108 1704 sordibus
1167 1651 1418 1702 abluitur
1464 1657 1842 1720 peccatorum,
1879 1688 1918 1740 Β

143 1749 344 1812 postea
401 1741 634 1793 studens
665 1740 871 1799 sobrie,
913 1741 1066 1808 juste
1097 1745 1153 1792 et
1184 1739 1274 1804 pie
1307 1740 1491 1792 vivere
1514 1739 1571 1791 in
1604 1741 1706 1792 hoc
1737 1756 1848 1791 sa»,-

141 1833 295 1899 culo,
331 1836 394 1884 ut
430 1831 526 1883 ﬁat
579 1829 732 1899 quod
781 1829 1057 1898 scriptum
1091 1834 1208 1880 est:
1265 1830 1332 1881 Et
1379 1831 1482 1881 erit
1531 1832 1586 1880 in
1620 1829 1728 1881 loco
1757 1828 1852 1881 ubi

141 1927 267 1973 ante
321 1919 525 1972 dictum
554 1923 664 1971 est:
723 1919 842 1972 Non
893 1918 1041 1985 plebs
1069 1932 1184 1969 mea
1231 1932 1350 1970 vos:
1387 1918 1466 1969 ibi
1517 1917 1852 1970 vocabuntur

140 2011 246 2077 ﬁlii
283 2009 387 2061 Dei
411 2007 578 2074 (Osce.
615 2008 694 2072 ι).

215 2098 378 2150 Vens.
435 2095 521 2147 42.
579 2124 645 2132 -
708 2095 828 2147 Viri
877 2095 1180 2159 quingenti.
1249 2094 1439 2146 Patres
1489 2092 1628 2146 Novi
1658 2095 1850 2146 Testa-

143 2184 329 2238 menti
361 2183 460 2254 qui
487 2182 754 2236 abierunt
786 2183 843 2234 in
877 2189 1130 2234 montem
1163 2181 1305 2244 Seir,
1366 2186 1421 2234 et
1454 2186 1852 2252 percusserunt

146 2273 419 2343 reliquias
438 2271 899 2332 Amalecitarum,
933 2270 1068 2340 quia
1088 2269 1415 2340 superbiam
1450 2271 1619 2340 hujus
1652 2271 1852 2324 mundi

144 2363 562 2426 conculcantes,
623 2360 1048 2414 deformitatem
1100 2358 1370 2410 vitiorum
1419 2359 1848 2428 comprimunt;

145 2453 197 2504 hi
231 2458 486 2522 quatuor
514 2449 802 2513 dicuntur,
849 2447 981 2518 quia
1014 2448 1340 2516 evangelica
1382 2447 1640 2501 doctrina
1691 2465 1854 2501 vera-

145 2541 283 2594 citer
343 2538 626 2601 instructi,
678 2537 972 2608 spirituale
1029 2536 1240 2588 bellum
1315 2541 1512 2589 contra
1564 2536 1852 2590 daemones

147 2627 554 2682 convenienter
579 2631 786 2695 gerunt
821 2641 834 2690 ;
869 2624 1152 2694 percussis
1204 2623 1466 2693 reliquiis
1519 2624 1852 2677 Amalecita-

148 2735 296 2784 rum,
349 2718 428 2770 ibi
485 2715 836 2780 habitabant,
895 2713 1028 2783 quia
1085 2714 1336 2782 expulsis
1393 2714 1749 2767 damonibus
1793 2714 1852 2767 in

150 2806 268 2859 loco
301 2806 569 2858 vitiorum
601 2803 833 2856 virtutes
863 2803 1239 2866 substituunt,
1293 2819 1535 2871 quarum
1571 2802 1851 2871 possessio

148 2895 441 2949 hominem
490 2893 664 2947 efﬁcit
704 2893 931 2945 beatum
985 2907 1162 2960 usque
1184 2892 1253 2944 ad
1299 2891 1451 2944 diem
1492 2891 1666 2958 hunc,
1699 2891 1852 2960 quod

1962 516 2205 569 regnum
2237 501 2377 568 ejus,
2404 517 2517 553 non
2548 500 2698 570 quod
2729 517 2859 553 eum
2911 503 3266 557 transtulerit
3298 504 3355 557 iu
3387 507 3669 574 Assyrios,

1962 590 2058 643 sed
2081 589 2232 658 quod
2259 589 2804 658 Teglathplialnasar
2835 606 2932 643 rex
2984 595 3159 644 Assur
3181 591 3240 645 in
3295 593 3497 647 diebus
3529 595 3668 647 Pha-

1959 694 2054 730 cee
2087 678 2236 748 regis
2266 679 2436 731 Israel
2467 678 2616 747 cepit
2666 677 2874 744 Aliion,
2936 684 2991 732 et
3033 679 3172 732 Abel
3229 681 3466 734 domum
3513 683 3668 736 Maa—

1960 769 2084 832 cha,
2119 773 2174 820 et
2204 769 2374 820 Ianoe
2407 771 2462 820 et
2492 767 2668 820 Cedes
2699 772 2751 820 et
2783 770 2925 820 Asor
2949 773 3003 820 et
3033 767 3242 821 Galaad
3292 775 3348 822 et
3375 769 3666 824 Galilaeam

1961 865 2016 915 et
2040 859 2365 914 universam
2409 864 2620 911 terram
2688 856 3013 925 Nephthali,
3045 862 3102 909 et
3149 858 3438 910 transtulit
3480 873 3575 910 eos
3605 858 3665 911 in

1960 945 2234 1014 Assyrios.
2266 947 2554 998 Postremo
2582 949 2776 995 narrat
2825 943 2976 1011 quod
3037 941 3399 995 Salmanasar
3432 959 3526 995 rex
3557 946 3661 996 As-

1959 1034 2241 1102 syriorum
2293 1034 2431 1088 Osee
2471 1032 2653 1085 ﬁlium
2722 1031 2816 1082 Ela
2860 1046 3053 1098 regem
3112 1031 3282 1083 Israel
3343 1031 3660 1085 obsidendo

1960 1120 2140 1172 tribus
2167 1119 2330 1170 annis
2383 1118 2698 1172 Samariam
2751 1119 2918 1188 cepit,
2965 1124 3022 1171 et
3073 1120 3345 1172 transtuit
3396 1120 3570 1172 Israel
3602 1121 3662 1172 in

1958 1207 2215 1279 Assyrios
2239 1213 2295 1260 et
2337 1207 2530 1277 posuit
2585 1223 2682 1259 eos
2738 1206 2797 1258 in
2852 1208 3016 1260 Ahila
3078 1213 3133 1260 et
3185 1207 3243 1260 in
3299 1208 3472 1269 Abor,
3499 1208 3665 1276 juxta

1959 1297 2198 1350 ﬂuvium
2230 1297 2435 1350 Gozam
2475 1295 2533 1348 in
2587 1293 2908 1349 civitatibus
2977 1295 3284 1349 Medorum.
3320 1296 3476 1350 Unde
3498 1313 3657 1366 quie-

1957 1386 2104 1439 ritur
2151 1403 2163 1439 :
2231 1384 2519 1455 quomodo
2573 1383 2632 1436 in
2689 1384 3137 1453 Paralipomenis
3207 1384 3462 1438 dicamus
3519 1386 3664 1439 Phul

1959 1479 2014 1528 et
2039 1473 2624 1545 Theglathphalnasar
2672 1488 2834 1542 reges
2887 1474 3249 1541 Assyriorum
3305 1473 3660 1527 transtulisse

1958 1565 2160 1620 Ruben
2203 1568 2257 1616 et
2289 1563 2423 1625 Gad,
2458 1567 2513 1614 et
2560 1561 2856 1614 dimidiam
2915 1560 3123 1613 tribum
3172 1561 3420 1615 Manasse
3445 1563 3501 1614 in
3530 1562 3666 1615 Abi-

1958 1652 2071 1706 lam
2107 1658 2162 1705 et
2191 1652 2344 1705 Abor
2364 1657 2421 1704 et
2441 1654 2613 1704 Aram
2667 1655 2720 1703 et
2765 1648 3002 1702 ﬂuvium
3036 1649 3221 1702 Gozan
3256 1665 3269 1715 ;
3319 1665 3447 1702 cum
3491 1651 3664 1704 Mala-

1959 1742 2109 1794 chim
2141 1746 2332 1794 narret
2383 1741 2491 1793 hoc
2546 1739 2905 1792 Salmanasar
2953 1738 3147 1790 fecisse
3204 1737 3303 1808 qui
3351 1740 3661 1792 transtulit-

1959 1832 2126 1884 Israel
2159 1831 2216 1882 in
2240 1829 2520 1898 Assyrios.
2551 1833 2609 1880 et
2635 1827 2826 1896 posuit
2855 1826 2915 1878 in
2966 1826 3103 1879 locis
3134 1827 3475 1896 supradictis
3506 1828 3659 1882 ?Sed

1959 1935 2122 1987 reges
2173 1917 2532 1987 Assyriorum
2573 1916 2794 1985 priores
2821 1915 2928 1968 hoc
2982 1915 3178 1968 fecisse
3209 1916 3495 1981 dicuntur,
3529 1917 3665 1986 quia

1959 2013 2254 2077 coeperunt
2282 2022 2410 2058 cum
2435 2011 2603 2075 gente
2631 2003 2989 2074 Assyriorum
3017 2006 3170 2073 quod
3203 2005 3403 2058 eadem
3437 2021 3575 2074 gens
3605 2006 3664 2058 in

1959 2104 2200 2174 posteris
2255 2103 2510 2173 perfecit.
2559 2107 2730 2155 Aram
2802 2117 2975 2171 quam
3033 2102 3511 2170 Paralipomenon
3541 2118 3661 2154 me-

1960 2199 2172 2260 morat,
2237 2191 2535 2246 Malachim
2585 2189 2995 2260 praetermittit.
3055 2193 3372 2243 Autumant
3436 2189 3659 2243 Hebraei

1960 2299 2079 2336 esse
2112 2283 2293 2352 Rages
2326 2280 2611 2333 civitatem
2653 2278 2967 2331 Medorum.

2675 2402 2896 2456 CAPUT
2957 2402 3040 2454 VI.

2035 2533 2195 2584 Vens.
2231 2535 2281 2584 6.
2319 2560 2388 2571 -
2433 2530 2559 2583 Filii
2601 2529 2752 2592 Levi,
2783 2528 3002 2593 Gerson,
3070 2530 3174 2578 etc.
3208 2526 3478 2578 Johanan.
3511 2526 3659 2578 Prae-

1960 2620 2237 2674 termissis
2294 2619 2416 2672 aliis
2472 2618 2606 2670 ﬁliis
2664 2616 2792 2670 Levi
2849 2615 2948 2684 qui
3018 2613 3282 2666 similiter
3341 2613 3666 2666 sacerdotes

1961 2709 2196 2762 fuerunt
2221 2708 2279 2760 in
2313 2708 2484 2762 domo
2543 2705 2791 2766 Domini,
2851 2704 3107 2757 Johanan
3162 2701 3482 2772 specialiter
3533 2701 3665 2754 lati-

1961 2797 2149 2864 datur,
2183 2797 2318 2863 quia
2357 2795 2598 2849 viriliter
2651 2793 2860 2847 restitit
2919 2792 3067 2846 Oziaa
3118 2791 3239 2860 regi
3272 2807 3372 2860 per
3403 2807 3460 2843 se
3492 2789 3662 2842 sacri-

1963 2887 2130 2938 ﬁcare
2189 2885 2445 2938 volenti:
2498 2889 2553 2938 et
2607 2881 2925 2936 constantia
2977 2879 3154 2932 animi
3239 2885 3291 2933 et
3341 2878 3461 2932 zelo
3526 2877 3668 2947 legis

149 2998 374 3053 semper
401 2981 510 3036 dici
533 2985 720 3050 potest
751 2995 928 3048 usque
983 2978 1050 3031 ad
1106 2978 1281 3030 ﬁnem
1327 2977 1552 3046 mundi,
1587 2978 1722 3046 quia
1751 2979 1848 3030 Ec-
1880 2970 1921 3024 C
1963 2974 2211 3044 explevit
2241 2973 2494 3028 ofﬁcium
2525 2971 2847 3025 sacerdotis.

144 3074 315 3125 clesia
348 3086 528 3140 usque
552 3069 618 3123 ad
651 3068 825 3121 ﬁnem
856 3066 1053 3120 mundi
1109 3071 1427 3135 permanet,
1460 3066 1522 3119 in
1561 3082 1675 3136 qua
1702 3082 1847 3136 quo-

146 3161 283 3215 tidie
313 3161 586 3230 antiquus
616 3157 793 3210 hostis
821 3156 1231 3225 triumphatur.

861 3298 1082 3352 CAPUT
1116 3298 1178 3351 V.

213 3428 378 3478 Vaas.
419 3429 464 3477 t.
497 3453 558 3463 ——
589 3421 695 3477 Sed
742 3437 859 3475 cum
883 3421 1074 3484 violas,
1125 3425 1232 3472 etc.
1265 3420 1447 3486 (ΗΑΒ.)
1481 3418 1612 3472 Ideo
1664 3417 1854 3472 ablata

139 3521 276 3569 sunt
318 3514 522 3568 Ruben
590 3510 990 3581 primogenita,
1046 3507 1182 3578 quia
1230 3507 1500 3561 dormivit
1530 3523 1658 3559 cum
1696 3507 1848 3572 Bala,

138 3603 465 3657 concubina
494 3601 670 3670 patris
720 3599 828 3666 sui,
894 3603 949 3651 et
1001 3597 1133 3650 data
1192 3601 1324 3650 sunt
1379 3597 1585 3666 Joseph
1617 3595 1736 3649 ﬁlio
1763 3597 1854 3665 ju-

139 3692 310 3756 niori,
359 3691 522 3760 cujus
572 3688 876 3758 progenies
926 3685 1337 3756 multiplicatur
1401 3691 1458 3738 et.
1511 3684 1730 3738 excedit
1751 3701 1850 3754 po-

135 3781 385 3833 tentiam
411 3777 576 3847 regni
604 3777 751 3830 inter
784 3777 978 3829 decem
1006 3775 1204 3828 tribus.

207 3868 445 3938 Mystice
495 3871 686 3918 autem
744 3863 1024 3933 significat
1082 3862 1307 3915 ruinam
1373 3860 1575 3931 prioris
1630 3859 1850 3930 populi,

137 3958 237 4025 qui
269 3962 334 4010 ut
361 3953 782 4024 primogenitus
818 3951 1062 4006 debebat
1109 3951 1492 4004 sacerdotium
1525 3954 1580 4003 et
1604 3964 1850 4024 regnum

137 4046 441 4115 accipere;
478 4044 572 4096 sed
607 4042 742 4112 quia
766 4040 1075 4095 maculabit
1131 4043 1373 4092 stratum
1421 4037 1597 4107 patris
1651 4037 1755 4100 sui,
1793 4036 1852 4089 id

136 4141 218 4187 est
248 4149 463 4201 corpus
491 4131 716 4193 Christi,
755 4130 812 4182 in
860 4146 974 4199 quo
1003 4133 1126 4182 erat
1187 4127 1483 4196 plenitudo
1515 4126 1848 4192 divinitatis,

137 4224 193 4276 in
222 4237 398 4276 cruce
427 4219 724 4289 suspendit
763 4225 819 4274 et
871 4217 1078 4272 occidit
1112 4233 1126 4269 :
1178 4215 1547 4286 primogeniti
1599 4214 1846 4281 dignitas

138 4309 595 4381 adspiritualem
644 4307 872 4376 Ioseph,
929 4305 986 4358 id
1037 4308 1123 4358 est
1177 4303 1462 4358 Christum
1510 4307 1564 4357 et
1589 4302 1844 4357 Ecclesiae
1878 4323 1920 4374 ι)

139 4398 428 4470 populum
478 4394 751 4448 translata
790 4399 912 4458 est;
964 4393 1034 4445 ad
1091 4407 1259 4461 quem
1312 4394 1474 4460 pater
1507 4405 1520 4442 :
1559 4392 1638 4444 Tu
1665 4404 1718 4444 es
1767 4404 1852 4443 sa-

137 4488 326 4541 cerdos
378 4487 437 4538 in
484 4489 739 4538 aeternum
780 4481 1071 4536 secundum
1127 4479 1370 4534 ordinem
1443 4479 1848 4546 Melchisedech,

139 4584 247 4634 etc.
288 4578 459 4647 (Psal.
495 4577 629 4645 cxx.)

212 4669 384 4721 Vens.
420 4668 503 4719 10.
540 4695 605 4704 ——
631 4667 837 4721 Contra
881 4665 1182 4729 Agarenos.
1243 4661 1496 4731 (HIERON.
1553 4664 1612 4716 in
1642 4662 1852 4728 Paral.)

140 4755 470 4811 Verisimile
531 4758 615 4807 est
668 4756 818 4822 Agar
871 4752 1043 4806 fuisse
1097 4751 1425 4818 Cethuram,
1476 4766 1606 4804 cum
1659 4751 1719 4804 in
1766 4767 1853 4804 se-

138 4844 461 4915 quentibus
493 4842 643 4896 dicat
673 4840 989 4897 Rubenitas
1034 4846 1090 4894 et
1120 4840 1382 4895 Gaaditas
1442 4844 1499 4893 et
1555 4839 1856 4894 dimidiam

138 4934 364 4987 tribum
394 4933 643 4986 Manasse
683 4947 813 4984 cum
843 4930 1119 5000 Agarenis
1149 4944 1433 5000 pugnasse
1459 4933 1516 4982 et
1544 4928 1857 4997 prwbuisse

142 5023 318 5076 Israel
383 5020 658 5074 auxilium
721 5021 977 5084 Ituraeos,
1031 5018 1310 5088 Naphazos
1367 5020 1423 5070 et
1473 5017 1668 5070 Nodab
1709 5017 1858 5071 ﬁlios

144 5111 428 5165 lsmaelis.
475 5108 672 5162 Nadab
713 5113 904 5162 autem
963 5112 1067 5174 est,
1095 5113 1160 5160 ut
1215 5106 1461 5170 videtur,
1515 5105 1616 5176 qui
1669 5105 1728 5159 in
1759 5107 1860 5160 Ge-

143 5201 268 5253 nesi
329 5198 548 5254 Cedma
601 5197 830 5262 dicitur,
889 5196 944 5250 id
993 5203 1076 5249 est
1145 5195 1518 5264 antiquorum
1576 5195 1662 5247 vel
1703 5198 1859 5248 ante-

144 5289 377 5343 cedens.

219 5381 386 5432 V’r-zas.
410 5380 498 5430 26.
536 5405 605 5416 —
629 5376 708 5430 Et
758 5375 1061 5429 suscitavit.
1120 5373 1447 5428 Notandum
1495 5377 1582 5426 est
1621 5371 1771 5443 quod
1801 5372 1862 5426 in

147 5468 375 5538 Regum
407 5466 616 5520 dicitur
680 5465 820 5518 Phul
859 5479 1056 5534 regem
1111 5463 1477 5533 Assyriorum
1500 5478 1532 5515 a
1563 5461 1860 5516 Manahem

150 5557 268 5612 ﬁlio
300 5555 483 5610 Gaddi
527 5570 662 5624 rege
724 5554 897 5608 Israel
946 5551 1228 5622 accepisse
1286 5551 1444 5606 mille
1498 5551 1713 5604 talenta
1769 5565 1862 5604 ar-

2062 3081 2223 3134 Vaas.
2287 3083 2367 3133 15.
2451 3110 2518 3117 —
2581 3080 2746 3131 Porro
2809 3075 3060 3129 Josedec.
3129 3075 3389 3142 (HIERON.
3463 3074 3664 3138 Qua’st.

1961 3170 2124 3224 Hebr.
2156 3172 2213 3222 in
2240 3169 2445 3235 Paral.)
2485 3166 2718 3220 Josedec
2775 3164 2972 3218 dicunt
3018 3179 3140 3216 esse
3188 3162 3423 3216 Esdram
3480 3177 3665 3214 sacer-

1959 3259 2172 3323 dotem,
2206 3263 2337 3325 etc.,
2370 3271 2539 3324 usque
2570 3255 2644 3308 ad
2691 3254 2922 3308 Esdram
2975 3269 3108 3306 vero
3141 3268 3259 3305 esse
3291 3251 3662 3316 sacerdotem,

1960 3347 2149 3400 virum
2175 3347 2397 3415 justum
2428 3351 2481 3398 et
2515 3342 2852 3413 gloriosum.

2033 3453 2193 3505 VERS.
2217 3453 2306 3506 28.
2344 3481 2412 3490 —-
2441 3449 2606 3504 Abia.
2675 3449 2791 3514 Hic,
2848 3450 2910 3499 ut
2943 3445 3164 3500 Hebraei
3213 3445 3463 3510 tradunt,
3488 3444 3665 3514 judex

1961 3540 2301 3593 constitutus
2370 3555 2606 3592 munera
2665 3536 2992 3606 accipiebet;
3049 3535 3200 3605 quod
3260 3534 3398 3599 Joel,
3452 3534 3549 3604 qui
3611 3538 3667 3585 et

1959 3630 2062 3681 Vas
2096 3629 2238 3695 seni,
2297 3628 2484 3681 senios
2515 3629 2636 3697 ejus
2679 3626 2833 3678 ﬁlius
2873 3625 3073 3688 sciens,
3132 3639 3247 3676 non
3293 3621 3615 3691 corrigebat
3648 3637 3662 3673 :

1962 3717 2091 3770 ideo
2118 3722 2358 3786 uterque
2409 3730 2666 3785 peccasse
2706 3713 2912 3766 dicitur
2970 3711 3286 3765 secundum
3338 3710 3662 3763 Hebraeum.

1964 3806 2157 3860 Unde:
2218 3807 2438 3858 Factum
2494 3807 2572 3855 est
2644 3817 2763 3856 cum
2838 3803 3096 3854 senuisset
3162 3800 3397 3862 Samuel,
3479 3801 3668 3867 posuit

1961 3895 2101 3963 ﬁlios
2156 3907 2277 3946 suos
2301 3891 2516 3960 judices
2549 3891 2738 3955 Israel,
2765 3893 2814 3943 et
2840 3895 3050 3942 caetera.

2038 4001 2205 4053 Vens.
2247 4001 2332 4052 3l.
2369 4025 2435 4036 —~
2482 3999 2582 4050 Isti
2610 3999 2736 4049 sunt
2779 4010 2910 4062 quos
2958 3995 3257 4058 constituit,
3301 3991 3670 4061 anticipando

1965 4090 2034 4143 de
2058 4087 2278 4150 ofﬁciis,
2312 4090 2609 4139 cantorum
2659 4083 2836 4136 David
2869 4082 2968 4153 qui
2998 4081 3226 4151 organis
3275 4080 3511 4133 musicis
3549 4081 3673 4134 lau-

1968 4178 2068 4231 des
2099 4175 2324 4230 Domini
2354 4173 2654 4238 canebant,
2688 4188 2818 4226 cum
2857 4186 3057 4224 eorum
3107 4169 3502 4240 genealogiam
3536 4185 3669 4222 nar-

1961 4269 2134 4330 raret,
2187 4261 2544 4333 pradibavit;
2605 4277 2706 4313 suo
2763 4265 2954 4313 autem
3005 4258 3205 4312 ordine
3285 4257 3574 4328 quomodo
3615 4256 3674 4311 id

1961 4353 2227 4408 fecissent
2254 4350 2696 4405 demonstrabat.

2035 4462 2307 4516 Vens/ii.
2352 4491 2414 4500 —
2471 4461 2647 4513 Ethan
2674 4461 2840 4528 ﬁlius.
2897 4460 3077 4513 Ethan
3138 4475 3286 4513 unus
3335 4458 3404 4512 de
3425 4458 3673 4511 cantori-

1965 4553 2069 4606 bus
2099 4550 2302 4615 tribus,
2343 4549 2442 4619 qui
2493 4565 2686 4602 coram
2759 4548 2933 4601 David
3009 4547 3065 4602 in
3122 4546 3394 4618 cymbalis
3444 4547 3674 4600 laudem

1967 4639 2066 4693 Dei
2112 4638 2547 4708 concrepabant.
2609 4639 2673 4691 Et
2709 4637 3048 4701 notandum,
3121 4635 3275 4706 quod
3356 4635 3500 4688 sicut
3547 4635 3669 4688 fue-

1967 4733 2102 4782 runt
2164 4733 2277 4781 tres
2336 4727 2438 4780 filii
2473 4725 2622 4791 Levi,
2674 4726 2870 4790 Caath,
2932 4728 3149 4780 Gerson
3207 4729 3260 4776 et
3322 4723 3541 4789 Merari,
3585 4723 3672 4775 ita

1967 4823 2082 4871 tres
2103 4821 2402 4870 cantores:
2467 4815 2642 4867 Eman
2671 4814 2740 4867 de
2795 4814 2991 4879 Caath,
3045 4813 3235 4882 Asaph
3295 4812 3362 4866 de
3409 4813 3668 4877 Gerson;

1970 4906 2150 4959 Ethan
2213 4903 2282 4957 de
2334 4901 2554 4957 Merari.
2620 4901 2846 4972 Mystice
2916 4905 3106 4954 autem
3180 4900 3461 4969 signiﬁcat
3539 4916 3672 4952 san-

1968 4997 2086 5047 ctos
2136 4992 2416 5058 doctores,
2495 4989 2594 5061 qui
2650 4994 2857 5043 sanctae
2910 4988 3204 5042 Trinitatis
3271 4988 3383 5042 ﬁde
3443 4986 3669 5054 imbuti,

1969 5088 2278 5143 secundum
2319 5085 2800 5157 dispensationem
2829 5084 2948 5138 veri
2978 5084 3154 5138 David
3206 5084 3674 5154 praedicationem

1972 5177 2255 5247 Evangelii
2280 5177 2382 5230 toti
2415 5176 2629 5229 mundo
2663 5174 3023 5228 annuntiant.

2033 5285 2192 5337 Vatis.
2227 5284 2315 5338 48.
2387 5311 2458 5322 -
2507 5283 2707 5335 Levita:
2733 5283 2852 5350 qui.
2914 5279 3059 5344 Quia
3085 5279 3273 5334 omnis
3328 5281 3467 5335 ordo
3492 5281 3678 5335 eccle-

1973 5372 2231 5426 siasticus
2252 5371 2568 5426 secundum
2626 5371 3012 5439 apostolorum
3069 5370 3454 5439 traditionem,
3493 5374 3550 5423 et
3578 5370 3680 5441 qui

1974 5461 2284 5532 primatum
2315 5464 2527 5522 tenent,
2603 5464 2790 5512 totum
2847 5457 3237 5512 ministerium
3288 5443 3467 5528 agunt
3491 5458 3551 5513 in
3577 5459 3676 5512 Ec-

1976 5549 2149 5604 clesia
2177 5548 2307 5613 Dei;
2335 5549 2484 5602 unde
2520 5565 2532 5602 :
2565 5549 2630 5602 Ut
2687 5549 2828 5602 scias
2885 5547 3146 5617 quomodo
3190 5552 3432 5616 oporteat
3463 5554 3510 5603 te
3559 5563 3680 5602 con-
