4062 6180
404 269 514 322 643

1024 268 1419 324 WALAFRIDI
1457 270 1701 325 STRABI
1744 270 1943 326 FULD.
1986 269 2149 325 MON.
2188 270 2340 327 OPP.
2385 273 2561 328 PARS
2601 274 2645 329 ι.
2686 303 2757 314 -·
2793 274 3248 335 THEOLOGIGA.

3794 288 3897 341 644

402 392 615 444 versari
669 392 730 444 in
793 390 947 445 domo
993 392 1109 461 Dei,
1180 406 1299 459 qua
1354 394 1593 447 Ecclesia
1657 397 1753 448 Dei
1806 395 1937 459 uiri,
1993 398 2100 449 etc.
2134 396 2182 449 Α
2217 397 2475 451 sacerdos
2526 414 2787 469 magnus,
2860 401 2961 472 qui
3040 403 3548 463 Deuteronomium
3615 409 3829 466 invenit
3853 412 3911 467 in

423 480 452 533 Ι
480 481 618 535 Tim.
654 480 755 535 mi.

405 478 452 549 (Ι
473 481 631 622 3:1:
654 480 849 623 1:9):—
876 569 1084 623 Aaron.
1145 568 1432 623 Christum
1489 569 1792 641 signiﬁcat,
1844 570 1948 625 ﬁlii
1980 573 2103 643 ejus

402 656 664 712 Ecclesia:
689 658 992 729 populum,
1034 658 1127 712 cui
1158 658 1405 713 dicitur:
1445 662 1549 715 Vos
1596 662 1723 714 estis
1773 675 1939 727 genus
1970 663 2101 715 elec-

402 749 534 811 tum,
614 748 795 814 regale
866 747 1247 814 sacerdotium,
1320 754 1426 803 etc.
1481 750 1531 819 (Ι
1583 751 1726 804 Petr.
1780 750 1863 818 ιι),
1927 765 2099 821 quem

397 849 656 888 summus
688 834 940 905 pontifex
971 836 1166 891 docuit
1202 853 1374 908 super
1403 838 1579 892 altare
1635 839 1770 893 ﬁdei
1825 840 2099 894 holocau-

401 927 553 977 stum
600 923 883 978 bonorum
939 941 1179 994 operum
1235 931 1291 981 et
1343 926 1642 982 incensum
1690 928 1962 983 orationis
2015 929 2099 982 of-

394 1011 576 1077 ferre;
607 1017 665 1066 et
714 1017 779 1066 ut
822 1018 1151 1083 precaretur
1187 1031 1291 1085 pro
1345 1016 1537 1086 Israel,
1592 1015 1649 1071 id
1683 1021 1768 1071 est
1810 1034 1915 1088 pro
1950 1021 2097 1072 statu

394 1100 677 1166 Ecclesiae,
746 1103 1058 1157 secundum
1135 1109 1422 1176 praecepta
1480 1105 1622 1177 legis
1696 1123 1800 1176 per
1870 1108 2099 1177 Moysen

396 1187 547 1243 data.
594 1190 821 1260 Repetit
869 1196 1059 1247 autem
1113 1194 1510 1265 genealogiam
1568 1197 1757 1250 Aaron
1805 1212 1987 1267 usque
2026 1198 2098 1252 ad

393 1276 713 1343 Achimaas,
777 1279 929 1350 quod
980 1296 1085 1350 pro
1155 1281 1323 1337 laude
1378 1283 1502 1354 ejus
1579 1283 1793 1338 factum
1848 1284 2093 1353 videtur,

397 1363 533 1435 quia
554 1365 781 1423 ﬁdelius
818 1367 927 1422 fuit
953 1369 1127 1424 David
1156 1369 1216 1424 in
1238 1371 1525 1427 omnibus.

1068 1505 1293 1559 CAPUT
1349 1507 1461 1560 VII.

468 1634 630 1689 Vens.
664 1638 714 1689 8.
749 1666 815 1674 —
848 1636 1037 1691 Omnes
1101 1638 1178 1704 hi,
1229 1639 1333 1707 ﬁlii
1394 1640 1615 1694 Becher.
1674 1640 2006 1712 Ubicunque
2032 1640 2091 1695 in

2212 485 2429 554 templo
2461 486 2688 541 Domini
2740 487 2801 541 in
2857 493 3115 562 tempore
3170 494 3361 563 Josiaa,
3417 500 3474 551 et
3524 497 3730 554 dicitur
3755 506 3913 571 pater

2210 571 2386 627 fuisse
2413 574 2677 630 Ieremia:
2707 577 3049 647 prophetae.-

2282 662 2445 717 Vsns.
2505 667 2589 719 l6.
2636 694 2707 706 —
2757 656 3001 722 Idithun.
3070 670 3348 742 (HIERON.)
3408 673 3667 728 Cantoris
3714 676 3908 745 David,

2209 749 2439 805 scilicet.
2500 752 2887 808 Observabant
2943 756 3097 811 enim
3152 758 3213 813 in
3280 765 3447 831 porta
3501 762 3574 817 ad
3632 764 3908 824 orientem

2206 838 2274 891 de
2303 838 2437 892 ﬁliis
2461 840 2587 896 Levi
2630 858 2733 913 per
2778 841 2926 895 vices
2955 859 3086 899 suas
3144 853 3427 920 cantores,
3478 856 3537 905 et
3565 849 3816 906 vicissim
3846 857 3911 911 ad

2208 926 2569 995 psallendum
2588 946 2720 985 cum
2742 934 2918 990 David
2948 935 3378 1005 conveniebant,
3423 939 3559 1010 quia
3604 948 3910 1017 antequam

2207 1017 2488 1087 templum
2536 1019 2918 1078 aediﬁcaretur
2967 1024 3028 1078 in
3075 1024 3309 1095 palatio,
3379 1032 3503 1083 erat
3552 1046 3681 1085 arca
3738 1037 3909 1088 testa-

2207 1105 2410 1175 menti,
2433 1112 2491 1161 et
2519 1107 2599 1162 ibi
2626 1111 2957 1167 serviebant
2981 1113 3200 1168 aeditui.

2276 1194 2553 1251 Vsus.19.
2599 1227 2668 1237 -—
2711 1200 2912 1255 Sellum
2957 1218 3080 1257 vero
3137 1204 3289 1271 ﬁlius
3335 1208 3492 1260 Dore.
3547 1207 3709 1263 Prior
3767 1210 3907 1266 Cora

2205 1298 2309 1352 per
2326 1284 2509 1355 Aleph
2534 1286 2821 1355 scribitur,
2849 1294 2905 1344 et
2931 1295 3096 1346 sonat
3124 1292 3289 1359 Cora,
3345 1296 3629 1350 secundus
3678 1314 3782 1370 per
3806 1300 3903 1367 He,

2206 1376 2263 1425 et
2291 1377 2457 1427 sonat
2487 1376 2649 1430 Core.
2692 1377 2834 1432 Cora
2848 1380 3111 1451 clamans,
3157 1382 3301 1436 Core
3327 1384 3513 1440 calvus
3564 1385 3902 1458 interpreta-

2204 1465 2318 1516 tur.
2352 1462 2451 1516 Hic
2480 1468 2564 1518 est
2594 1465 2693 1536 qui
2722 1465 2782 1521 in
2811 1469 3073 1525 Numeris
3109 1471 3450 1527 seditionem
3488 1475 3663 1530 movit
3711 1482 3909 1533 contra

2204 1548 2433 1619 Moysen
2460 1551 2638 1621 (Num.
2668 1554 2799 1624 xw).

2274 1639 2528 1695 Custodes
2546 1643 2948 1700 vestibulorum.
2985 1645 3264 1720 (HIERON.)
3313 1651 3458 1715 Quia
3510 1654 3908 1710 custodiebant

394 1722 521 1793 lege
566 1722 876 1779 scribitur;
924 1725 1113 1780 omnes
1177 1727 1236 1780 hi
1273 1728 1380 1796 ﬁlii
1421 1727 1586 1783 istius
1620 1728 1706 1783 vel
1764 1729 1937 1795 illius,
1998 1736 2097 1785 aut
2125 1722 2164 1734 "
2207 1727 2453 1780 exterius
2479 1729 2687 1784 ostium
2741 1732 3112 1788 tabernaculi.
3177 1737 3371 1792 Patres
3402 1756 3535 1794 vero
3568 1757 3770 1796 eorum
3812 1743 3908 1814 qui

394 1826 498 1881 pro
529 1811 863 1865 meritorum
907 1813 1242 1868 excellentia
1307 1820 1408 1881 est,
1454 1821 1548 1870 aut
1607 1833 1710 1884 pro
1756 1817 2094 1873 meritorum

395 1900 856 1967 deterioratione,
885 1907 946 1956 ut
999 1902 1121 1973 ejus
1155 1903 1417 1958 dicantur
1467 1921 1587 1960 esse
1639 1906 1739 1960 ﬁlii
1788 1908 1950 1977 cujus
1977 1908 2095 1962 fue-

392 1995 527 2044 runt
546 1989 876 2045 imitatores.

488 2080 647 2134 Vsus.
718 2080 801 2133 14.
865 2108 934 2121 -
998 2081 1411 2150 Concubinaque
1475 2083 1611 2152 ejus.
1690 2086 1819 2139 Haec
1885 2085 2095 2140 dicitur

394 2167 565 2222 fuisse
601 2167 719 2222 ﬁlia
748 2168 853 2222 ﬁlii
911 2169 1128 2239 Balam,
1194 2186 1323 2241 qua:
1354 2171 1412 2223 in
1464 2174 1791 2242 Egyptum,
1819 2174 1969 2228 fame
2000 2191 2092 2229 co-

392 2261 581 2327 gente,
610 2272 642 2309 a
670 2260 831 2327 patre
879 2258 1095 2311 venalis
1143 2258 1313 2313 ducta
1333 2275 1367 2313 a
1397 2260 1647 2315 Manasse
1677 2279 1689 2316 :
1740 2263 1841 2333 qui
1872 2263 2091 2317 horreis

392 2349 635 2416 praeerat
671 2344 895 2399 cibariis
927 2346 1078 2416 patri
1107 2346 1273 2413 datis,
1300 2346 1360 2402 in
1394 2349 1726 2420 conjugium
1766 2350 2089 2407 misericor-

392 2433 539 2487 diter
576 2438 834 2503 suscepta
860 2439 962 2487 est.

460 2523 627 2576 Vens.
675 2524 762 2577 lii.
821 2554 890 2561 —
946 2524 1242 2592 Happhim,
1297 2528 1429 2591 etc.,
1476 2525 1681 2596 prioris
1739 2527 1846 2583 ﬁlii
1878 2531 2089 2585 Machir

390 2609 511 2664 haec
531 2611 644 2665 duo
702 2610 935 2665 nomina
961 2627 1081 2665 esse
1136 2612 1422 2680 dicuntur,
1477 2614 1575 2668 sed
1617 2617 1932 2673 secundum
1966 2636 2086 2675 esse

388 2698 673 2769 Salphaad
704 2703 758 2752 et
787 2715 988 2753 eorum
1012 2715 1263 2754 sororem
1322 2702 1611 2770 Maachan,
1647 2721 1820 2775 quam
1871 2709 2084 2763 Hesron

387 2804 519 2842 cum
599 2788 894 2859 sexaginta
966 2793 1112 2842 esset
1187 2806 1471 2845 annorum
1543 2795 1759 2864 accepit
1822 2812 2080 2865 uxorem,

388 2893 517 2948 quae
546 2878 771 2948 peperit
800 2877 852 2931 ei
873 2878 1055 2932 ﬁlium
1090 2878 1297 2950 Segub,
1329 2880 1476 2936 sicut
1527 2898 1699 2953 supra
1729 2883 1943 2939 dictum
1976 2891 2079 2953 est,

2205 1816 2400 1871 subter
2428 1819 2756 1874 scribuntur
2797 1827 2854 1877 et
2884 1825 2982 1895 qui
3012 1825 3072 1879 in
3104 1828 3378 1884 Psalterio
3438 1830 3634 1887 titulos
3671 1833 3905 1900 habent,

2203 1906 2600 1963 custodiebant
2620 1909 2858 1966 interius
2886 1914 3098 1969 ostium
3139 1920 3197 1971 et
3226 1922 3486 1973 cantores
3516 1926 3696 1977 erant.

2274 1996 2430 2050 Vens.
2464 1999 2552 2051 20.
2611 2030 2680 2039 —
2730 2002 2955 2057 Phineas
3010 2010 3207 2060 autem.
3291 2009 3473 2078 Nepos
3530 2013 3743 2078 Aaron,
3810 2013 3905 2083 qui

2200 2083 2386 2138 adhuc
2411 2086 2654 2156 vivebat,
2683 2093 2745 2143 ut
2787 2092 3019 2147 tradunt
3073 2095 3314 2162 Hebraei,
3344 2102 3400 2151 et
3442 2098 3588 2154 vices
3612 2101 3908 2155 ministro-

2199 2187 2329 2227 rum
2354 2174 2673 2231 ordinabat.
2709 2178 2855 2232 Sunt
2884 2185 3076 2236 autem
3097 2183 3245 2237 vices
3275 2185 3478 2255 viginti
3499 2192 3747 2257 quatuor
3766 2206 3907 2261 quas

2206 2260 2376 2315 David
2408 2262 2694 2318 ordinavit
2727 2266 2796 2321 ad
2830 2267 3214 2325 ministerium
3245 2272 3615 2330 tabernaculi.
3648 2260 3814 2333 Unde
3844 2279 3900 2331 in

2199 2348 2508 2419 Evangelio
2539 2367 2551 2403 :
2580 2352 2874 2408 Zacharias
2891 2355 2961 2410 de
2991 2355 3111 2414 vice
3139 2358 3283 2413 Abia
3313 2360 3463 2432 (Luc.
3507 2364 3574 2434 ι).

2270 2437 2428 2491 Vens.
2458 2440 2544 2492 26.
2576 2470 2647 2480 —
2703 2442 2804 2496 His
2861 2448 3098 2510 quatuor
3149 2448 3372 2515 Levitis,
3430 2456 3533 2505 etc.
3588 2452 3768 2524 (ΗΑΒ.)
3800 2454 3905 2518 Qui

2197 2521 2428 2578 fuerunt
2474 2525 2536 2579 hi
2581 2532 2829 2598 quatuor
2886 2530 3093 2587 Levitee
3140 2535 3349 2605 quibus
3406 2521 3600 2593 omnis
3625 2557 3906 2596 numerus

2196 2610 2443 2666 creditus
2474 2620 2598 2669 erat
2648 2615 2963 2685 janitorum
2994 2621 3420 2681 demonstratur
3475 2644 3605 2683 cum
3655 2630 3901 2685 dicitur:

2194 2702 2269 2755 De
2295 2703 2441 2756 Hosa
2483 2708 2682 2772 autem,
2725 2706 2788 2760 id
2838 2713 2917 2763 est
2961 2709 3027 2764 de
3068 2713 3198 2780 filiis
3247 2719 3467 2785 Meruri,
3518 2718 3694 2773 Semri
3740 2722 3902 2789 prin-

2192 2803 2333 2858 ceps,
2358 2794 2487 2857 etc.,
2522 2795 2587 2845 ut
2616 2792 2862 2849 habetur
2880 2795 2940 2851 in
2976 2813 3097 2870 cap.
3130 2816 3260 2855 xxv:
3312 2804 3566 2868 Quatuor
3606 2806 3904 2880 principes

2186 2876 2504 2947 janitorum
2537 2882 2712 2936 sancti
2747 2882 3009 2940 doctores
3037 2894 3171 2943 sunt
3215 2891 3315 2961 qui
3374 2876 3621 2963 quatuor
3640 2876 3903 2969 Evange-

481 2964 647 3031 νεηβ,
714 2966 799 3020 18,
860 2995 924 3005 .-.
985 2966 1147 3021 εον-ον
1206 2972 1384 3022 autem
1448 2969 1565 3037 ejus
1629 2973 1864 3040 Regina,
1920 2972 2090 3028 soror
2118 2960 2160 3016 C
2198 2963 2289 3018 liis
2311 2965 2519 3020 ostium
2540 2967 2673 3022 ﬁdei
2713 2978 3002 3027 servantes
3049 2960 3409 3045 patefaciunt
3446 2960 3835 3037 credentibus
3851 2990 3909 3039 et

388 3052 550 3107 Ulam
605 3052 709 3107 ﬁlii
766 3053 998 3121 Phares,
1056 3054 1158 3109 ﬁlii
1217 3057 1446 3123 Machir,
1479 3062 1543 3112 ut
1586 3060 1918 3129 praedictum
1952 3068 2085 3130 est;

383 3141 530 3196 hanc
559 3141 792 3213 quidam
824 3143 1057 3198 tradunt
1120 3144 1291 3199 fuisse
1323 3151 1565 3200 matrem
1617 3149 1749 3203 Jesu
1783 3150 1889 3203 ﬁlii
1912 3151 2080 3219 Nave,

383 3230 483 3300 qui
508 3230 594 3282 vir
624 3231 860 3284 decorus
927 3238 1311 3302 nuncupatur,
1362 3236 1434 3288 ob
1488 3236 1713 3307 insigne
1770 3238 1995 3293 virtutis
2027 3244 2084 3294 et

379 3316 751 3387 principatus.
785 3318 896 3372 Alii
926 3318 1123 3373 dicunt
1168 3320 1452 3375 Deboram
1507 3337 1747 3377 uxorem
1806 3325 2083 3396 Lapidoth

373 3405 821 3475 prophetissam.
970 3454 987 3471 ,

450 3494 612 3549 Vens.
660 3496 750 3547 20.
812 3523 872 3534 —
921 3496 1061 3550 Filii
1130 3500 1308 3550 autem
1360 3498 1646 3566 Ephraim.
1734 3501 2080 3559 Fabulantur

378 3581 606 3637 Hebraei
635 3583 789 3653 quod
818 3582 925 3637 ﬁlii
964 3584 1253 3654 Ephraim,
1318 3595 1661 3658 congregata
1708 3592 2076 3648 multitudine

374 3670 597 3725 vivente
626 3676 808 3742 patre,
860 3672 1051 3727 conati
1100 3679 1232 3728 sunt
1284 3675 1356 3729 ad
1414 3680 1626 3732 terram
1676 3681 2075 3750 promissionis

375 3758 602 3823 reverti,
636 3758 770 3812 etin
801 3759 944 3814 Geth
1001 3760 1438 3817 Palestinorum
1496 3765 1662 3819 occisi
1710 3773 1863 3835 sunt,
1923 3769 2074 3824 unde

374 3851 596 3902 castores
625 3847 805 3901 tribus
860 3864 961 3919 per
1007 3849 1293 3904 desertum
1347 3852 1730 3920 adducuntur,
1791 3873 1860 3911 ne
1916 3859 2072 3913 vide-

375 3940 502 3990 rent
525 3952 649 3991 ossa
670 3937 907 3993 fratrum
952 3954 1209 4007 suorum,
1244 3940 1376 3993 etin
1408 3943 1627 4012 psalmo
1668 3944 1877 3999 dicitur
1907 3949 2075 4002 :Filii

377 4026 612 4093 Ephrem
636 4029 879 4081 conversi
897 4031 1022 4082 sunt
1045 4034 1104 4082 in
1138 4028 1227 4082 die
1255 4029 1383 4085 belli
1421 4030 1588 4098 (Psal.
1636 4034 1857 4105 Lxxvn).

1039 4179 1267 4234 CAPUT
1326 4182 1467 4236 VIII.

445 4300 601 4354 Vens.
646 4302 697 4353 6.
728 4328 798 4341 —
821 4300 929 4365 Qui
957 4303 1217 4357 translati
1248 4310 1375 4359 sunt
1394 4309 1453 4360 in
1483 4309 1804 4365 Manahath.
1829 4311 2068 4376 Quando

369 4404 473 4459 pro
502 4388 711 4442 scelere
748 4387 810 4442 in
858 4405 1099 4444 uxorem
1144 4391 1349 4447 Levitm
1406 4396 1595 4466 gladio
1652 4408 1990 4458 corruerunt
2014 4409 2069 4459 et

371 4475 619 4532 sexcenti
644 4481 867 4531 tantum
900 4486 1321 4536 remanserunt.

439 4565 604 4619 Vsus.
659 4569 711 4619 7.
740 4596 809 4606 —
864 4568 1119 4623 Naaman
1168 4574 1344 4624 autem
1388 4560 1675 4628 et'Achia
1715 4591 1727 4629 :
1779 4577 2067 4651 principes

368 4653 619 4721 fuerunt,
643 4653 740 4707 sed
761 4654 901 4708 Gera
932 4671 989 4708 se
1038 4656 1434 4715 subdiderunt.
1491 4662 1646 4717 Unde
1703 4664 2069 4736 singulariter

366 4741 600 4797 dicitur:
661 4743 780 4812 Ipse
829 4745 1109 4799 transtulit
1157 4760 1263 4813 eos,
1308 4747 1377 4801 de
1430 4764 1544 4820 quo
1575 4750 1712 4806 exiit
1764 4757 2067 4825 progenies

368 4829 516 4885 Gera
535 4830 636 4902 qui
664 4831 774 4886 fuit
797 4837 960 4903 pater
997 4832 1205 4888 Semei.

1055 4964 1281 5021 CAPUT
1317 4968 1403 5023 IX.

467 5086 626 5141 Vens.
687 5090 740 5143 2.
796 5118 864 5128 —
918 5090 1215 5145 Nathinaei.
1260 5091 1540 5164 (HIERON.,
1600 5096 1791 5163 Quaest.
1842 5104 1900 5155 in
1953 5105 2065 5157 Pa-

365 5176 500 5244 ral.,
530 5181 671 5232 tom.
703 5177 822 5248 III.)
856 5179 1100 5245 Donum,
1134 5181 1221 5234 vel
1264 5182 1324 5236 in
1353 5182 1677 5241 humilitate
1732 5190 2059 5247 servientes.

367 5262 437 5316 I-Ii
457 5264 928 5320 suntGabaonitee
955 5282 1099 5337 quos
1150 5268 1317 5323 Josue
1364 5270 1493 5325 vitae
1552 5272 1802 5341 donavit,
1869 5282 1923 5332 et
1943 5293 2065 5332 ser-

364 5350 504 5405 vitio
525 5351 727 5423 templi
778 5353 1091 5425 deputavit,
1149 5361 1215 5412 ut
1272 5373 1449 5429 aquas
1495 5365 1551 5415 et
1590 5361 1746 5432 ligna
1772 5370 2065 5435 portarent

365 5438 558 5507 (Josue
586 5441 676 5511 1x).

435 5529 600 5585 Vens.
636 5533 723 5587 Η.
767 5559 836 5571 -
876 5532 1072 5587 Helciee
1115 5533 1227 5601 ﬁlii
1292 5537 1591 5605 Mosoliam,
1636 5543 1739 5596 etc.
1801 5541 1900 5596 Hic
1954 5542 2063 5598 fuit

2192 3055 2540 3110 concludunt
2583 3056 3135 3131 blasphemantibus,
3185 3066 3542 3137 quibuscum
3575 3072 3741 3125 Petro
3788 3074 3905 3128 cla-

2190 3164 2285 3203 ves
2328 3151 2621 3207 commisaa
2677 3160 2811 3210 sunt
2872 3156 3099 3227 (Matth.
3155 3162 3290 3233 xvi).
3378 3166 3444 3218 Hi
3483 3182 3589 3236 per
3647 3175 3907 3238 quatuor

2188 3243 2386 3292 ventos
2434 3240 2579 3294 ostia
2626 3244 2983 3313 custodiunt,
3044 3248 3180 3319 quia
3231 3267 3335 3322 per
3387 3259 3637 3323 quatuor
3694 3257 3901 3328 plagas

2186 3326 2389 3381 mundi
2418 3333 2616 3397 gentes
2663 3331 2737 3386 ad
2790 3332 2963 3388 ﬁdem
3016 3342 3236 3404 vocant,
3291 3339 3596 3396 Ecclesiam
3649 3326 3898 3415 vigilan-

2186 3415 2274 3465 ter
2301 3420 2545 3470 servant.

2254 3501 2414 3556 Vsns.
2447 3507 2535 3560 28.
2562 3536 2634 3548 —
2690 3511 2767 3563 De
2820 3511 3009 3567 horum
3036 3528 3227 3579 genere
3277 3522 3435 3572 erant
3480 3523 3531 3573 et
3555 3534 3723 3589 super
3757 3538 3897 3579 vasa

2180 3590 2444 3645 minister.
2478 3592 2606 3663 (Ιο.)
2640 3597 2867 3667 Mystice
2893 3600 2963 3654 de
3019 3607 3167 3657 coetu
3216 3609 3544 3661 sanctorum
3600 3611 3896 3678 praedica-

2180 3682 2371 3732 torum
2400 3680 2763 3755 ordinantur,
2787 3688 2886 3757 qui
2916 3705 3090 3759 super
3107 3707 3239 3746 vasa
3270 3693 3521 3761 Domini,
3550 3696 3608 3751 id
3642 3703 3731 3752 est
3761 3701 3895 3754 ani-

2182 3780 2303 3818 mas
2332 3765 2590 3824 ﬁdelium
2611 3771 2696 3841 (in
2734 3774 2944 3843 quibus
2972 3778 3235 3833 voluntas
3284 3782 3383 3836 Dei
3427 3784 3683 3855 quotidie
3715 3788 3896 3841 mini-

2180 3855 2412 3926 stratur)
2434 3857 2775 3929 pervigilem
2831 3863 3046 3919 habent
3100 3868 3443 3925 custodiam.
3505 3871 3619 3926 Sub
3681 3890 3895 3930 eorum

2179 3943 2433 4013 custodia
2461 3949 2545 4000 est
2574 3948 2782 4017 simila,
2814 3951 3013 4007 vinum
3061 3958 3118 4008 et
3175 3957 3389 4025 oleum,
3432 3960 3641 4030 quibus
3700 3980 3893 4020 sacra-

2176 4035 2372 4086 menta
2399 4035 2658 4105 corporis
2691 4042 2746 4092 et
2783 4041 3079 4111 sanguinis
3106 4044 3335 4101 Domini
3389 4049 3801 4117 conﬁciuntur,
3834 4060 3891 4108 et

2176 4119 2420 4190 Spiritus
2476 4125 2656 4179 sancti
2702 4128 2888 4196 gratia
2944 4131 3229 4200 spirituali
3286 4136 3554 4192 unctione
3607 4142 3888 4197 traditur.

2177 4208 2294 4279 Ipsi
2320 4210 2451 4267 thus
2480 4213 2805 4269 orationum
2838 4222 2894 4272 et
2919 4224 3177 4275 aromata
3222 4223 3500 4281 virtutum
3548 4228 3608 4282 in
3642 4230 3895 4286 Ecclesia

2178 4306 2554 4371 componunt,
2586 4308 2643 4357 et
2671 4303 2733 4358 in
2772 4313 3081 4379 conspectu
3112 4311 3344 4368 Domini
3399 4315 3596 4371 vinum
3622 4326 3892 4392 accepta-

2176 4385 2290 4441 bile
2316 4389 2578 4445 reddunt.

2248 4477 2411 4532 Vens.
2444 4481 2531 4533 3t.
2583 4510 2650 4518 —
2696 4482 3035 4539 Mathathias
3086 4487 3295 4543 Levites
3342 4492 3744 4559 primogenitus
3770 4497 3890 4552 Sel-

2175 4565 2286 4619 lum
2310 4567 2504 4621 Caritas
2540 4572 2831 4637 prafectus
2859 4577 2977 4627 erat
3022 4589 3204 4630 eorum
3232 4593 3352 4647 quae
3371 4580 3429 4633 in
3457 4585 3744 4649 sartagine
3772 4586 3886 4649 fri-

2175 4654 2464 4722 gebantur.
2523 4656 2667 4720 Quia
2712 4659 2965 4715 Christus
3010 4669 3208 4718 auctor
3254 4672 3340 4721 est
3391 4674 3885 4726 sacramentorum

2175 4751 2511 4819 caelestium,
2535 4754 2635 4808 ubi
2667 4757 2924 4826 quotidie
2949 4760 3113 4830 panis
3143 4765 3200 4815 et
3229 4762 3424 4818 vinum
3448 4764 3510 4819 in
3538 4768 3885 4822 memoriam

2173 4839 2455 4910 passionis
2486 4842 2610 4912 ejus
2641 4843 2979 4913 offeruntur,
3018 4853 3076 4903 et
3104 4856 3277 4919 caput
3323 4853 3587 4909 omnium
3617 4856 3719 4926 qui
3752 4873 3889 4911 car-

2174 4944 2306 4982 nem
2336 4946 2500 4985 suam
2530 4932 2651 5002 ejus
2682 4935 2941 5006 exemplo
2972 4937 3336 5010 cruciﬁgunt,
3375 4946 3431 4995 et
3458 4944 3743 5014 ‘passioni
3776 4963 3889 5017 pro

2173 5017 2299 5083 eius
2330 5018 2561 5074 nomine
2584 5020 2839 5076 tradunt.

2242 5106 2404 5161 Vens.
2440 5109 2528 5161 32.
2557 5138 2622 5149 —
2683 5112 2854 5166 Panes
2900 5118 3057 5169 erant
3090 5121 3500 5187 propositionis.
3530 5122 3655 5176 Duo
3688 5129 3750 5178 et
3771 5124 3890 5178 duo

2171 5193 2400 5249 divisim
2455 5198 2851 5268 coquebantur
2899 5206 3032 5257 ante
3087 5206 3389 5262 sabbatum
3457 5212 3777 5267 secundum
3804 5215 3893 5269 Jo-

2171 5282 2436 5352 sephum,
2470 5290 2527 5339 et
2547 5286 2782 5343 sabbato
2813 5305 2981 5344 mane
3001 5308 3176 5363 super
3205 5311 3463 5351 mensam
3486 5300 3887 5369 ponebantur,

2170 5370 2242 5425 de
2262 5371 2471 5442 quibus
2502 5372 2565 5427 in
2594 5374 2840 5431 Levitico
2864 5379 3087 5448 plenius
3113 5380 3382 5438 diximus.

2242 5458 2401 5514 Vens.
2435 5461 2520 5517 34.
2579 5490 2651 5502 -
2690 5465 2898 5534 Capita
2954 5468 3264 5525 Levitarum
3309 5488 3411 5541 per
3426 5475 3677 5540 familias
3721 5492 3888 5536 suas.

2172 5545 2423 5619 Dignum
2480 5553 2585 5619 est,
2650 5556 2715 5607 nt
2758 5558 2971 5625 quanto
3001 5556 3132 5629 quis
3185 5560 3456 5630 praelatus
3508 5568 3595 5619 est
3630 5568 3883 5632 ceteris,
