3998 6178
129 271 201 323 645

124 393 265 446 tantio
287 390 532 445 devotior
561 389 633 442 sit
660 389 722 444 in
756 388 966 443 divinis
997 388 1220 442 ofﬁciis.
1254 389 1354 443 Ille
1389 389 1532 443 bene
1563 390 1771 460 princi-
1799 391 1845 443 Α

122 486 280 550 patum
318 477 612 531 ministerii
650 481 853 541 servat,
891 477 992 545 qui
1033 477 1218 531 studet
1253 493 1482 530 manere
1515 477 1574 530 in
1611 478 1770 531 Jeru-

122 570 280 632 salem,
311 567 362 621 id
409 572 489 620 est
516 567 575 619 in
620 565 835 619 visione
866 565 1038 635 pacis,
1085 571 1146 619 ut
1187 567 1466 619 tumultus
1498 566 1688 619 saculi
1719 571 1775 620 et

119 659 394 726 voluptates
439 655 621 708 carnis
669 654 853 724 fugiat
899 660 954 707 et
1004 655 1255 724 quietem
1307 654 1512 708 mentis
1544 655 1602 708 in
1633 671 1774 708 con—

119 745 442 815 templatione
516 743 616 797 Dei
689 743 913 807 habeat,
987 742 1181 796 dicens
1237 759 1367 796 cum
1426 742 1769 796 Psalmista:

122 837 317 889 Latatus
344 848 458 886 sum
487 835 546 886 in
578 833 662 886 his
694 848 812 900 qua
841 832 990 886 dicta
1019 838 1142 886 sunt
1181 833 1336 885 mihi.

176 924 313 975 Vens.
363 925 451 976 35.
508 951 582 962 —
625 922 822 985 Jahiel,
877 921 1064 991 quiin
1107 922 1348 990 Regum,
1400 920 1562 974 Ahiel
1614 926 1778 991 pater

125 1013 192 1066 Cis
243 1011 406 1081 patris
457 1010 608 1076 Saul,
661 1016 713 1064 et
761 1011 1170 1080 interpretatur
1215 1015 1372 1078 pater
1424 1026 1570 1063 meus
1619 1013 1772 1063 Deus.

124 1100 266 1154 Jahiel
312 1099 549 1153 disertus
603 1098 722 1164 Dei,
774 1099 919 1152 forte
958 1114 1062 1168 pro
1114 1097 1450 1151 meritorum
1489 1099 1773 1152 distantia.

127 1192 173 1242 Et
212 1188 504 1241 notandum
537 1188 690 1257 quod
738 1186 890 1240 inter
919 1186 1066 1240 ﬁlios
1095 1186 1273 1239 Jahiel
1307 1186 1397 1240 Cis
1429 1191 1484 1239 et
1514 1187 1623 1239 Ner
1666 1186 1776 1239 fra-

126 1285 212 1330 tres
260 1282 524 1330 vocantur
561 1282 616 1330 et
646 1280 796 1341 sunt,
841 1281 897 1330 et
939 1276 998 1328 in
1030 1275 1248 1345 Regum
1283 1276 1360 1329 ita
1408 1275 1684 1340 habetur;
1719 1275 1778 1328 in

124 1365 447 1436 sequentibus
494 1383 628 1419 vero
675 1365 885 1418 dicitur
932 1365 1084 1435 quod
1119 1366 1231 1418 Ner
1276 1365 1476 1435 genuit
1508 1365 1618 1431 Cis,
1662 1380 1780 1418 non

125 1453 247 1523 quod
274 1454 547 1522 genuerit,
581 1452 678 1506 sed
715 1453 867 1522 quod
899 1452 1242 1506 educaverit.

177 1543 312 1595 Vens.
359 1544 442 1595 39.
478 1571 542 1580 —
578 1541 889 1596 Abinadab.
946 1541 1045 1594 Hic
1076 1544 1138 1593 ut
1167 1540 1226 1593 in
1257 1541 1477 1608 Regum
1517 1555 1646 1593 cum
1676 1556 1780 1610 pa-

128 1636 188 1682 tre
212 1629 406 1683 occisus
459 1635 741 1695 narratur,
791 1629 1087 1682 Abinadab
1133 1633 1366 1682 vocatur
1394 1633 1450 1682 et
1493 1628 1778 1699 interpre-

126 1722 243 1770 tatur
281 1717 566 1770 Abinadab
610 1723 768 1786 pater
798 1732 943 1770 meus
979 1721 1176 1781 uotum,
1226 1716 1520 1770 Abinadab
1546 1717 1779 1785 populus

125 1821 238 1858 meus
259 1811 445 1859 votum.

181 1894 369 1947 Esbaal.
407 1893 564 1964 Ignis
613 1893 872 1958 maritus,
907 1893 1000 1946 hic
1031 1897 1112 1946 est
1165 1894 1442 1959 lsboseth,
1474 1893 1533 1946 id
1587 1897 1671 1946 est
1699 1892 1783 1945 vir

127 1983 443 2036 conlusionis.

184 2071 316 2125 Vens.
359 2072 446 2123 40.
482 2102 548 2110 —
593 2071 910 2125 Meribbaal.
965 2071 1216 2140 Litigans
1267 2071 1328 2124 in
1361 2070 1654 2134 maritum,
1690 2069 1782 2123 hic

130 2165 190 2212 est
229 2160 608 2229 Miphiboseth,
661 2159 757 2230 qui
818 2160 1226 2229 interpretatur
1285 2161 1349 2213 de
1403 2175 1492 2213 ore
1550 2161 1783 2226 ignomi-

129 2265 216 2301 ma.

773 2319 994 2373 CAPUT
1034 2320 1094 2372 Χ.

207 2427 347 2478 Vens.
383 2429 429 2479 l.
462 2454 537 2464 —
575 2426 932 2487 Philisthiim,
966 2429 1069 2477 etc.
1106 2424 1284 2494 (ΗΑΒ.)
1334 2423 1521 2478 Multis
1560 2423 1782 2477 omissis

133 2532 229 2584 qua
267 2517 318 2568 in
356 2515 504 2570 libro
551 2515 830 2568 Samuelis
878 2515 944 2567 de
990 2515 1254 2568 Samuele
1289 2517 1342 2567 et
1374 2515 1540 2568 Saule
1589 2519 1784 2567 narrat

135 2604 342 2668 historia,
391 2620 591 2658 casum
634 2604 764 2657 Saul
806 2609 861 2657 et
905 2603 1136 2657 familia
1173 2603 1296 2672 ejus
1345 2607 1778 2657 commemorat.

131 2693 308 2762 Mystice
351 2694 621 2761 innuens,
674 2692 804 2762 quia
855 2709 971 2746 non
1016 2697 1098 2745 est
1151 2707 1376 2744 necesse
1435 2691 1610 2744 vitam
1662 2691 1783 2760 ejus

133 2781 414 2849 describere,
468 2782 634 2852 cujus
684 2782 862 2851 impia
906 2779 1260 2834 conversatio
1315 2780 1490 2833 tinem
1539 2781 1782 2832 celerem

135 2872 299 2925 meruit
340 2872 616 2942 accipere,
669 2876 725 2924 et
751 2872 996 2939 figurate
1046 2869 1208 2939 regni
1247 2869 1575 2922 Judaorum
1603 2873 1660 2921 et
1688 2884 1782 2921 sa-

136 2962 321 3014 cerdotii
347 2963 555 3016 veteris
586 2961 756 3014 tinem
792 2961 1162 3014 demonstrat.
1187 2959 1272 3013 Ad
1298 2957 1468 3012 David
1502 2975 1560 3011 se
1594 2963 1779 3012 trans-
1813 2970 1853 3023 ρ

135 3049 248 3114 tulit,
293 3051 443 3120 cujus
493 3049 640 3104 facta
669 3054 723 3103 et
761 3048 1248 3119 dispensationem
1299 3047 1462 3116 regni
1511 3046 1781 3113 contexit,

136 3138 209 3207 qui
244 3143 426 3209 typum
475 3143 636 3192 tenet
685 3138 800 3192 veri
853 3137 1026 3191 David
1078 3153 1321 3206 regnum
1362 3135 1489 3188 cali
1529 3142 1586 3189 et
1615 3141 1784 3189 terra

133 3227 445 3295 possidentis.
471 3229 597 3292 Quo
621 3227 956 3281 imminente
982 3226 1326 3280 Philisthiim
1355 3241 1512 3279 more
1543 3241 1645 3278 suo
1675 3241 1786 3295 pu-

132 3323 277 3384 gnant
303 3324 492 3371 contra
525 3317 719 3382 Israel,
744 3321 799 3370 et
821 3316 1075 3381 vincunt,
1105 3315 1258 3385 quia,
1287 3316 1784 3385 appropinquante

131 3407 294 3474 gratia,
350 3407 611 3476 gentiles,
683 3405 827 3458 sicut
883 3408 1033 3469 ante,
1090 3403 1405 3456 castitatem
1463 3402 1785 3456 Israelitica

133 3496 236 3550 lidei
262 3497 697 3568 oppugnabant;
750 3511 900 3548 nunc
933 3494 1080 3546 mala
1113 3509 1311 3563 opera,
1344 3509 1496 3546 nunc
1536 3493 1784 3548 idolola-

132 3583 228 3638 tria
257 3586 455 3639 cultum
486 3583 866 3646 ostendendo,
889 3582 1034 3634 sicut
1065 3582 1290 3634 Balaam
1323 3581 1562 3635 docebat
1585 3582 1786 3635 Balaac

133 3673 318 3728 mittere
356 3673 690 3727 scandalum
728 3687 918 3724 coram
958 3669 1092 3723 filiis
1146 3670 1335 3736 Israel,
1389 3671 1553 3724 edere
1586 3675 1641 3724 et
1670 3670 1784 3724 for-

129 3761 292 3815 nicari.

181 3852 533 3920 Fugeruntque
584 3852 710 3903 viri.
766 3847 872 3912 Qni
947 3848 1122 3901 fortes
1175 3847 1511 3901 videbantur
1571 3848 1631 3901 in
1689 3848 1786 3902 Dei

127 3940 593 4010 contemplatione,
662 3938 798 3992 dum
853 3937 1079 3990 incaute
1144 3953 1319 4007 opera
1373 3936 1674 4006 gentilium
1731 3942 1788 3992 et

128 4025 403 4082 doctrinam
441 4032 779 4099 sequuntur,
818 4025 1217 4080 hareticorum
1250 4041 1479 4095 quoque
1510 4025 1785 4094 perditio-

129 4129 234 4169 nem
259 4133 364 4171 non
394 4133 602 4188 parum
623 4116 773 4185 juvit
821 4115 1107 4168 sacularis
1149 4114 1409 4168 scientia.
1469 4114 1626 4168 Unde
1658 4113 1785 4184 qui-

130 4203 235 4259 dam
260 4208 334 4260 ait
366 4224 377 4260 :
413 4204 744 4275 Philosophi
791 4204 1131 4275 patriarcha
1169 4203 1568 4258 hareticorum
1600 4204 1785 4257 Eccle-

131 4293 206 4345 sia
225 4296 522 4364 puritatem
554 4309 818 4365 perversa
846 4294 1199 4348 maculavere
1232 4292 1505 4346 doctrina.

184 4381 323 4436 Vsus.
373 4387 424 4437 2.
480 4415 547 4422 —
599 4383 832 4451 Cumque
885 4384 1433 4452 appropinquassent.
1492 4381 1790 4434 lrruerunt

132 4472 334 4537 gentiles
382 4473 640 4543 undique
687 4472 746 4525 in
797 4487 1040 4540 regnum
1086 4472 1244 4524 Juda
1279 4475 1334 4524 et
1378 4469 1528 4522 ﬁlios
1559 4470 1701 4539 ejus,
1734 4471 1791 4521 et

131 4566 472 4631 corruperunt
519 4560 857 4625 sacerdotes,
908 4559 1118 4612 scribas
1160 4562 1216 4613 et
1261 4557 1574 4612 Pharisaos
1617 4555 1787 4622 ﬁlios,

133 4647 309 4704 scilicet
335 4655 389 4704 et
417 4650 744 4704 seductores
797 4648 950 4702 illius
987 4647 1148 4718 regni
1194 4647 1492 4701 hareticos
1539 4660 1788 4716 quoque,

131 4749 186 4789 ne
230 4737 556 4809 simpliciter
600 4737 844 4808 gratiam
889 4737 1132 4808 Spiritus
1186 4736 1366 4790 sancti
1415 4735 1793 4806 pradicarent

132 4829 209 4876 aut
231 4827 487 4893 colerent,
520 4829 840 4880 vetuerunt.

1816 4253 1860 4307 D

185 4913 472 4970 Abinadab.
525 4916 603 4969 Ne
648 4919 868 4985 patrem
915 4914 1015 4986 qui
1063 4931 1168 4968 nos
1199 4913 1305 4968 sibi
1351 4911 1639 4984 ad0ptavit
1678 4909 1791 4982 spi-

133 5001 292 5057 rituali
342 5005 489 5059 dono
547 5000 735 5075 digna
770 5003 1125 5057 confessione
1189 5003 1568 5066 laudaremus,
1639 4999 1792 5071 quod

134 5089 379 5160 signiﬁcat
430 5092 772 5162 interfectio,
845 5091 1139 5146 Abinadab
1197 5091 1256 5145 id
1308 5095 1393 5146 est
1445 5089 1623 5160 patris
1678 5088 1793 5142 mei

135 5183 421 5248 spontanei.

189 5271 478 5326 Melchisua.
538 5273 616 5325 Ne
667 5271 729 5325 in
769 5268 975 5325 Christi
1025 5285 1202 5340 regno
1246 5269 1488 5322 salutem
1539 5267 1792 5321 futuram

138 5357 414 5414 credamus.
461 5360 768 5415 Melchisua
823 5357 978 5412 enim
1038 5358 1450 5427 interpretatur
1495 5371 1594 5410 rem
1648 5370 1795 5410 meus

141 5445 274 5500 satus.
319 5449 716 5518 Philosophus,
764 5447 864 5518 qui
911 5445 1111 5501 Arium
1162 5445 1403 5512 seduxit,
1449 5444 1613 5516 quasi
1657 5445 1796 5500 Mel-

143 5531 300 5589 chisua
327 5537 526 5591 occidit
555 5552 569 5590 :
599 5536 698 5606 qui
728 5534 1138 5602 Macedonium,
1168 5533 1472 5588 Ionatham
1497 5551 1512 5603 ;
1545 5532 1645 5604 qui
1680 5533 1795 5587 Ma-

1182 265 1434 321 GLOSSA
1473 265 1877 321 ORDINARlA.

1919 296 1986 305 —
2029 268 2157 322 LIB.
2201 270 2223 322 Ι
2262 268 2509 322 PARAL.
3478 280 3579 331 646

1886 389 2192 454 nichaum,
2243 381 2556 444 Abinadab.
2610 391 2755 454 Quia
2801 393 2953 447 hunc
3003 395 3122 448 veri
3176 396 3327 466 regis
3374 397 3586 452 Christi

1883 479 2359 549 omnipotentiam
2411 495 2642 546 negare,
2694 481 2856 534 illum
2903 482 3148 552 Spiritus
3197 486 3376 539 sancti
3423 485 3585 540 donis

1883 568 2176 637 derogare,
2207 568 2379 621 istum
2405 568 2614 621 summi
2645 569 2818 638 patris
2841 569 3158 626 bonitatem
3184 573 3583 644 blasphemare

1883 657 2152 726 magister
2180 656 2560 725 corruptionis
2590 657 2832 711 edocuit.

1955 746 2116 797 Vens.
2149 746 2200 798 4.
2232 747 2392 799 —Et
2412 746 2559 799 dixit
2580 745 2716 801 Saul
2735 747 2827 810 ad,
2854 750 2956 801 etc.
2993 750 3153 802 Hunc
3179 749 3397 804 Hebrai
3431 753 3586 822 Doeg

1884 833 2198 887 Idumaum
2229 834 2426 887 dicunt
2456 849 2575 887 esse
2595 835 2696 904 qui
2729 835 2926 889 videns
2957 837 3087 890 Saul
3119 854 3238 891 esse
3263 845 3582 907 mortuum,

1882 922 2092 975 timens
2125 921 2318 987 David,
2350 923 2600 993 seipsum
2636 923 2938 977 interfecit.
2972 926 3220 979 Puerum
3256 943 3389 980 vero
3422 929 3586 998 (quia

1885 1010 2143 1063 diadema
2170 1015 2224 1063 et
2251 1011 2530 1064 armillam
2564 1011 2694 1066 Saul
2721 1013 2910 1065 attulit
2931 1013 3000 1067 ad
3029 1014 3223 1084 David)
3247 1031 3367 1068 esse
3400 1015 3583 1070 filium

1889 1099 2062 1166 Doeg,
2110 1104 2164 1151 et
2212 1098 2398 1168 ipsum
2449 1100 2605 1169 Doeg
2653 1116 2772 1153 esse
2824 1117 3068 1170 puerum
3119 1120 3246 1156 cum
3298 1121 3411 1174 quo
3453 1105 3585 1159 Saul

1885 1187 2180 1257 quaerebat
2207 1188 2388 1240 asinas
2417 1189 2589 1257 patris
2621 1189 2724 1242 sui.

1956 1275 2048 1328 Ad
2095 1278 2441 1342 armigerum.
2492 1278 2660 1343 (ΒευΑ
2709 1280 2766 1331 in
2813 1294 2935 1348 cap.
2985 1281 3172 1334 281.1
3221 1282 3370 1351 Reg.)
3422 1283 3586 1354 Legis

1888 1364 2167 1419 doctores.
2193 1364 2348 1418 Sicut
2368 1365 2520 1419 enim
2550 1383 2708 1419 arma
2730 1373 2785 1421 et
2813 1368 3034 1437 sagitta
3066 1369 3431 1437 Philisthiim,
3456 1377 3587 1438 etc.,

1886 1468 2055 1520 usque
2083 1453 2157 1506 ad
2189 1458 2251 1506 ut
2290 1470 2404 1507 non
2453 1456 3002 1524 contaminarentur,
3049 1458 3147 1512 sed
3189 1463 3250 1513 ut
3281 1461 3587 1515 manduca-

1888 1548 2017 1594 rent
2041 1541 2266 1610 pascha.

1963 1630 2143 1682 Noluit
2174 1635 2348 1683 autem
2395 1632 2656 1698 armiger.
2713 1632 2834 1685 Non
2875 1638 2960 1687 est
2990 1634 3399 1704 ambigendum
3441 1637 3591 1692 inter

1893 1718 2164 1787 reprobos
2208 1719 2344 1787 legis
2386 1719 2642 1773 doctores
2671 1721 2842 1774 fuisse
2874 1723 3094 1793 aliquos
3136 1725 3235 1794 qui
3268 1726 3424 1779 verbi
3457 1742 3589 1780 acu-

1892 1823 2022 1859 men
2070 1807 2138 1860 ad
2178 1807 2516 1862 occidendos
2556 1809 2847 1863 auditores
2886 1817 3210 1881 pervertere
3262 1814 3502 1882 nollent,
3536 1822 3592 1868 et

1890 1900 2081 1948 tamen
2141 1895 2294 1965 ipsos
2348 1897 2638 1951 auditores
2687 1898 2786 1968 qui
2836 1905 2987 1952 recte
3038 1901 3184 1954 dicta
3228 1919 3259 1954 a
3302 1902 3590 1972 magistris

1891 1987 2245 2053 acceperant,
2297 1983 2662 2052 despiciendo
2712 1986 2797 2038 vel
2845 1986 3293 2056 blasphemando
3341 1989 3398 2041 in
3429 2006 3590 2043 suam

1892 2073 2127 2125 vertisse
2175 2071 2489 2141 perniciem
2528 2090 2539 2126 :
2573 2089 2819 2143 quorum
2852 2075 2971 2127 visa
3020 2081 3221 2143 morte,
3253 2077 3309 2130 id
3339 2082 3424 2132 est
3453 2094 3586 2149 pec-

1891 2160 2055 2214 candi
2104 2160 2505 2226 obstinatione,
2536 2166 2592 2214 et
2621 2161 2771 2230 ipsos
2803 2163 2959 2215 verbi
3001 2163 3292 2218 ministros
3319 2182 3421 2236 per
3447 2171 3594 2221 tem-

1891 2265 2030 2319 pora
2075 2249 2463 2314 deterioratos,
2514 2250 2837 2303 testimonia
2881 2252 3024 2319 legis
3061 2269 3190 2321 qua
3219 2255 3384 2307 mala
3419 2256 3592 2309 inter-

1889 2338 2103 2407 pretari
2179 2338 2513 2406 timuerant,
2565 2339 2672 2392 sibi
2719 2339 3071 2392 occasionem
3130 2341 3326 2395 fecisse
3385 2343 3589 2399 ruina.

1894 2424 2155 2478 Haretici
2195 2441 2425 2496 quoque
2464 2429 2828 2495 peccatorum
2869 2443 3105 2480 suorum
3139 2428 3347 2498 jaculis
3381 2446 3590 2486 cruen-

1890 2515 2013 2579 tati,
2059 2530 2189 2568 cum
2239 2514 2412 2568 verba
2458 2515 2650 2568 divina
2682 2514 2742 2568 in
2792 2521 3196 2585 argumentum
3245 2517 3330 2569 sui
3381 2519 3591 2572 erroris

1890 2601 2147 2665 trahunt,
2183 2619 2341 2655 arma
2372 2618 2474 2655 sua
2523 2608 2722 2656 contra
2754 2608 2950 2674 pectus
2980 2621 3147 2658 suum
3197 2606 3466 2659 morituri
3496 2608 3589 2660 in-

1891 2696 2137 2744 vertunt.
2181 2691 2433 2755 Quilibet
2468 2691 2640 2745 etiam
2680 2692 3012 2759 catholicus,
3044 2709 3175 2746 cum
3203 2699 3386 2747 artem
3417 2712 3589 2766 quam

1891 2795 1994 2848 pro
2025 2779 2318 2833 communi
2357 2780 2598 2834 utilitate
2636 2780 2849 2842 didicit,
2891 2783 3195 2851 superbia,
3238 2785 3589 2850 cenodoxia,

1891 2867 2260 2938 philargyria
2282 2870 2365 2922 vel
2397 2869 2700 2939 cujuslibet
2718 2870 2840 2923 vitii
2865 2872 3204 2942 contagione
3225 2872 3454 2941 polluit,
3487 2889 3590 2926 suo

1892 2972 1950 3009 se
1981 2957 2170 3025 gladio
2201 2956 2474 3024 confodit,
2517 2957 2650 3029 quia
2683 2974 2797 3028 quo
2826 2957 3054 3013 defendi
3082 2959 3151 3013 ab
3179 2959 3340 3014 hoste
3372 2959 3591 3028 debuit,

1890 3044 1952 3098 in
1984 3045 2172 3115 ipsum
2203 3045 2390 3099 irruit.

1964 3135 2121 3188 Vens.
2169 3137 2218 3187 ὅ.
2269 3165 2338 3174 -
2388 3135 2539 3201 Quod
2577 3152 2695 3190 cum
2742 3137 2964 3190 vidisset
3019 3139 3274 3204 armiger.
3329 3138 3594 3192 Videntes

1893 3221 2107 3275 indocti
2152 3239 2301 3277 vera
2361 3224 2699 3278 humilitatis
2762 3225 3140 3279 medicamina
3192 3227 3593 3297 lavacrumque

1893 3309 2184 3380 baptismi,
2232 3312 2560 3382 ignorantes
2591 3313 2650 3366 in
2679 3313 2875 3366 Judaa
2905 3313 3207 3383 magistros
3250 3331 3382 3369 suos
3408 3321 3592 3369 certa-

1893 3400 2050 3453 mine
2089 3400 2372 3470 spirituali
2414 3400 2587 3454 victos
2617 3406 2674 3455 et
2704 3401 2907 3471 vulgus
2944 3418 3059 3455 non
3085 3419 3354 3472 paucum,
3391 3419 3592 3458 eorum

1894 3489 2114 3543 auditui
2163 3489 2515 3560 proximum,
2559 3496 2940 3560 persequente
2972 3491 3313 3558 adversario,
3347 3508 3379 3545 a
3407 3493 3596 3562 prisca

1894 3579 2226 3633 constantia
2275 3580 2405 3633 sede
2463 3580 2744 3651 fugatum,
2794 3582 3078 3651 majorum
3135 3582 3304 3636 ruina
3355 3584 3592 3650 turbati,

1894 3684 2068 3737 opera
2098 3668 2372 3722 virtutum
2403 3673 2458 3721 et
2491 3669 2812 3722 munimina
2840 3671 3089 3723 scientia
3117 3672 3433 3743 spiritualis
3466 3689 3594 3743 qua

1893 3758 2233 3823 habuerant,
2287 3757 2619 3811 amiserunt.
2667 3759 3070 3828 Veneruntque
3119 3766 3350 3829 peccata
3407 3763 3594 3831 genti-

1893 3845 2053 3911 lium,
2113 3849 2168 3897 et
2215 3851 2418 3898 cuncta
2463 3845 2674 3898 Judais
2721 3845 3029 3898 incredulis
3081 3847 3270 3899 studia
3315 3848 3593 3902 virtutum

1894 3949 2161 4004 perversa
2181 3934 2534 3987 habitatione
2557 3937 2957 4003 corruperunt.
2987 3934 3278 3987 Venerunt
3307 3935 3595 3991 immundi

1896 4022 2146 4093 spiritus,
2184 4027 2240 4075 et
2269 4022 2440 4075 corda
2489 4038 2618 4092 qua
2650 4021 2782 4074 ﬁdei
2830 4020 3145 4074 constantia
3195 4021 3466 4089 deseruit,
3502 4041 3594 4077 oc-

1895 4115 2265 4183 cupaverunt.
2320 4112 2606 4164 Venerunt
2651 4114 2869 4179 gentes,
2928 4114 2984 4162 et
3029 4109 3248 4179 optima
3305 4113 3596 4182 quondam

1897 4201 2222 4255 Judaorum
2273 4198 2462 4252 studia
2521 4198 2826 4264 credendo,
2888 4214 2991 4252 sua
3048 4198 3325 4254 fecerunt.
3388 4201 3593 4256 Unde:

1897 4292 2198 4357 Auferetur
2224 4305 2258 4342 a
2286 4288 2435 4342 vobis
2465 4303 2687 4354 regnum
2715 4289 2831 4354 Dei,
2864 4292 2914 4342 et
2944 4287 3168 4341 dabitur
3193 4290 3341 4357 genti
3368 4292 3599 4356 facienti

1895 4382 2138 4446 fructum
2167 4379 2283 4447 ejus
2325 4377 2539 4447 (Matth.
2575 4377 2704 4447 xxx).

1973 4469 2129 4522 Vens.
2183 4469 2268 4521 10.
2331 4497 2399 4505 —-
2454 4469 2525 4520 Et
2579 4471 2761 4535 caput.
2821 4466 2980 4535 (Rau.
3038 4467 3096 4519 in
3151 4466 3362 4532 Paral.)
3417 4464 3600 4534 Caput

1898 4556 2079 4611 Saulis
2130 4555 2190 4608 in
2236 4555 2451 4624 templo
2500 4556 2696 4625 Dagon
2749 4553 3064 4609 Philisthai
3097 4553 3424 4620 afﬁxerunt,
3467 4557 3597 4615 etc.,

1898 4661 2066 4713 usque
2103 4644 2176 4697 ad
2207 4643 2318 4698 alia
2347 4647 2430 4697 est
2459 4644 2614 4697 enim
2648 4643 2889 4697 Bethsan
2932 4643 2990 4694 in
3027 4642 3288 4696 Judicum
3319 4647 3376 4696 et
3404 4643 3598 4711 Josue,

1901 4750 2028 4806 qua
2061 4733 2472 4803 interpretatur
2500 4732 2686 4787 domus
2719 4733 3045 4786 securitatis.

1973 4823 2132 4876 Vsus.
2166 4825 2246 4875 tl.
2270 4850 2340 4861 —
2369 4823 2476 4875 Hoc
2501 4837 2618 4875 cum
2643 4821 2921 4874 audissent
2939 4821 3050 4873 viri
3065 4818 3242 4872 Iabes.
3275 4818 3404 4885 (lo.,
3438 4818 3599 4887 ibid.)

1901 4911 2020 4965 Viri
2065 4910 2277 4965 scilicet
2308 4909 2593 4971 Ecclesia,
2637 4913 2766 4974 etc.,
2809 4923 2976 4975 usque
3023 4906 3098 4959 ad
3126 4907 3246 4959 hac
3290 4910 3375 4958 est
3401 4906 3601 4961 civitas

1902 5015 2074 5069 quam
2103 4997 2309 5069 primis
2336 4998 2499 5068 regni
2529 4997 2618 5051 sui
2656 4994 2922 5065 auspiciis
2952 4995 3086 5048 Saul
3119 4994 3190 5048 ab
3222 4993 3473 5048 hostium
3503 4994 3602 5049 obs

1902 5087 2125 5142 sidione
2157 5087 2439 5142 liberavit.

1973 5178 2132 5231 Vsus.
2190 5179 2271 5230 l2.
2322 5206 2390 5214 —
2440 5174 2702 5239 Quercum
2747 5176 2954 5240 quaerat
2999 5173 3055 5225 in
3082 5171 3268 5238 Iabes,
3308 5175 3359 5225 et
3380 5172 3602 5241 jejuna-

1901 5270 2094 5320 verunt
2135 5269 2335 5334 septem
2364 5263 2569 5322 diebus,
2611 5264 2718 5317 etc.
2757 5260 2825 5314 Ut
2853 5260 2924 5314 ad
2956 5260 3213 5329 requiem
3245 5260 3599 5330 perveniant.

1904 5355 2036 5408 Post
2064 5371 2160 5408 sex
2203 5353 2357 5407 enim
2410 5350 2580 5420 hujus
2627 5349 2819 5404 saculi
2868 5353 3063 5403 atates
3093 5348 3302 5420 quibus
3336 5348 3394 5402 in
3435 5364 3604 5402 carne

1904 5442 2253 5509 laboramus,
2289 5440 2546 5511 sequitur
2577 5439 2820 5510 septima
2851 5437 3058 5509 quietis
3092 5437 3436 5492 animarum.

1979 5530 2225 5600 Mystice,
2259 5530 2328 5584 de
2357 5528 2608 5583 cacitate
2650 5527 2980 5583 Judaorum
3023 5526 3323 5582 sabbatum
3364 5525 3603 5580 carnali-
