  <div class='ocr_page' id='page_1' title='image "/cluster/home/n/w/nwhite01/storage/ocr_20150623/113/hvd.32044054759782/329.png"; bbox 0 0 3998 6178; ppageno 0'>
   <div class='ocr_carea' id='block_1_1' title="bbox 339 264 3800 323">
    <p class='ocr_par' dir='ltr' id='par_1_1' title="bbox 339 264 3800 323">
     <span class='ocr_line' id='line_1_1' title="bbox 339 264 3800 323; baseline 0.001 -4"><span class='ocrx_word' id='word_1_1' title='bbox 339 265 440 319; x_wconf 73' lang='grc'><strong>647</strong></span> <span class='ocrx_word' id='word_1_2' title='bbox 964 264 1363 320; x_wconf 82' lang='lat' dir='ltr'><strong>WALAFRIDI</strong></span> <span class='ocrx_word' id='word_1_3' title='bbox 1401 265 1648 321; x_wconf 79' lang='lat' dir='ltr'><strong>STRABI</strong></span> <span class='ocrx_word' id='word_1_4' title='bbox 1686 266 1882 323; x_wconf 83' lang='lat' dir='ltr'><strong>FULD.</strong></span> <span class='ocrx_word' id='word_1_5' title='bbox 1926 267 2089 322; x_wconf 81' lang='lat' dir='ltr'><strong>MON.</strong></span> <span class='ocrx_word' id='word_1_6' title='bbox 2132 264 2292 321; x_wconf 90' lang='lat' dir='ltr'><strong>OPP.</strong></span> <span class='ocrx_word' id='word_1_7' title='bbox 2328 265 2505 321; x_wconf 77' lang='lat' dir='ltr'><strong>PARS</strong></span> <span class='ocrx_word' id='word_1_8' title='bbox 2541 266 2584 320; x_wconf 93' lang='grc' dir='ltr'><strong>Ι.</strong></span> <span class='ocrx_word' id='word_1_9' title='bbox 2613 294 2680 305; x_wconf 89' lang='grc'><strong>-</strong></span> <span class='ocrx_word' id='word_1_10' title='bbox 2719 264 3177 320; x_wconf 83' lang='lat' dir='ltr'><strong>THEOLOGICA.</strong></span> <span class='ocrx_word' id='word_1_11' title='bbox 3708 269 3800 322; x_wconf 75' lang='grc'><strong>648</strong></span> 
     </span>
    </p>
   </div>
   <div class='ocr_carea' id='block_1_2' title="bbox 338 383 3799 455">
    <p class='ocr_par' dir='ltr' id='par_1_2' title="bbox 338 383 3799 455">
     <span class='ocr_line' id='line_1_2' title="bbox 338 383 3799 455; baseline 0.002 -17"><span class='ocrx_word' id='word_1_12' title='bbox 338 388 427 438; x_wconf 89' lang='lat' dir='ltr'><strong>ter</strong></span> <span class='ocrx_word' id='word_1_13' title='bbox 454 383 899 445; x_wconf 87' lang='lat' dir='ltr'><strong>observantium,</strong></span> <span class='ocrx_word' id='word_1_14' title='bbox 952 386 1299 440; x_wconf 90' lang='lat' dir='ltr'><strong>contribules</strong></span> <span class='ocrx_word' id='word_1_15' title='bbox 1329 387 1437 454; x_wconf 90' lang='lat' dir='ltr'><strong>sui,</strong></span> <span class='ocrx_word' id='word_1_16' title='bbox 1470 387 1527 441; x_wconf 92' lang='lat' dir='ltr'>id</span> <span class='ocrx_word' id='word_1_17' title='bbox 1557 393 1643 441; x_wconf 82' lang='lat' dir='ltr'><strong>est</strong></span> <span class='ocrx_word' id='word_1_18' title='bbox 1670 387 1865 441; x_wconf 87' lang='lat' dir='ltr'><strong>ﬁdeles</strong></span> <span class='ocrx_word' id='word_1_19' title='bbox 1896 400 2032 438; x_wconf 88' lang='lat' dir='ltr'><strong>con-</strong></span> <span class='ocrx_word' id='word_1_20' title='bbox 2061 390 2108 441; x_wconf 84' lang='grc' dir='ltr'>Α</span> <span class='ocrx_word' id='word_1_21' title='bbox 2220 389 2381 442; x_wconf 74' lang='lat' dir='ltr'><strong>Vens.</strong></span> <span class='ocrx_word' id='word_1_22' title='bbox 2426 390 2508 441; x_wconf 83' lang='grc'><strong>12.</strong></span> <span class='ocrx_word' id='word_1_23' title='bbox 2539 418 2605 426; x_wconf 92' lang='grc'><strong>-</strong></span> <span class='ocrx_word' id='word_1_24' title='bbox 2653 387 2936 442; x_wconf 83' lang='lat' dir='ltr'><strong>Ahohites.</strong></span> <span class='ocrx_word' id='word_1_25' title='bbox 2986 387 3194 453; x_wconf 79' lang='lat' dir='ltr'><strong>Ahohi,</strong></span> <span class='ocrx_word' id='word_1_26' title='bbox 3227 392 3291 441; x_wconf 90' lang='lat' dir='ltr'><strong>ut</strong></span> <span class='ocrx_word' id='word_1_27' title='bbox 3329 387 3543 443; x_wconf 71' lang='lat' dir='ltr'><strong>Hebraei</strong></span> <span class='ocrx_word' id='word_1_28' title='bbox 3582 392 3799 455; x_wconf 87' lang='lat' dir='ltr'><strong>tradunt,</strong></span> 
     </span>
    </p>
   </div>
   <div class='ocr_carea' id='block_1_3' title="bbox 337 473 2041 546">
    <p class='ocr_par' dir='ltr' id='par_1_3' title="bbox 337 473 2041 546">
     <span class='ocr_line' id='line_1_3' title="bbox 337 473 2041 546; baseline -0.001 -19"><span class='ocrx_word' id='word_1_29' title='bbox 337 474 498 527; x_wconf 89' lang='lat' dir='ltr'><strong>tinue</strong></span> <span class='ocrx_word' id='word_1_30' title='bbox 530 473 744 540; x_wconf 78' lang='lat' dir='ltr'><strong>dolent,</strong></span> <span class='ocrx_word' id='word_1_31' title='bbox 774 478 830 528; x_wconf 90' lang='lat' dir='ltr'><strong>et</strong></span> <span class='ocrx_word' id='word_1_32' title='bbox 876 475 1037 544; x_wconf 89' lang='lat' dir='ltr'><strong>quasi</strong></span> <span class='ocrx_word' id='word_1_33' title='bbox 1084 480 1303 545; x_wconf 78' lang='lat' dir='ltr'><strong>septem</strong></span> <span class='ocrx_word' id='word_1_34' title='bbox 1352 475 1551 530; x_wconf 89' lang='lat' dir='ltr'><strong>diebus</strong></span> <span class='ocrx_word' id='word_1_35' title='bbox 1576 476 1857 546; x_wconf 88' lang='lat' dir='ltr'><strong>jejunant.</strong></span> <span class='ocrx_word' id='word_1_36' title='bbox 1912 476 2041 528; x_wconf 83' lang='lat' dir='ltr'><strong>Per-</strong></span> 
     </span>
    </p>
   </div>
   <div class='ocr_carea' id='block_1_4' title="bbox 341 562 2035 633">
    <p class='ocr_par' dir='ltr' id='par_1_4' title="bbox 341 562 2035 633">
     <span class='ocr_line' id='line_1_4' title="bbox 341 562 2035 633; baseline -0.001 -17"><span class='ocrx_word' id='word_1_37' title='bbox 341 568 505 632; x_wconf 88' lang='lat' dir='ltr'><strong>cepto</strong></span> <span class='ocrx_word' id='word_1_38' title='bbox 571 566 762 616; x_wconf 91' lang='lat' dir='ltr'><strong>autem</strong></span> <span class='ocrx_word' id='word_1_39' title='bbox 821 562 1094 633; x_wconf 88' lang='lat' dir='ltr'><strong>mysterio</strong></span> <span class='ocrx_word' id='word_1_40' title='bbox 1148 569 1356 617; x_wconf 69' lang='lat' dir='ltr'><strong>octavae</strong></span> <span class='ocrx_word' id='word_1_41' title='bbox 1413 564 1527 618; x_wconf 89' lang='lat' dir='ltr'><strong>diei</strong></span> <span class='ocrx_word' id='word_1_42' title='bbox 1582 563 2035 628; x_wconf 71' lang='lat' dir='ltr'><strong>resurrectionis,</strong></span> 
     </span>
    </p>
   </div>
   <div class='ocr_carea' id='block_1_5' title="bbox 346 652 1583 723">
    <p class='ocr_par' dir='ltr' id='par_1_5' title="bbox 346 652 1583 723">
     <span class='ocr_line' id='line_1_5' title="bbox 346 652 1583 723; baseline 0.001 -18"><span class='ocrx_word' id='word_1_43' title='bbox 346 652 572 723; x_wconf 77' lang='lat' dir='ltr'><strong>utrique</strong></span> <span class='ocrx_word' id='word_1_44' title='bbox 597 655 871 721; x_wconf 89' lang='lat' dir='ltr'><strong>perpetua</strong></span> <span class='ocrx_word' id='word_1_45' title='bbox 895 652 1198 706; x_wconf 72' lang='lat' dir='ltr'><strong>festivitate</strong></span> <span class='ocrx_word' id='word_1_46' title='bbox 1229 652 1583 722; x_wconf 85' lang='lat' dir='ltr'><strong>gaudebunt.</strong></span> 
     </span>
    </p>
   </div>
   <div class='ocr_carea' id='block_1_6' title="bbox 412 740 2035 795">
    <p class='ocr_par' dir='ltr' id='par_1_6' title="bbox 412 740 2035 795">
     <span class='ocr_line' id='line_1_6' title="bbox 412 740 2035 795; baseline -0.001 -1"><span class='ocrx_word' id='word_1_47' title='bbox 412 741 697 794; x_wconf 79' lang='lat' dir='ltr'><strong>Moraliter</strong></span> <span class='ocrx_word' id='word_1_48' title='bbox 743 745 934 794; x_wconf 88' lang='lat' dir='ltr'><strong>autem</strong></span> <span class='ocrx_word' id='word_1_49' title='bbox 977 740 1083 794; x_wconf 90' lang='lat' dir='ltr'><strong>viri</strong></span> <span class='ocrx_word' id='word_1_50' title='bbox 1141 741 1321 795; x_wconf 86' lang='lat' dir='ltr'><strong>sancti</strong></span> <span class='ocrx_word' id='word_1_51' title='bbox 1385 741 1740 795; x_wconf 82' lang='lat' dir='ltr'><strong>detestantur</strong></span> <span class='ocrx_word' id='word_1_52' title='bbox 1791 745 2035 794; x_wconf 89' lang='lat' dir='ltr'><strong>mortem</strong></span> 
     </span>
    </p>
   </div>
   <div class='ocr_carea' id='block_1_7' title="bbox 342 828 2035 900">
    <p class='ocr_par' dir='ltr' id='par_1_7' title="bbox 342 828 2035 900">
     <span class='ocr_line' id='line_1_7' title="bbox 342 828 2035 900; baseline -0.001 -19"><span class='ocrx_word' id='word_1_53' title='bbox 342 828 675 899; x_wconf 91' lang='lat' dir='ltr'><strong>impiorum,</strong></span> <span class='ocrx_word' id='word_1_54' title='bbox 721 834 777 882; x_wconf 92' lang='lat' dir='ltr'><strong>et</strong></span> <span class='ocrx_word' id='word_1_55' title='bbox 824 830 1086 899; x_wconf 87' lang='lat' dir='ltr'><strong>exempla</strong></span> <span class='ocrx_word' id='word_1_56' title='bbox 1132 846 1330 884; x_wconf 87' lang='lat' dir='ltr'><strong>eorum</strong></span> <span class='ocrx_word' id='word_1_57' title='bbox 1385 831 1692 900; x_wconf 69' lang='lat' dir='ltr'><strong>sepultura:</strong></span> <span class='ocrx_word' id='word_1_58' title='bbox 1734 829 2035 883; x_wconf 72' lang='lat' dir='ltr'><strong>oblivionis.</strong></span> 
     </span>
    </p>
   </div>
   <div class='ocr_carea' id='block_1_8' title="bbox 342 916 2037 988">
    <p class='ocr_par' dir='ltr' id='par_1_8' title="bbox 342 916 2037 988">
     <span class='ocr_line' id='line_1_8' title="bbox 342 916 2037 988; baseline -0.001 -18"><span class='ocrx_word' id='word_1_59' title='bbox 342 917 594 970; x_wconf 90' lang='lat' dir='ltr'><strong>tradunt.</strong></span> <span class='ocrx_word' id='word_1_60' title='bbox 640 916 871 987; x_wconf 85' lang='lat' dir='ltr'><strong>Septem</strong></span> <span class='ocrx_word' id='word_1_61' title='bbox 913 916 1033 971; x_wconf 91' lang='lat' dir='ltr'><strong>dies</strong></span> <span class='ocrx_word' id='word_1_62' title='bbox 1074 917 1359 988; x_wconf 88' lang='lat' dir='ltr'><strong>jejunant,</strong></span> <span class='ocrx_word' id='word_1_63' title='bbox 1392 918 1448 972; x_wconf 91' lang='lat' dir='ltr'><strong>id</strong></span> <span class='ocrx_word' id='word_1_64' title='bbox 1480 922 1565 971; x_wconf 89' lang='lat' dir='ltr'><strong>est</strong></span> <span class='ocrx_word' id='word_1_65' title='bbox 1595 934 1766 971; x_wconf 91' lang='lat' dir='ltr'><strong>omne</strong></span> <span class='ocrx_word' id='word_1_66' title='bbox 1812 921 2037 988; x_wconf 88' lang='lat' dir='ltr'><strong>tempus</strong></span> 
     </span>
    </p>
   </div>
   <div class='ocr_carea' id='block_1_9' title="bbox 342 1005 2033 1077">
    <p class='ocr_par' dir='ltr' id='par_1_9' title="bbox 342 1005 2033 1077">
     <span class='ocr_line' id='line_1_9' title="bbox 342 1005 2033 1077; baseline 0 -18"><span class='ocrx_word' id='word_1_67' title='bbox 342 1005 516 1075; x_wconf 89' lang='lat' dir='ltr'><strong>hujus</strong></span> <span class='ocrx_word' id='word_1_68' title='bbox 544 1005 696 1071; x_wconf 66' lang='lat' dir='ltr'><strong>vitae,</strong></span> <span class='ocrx_word' id='word_1_69' title='bbox 728 1006 886 1076; x_wconf 87' lang='lat' dir='ltr'><strong>quod</strong></span> <span class='ocrx_word' id='word_1_70' title='bbox 915 1006 1236 1077; x_wconf 85' lang='lat' dir='ltr'><strong>septenario</strong></span> <span class='ocrx_word' id='word_1_71' title='bbox 1261 1006 1487 1061; x_wconf 90' lang='lat' dir='ltr'><strong>dierum</strong></span> <span class='ocrx_word' id='word_1_72' title='bbox 1508 1022 1749 1061; x_wconf 89' lang='lat' dir='ltr'><strong>numero</strong></span> <span class='ocrx_word' id='word_1_73' title='bbox 1770 1006 2033 1071; x_wconf 84' lang='lat' dir='ltr'><strong>volvitur,</strong></span> 
     </span>
    </p>
   </div>
   <div class='ocr_carea' id='block_1_10' title="bbox 342 1094 2037 1161">
    <p class='ocr_par' dir='ltr' id='par_1_10' title="bbox 342 1094 2037 1161">
     <span class='ocr_line' id='line_1_10' title="bbox 342 1094 2037 1161; baseline 0.002 -15"><span class='ocrx_word' id='word_1_74' title='bbox 342 1094 403 1147; x_wconf 91' lang='lat' dir='ltr'><strong>in</strong></span> <span class='ocrx_word' id='word_1_75' title='bbox 430 1094 779 1149; x_wconf 82' lang='lat' dir='ltr'><strong>continentia</strong></span> <span class='ocrx_word' id='word_1_76' title='bbox 830 1095 1066 1161; x_wconf 89' lang='lat' dir='ltr'><strong>ducunt,</strong></span> <span class='ocrx_word' id='word_1_77' title='bbox 1099 1100 1156 1150; x_wconf 88' lang='lat' dir='ltr'><strong>et</strong></span> <span class='ocrx_word' id='word_1_78' title='bbox 1183 1095 1470 1151; x_wconf 89' lang='lat' dir='ltr'><strong>abstinent</strong></span> <span class='ocrx_word' id='word_1_79' title='bbox 1492 1096 1561 1151; x_wconf 92' lang='lat' dir='ltr'><strong>ab</strong></span> <span class='ocrx_word' id='word_1_80' title='bbox 1596 1096 1755 1151; x_wconf 90' lang='lat' dir='ltr'><strong>omni</strong></span> <span class='ocrx_word' id='word_1_81' title='bbox 1781 1097 1932 1150; x_wconf 91' lang='lat' dir='ltr'><strong>malo</strong></span> <span class='ocrx_word' id='word_1_82' title='bbox 1964 1111 2037 1149; x_wconf 89' lang='lat' dir='ltr'><strong>ne</strong></span> 
     </span>
    </p>
   </div>
   <div class='ocr_carea' id='block_1_11' title="bbox 343 1182 976 1238">
    <p class='ocr_par' dir='ltr' id='par_1_11' title="bbox 343 1182 976 1238">
     <span class='ocr_line' id='line_1_11' title="bbox 343 1182 976 1238; baseline 0.002 -2"><span class='ocrx_word' id='word_1_83' title='bbox 343 1182 609 1237; x_wconf 88' lang='lat' dir='ltr'><strong>similiter</strong></span> <span class='ocrx_word' id='word_1_84' title='bbox 639 1183 976 1238; x_wconf 83' lang='lat' dir='ltr'><strong>moriantur.</strong></span> 
     </span>
    </p>
   </div>
   <div class='ocr_carea' id='block_1_12' title="bbox 1019 1324 1362 1379">
    <p class='ocr_par' dir='ltr' id='par_1_12' title="bbox 1019 1324 1362 1379">
     <span class='ocr_line' id='line_1_12' title="bbox 1019 1324 1362 1379; baseline 0.003 -3"><span class='ocrx_word' id='word_1_85' title='bbox 1019 1324 1242 1379; x_wconf 84' lang='lat' dir='ltr'><strong>CAPUT</strong></span> <span class='ocrx_word' id='word_1_86' title='bbox 1274 1325 1362 1378; x_wconf 88' lang='grc' dir='ltr'><strong>ΧΙ.</strong></span> 
     </span>
    </p>
   </div>
   <div class='ocr_carea' id='block_1_13' title="bbox 410 1448 2038 1519">
    <p class='ocr_par' dir='ltr' id='par_1_13' title="bbox 410 1448 2038 1519">
     <span class='ocr_line' id='line_1_13' title="bbox 410 1448 2038 1519; baseline 0.002 -19"><span class='ocrx_word' id='word_1_87' title='bbox 410 1449 569 1503; x_wconf 78' lang='lat' dir='ltr'><strong>Vens.</strong></span> <span class='ocrx_word' id='word_1_88' title='bbox 628 1452 681 1505; x_wconf 90' lang='lat'><strong>3.</strong></span> <span class='ocrx_word' id='word_1_89' title='bbox 738 1479 805 1490; x_wconf 94' lang='lat'><strong><em>—</em></strong></span> <span class='ocrx_word' id='word_1_90' title='bbox 861 1450 1117 1519; x_wconf 55' lang='grc' dir='ltr'><strong>Μαίονές.</strong></span> <span class='ocrx_word' id='word_1_91' title='bbox 1194 1449 1377 1519; x_wconf 72' lang='grc' dir='ltr'><strong>(ΗΑΒ.)</strong></span> <span class='ocrx_word' id='word_1_92' title='bbox 1430 1448 1734 1518; x_wconf 76' lang='lat' dir='ltr'><strong>Prophetas</strong></span> <span class='ocrx_word' id='word_1_93' title='bbox 1792 1448 2038 1519; x_wconf 84' lang='lat' dir='ltr'><strong>apostoli</strong></span> 
     </span>
    </p>
   </div>
   <div class='ocr_carea' id='block_1_14' title="bbox 336 1537 2036 1609">
    <p class='ocr_par' dir='ltr' id='par_1_14' title="bbox 336 1537 2036 1609">
     <span class='ocr_line' id='line_1_14' title="bbox 336 1537 2036 1609; baseline 0.001 -19"><span class='ocrx_word' id='word_1_94' title='bbox 336 1537 463 1607; x_wconf 91' lang='lat' dir='ltr'><strong>pari</strong></span> <span class='ocrx_word' id='word_1_95' title='bbox 504 1537 803 1591; x_wconf 87' lang='lat' dir='ltr'><strong>devotione</strong></span> <span class='ocrx_word' id='word_1_96' title='bbox 833 1538 903 1591; x_wconf 92' lang='lat' dir='ltr'><strong>ad</strong></span> <span class='ocrx_word' id='word_1_97' title='bbox 936 1538 1221 1591; x_wconf 76' lang='lat' dir='ltr'><strong>Christum</strong></span> <span class='ocrx_word' id='word_1_98' title='bbox 1268 1542 1615 1591; x_wconf 89' lang='lat' dir='ltr'><strong>concurrunt</strong></span> <span class='ocrx_word' id='word_1_99' title='bbox 1644 1537 1798 1591; x_wconf 89' lang='lat' dir='ltr'><strong>unde</strong></span> <span class='ocrx_word' id='word_1_100' title='bbox 1831 1555 1843 1591; x_wconf 74' lang='grc' dir='ltr'>ε</span> <span class='ocrx_word' id='word_1_101' title='bbox 1878 1540 2036 1609; x_wconf 83' lang='lat' dir='ltr'><strong>Prin-</strong></span> 
     </span>
    </p>
   </div>
   <div class='ocr_carea' id='block_1_15' title="bbox 337 1627 2035 1695">
    <p class='ocr_par' dir='ltr' id='par_1_15' title="bbox 337 1627 2035 1695">
     <span class='ocr_line' id='line_1_15' title="bbox 337 1627 2035 1695; baseline 0.002 -16"><span class='ocrx_word' id='word_1_102' title='bbox 337 1629 481 1695; x_wconf 85' lang='lat' dir='ltr'><strong>cipes</strong></span> <span class='ocrx_word' id='word_1_103' title='bbox 530 1627 718 1695; x_wconf 87' lang='lat' dir='ltr'><strong>populi</strong></span> <span class='ocrx_word' id='word_1_104' title='bbox 759 1631 1121 1681; x_wconf 80' lang='lat' dir='ltr'><strong>convenerunt</strong></span> <span class='ocrx_word' id='word_1_105' title='bbox 1148 1628 1208 1681; x_wconf 88' lang='lat' dir='ltr'><strong>in</strong></span> <span class='ocrx_word' id='word_1_106' title='bbox 1238 1642 1403 1679; x_wconf 88' lang='lat' dir='ltr'><strong>unum</strong></span> <span class='ocrx_word' id='word_1_107' title='bbox 1447 1642 1566 1680; x_wconf 89' lang='lat' dir='ltr'><strong>cum</strong></span> <span class='ocrx_word' id='word_1_108' title='bbox 1608 1629 1711 1680; x_wconf 88' lang='lat' dir='ltr'><strong>Deo</strong></span> <span class='ocrx_word' id='word_1_109' title='bbox 1755 1627 2035 1682; x_wconf 84' lang='lat' dir='ltr'><strong>Abraham</strong></span> 
     </span>
    </p>
   </div>
   <div class='ocr_carea' id='block_1_16' title="bbox 341 1714 627 1784">
    <p class='ocr_par' dir='ltr' id='par_1_16' title="bbox 341 1714 627 1784">
     <span class='ocr_line' id='line_1_16' title="bbox 341 1714 627 1784; baseline 0 -16"><span class='ocrx_word' id='word_1_110' title='bbox 341 1714 510 1781; x_wconf 87' lang='lat' dir='ltr'><strong>(Psal.</strong></span> <span class='ocrx_word' id='word_1_111' title='bbox 542 1714 627 1784; x_wconf 79' lang='grc' dir='ltr'><strong>ιι).</strong></span> 
     </span>
    </p>
   </div>
   <div class='ocr_carea' id='block_1_17' title="bbox 413 1803 2037 1872">
    <p class='ocr_par' dir='ltr' id='par_1_17' title="bbox 413 1803 2037 1872">
     <span class='ocr_line' id='line_1_17' title="bbox 413 1803 2037 1872; baseline 0.003 -18"><span class='ocrx_word' id='word_1_112' title='bbox 413 1803 567 1856; x_wconf 71' lang='lat' dir='ltr'><strong>Vens.</strong></span> <span class='ocrx_word' id='word_1_113' title='bbox 605 1806 656 1857; x_wconf 82' lang='lat'><strong>5.</strong></span> <span class='ocrx_word' id='word_1_114' title='bbox 704 1833 775 1843; x_wconf 90' lang='lat'>—</span> <span class='ocrx_word' id='word_1_115' title='bbox 815 1806 1204 1872; x_wconf 71' lang='lat' dir='ltr'><strong>Dimeruntque.</strong></span> <span class='ocrx_word' id='word_1_116' title='bbox 1257 1804 1443 1857; x_wconf 72' lang='lat' dir='ltr'><strong>Ciecos</strong></span> <span class='ocrx_word' id='word_1_117' title='bbox 1496 1808 1554 1856; x_wconf 89' lang='lat' dir='ltr'><strong>et</strong></span> <span class='ocrx_word' id='word_1_118' title='bbox 1594 1803 1824 1857; x_wconf 89' lang='lat' dir='ltr'><strong>claudos</strong></span> <span class='ocrx_word' id='word_1_119' title='bbox 1871 1810 1927 1858; x_wconf 91' lang='lat' dir='ltr'><strong>et</strong></span> <span class='ocrx_word' id='word_1_120' title='bbox 1957 1807 2037 1859; x_wconf 90' lang='lat' dir='ltr'><strong>le-</strong></span> 
     </span>
    </p>
   </div>
   <div class='ocr_carea' id='block_1_18' title="bbox 337 1891 2031 1962">
    <p class='ocr_par' dir='ltr' id='par_1_18' title="bbox 337 1891 2031 1962">
     <span class='ocr_line' id='line_1_18' title="bbox 337 1891 2031 1962; baseline 0.001 -17"><span class='ocrx_word' id='word_1_121' title='bbox 337 1907 535 1962; x_wconf 90' lang='lat' dir='ltr'><strong>prosos</strong></span> <span class='ocrx_word' id='word_1_122' title='bbox 569 1892 635 1946; x_wconf 92' lang='lat' dir='ltr'><strong>ad</strong></span> <span class='ocrx_word' id='word_1_123' title='bbox 665 1896 1061 1961; x_wconf 87' lang='lat' dir='ltr'><strong>contemptum</strong></span> <span class='ocrx_word' id='word_1_124' title='bbox 1090 1891 1238 1960; x_wconf 90' lang='lat' dir='ltr'><strong>regis</strong></span> <span class='ocrx_word' id='word_1_125' title='bbox 1277 1895 1586 1945; x_wconf 85' lang='lat' dir='ltr'><strong>statuentes</strong></span> <span class='ocrx_word' id='word_1_126' title='bbox 1615 1908 1786 1961; x_wconf 89' lang='lat' dir='ltr'><strong>super</strong></span> <span class='ocrx_word' id='word_1_127' title='bbox 1815 1907 2031 1960; x_wconf 88' lang='lat' dir='ltr'><strong>muros,</strong></span> 
     </span>
    </p>
   </div>
   <div class='ocr_carea' id='block_1_19' title="bbox 339 1980 1925 2049">
    <p class='ocr_par' dir='ltr' id='par_1_19' title="bbox 339 1980 1925 2049">
     <span class='ocr_line' id='line_1_19' title="bbox 339 1980 1925 2049; baseline 0.002 -17"><span class='ocrx_word' id='word_1_128' title='bbox 339 1983 396 2032; x_wconf 87' lang='lat' dir='ltr'><strong>et</strong></span> <span class='ocrx_word' id='word_1_129' title='bbox 415 1980 667 2034; x_wconf 88' lang='lat' dir='ltr'><strong>dicentes</strong></span> <span class='ocrx_word' id='word_1_130' title='bbox 693 1981 831 2049; x_wconf 87' lang='lat' dir='ltr'><strong>quia</strong></span> <span class='ocrx_word' id='word_1_131' title='bbox 856 1980 1281 2049; x_wconf 85' lang='lat' dir='ltr'><strong>prohibuerunt</strong></span> <span class='ocrx_word' id='word_1_132' title='bbox 1310 1997 1441 2033; x_wconf 88' lang='lat' dir='ltr'><strong>eum</strong></span> <span class='ocrx_word' id='word_1_133' title='bbox 1472 1980 1605 2034; x_wconf 75' lang='lat' dir='ltr'><strong>caeci</strong></span> <span class='ocrx_word' id='word_1_134' title='bbox 1638 1986 1695 2034; x_wconf 88' lang='lat' dir='ltr'><strong>et</strong></span> <span class='ocrx_word' id='word_1_135' title='bbox 1720 1981 1925 2036; x_wconf 86' lang='lat' dir='ltr'><strong>claudi.</strong></span> 
     </span>
    </p>
   </div>
   <div class='ocr_carea' id='block_1_20' title="bbox 407 2067 2033 2138">
    <p class='ocr_par' dir='ltr' id='par_1_20' title="bbox 407 2067 2033 2138">
     <span class='ocr_line' id='line_1_20' title="bbox 407 2067 2033 2138; baseline 0.001 -19"><span class='ocrx_word' id='word_1_136' title='bbox 407 2068 652 2137; x_wconf 78' lang='lat' dir='ltr'><strong>Mystice,</strong></span> <span class='ocrx_word' id='word_1_137' title='bbox 703 2067 875 2120; x_wconf 87' lang='lat' dir='ltr'><strong>David</strong></span> <span class='ocrx_word' id='word_1_138' title='bbox 912 2067 1236 2121; x_wconf 65' lang='lat' dir='ltr'><strong>Jebusaeum</strong></span> <span class='ocrx_word' id='word_1_139' title='bbox 1278 2067 1347 2120; x_wconf 91' lang='lat' dir='ltr'><strong>de</strong></span> <span class='ocrx_word' id='word_1_140' title='bbox 1400 2068 1717 2121; x_wconf 86' lang='lat' dir='ltr'><strong>Jerusalem</strong></span> <span class='ocrx_word' id='word_1_141' title='bbox 1780 2067 2033 2138; x_wconf 78' lang='lat' dir='ltr'><strong>ejiciens,</strong></span> 
     </span>
    </p>
   </div>
   <div class='ocr_carea' id='block_1_21' title="bbox 336 2154 2036 2225">
    <p class='ocr_par' dir='ltr' id='par_1_21' title="bbox 336 2154 2036 2225">
     <span class='ocr_line' id='line_1_21' title="bbox 336 2154 2036 2225; baseline 0.001 -18"><span class='ocrx_word' id='word_1_142' title='bbox 336 2154 620 2223; x_wconf 88' lang='lat' dir='ltr'><strong>signiﬁcat</strong></span> <span class='ocrx_word' id='word_1_143' title='bbox 656 2154 939 2207; x_wconf 87' lang='lat' dir='ltr'><strong>Christum</strong></span> <span class='ocrx_word' id='word_1_144' title='bbox 970 2154 1261 2209; x_wconf 78' lang='lat' dir='ltr'><strong>daemones</strong></span> <span class='ocrx_word' id='word_1_145' title='bbox 1293 2155 1673 2225; x_wconf 87' lang='lat' dir='ltr'><strong>expellentem</strong></span> <span class='ocrx_word' id='word_1_146' title='bbox 1707 2172 1739 2209; x_wconf 90' lang='lat' dir='ltr'><strong>a</strong></span> <span class='ocrx_word' id='word_1_147' title='bbox 1769 2156 2036 2209; x_wconf 84' lang='lat' dir='ltr'><strong>cordibus</strong></span> 
     </span>
    </p>
   </div>
   <div class='ocr_carea' id='block_1_22' title="bbox 336 2242 2033 2307">
    <p class='ocr_par' dir='ltr' id='par_1_22' title="bbox 336 2242 2033 2307">
     <span class='ocr_line' id='line_1_22' title="bbox 336 2242 2033 2307; baseline 0 -10"><span class='ocrx_word' id='word_1_148' title='bbox 336 2242 618 2307; x_wconf 90' lang='lat' dir='ltr'><strong>ﬁdelium,</strong></span> <span class='ocrx_word' id='word_1_149' title='bbox 668 2248 723 2296; x_wconf 88' lang='lat' dir='ltr'><strong>et</strong></span> <span class='ocrx_word' id='word_1_150' title='bbox 770 2242 984 2295; x_wconf 88' lang='lat' dir='ltr'><strong>ibidem</strong></span> <span class='ocrx_word' id='word_1_151' title='bbox 1040 2243 1401 2297; x_wconf 89' lang='lat' dir='ltr'><strong>mansionem</strong></span> <span class='ocrx_word' id='word_1_152' title='bbox 1449 2260 1612 2297; x_wconf 89' lang='lat' dir='ltr'><strong>suam</strong></span> <span class='ocrx_word' id='word_1_153' title='bbox 1669 2249 2033 2297; x_wconf 88' lang='lat' dir='ltr'><strong>statuentem.</strong></span> 
     </span>
    </p>
   </div>
   <div class='ocr_carea' id='block_1_23' title="bbox 334 2330 2035 2401">
    <p class='ocr_par' dir='ltr' id='par_1_23' title="bbox 334 2330 2035 2401">
     <span class='ocr_line' id='line_1_23' title="bbox 334 2330 2035 2401; baseline 0 -17"><span class='ocrx_word' id='word_1_154' title='bbox 334 2330 627 2384; x_wconf 69' lang='lat' dir='ltr'><strong>Jebusaeus</strong></span> <span class='ocrx_word' id='word_1_155' title='bbox 677 2330 830 2383; x_wconf 87' lang='lat' dir='ltr'><strong>enim</strong></span> <span class='ocrx_word' id='word_1_156' title='bbox 878 2330 1288 2401; x_wconf 87' lang='lat' dir='ltr'><strong>interpretatur</strong></span> <span class='ocrx_word' id='word_1_157' title='bbox 1332 2334 1691 2399; x_wconf 76' lang='lat' dir='ltr'><strong>conculcatus,</strong></span> <span class='ocrx_word' id='word_1_158' title='bbox 1722 2333 2035 2387; x_wconf 86' lang='lat' dir='ltr'><strong>Jerusalem</strong></span> 
     </span>
    </p>
   </div>
   <div class='ocr_carea' id='block_1_24' title="bbox 334 2418 2039 2491">
    <p class='ocr_par' dir='ltr' id='par_1_24' title="bbox 334 2418 2039 2491">
     <span class='ocr_line' id='line_1_24' title="bbox 334 2418 2039 2491; baseline 0.001 -20"><span class='ocrx_word' id='word_1_159' title='bbox 334 2421 473 2473; x_wconf 84' lang='lat' dir='ltr'><strong>visio</strong></span> <span class='ocrx_word' id='word_1_160' title='bbox 528 2421 699 2491; x_wconf 80' lang='lat' dir='ltr'><strong>pacis.</strong></span> <span class='ocrx_word' id='word_1_161' title='bbox 756 2418 911 2472; x_wconf 90' lang='lat' dir='ltr'><strong>Unde</strong></span> <span class='ocrx_word' id='word_1_162' title='bbox 942 2424 999 2473; x_wconf 89' lang='lat' dir='ltr'><strong>et</strong></span> <span class='ocrx_word' id='word_1_163' title='bbox 1054 2419 1348 2489; x_wconf 88' lang='lat' dir='ltr'><strong>discipulis</strong></span> <span class='ocrx_word' id='word_1_164' title='bbox 1400 2420 1515 2474; x_wconf 90' lang='lat' dir='ltr'><strong>suis</strong></span> <span class='ocrx_word' id='word_1_165' title='bbox 1568 2421 1683 2474; x_wconf 89' lang='lat' dir='ltr'><strong>ait:</strong></span> <span class='ocrx_word' id='word_1_166' title='bbox 1740 2423 1872 2475; x_wconf 88' lang='lat' dir='ltr'><strong>Ecce</strong></span> <span class='ocrx_word' id='word_1_167' title='bbox 1911 2420 2039 2473; x_wconf 84' lang='lat' dir='ltr'><strong>dedi</strong></span> 
     </span>
    </p>
   </div>
   <div class='ocr_carea' id='block_1_25' title="bbox 332 2507 2031 2577">
    <p class='ocr_par' dir='ltr' id='par_1_25' title="bbox 332 2507 2031 2577">
     <span class='ocr_line' id='line_1_25' title="bbox 332 2507 2031 2577; baseline 0.001 -17"><span class='ocrx_word' id='word_1_168' title='bbox 332 2507 481 2561; x_wconf 79' lang='lat' dir='ltr'><strong>vobis</strong></span> <span class='ocrx_word' id='word_1_169' title='bbox 515 2512 830 2575; x_wconf 85' lang='lat' dir='ltr'><strong>potestatem</strong></span> <span class='ocrx_word' id='word_1_170' title='bbox 879 2508 1130 2561; x_wconf 84' lang='lat' dir='ltr'><strong>calcandi</strong></span> <span class='ocrx_word' id='word_1_171' title='bbox 1180 2522 1342 2576; x_wconf 85' lang='lat' dir='ltr'><strong>super</strong></span> <span class='ocrx_word' id='word_1_172' title='bbox 1397 2513 1685 2576; x_wconf 83' lang='lat' dir='ltr'><strong>serpentes,</strong></span> <span class='ocrx_word' id='word_1_173' title='bbox 1739 2513 1842 2562; x_wconf 89' lang='lat' dir='ltr'><strong>etc.</strong></span> <span class='ocrx_word' id='word_1_174' title='bbox 1887 2510 2031 2577; x_wconf 90' lang='lat' dir='ltr'><strong>(Luc.</strong></span> 
     </span>
    </p>
   </div>
   <div class='ocr_carea' id='block_1_26' title="bbox 334 2596 2037 2669">
    <p class='ocr_par' dir='ltr' id='par_1_26' title="bbox 334 2596 2037 2669">
     <span class='ocr_line' id='line_1_26' title="bbox 334 2596 2037 2669; baseline 0.001 -20"><span class='ocrx_word' id='word_1_175' title='bbox 334 2596 407 2665; x_wconf 71' lang='grc' dir='ltr'><strong>χ).</strong></span> <span class='ocrx_word' id='word_1_176' title='bbox 473 2597 621 2651; x_wconf 86' lang='lat' dir='ltr'><strong>Bene</strong></span> <span class='ocrx_word' id='word_1_177' title='bbox 667 2613 804 2665; x_wconf 92' lang='lat' dir='ltr'><strong>ergo</strong></span> <span class='ocrx_word' id='word_1_178' title='bbox 852 2596 913 2649; x_wconf 91' lang='lat' dir='ltr'><strong>in</strong></span> <span class='ocrx_word' id='word_1_179' title='bbox 940 2596 1162 2667; x_wconf 81' lang='lat' dir='ltr'><strong>Regum</strong></span> <span class='ocrx_word' id='word_1_180' title='bbox 1208 2598 1483 2668; x_wconf 89' lang='lat' dir='ltr'><strong>scriptum</strong></span> <span class='ocrx_word' id='word_1_181' title='bbox 1531 2603 1635 2664; x_wconf 91' lang='lat' dir='ltr'><strong>est,</strong></span> <span class='ocrx_word' id='word_1_182' title='bbox 1667 2599 1818 2669; x_wconf 89' lang='lat' dir='ltr'><strong>quod</strong></span> <span class='ocrx_word' id='word_1_183' title='bbox 1847 2599 2037 2669; x_wconf 85' lang='lat' dir='ltr'><strong>ejectis</strong></span> 
     </span>
    </p>
   </div>
   <div class='ocr_carea' id='block_1_27' title="bbox 334 2684 2038 2756">
    <p class='ocr_par' dir='ltr' id='par_1_27' title="bbox 334 2684 2038 2756">
     <span class='ocr_line' id='line_1_27' title="bbox 334 2684 2038 2756; baseline 0.002 -19"><span class='ocrx_word' id='word_1_184' title='bbox 334 2684 496 2738; x_wconf 72' lang='lat' dir='ltr'><strong>caecis</strong></span> <span class='ocrx_word' id='word_1_185' title='bbox 547 2690 597 2737; x_wconf 91' lang='lat' dir='ltr'><strong>et</strong></span> <span class='ocrx_word' id='word_1_186' title='bbox 641 2684 857 2739; x_wconf 89' lang='lat' dir='ltr'><strong>claudis</strong></span> <span class='ocrx_word' id='word_1_187' title='bbox 903 2684 1002 2755; x_wconf 90' lang='lat' dir='ltr'><strong>qui</strong></span> <span class='ocrx_word' id='word_1_188' title='bbox 1035 2684 1302 2740; x_wconf 89' lang='lat' dir='ltr'><strong>odiebant</strong></span> <span class='ocrx_word' id='word_1_189' title='bbox 1345 2684 1618 2751; x_wconf 89' lang='lat' dir='ltr'><strong>animam,</strong></span> <span class='ocrx_word' id='word_1_190' title='bbox 1670 2686 1845 2740; x_wconf 82' lang='lat' dir='ltr'><strong>David</strong></span> <span class='ocrx_word' id='word_1_191' title='bbox 1884 2686 2038 2756; x_wconf 87' lang='lat' dir='ltr'><strong>cepit</strong></span> 
     </span>
    </p>
   </div>
   <div class='ocr_carea' id='block_1_28' title="bbox 335 2772 2035 2845">
    <p class='ocr_par' dir='ltr' id='par_1_28' title="bbox 335 2772 2035 2845">
     <span class='ocr_line' id='line_1_28' title="bbox 335 2772 2035 2845; baseline 0.002 -20"><span class='ocrx_word' id='word_1_192' title='bbox 335 2789 524 2826; x_wconf 88' lang='lat' dir='ltr'><strong>arcem</strong></span> <span class='ocrx_word' id='word_1_193' title='bbox 572 2772 730 2837; x_wconf 90' lang='lat' dir='ltr'><strong>Sion,</strong></span> <span class='ocrx_word' id='word_1_194' title='bbox 785 2788 1063 2843; x_wconf 90' lang='lat' dir='ltr'><strong>suamque</strong></span> <span class='ocrx_word' id='word_1_195' title='bbox 1112 2772 1397 2828; x_wconf 86' lang='lat' dir='ltr'><strong>civitatem</strong></span> <span class='ocrx_word' id='word_1_196' title='bbox 1439 2774 1677 2840; x_wconf 89' lang='lat' dir='ltr'><strong>vocavit,</strong></span> <span class='ocrx_word' id='word_1_197' title='bbox 1729 2774 1866 2845; x_wconf 84' lang='lat' dir='ltr'><strong>quia</strong></span> <span class='ocrx_word' id='word_1_198' title='bbox 1896 2774 2035 2829; x_wconf 91' lang='lat' dir='ltr'><strong>dum</strong></span> 
     </span>
    </p>
   </div>
   <div class='ocr_carea' id='block_1_29' title="bbox 335 2860 2035 2932">
    <p class='ocr_par' dir='ltr' id='par_1_29' title="bbox 335 2860 2035 2932">
     <span class='ocr_line' id='line_1_29' title="bbox 335 2860 2035 2932; baseline 0.001 -17"><span class='ocrx_word' id='word_1_199' title='bbox 335 2860 593 2915; x_wconf 83' lang='lat' dir='ltr'><strong>Christus</strong></span> <span class='ocrx_word' id='word_1_200' title='bbox 650 2861 931 2931; x_wconf 89' lang='lat' dir='ltr'><strong>malignos</strong></span> <span class='ocrx_word' id='word_1_201' title='bbox 988 2862 1220 2932; x_wconf 87' lang='lat' dir='ltr'><strong>spiritus</strong></span> <span class='ocrx_word' id='word_1_202' title='bbox 1266 2868 1320 2917; x_wconf 92' lang='lat' dir='ltr'><strong>et</strong></span> <span class='ocrx_word' id='word_1_203' title='bbox 1362 2863 1592 2916; x_wconf 86' lang='lat' dir='ltr'><strong>turbam</strong></span> <span class='ocrx_word' id='word_1_204' title='bbox 1648 2863 1917 2917; x_wconf 89' lang='lat' dir='ltr'><strong>vitiorum</strong></span> <span class='ocrx_word' id='word_1_205' title='bbox 1966 2864 2035 2917; x_wconf 91' lang='lat' dir='ltr'><strong>de</strong></span> 
     </span>
    </p>
   </div>
   <div class='ocr_carea' id='block_1_30' title="bbox 2147 474 3801 547">
    <p class='ocr_par' dir='ltr' id='par_1_30' title="bbox 2147 474 3801 547">
     <span class='ocr_line' id='line_1_30' title="bbox 2147 474 3801 547; baseline 0.003 -19"><span class='ocrx_word' id='word_1_206' title='bbox 2147 474 2323 529; x_wconf 85' lang='lat' dir='ltr'><strong>frater</strong></span> <span class='ocrx_word' id='word_1_207' title='bbox 2347 476 2456 530; x_wconf 85' lang='lat' dir='ltr'><strong>fuit</strong></span> <span class='ocrx_word' id='word_1_208' title='bbox 2501 475 2612 529; x_wconf 89' lang='lat' dir='ltr'><strong>lsai</strong></span> <span class='ocrx_word' id='word_1_209' title='bbox 2643 475 2818 546; x_wconf 87' lang='lat' dir='ltr'><strong>patris</strong></span> <span class='ocrx_word' id='word_1_210' title='bbox 2847 475 3045 543; x_wconf 90' lang='lat' dir='ltr'><strong>David,</strong></span> <span class='ocrx_word' id='word_1_211' title='bbox 3075 477 3238 547; x_wconf 86' lang='lat' dir='ltr'><strong>cujus</strong></span> <span class='ocrx_word' id='word_1_212' title='bbox 3284 478 3435 531; x_wconf 89' lang='lat' dir='ltr'><strong>ﬁlius</strong></span> <span class='ocrx_word' id='word_1_213' title='bbox 3464 478 3569 533; x_wconf 90' lang='lat' dir='ltr'><strong>fuit</strong></span> <span class='ocrx_word' id='word_1_214' title='bbox 3589 481 3801 546; x_wconf 79' lang='lat' dir='ltr'><strong>Eleazar,</strong></span> 
     </span>
    </p>
   </div>
   <div class='ocr_carea' id='block_1_31' title="bbox 2147 564 3806 639">
    <p class='ocr_par' dir='ltr' id='par_1_31' title="bbox 2147 564 3806 639">
     <span class='ocr_line' id='line_1_31' title="bbox 2147 564 3806 639; baseline 0.004 -22"><span class='ocrx_word' id='word_1_215' title='bbox 2147 564 2249 635; x_wconf 86' lang='lat' dir='ltr'><strong>qui</strong></span> <span class='ocrx_word' id='word_1_216' title='bbox 2278 564 2387 618; x_wconf 86' lang='lat' dir='ltr'><strong>fuit</strong></span> <span class='ocrx_word' id='word_1_217' title='bbox 2413 565 2563 618; x_wconf 90' lang='lat' dir='ltr'><strong>inter</strong></span> <span class='ocrx_word' id='word_1_218' title='bbox 2594 568 2710 618; x_wconf 89' lang='lat' dir='ltr'><strong>tres</strong></span> <span class='ocrx_word' id='word_1_219' title='bbox 2756 564 3206 635; x_wconf 87' lang='lat' dir='ltr'><strong>potentissimus,</strong></span> <span class='ocrx_word' id='word_1_220' title='bbox 3257 583 3403 637; x_wconf 91' lang='lat' dir='ltr'><strong>quos</strong></span> <span class='ocrx_word' id='word_1_221' title='bbox 3450 568 3706 639; x_wconf 83' lang='lat' dir='ltr'><strong>Jesephus</strong></span> <span class='ocrx_word' id='word_1_222' title='bbox 3734 570 3806 623; x_wconf 88' lang='lat' dir='ltr'><strong>di-</strong></span> 
     </span>
    </p>
   </div>
   <div class='ocr_carea' id='block_1_32' title="bbox 2147 652 3807 721">
    <p class='ocr_par' dir='ltr' id='par_1_32' title="bbox 2147 652 3807 721">
     <span class='ocr_line' id='line_1_32' title="bbox 2147 652 3807 721; baseline 0.003 -15"><span class='ocrx_word' id='word_1_223' title='bbox 2147 652 2224 707; x_wconf 89' lang='lat' dir='ltr'><strong>cit</strong></span> <span class='ocrx_word' id='word_1_224' title='bbox 2253 668 2375 707; x_wconf 89' lang='lat' dir='ltr'><strong>esse</strong></span> <span class='ocrx_word' id='word_1_225' title='bbox 2409 653 2714 707; x_wconf 89' lang='lat' dir='ltr'><strong>Eusebium</strong></span> <span class='ocrx_word' id='word_1_226' title='bbox 2752 653 2936 707; x_wconf 89' lang='lat' dir='ltr'><strong>ﬁlium</strong></span> <span class='ocrx_word' id='word_1_227' title='bbox 2968 654 3278 721; x_wconf 72' lang='lat' dir='ltr'><strong>Achimeie,</strong></span> <span class='ocrx_word' id='word_1_228' title='bbox 3312 660 3369 709; x_wconf 88' lang='lat' dir='ltr'><strong>et</strong></span> <span class='ocrx_word' id='word_1_229' title='bbox 3396 656 3624 711; x_wconf 85' lang='lat' dir='ltr'><strong>Eleazar</strong></span> <span class='ocrx_word' id='word_1_230' title='bbox 3649 657 3807 711; x_wconf 87' lang='lat' dir='ltr'><strong>ﬁlium</strong></span> 
     </span>
    </p>
   </div>
   <div class='ocr_carea' id='block_1_33' title="bbox 2145 740 3098 805">
    <p class='ocr_par' dir='ltr' id='par_1_33' title="bbox 2145 740 3098 805">
     <span class='ocr_line' id='line_1_33' title="bbox 2145 740 3098 805; baseline 0.001 -11"><span class='ocrx_word' id='word_1_231' title='bbox 2145 740 2311 805; x_wconf 76' lang='lat' dir='ltr'><strong>Addi,</strong></span> <span class='ocrx_word' id='word_1_232' title='bbox 2340 746 2398 794; x_wconf 90' lang='lat' dir='ltr'><strong>et</strong></span> <span class='ocrx_word' id='word_1_233' title='bbox 2424 741 2707 795; x_wconf 89' lang='lat' dir='ltr'><strong>Semeiam</strong></span> <span class='ocrx_word' id='word_1_234' title='bbox 2732 740 2918 795; x_wconf 87' lang='lat' dir='ltr'><strong>ﬁlium</strong></span> <span class='ocrx_word' id='word_1_235' title='bbox 2953 742 3098 795; x_wconf 84' lang='lat' dir='ltr'><strong>Heli.</strong></span> 
     </span>
    </p>
   </div>
   <div class='ocr_carea' id='block_1_34' title="bbox 2216 830 3809 901">
    <p class='ocr_par' dir='ltr' id='par_1_34' title="bbox 2216 830 3809 901">
     <span class='ocr_line' id='line_1_34' title="bbox 2216 830 3809 901; baseline 0.002 -17"><span class='ocrx_word' id='word_1_236' title='bbox 2216 830 2438 898; x_wconf 58' lang='lat' dir='ltr'><strong>(Ceam,</strong></span> <span class='ocrx_word' id='word_1_237' title='bbox 2480 831 2618 883; x_wconf 90' lang='lat' dir='ltr'><strong>hom.</strong></span> <span class='ocrx_word' id='word_1_238' title='bbox 2653 830 2740 883; x_wconf 78' lang='grc'><strong>34.</strong></span> <span class='ocrx_word' id='word_1_239' title='bbox 2773 832 2832 883; x_wconf 89' lang='lat' dir='ltr'><strong>in</strong></span> <span class='ocrx_word' id='word_1_240' title='bbox 2861 832 3101 901; x_wconf 85' lang='lat' dir='ltr'><strong>Evang.)</strong></span> <span class='ocrx_word' id='word_1_241' title='bbox 3153 830 3537 901; x_wconf 86' lang='lat' dir='ltr'><strong>Cogitandnm</strong></span> <span class='ocrx_word' id='word_1_242' title='bbox 3584 848 3809 887; x_wconf 86' lang='lat' dir='ltr'><strong>summo-</strong></span> 
     </span>
    </p>
   </div>
   <div class='ocr_carea' id='block_1_35' title="bbox 2146 918 3812 992">
    <p class='ocr_par' dir='ltr' id='par_1_35' title="bbox 2146 918 3812 992">
     <span class='ocr_line' id='line_1_35' title="bbox 2146 918 3812 992; baseline 0.003 -22"><span class='ocrx_word' id='word_1_243' title='bbox 2146 933 2281 987; x_wconf 90' lang='lat' dir='ltr'><strong>pere</strong></span> <span class='ocrx_word' id='word_1_244' title='bbox 2334 922 2441 985; x_wconf 87' lang='lat' dir='ltr'><strong>est,</strong></span> <span class='ocrx_word' id='word_1_245' title='bbox 2502 923 2633 984; x_wconf 90' lang='lat' dir='ltr'><strong>etc.,</strong></span> <span class='ocrx_word' id='word_1_246' title='bbox 2690 933 2861 987; x_wconf 88' lang='lat' dir='ltr'><strong>usque</strong></span> <span class='ocrx_word' id='word_1_247' title='bbox 2898 918 2972 973; x_wconf 83' lang='lat' dir='ltr'><strong>ad</strong></span> <span class='ocrx_word' id='word_1_248' title='bbox 3020 924 3215 974; x_wconf 91' lang='lat' dir='ltr'><strong>contra</strong></span> <span class='ocrx_word' id='word_1_249' title='bbox 3262 936 3321 975; x_wconf 91' lang='lat' dir='ltr'><strong>se</strong></span> <span class='ocrx_word' id='word_1_250' title='bbox 3352 920 3570 992; x_wconf 84' lang='lat' dir='ltr'><strong>rigidus</strong></span> <span class='ocrx_word' id='word_1_251' title='bbox 3608 922 3812 975; x_wconf 88' lang='lat' dir='ltr'><strong>etiama</strong></span> 
     </span>
    </p>
   </div>
   <div class='ocr_carea' id='block_1_36' title="bbox 2144 1005 2681 1062">
    <p class='ocr_par' dir='ltr' id='par_1_36' title="bbox 2144 1005 2681 1062">
     <span class='ocr_line' id='line_1_36' title="bbox 2144 1005 2681 1062; baseline 0.006 -3"><span class='ocrx_word' id='word_1_252' title='bbox 2144 1005 2313 1060; x_wconf 87' lang='lat' dir='ltr'><strong>licitis</strong></span> <span class='ocrx_word' id='word_1_253' title='bbox 2343 1007 2681 1062; x_wconf 82' lang='lat' dir='ltr'><strong>abstinebat.</strong></span> 
     </span>
    </p>
   </div>
   <div class='ocr_carea' id='block_1_37' title="bbox 2217 1096 3809 1168">
    <p class='ocr_par' dir='ltr' id='par_1_37' title="bbox 2217 1096 3809 1168">
     <span class='ocr_line' id='line_1_37' title="bbox 2217 1096 3809 1168; baseline 0.003 -21"><span class='ocrx_word' id='word_1_254' title='bbox 2217 1096 2377 1149; x_wconf 79' lang='lat' dir='ltr'><strong>Vens.</strong></span> <span class='ocrx_word' id='word_1_255' title='bbox 2429 1099 2518 1150; x_wconf 82' lang='lat' dir='ltr'><strong>2t.</strong></span> <span class='ocrx_word' id='word_1_256' title='bbox 2563 1125 2635 1136; x_wconf 94' lang='lat'><strong>—</strong></span> <span class='ocrx_word' id='word_1_257' title='bbox 2679 1098 3064 1151; x_wconf 83' lang='lat' dir='ltr'><strong>Verumtamen</strong></span> <span class='ocrx_word' id='word_1_258' title='bbox 3118 1113 3288 1168; x_wconf 89' lang='lat' dir='ltr'><strong>usque</strong></span> <span class='ocrx_word' id='word_1_259' title='bbox 3336 1099 3410 1152; x_wconf 89' lang='lat' dir='ltr'><strong>ad</strong></span> <span class='ocrx_word' id='word_1_260' title='bbox 3460 1104 3565 1153; x_wconf 85' lang='lat' dir='ltr'><strong>tres</strong></span> <span class='ocrx_word' id='word_1_261' title='bbox 3610 1100 3809 1168; x_wconf 82' lang='lat' dir='ltr'><strong>primos.</strong></span> 
     </span>
    </p>
   </div>
   <div class='ocr_carea' id='block_1_38' title="bbox 2148 1183 3816 1259">
    <p class='ocr_par' dir='ltr' id='par_1_38' title="bbox 2148 1183 3816 1259">
     <span class='ocr_line' id='line_1_38' title="bbox 2148 1183 3816 1259; baseline 0.002 -23"><span class='ocrx_word' id='word_1_262' title='bbox 2148 1183 2245 1237; x_wconf 86' lang='lat' dir='ltr'><strong>Hic</strong></span> <span class='ocrx_word' id='word_1_263' title='bbox 2300 1189 2540 1254; x_wconf 86' lang='lat' dir='ltr'><strong>apparet</strong></span> <span class='ocrx_word' id='word_1_264' title='bbox 2594 1186 2745 1256; x_wconf 90' lang='lat' dir='ltr'><strong>quod</strong></span> <span class='ocrx_word' id='word_1_265' title='bbox 2798 1185 2991 1240; x_wconf 81' lang='lat' dir='ltr'><strong>Abisai</strong></span> <span class='ocrx_word' id='word_1_266' title='bbox 3041 1186 3309 1259; x_wconf 89' lang='lat' dir='ltr'><strong>princeps</strong></span> <span class='ocrx_word' id='word_1_267' title='bbox 3359 1192 3481 1241; x_wconf 91' lang='lat' dir='ltr'><strong>erat</strong></span> <span class='ocrx_word' id='word_1_268' title='bbox 3534 1188 3677 1240; x_wconf 90' lang='lat' dir='ltr'><strong>inter</strong></span> <span class='ocrx_word' id='word_1_269' title='bbox 3721 1192 3816 1240; x_wconf 90' lang='lat' dir='ltr'><strong>tres</strong></span> 
     </span>
    </p>
   </div>
   <div class='ocr_carea' id='block_1_39' title="bbox 2146 1273 3814 1347">
    <p class='ocr_par' dir='ltr' id='par_1_39' title="bbox 2146 1273 3814 1347">
     <span class='ocr_line' id='line_1_39' title="bbox 2146 1273 3814 1347; baseline 0.003 -22"><span class='ocrx_word' id='word_1_270' title='bbox 2146 1278 2464 1342; x_wconf 86' lang='lat' dir='ltr'><strong>sequentes.</strong></span> <span class='ocrx_word' id='word_1_271' title='bbox 2521 1273 2629 1328; x_wconf 91' lang='lat' dir='ltr'><strong>Sed</strong></span> <span class='ocrx_word' id='word_1_272' title='bbox 2679 1274 2747 1328; x_wconf 90' lang='lat' dir='ltr'><strong>ad</strong></span> <span class='ocrx_word' id='word_1_273' title='bbox 2804 1279 2932 1337; x_wconf 70' lang='lat' dir='ltr'><strong>tres</strong></span> <span class='ocrx_word' id='word_1_274' title='bbox 2970 1275 3190 1345; x_wconf 86' lang='lat' dir='ltr'><strong>primos</strong></span> <span class='ocrx_word' id='word_1_275' title='bbox 3240 1292 3359 1331; x_wconf 90' lang='lat' dir='ltr'><strong>non</strong></span> <span class='ocrx_word' id='word_1_276' title='bbox 3406 1275 3681 1347; x_wconf 85' lang='lat' dir='ltr'><strong>pervenit,</strong></span> <span class='ocrx_word' id='word_1_277' title='bbox 3717 1277 3814 1330; x_wconf 83' lang='lat' dir='ltr'><strong>les-</strong></span> 
     </span>
    </p>
   </div>
   <div class='ocr_carea' id='block_1_40' title="bbox 2145 1360 3087 1427">
    <p class='ocr_par' dir='ltr' id='par_1_40' title="bbox 2145 1360 3087 1427">
     <span class='ocr_line' id='line_1_40' title="bbox 2145 1360 3087 1427; baseline 0.005 -14"><span class='ocrx_word' id='word_1_278' title='bbox 2145 1360 2332 1427; x_wconf 85' lang='lat' dir='ltr'><strong>baam,</strong></span> <span class='ocrx_word' id='word_1_279' title='bbox 2360 1363 2690 1416; x_wconf 86' lang='lat' dir='ltr'><strong>Eleazarum</strong></span> <span class='ocrx_word' id='word_1_280' title='bbox 2720 1367 2777 1417; x_wconf 87' lang='lat' dir='ltr'><strong>et</strong></span> <span class='ocrx_word' id='word_1_281' title='bbox 2803 1364 3087 1418; x_wconf 88' lang='lat' dir='ltr'><strong>Semmaa.</strong></span> 
     </span>
    </p>
   </div>
   <div class='ocr_carea' id='block_1_41' title="bbox 2216 1449 3815 1523">
    <p class='ocr_par' dir='ltr' id='par_1_41' title="bbox 2216 1449 3815 1523">
     <span class='ocr_line' id='line_1_41' title="bbox 2216 1449 3815 1523; baseline 0.001 -20"><span class='ocrx_word' id='word_1_282' title='bbox 2216 1449 2438 1519; x_wconf 85' lang='lat' dir='ltr'><strong>Mystice</strong></span> <span class='ocrx_word' id='word_1_283' title='bbox 2466 1454 2656 1504; x_wconf 90' lang='lat' dir='ltr'><strong>autem</strong></span> <span class='ocrx_word' id='word_1_284' title='bbox 2688 1451 3043 1520; x_wconf 90' lang='lat' dir='ltr'><strong>signiﬁcatur</strong></span> <span class='ocrx_word' id='word_1_285' title='bbox 3081 1452 3234 1523; x_wconf 90' lang='lat' dir='ltr'><strong>quod</strong></span> <span class='ocrx_word' id='word_1_286' title='bbox 3282 1469 3455 1507; x_wconf 90' lang='lat' dir='ltr'><strong>nemo</strong></span> <span class='ocrx_word' id='word_1_287' title='bbox 3498 1457 3815 1515; x_wconf 90' lang='lat' dir='ltr'><strong>sanctorum,</strong></span> 
     </span>
    </p>
   </div>
   <div class='ocr_carea' id='block_1_42' title="bbox 2146 1538 3819 1613">
    <p class='ocr_par' dir='ltr' id='par_1_42' title="bbox 2146 1538 3819 1613">
     <span class='ocr_line' id='line_1_42' title="bbox 2146 1538 3819 1613; baseline 0.002 -22"><span class='ocrx_word' id='word_1_288' title='bbox 2146 1538 2279 1592; x_wconf 82' lang='lat' dir='ltr'><strong>licet</strong></span> <span class='ocrx_word' id='word_1_289' title='bbox 2319 1539 2624 1593; x_wconf 89' lang='lat' dir='ltr'><strong>virtutibus</strong></span> <span class='ocrx_word' id='word_1_290' title='bbox 2677 1541 2949 1607; x_wconf 88' lang='lat' dir='ltr'><strong>emineat,</strong></span> <span class='ocrx_word' id='word_1_291' title='bbox 3003 1541 3073 1595; x_wconf 88' lang='lat' dir='ltr'><strong>ad</strong></span> <span class='ocrx_word' id='word_1_292' title='bbox 3134 1542 3525 1612; x_wconf 65' lang='lat' dir='ltr'><strong>aequalitatem</strong></span> <span class='ocrx_word' id='word_1_293' title='bbox 3577 1542 3819 1613; x_wconf 66' lang='lat' dir='ltr'><strong>potentiae</strong></span> 
     </span>
    </p>
   </div>
   <div class='ocr_carea' id='block_1_43' title="bbox 2148 1626 3817 1699">
    <p class='ocr_par' dir='ltr' id='par_1_43' title="bbox 2148 1626 3817 1699">
     <span class='ocr_line' id='line_1_43' title="bbox 2148 1626 3817 1699; baseline 0.001 -18"><span class='ocrx_word' id='word_1_294' title='bbox 2148 1626 2329 1681; x_wconf 87' lang='lat' dir='ltr'><strong>Patris</strong></span> <span class='ocrx_word' id='word_1_295' title='bbox 2354 1633 2411 1680; x_wconf 91' lang='lat' dir='ltr'><strong>et</strong></span> <span class='ocrx_word' id='word_1_296' title='bbox 2440 1627 2567 1681; x_wconf 85' lang='lat' dir='ltr'>Filii</span> <span class='ocrx_word' id='word_1_297' title='bbox 2597 1634 2652 1681; x_wconf 92' lang='lat' dir='ltr'><strong>et</strong></span> <span class='ocrx_word' id='word_1_298' title='bbox 2685 1628 2931 1699; x_wconf 90' lang='lat' dir='ltr'><strong>Spiritus</strong></span> <span class='ocrx_word' id='word_1_299' title='bbox 2963 1629 3145 1684; x_wconf 89' lang='lat' dir='ltr'><strong>sancti</strong></span> <span class='ocrx_word' id='word_1_300' title='bbox 3189 1631 3507 1699; x_wconf 85' lang='lat' dir='ltr'><strong>perveniat.</strong></span> <span class='ocrx_word' id='word_1_301' title='bbox 3543 1630 3817 1696; x_wconf 86' lang='lat' dir='ltr'><strong>Quoniam,</strong></span> 
     </span>
    </p>
   </div>
   <div class='ocr_carea' id='block_1_44' title="bbox 2148 1718 3601 1789">
    <p class='ocr_par' dir='ltr' id='par_1_44' title="bbox 2148 1718 3601 1789">
     <span class='ocr_line' id='line_1_44' title="bbox 2148 1718 3601 1789; baseline 0.004 -20"><span class='ocrx_word' id='word_1_302' title='bbox 2148 1719 2272 1786; x_wconf 83' lang='lat' dir='ltr'><strong>quis</strong></span> <span class='ocrx_word' id='word_1_303' title='bbox 2351 1719 2408 1771; x_wconf 86' lang='lat' dir='ltr'><strong>in</strong></span> <span class='ocrx_word' id='word_1_304' title='bbox 2460 1718 2693 1773; x_wconf 87' lang='lat' dir='ltr'><strong>nubibus</strong></span> <span class='ocrx_word' id='word_1_305' title='bbox 2767 1720 3077 1789; x_wconf 73' lang='lat' dir='ltr'><strong>aequabitur</strong></span> <span class='ocrx_word' id='word_1_306' title='bbox 3152 1723 3416 1776; x_wconf 82' lang='lat' dir='ltr'><strong>Domino?</strong></span> <span class='ocrx_word' id='word_1_307' title='bbox 3494 1726 3601 1775; x_wconf 89' lang='lat' dir='ltr'><strong>etc.</strong></span> 
     </span>
    </p>
   </div>
   <div class='ocr_carea' id='block_1_45' title="bbox 2147 1805 2445 1873">
    <p class='ocr_par' dir='ltr' id='par_1_45' title="bbox 2147 1805 2445 1873">
     <span class='ocr_line' id='line_1_45' title="bbox 2147 1805 2445 1873; baseline 0.003 -18"><span class='ocrx_word' id='word_1_308' title='bbox 2147 1805 2445 1873; x_wconf 83' lang='lat' dir='ltr'><strong>Lxxxvm.)</strong></span> 
     </span>
    </p>
   </div>
   <div class='ocr_carea' id='block_1_46' title="bbox 2219 1892 3823 1961">
    <p class='ocr_par' dir='ltr' id='par_1_46' title="bbox 2219 1892 3823 1961">
     <span class='ocr_line' id='line_1_46' title="bbox 2219 1892 3823 1961; baseline 0.002 -18"><span class='ocrx_word' id='word_1_309' title='bbox 2219 1892 2378 1945; x_wconf 75' lang='lat' dir='ltr'><strong>Vens.</strong></span> <span class='ocrx_word' id='word_1_310' title='bbox 2427 1894 2514 1945; x_wconf 88' lang='grc'>22.</span> <span class='ocrx_word' id='word_1_311' title='bbox 2558 1920 2631 1933; x_wconf 89' lang='grc'><strong>-</strong></span> <span class='ocrx_word' id='word_1_312' title='bbox 2674 1893 2833 1947; x_wconf 79' lang='lat' dir='ltr'><strong>Ariel</strong></span> <span class='ocrx_word' id='word_1_313' title='bbox 2868 1893 3046 1958; x_wconf 83' lang='lat' dir='ltr'><strong>Moab,</strong></span> <span class='ocrx_word' id='word_1_314' title='bbox 3096 1892 3155 1947; x_wconf 91' lang='lat' dir='ltr'><strong>id</strong></span> <span class='ocrx_word' id='word_1_315' title='bbox 3203 1898 3287 1947; x_wconf 86' lang='lat' dir='ltr'><strong>est</strong></span> <span class='ocrx_word' id='word_1_316' title='bbox 3328 1894 3553 1961; x_wconf 88' lang='lat' dir='ltr'><strong>leones,</strong></span> <span class='ocrx_word' id='word_1_317' title='bbox 3600 1893 3736 1948; x_wconf 91' lang='lat' dir='ltr'><strong>sicut</strong></span> <span class='ocrx_word' id='word_1_318' title='bbox 3772 1893 3823 1946; x_wconf 87' lang='lat' dir='ltr'>in</span> 
     </span>
    </p>
   </div>
   <div class='ocr_carea' id='block_1_47' title="bbox 2147 1980 3821 2053">
    <p class='ocr_par' dir='ltr' id='par_1_47' title="bbox 2147 1980 3821 2053">
     <span class='ocr_line' id='line_1_47' title="bbox 2147 1980 3821 2053; baseline 0.001 -21"><span class='ocrx_word' id='word_1_319' title='bbox 2147 1980 2365 2049; x_wconf 84' lang='lat' dir='ltr'><strong>Regum</strong></span> <span class='ocrx_word' id='word_1_320' title='bbox 2418 1980 2645 2047; x_wconf 90' lang='lat' dir='ltr'><strong>dicitur,</strong></span> <span class='ocrx_word' id='word_1_321' title='bbox 2709 1981 2861 2036; x_wconf 89' lang='lat' dir='ltr'><strong>viros</strong></span> <span class='ocrx_word' id='word_1_322' title='bbox 2918 1983 3134 2037; x_wconf 80' lang='lat' dir='ltr'><strong>scilicet</strong></span> <span class='ocrx_word' id='word_1_323' title='bbox 3178 1982 3523 2038; x_wconf 89' lang='lat' dir='ltr'><strong>fortissimos</strong></span> <span class='ocrx_word' id='word_1_324' title='bbox 3570 1984 3629 2037; x_wconf 90' lang='lat' dir='ltr'><strong>in</strong></span> <span class='ocrx_word' id='word_1_325' title='bbox 3668 2000 3821 2053; x_wconf 87' lang='lat' dir='ltr'><strong>regno</strong></span> 
     </span>
    </p>
   </div>
   <div class='ocr_carea' id='block_1_48' title="bbox 2146 2069 2863 2139">
    <p class='ocr_par' dir='ltr' id='par_1_48' title="bbox 2146 2069 2863 2139">
     <span class='ocr_line' id='line_1_48' title="bbox 2146 2069 2863 2139; baseline 0.004 -18"><span class='ocrx_word' id='word_1_326' title='bbox 2146 2069 2307 2122; x_wconf 83' lang='lat' dir='ltr'><strong>Moab</strong></span> <span class='ocrx_word' id='word_1_327' title='bbox 2337 2073 2613 2139; x_wconf 89' lang='lat' dir='ltr'><strong>tanquam</strong></span> <span class='ocrx_word' id='word_1_328' title='bbox 2646 2070 2863 2124; x_wconf 87' lang='lat' dir='ltr'><strong>leones.</strong></span> 
     </span>
    </p>
   </div>
   <div class='ocr_carea' id='block_1_49' title="bbox 2216 2159 3822 2223">
    <p class='ocr_par' dir='ltr' id='par_1_49' title="bbox 2216 2159 3822 2223">
     <span class='ocr_line' id='line_1_49' title="bbox 2216 2159 3822 2223; baseline 0 -12"><span class='ocrx_word' id='word_1_329' title='bbox 2216 2160 2492 2223; x_wconf 83' lang='lat' dir='ltr'><strong>Interfecit</strong></span> <span class='ocrx_word' id='word_1_330' title='bbox 2539 2159 2756 2213; x_wconf 81' lang='lat' dir='ltr'><strong>leonem.</strong></span> <span class='ocrx_word' id='word_1_331' title='bbox 2808 2159 3077 2212; x_wconf 71' lang='lat' dir='ltr'><strong>Hebrzeus</strong></span> <span class='ocrx_word' id='word_1_332' title='bbox 3124 2159 3277 2213; x_wconf 89' lang='lat' dir='ltr'><strong>hunc</strong></span> <span class='ocrx_word' id='word_1_333' title='bbox 3308 2160 3535 2214; x_wconf 87' lang='lat' dir='ltr'><strong>leonem</strong></span> <span class='ocrx_word' id='word_1_334' title='bbox 3579 2160 3713 2214; x_wconf 84' lang='lat' dir='ltr'><strong>Joab</strong></span> <span class='ocrx_word' id='word_1_335' title='bbox 3741 2176 3822 2211; x_wconf 90' lang='lat' dir='ltr'><strong>ar-</strong></span> 
     </span>
    </p>
   </div>
   <div class='ocr_carea' id='block_1_50' title="bbox 2146 2244 3824 2315">
    <p class='ocr_par' dir='ltr' id='par_1_50' title="bbox 2146 2244 3824 2315">
     <span class='ocr_line' id='line_1_50' title="bbox 2146 2244 3824 2315; baseline 0.001 -19"><span class='ocrx_word' id='word_1_336' title='bbox 2146 2244 2409 2310; x_wconf 89' lang='lat' dir='ltr'><strong>bitratur,</strong></span> <span class='ocrx_word' id='word_1_337' title='bbox 2438 2245 2538 2315; x_wconf 89' lang='lat' dir='ltr'><strong>qui</strong></span> <span class='ocrx_word' id='word_1_338' title='bbox 2569 2246 2629 2298; x_wconf 90' lang='lat' dir='ltr'><strong>in</strong></span> <span class='ocrx_word' id='word_1_339' title='bbox 2668 2246 2840 2299; x_wconf 91' lang='lat' dir='ltr'><strong>domo</strong></span> <span class='ocrx_word' id='word_1_340' title='bbox 2881 2247 3110 2300; x_wconf 87' lang='lat' dir='ltr'><strong>Domini</strong></span> <span class='ocrx_word' id='word_1_341' title='bbox 3141 2252 3342 2301; x_wconf 88' lang='lat' dir='ltr'><strong>tenens</strong></span> <span class='ocrx_word' id='word_1_342' title='bbox 3384 2264 3601 2303; x_wconf 86' lang='lat' dir='ltr'><strong>cornua</strong></span> <span class='ocrx_word' id='word_1_343' title='bbox 3654 2248 3824 2301; x_wconf 85' lang='lat' dir='ltr'><strong>altaris</strong></span> 
     </span>
    </p>
   </div>
   <div class='ocr_carea' id='block_1_51' title="bbox 2146 2334 3826 2408">
    <p class='ocr_par' dir='ltr' id='par_1_51' title="bbox 2146 2334 3826 2408">
     <span class='ocr_line' id='line_1_51' title="bbox 2146 2334 3826 2408; baseline 0.001 -21"><span class='ocrx_word' id='word_1_344' title='bbox 2146 2334 2361 2387; x_wconf 89' lang='lat' dir='ltr'><strong>occisus</strong></span> <span class='ocrx_word' id='word_1_345' title='bbox 2403 2339 2508 2388; x_wconf 89' lang='lat' dir='ltr'><strong>est.</strong></span> <span class='ocrx_word' id='word_1_346' title='bbox 2555 2335 2746 2390; x_wconf 83' lang='lat' dir='ltr'><strong>Altare</strong></span> <span class='ocrx_word' id='word_1_347' title='bbox 2795 2336 2951 2389; x_wconf 91' lang='lat' dir='ltr'><strong>enim</strong></span> <span class='ocrx_word' id='word_1_348' title='bbox 2985 2336 3233 2389; x_wconf 89' lang='lat' dir='ltr'><strong>cisterna</strong></span> <span class='ocrx_word' id='word_1_349' title='bbox 3271 2336 3498 2402; x_wconf 76' lang='lat' dir='ltr'><strong>dieitur,</strong></span> <span class='ocrx_word' id='word_1_350' title='bbox 3540 2338 3675 2408; x_wconf 86' lang='lat' dir='ltr'><strong>quia</strong></span> <span class='ocrx_word' id='word_1_351' title='bbox 3701 2337 3826 2390; x_wconf 89' lang='lat' dir='ltr'><strong>sicut</strong></span> 
     </span>
    </p>
   </div>
   <div class='ocr_carea' id='block_1_52' title="bbox 2145 2422 3822 2492">
    <p class='ocr_par' dir='ltr' id='par_1_52' title="bbox 2145 2422 3822 2492">
     <span class='ocr_line' id='line_1_52' title="bbox 2145 2422 3822 2492; baseline 0 -17"><span class='ocrx_word' id='word_1_352' title='bbox 2145 2439 2294 2492; x_wconf 87' lang='lat' dir='ltr'><strong>aqua</strong></span> <span class='ocrx_word' id='word_1_353' title='bbox 2323 2422 2581 2476; x_wconf 64' lang='lat' dir='ltr'><strong>cisternae</strong></span> <span class='ocrx_word' id='word_1_354' title='bbox 2612 2424 2869 2491; x_wconf 88' lang='lat' dir='ltr'><strong>mundat,</strong></span> <span class='ocrx_word' id='word_1_355' title='bbox 2894 2424 2974 2479; x_wconf 92' lang='lat' dir='ltr'><strong>ita</strong></span> <span class='ocrx_word' id='word_1_356' title='bbox 2999 2425 3387 2479; x_wconf 89' lang='lat' dir='ltr'><strong>sanctuarium</strong></span> <span class='ocrx_word' id='word_1_357' title='bbox 3416 2425 3519 2480; x_wconf 85' lang='lat' dir='ltr'><strong>Dei</strong></span> <span class='ocrx_word' id='word_1_358' title='bbox 3552 2425 3822 2480; x_wconf 87' lang='lat' dir='ltr'><strong>hominum</strong></span> 
     </span>
    </p>
   </div>
   <div class='ocr_carea' id='block_1_53' title="bbox 2146 2511 2608 2581">
    <p class='ocr_par' dir='ltr' id='par_1_53' title="bbox 2146 2511 2608 2581">
     <span class='ocr_line' id='line_1_53' title="bbox 2146 2511 2608 2581; baseline 0.002 -17"><span class='ocrx_word' id='word_1_359' title='bbox 2146 2511 2333 2581; x_wconf 90' lang='lat' dir='ltr'><strong>expiat</strong></span> <span class='ocrx_word' id='word_1_360' title='bbox 2360 2517 2608 2581; x_wconf 89' lang='lat' dir='ltr'><strong>peccata.</strong></span> 
     </span>
    </p>
   </div>
   <div class='ocr_carea' id='block_1_54' title="bbox 3677 1721 3819 1790">
    <p class='ocr_par' dir='ltr' id='par_1_54' title="bbox 3677 1721 3819 1790">
     <span class='ocr_line' id='line_1_54' title="bbox 3677 1721 3819 1790; baseline -0.007 -16"><span class='ocrx_word' id='word_1_361' title='bbox 3677 1721 3819 1790; x_wconf 85' lang='lat' dir='ltr'><strong>(Psal.</strong></span> 
     </span>
    </p>
   </div>
   <div class='ocr_carea' id='block_1_55' title="bbox 2218 2600 3829 2672">
    <p class='ocr_par' dir='ltr' id='par_1_55' title="bbox 2218 2600 3829 2672">
     <span class='ocr_line' id='line_1_55' title="bbox 2218 2600 3829 2672; baseline 0.002 -20"><span class='ocrx_word' id='word_1_362' title='bbox 2218 2601 2405 2668; x_wconf 75' lang='grc' dir='ltr'><strong>(ΗΑΒ.)</strong></span> <span class='ocrx_word' id='word_1_363' title='bbox 2441 2600 2620 2663; x_wconf 86' lang='lat' dir='ltr'><strong>Quem</strong></span> <span class='ocrx_word' id='word_1_364' title='bbox 2644 2601 2790 2655; x_wconf 88' lang='lat' dir='ltr'><strong>liber</strong></span> <span class='ocrx_word' id='word_1_365' title='bbox 2806 2602 3050 2672; x_wconf 83' lang='lat' dir='ltr'><strong>Regum,</strong></span> <span class='ocrx_word' id='word_1_366' title='bbox 3082 2605 3213 2669; x_wconf 89' lang='lat' dir='ltr'><strong>etc.,</strong></span> <span class='ocrx_word' id='word_1_367' title='bbox 3243 2617 3413 2671; x_wconf 86' lang='lat' dir='ltr'><strong>usque</strong></span> <span class='ocrx_word' id='word_1_368' title='bbox 3440 2602 3519 2656; x_wconf 82' lang='lat' dir='ltr'><strong>ad</strong></span> <span class='ocrx_word' id='word_1_369' title='bbox 3547 2607 3603 2658; x_wconf 90' lang='lat' dir='ltr'><strong>et</strong></span> <span class='ocrx_word' id='word_1_370' title='bbox 3630 2603 3829 2657; x_wconf 86' lang='lat' dir='ltr'><strong>hastam</strong></span> 
     </span>
    </p>
   </div>
   <div class='ocr_carea' id='block_1_56' title="bbox 2146 2690 3215 2761">
    <p class='ocr_par' dir='ltr' id='par_1_56' title="bbox 2146 2690 3215 2761">
     <span class='ocr_line' id='line_1_56' title="bbox 2146 2690 3215 2761; baseline 0.002 -20"><span class='ocrx_word' id='word_1_371' title='bbox 2146 2704 2320 2761; x_wconf 90' lang='lat' dir='ltr'><strong>quam</strong></span> <span class='ocrx_word' id='word_1_372' title='bbox 2347 2705 2463 2742; x_wconf 92' lang='lat' dir='ltr'><strong>non</strong></span> <span class='ocrx_word' id='word_1_373' title='bbox 2494 2693 2645 2743; x_wconf 91' lang='lat' dir='ltr'><strong>recte</strong></span> <span class='ocrx_word' id='word_1_374' title='bbox 2678 2690 2929 2756; x_wconf 88' lang='lat' dir='ltr'><strong>tenebat,</strong></span> <span class='ocrx_word' id='word_1_375' title='bbox 2963 2690 3215 2743; x_wconf 81' lang='lat' dir='ltr'><strong>extorsit.</strong></span> 
     </span>
    </p>
   </div>
   <div class='ocr_carea' id='block_1_57' title="bbox 2220 2777 3830 2849">
    <p class='ocr_par' dir='ltr' id='par_1_57' title="bbox 2220 2777 3830 2849">
     <span class='ocr_line' id='line_1_57' title="bbox 2220 2777 3830 2849; baseline -0.001 -18"><span class='ocrx_word' id='word_1_376' title='bbox 2220 2780 2472 2847; x_wconf 87' lang='lat' dir='ltr'><strong>Tempore</strong></span> <span class='ocrx_word' id='word_1_377' title='bbox 2537 2780 2699 2832; x_wconf 84' lang='lat' dir='ltr'><strong>nivis.</strong></span> <span class='ocrx_word' id='word_1_378' title='bbox 2771 2777 2895 2842; x_wconf 86' lang='lat' dir='ltr'><strong>Qua</strong></span> <span class='ocrx_word' id='word_1_379' title='bbox 2941 2783 3128 2848; x_wconf 87' lang='lat' dir='ltr'><strong>potest</strong></span> <span class='ocrx_word' id='word_1_380' title='bbox 3186 2777 3370 2849; x_wconf 90' lang='lat' dir='ltr'><strong>gratia</strong></span> <span class='ocrx_word' id='word_1_381' title='bbox 3430 2778 3658 2841; x_wconf 89' lang='lat' dir='ltr'><strong>Christi,</strong></span> <span class='ocrx_word' id='word_1_382' title='bbox 3715 2794 3830 2848; x_wconf 66' lang='lat' dir='ltr'><strong>quae</strong></span> 
     </span>
    </p>
   </div>
   <div class='ocr_carea' id='block_1_58' title="bbox 2145 2865 3833 2938">
    <p class='ocr_par' dir='ltr' id='par_1_58' title="bbox 2145 2865 3833 2938">
     <span class='ocr_line' id='line_1_58' title="bbox 2145 2865 3833 2938; baseline 0.001 -20"><span class='ocrx_word' id='word_1_383' title='bbox 2145 2865 2361 2919; x_wconf 91' lang='lat' dir='ltr'><strong>mundo</strong></span> <span class='ocrx_word' id='word_1_384' title='bbox 2412 2865 2785 2935; x_wconf 84' lang='lat' dir='ltr'><strong>resplenduit,</strong></span> <span class='ocrx_word' id='word_1_385' title='bbox 2836 2872 2892 2919; x_wconf 90' lang='lat' dir='ltr'><strong>et</strong></span> <span class='ocrx_word' id='word_1_386' title='bbox 2930 2866 3115 2936; x_wconf 88' lang='lat' dir='ltr'><strong>frigus</strong></span> <span class='ocrx_word' id='word_1_387' title='bbox 3156 2866 3468 2932; x_wconf 89' lang='lat' dir='ltr'><strong>charitatis,</strong></span> <span class='ocrx_word' id='word_1_388' title='bbox 3522 2884 3639 2938; x_wconf 88' lang='lat' dir='ltr'><strong>quo</strong></span> <span class='ocrx_word' id='word_1_389' title='bbox 3683 2866 3833 2920; x_wconf 87' lang='lat' dir='ltr'><strong>refri-</strong></span> 
     </span>
    </p>
   </div>
   <div class='ocr_carea' id='block_1_59' title="bbox 333 2949 3838 3026">
    <p class='ocr_par' dir='ltr' id='par_1_59' title="bbox 333 2949 3838 3026">
     <span class='ocr_line' id='line_1_59' title="bbox 333 2949 3838 3026; baseline 0.001 -23"><span class='ocrx_word' id='word_1_390' title='bbox 333 2950 528 3003; x_wconf 89' lang='lat' dir='ltr'><strong>anima</strong></span> <span class='ocrx_word' id='word_1_391' title='bbox 578 2949 829 3021; x_wconf 84' lang='lat' dir='ltr'><strong>expellit,</strong></span> <span class='ocrx_word' id='word_1_392' title='bbox 888 2950 1225 3004; x_wconf 89' lang='lat' dir='ltr'><strong>illuminans</strong></span> <span class='ocrx_word' id='word_1_393' title='bbox 1281 2968 1408 3005; x_wconf 90' lang='lat' dir='ltr'><strong>eam</strong></span> <span class='ocrx_word' id='word_1_394' title='bbox 1468 2951 1769 3021; x_wconf 90' lang='lat' dir='ltr'><strong>sapientia,</strong></span> <span class='ocrx_word' id='word_1_395' title='bbox 1829 2952 2034 3006; x_wconf 86' lang='lat' dir='ltr'><strong>merito</strong></span> <span class='ocrx_word' id='word_1_396' title='bbox 2068 2963 2109 3018; x_wconf 72' lang='grc' dir='ltr'><strong>ρ</strong></span> <span class='ocrx_word' id='word_1_397' title='bbox 2148 2959 2382 3023; x_wconf 90' lang='lat' dir='ltr'><strong>gescunt</strong></span> <span class='ocrx_word' id='word_1_398' title='bbox 2427 2954 2711 3020; x_wconf 90' lang='lat' dir='ltr'><strong>homines,</strong></span> <span class='ocrx_word' id='word_1_399' title='bbox 2758 2953 3085 3024; x_wconf 87' lang='lat' dir='ltr'><strong>signiﬁcari.</strong></span> <span class='ocrx_word' id='word_1_400' title='bbox 3136 2954 3376 3009; x_wconf 86' lang='lat' dir='ltr'><strong>Bauaias</strong></span> <span class='ocrx_word' id='word_1_401' title='bbox 3406 2972 3564 3025; x_wconf 91' lang='lat' dir='ltr'><strong>vero,</strong></span> <span class='ocrx_word' id='word_1_402' title='bbox 3593 2955 3838 3026; x_wconf 55' lang='lat' dir='ltr'><strong>quiedi-</strong></span> 
     </span>
    </p>
   </div>
   <div class='ocr_carea' id='block_1_60' title="bbox 333 3038 2031 3110">
    <p class='ocr_par' dir='ltr' id='par_1_60' title="bbox 333 3038 2031 3110">
     <span class='ocr_line' id='line_1_60' title="bbox 333 3038 2031 3110; baseline 0.001 -18"><span class='ocrx_word' id='word_1_403' title='bbox 333 3054 434 3093; x_wconf 85' lang='lat' dir='ltr'><strong>arx</strong></span> <span class='ocrx_word' id='word_1_404' title='bbox 461 3038 618 3104; x_wconf 90' lang='lat' dir='ltr'><strong>Sion,</strong></span> <span class='ocrx_word' id='word_1_405' title='bbox 643 3038 700 3091; x_wconf 93' lang='lat' dir='ltr'><strong>id</strong></span> <span class='ocrx_word' id='word_1_406' title='bbox 746 3044 830 3091; x_wconf 87' lang='lat' dir='ltr'><strong>est</strong></span> <span class='ocrx_word' id='word_1_407' title='bbox 873 3039 1278 3108; x_wconf 84' lang='lat' dir='ltr'><strong>speculationis</strong></span> <span class='ocrx_word' id='word_1_408' title='bbox 1320 3045 1375 3093; x_wconf 89' lang='lat' dir='ltr'><strong>et</strong></span> <span class='ocrx_word' id='word_1_409' title='bbox 1420 3040 1563 3093; x_wconf 90' lang='lat' dir='ltr'><strong>visio</strong></span> <span class='ocrx_word' id='word_1_410' title='bbox 1590 3040 1747 3110; x_wconf 89' lang='lat' dir='ltr'><strong>pacis</strong></span> <span class='ocrx_word' id='word_1_411' title='bbox 1778 3045 2031 3105; x_wconf 84' lang='lat' dir='ltr'><strong>vocatur,</strong></span> 
     </span>
    </p>
   </div>
   <div class='ocr_carea' id='block_1_61' title="bbox 334 3126 2037 3197">
    <p class='ocr_par' dir='ltr' id='par_1_61' title="bbox 334 3126 2037 3197">
     <span class='ocr_line' id='line_1_61' title="bbox 334 3126 2037 3197; baseline 0.001 -16"><span class='ocrx_word' id='word_1_412' title='bbox 334 3127 404 3182; x_wconf 91' lang='lat' dir='ltr'><strong>de</strong></span> <span class='ocrx_word' id='word_1_413' title='bbox 461 3143 575 3197; x_wconf 85' lang='lat' dir='ltr'><strong>qua</strong></span> <span class='ocrx_word' id='word_1_414' title='bbox 636 3131 785 3180; x_wconf 90' lang='lat' dir='ltr'><strong>recte</strong></span> <span class='ocrx_word' id='word_1_415' title='bbox 845 3126 1055 3181; x_wconf 89' lang='lat' dir='ltr'><strong>dicitur</strong></span> <span class='ocrx_word' id='word_1_416' title='bbox 1108 3129 1252 3197; x_wconf 89' lang='lat' dir='ltr'><strong>psal.</strong></span> <span class='ocrx_word' id='word_1_417' title='bbox 1319 3145 1457 3182; x_wconf 83' lang='lat' dir='ltr'><strong>Lxxv</strong></span> <span class='ocrx_word' id='word_1_418' title='bbox 1507 3146 1520 3183; x_wconf 91' lang='lat'>:</span> <span class='ocrx_word' id='word_1_419' title='bbox 1576 3131 1684 3187; x_wconf 86' lang='lat' dir='ltr'><strong>Nos</strong></span> <span class='ocrx_word' id='word_1_420' title='bbox 1733 3132 1791 3183; x_wconf 85' lang='lat' dir='ltr'><strong>in</strong></span> <span class='ocrx_word' id='word_1_421' title='bbox 1846 3130 2037 3184; x_wconf 72' lang='lat' dir='ltr'><strong>Judzea</strong></span> 
     </span>
    </p>
   </div>
   <div class='ocr_carea' id='block_1_62' title="bbox 334 3216 2038 3287">
    <p class='ocr_par' dir='ltr' id='par_1_62' title="bbox 334 3216 2038 3287">
     <span class='ocr_line' id='line_1_62' title="bbox 334 3216 2038 3287; baseline 0.002 -18"><span class='ocrx_word' id='word_1_422' title='bbox 334 3218 491 3283; x_wconf 87' lang='lat' dir='ltr'><strong>Deus,</strong></span> <span class='ocrx_word' id='word_1_423' title='bbox 526 3219 577 3269; x_wconf 87' lang='lat' dir='ltr'><strong>et</strong></span> <span class='ocrx_word' id='word_1_424' title='bbox 614 3218 672 3268; x_wconf 86' lang='lat' dir='ltr'><strong>in</strong></span> <span class='ocrx_word' id='word_1_425' title='bbox 706 3216 881 3269; x_wconf 83' lang='lat' dir='ltr'><strong>Israel</strong></span> <span class='ocrx_word' id='word_1_426' title='bbox 925 3231 1184 3283; x_wconf 88' lang='lat' dir='ltr'><strong>magnum</strong></span> <span class='ocrx_word' id='word_1_427' title='bbox 1230 3233 1419 3271; x_wconf 83' lang='lat' dir='ltr'><strong>nomen</strong></span> <span class='ocrx_word' id='word_1_428' title='bbox 1467 3220 1600 3287; x_wconf 86' lang='lat' dir='ltr'><strong>ejus.</strong></span> <span class='ocrx_word' id='word_1_429' title='bbox 1650 3221 1723 3273; x_wconf 88' lang='lat' dir='ltr'><strong>Et</strong></span> <span class='ocrx_word' id='word_1_430' title='bbox 1750 3221 1930 3285; x_wconf 87' lang='lat' dir='ltr'><strong>factus</strong></span> <span class='ocrx_word' id='word_1_431' title='bbox 1959 3224 2038 3273; x_wconf 88' lang='lat' dir='ltr'><strong>est</strong></span> 
     </span>
    </p>
   </div>
   <div class='ocr_carea' id='block_1_63' title="bbox 334 3300 899 3369">
    <p class='ocr_par' dir='ltr' id='par_1_63' title="bbox 334 3300 899 3369">
     <span class='ocr_line' id='line_1_63' title="bbox 334 3300 899 3369; baseline -0.002 -17"><span class='ocrx_word' id='word_1_432' title='bbox 334 3303 394 3353; x_wconf 86' lang='lat' dir='ltr'><strong>in</strong></span> <span class='ocrx_word' id='word_1_433' title='bbox 420 3314 555 3369; x_wconf 84' lang='lat' dir='ltr'><strong>pace</strong></span> <span class='ocrx_word' id='word_1_434' title='bbox 585 3301 726 3353; x_wconf 82' lang='lat' dir='ltr'><strong>locus</strong></span> <span class='ocrx_word' id='word_1_435' title='bbox 760 3300 899 3367; x_wconf 84' lang='lat' dir='ltr'><strong>ejus.</strong></span> 
     </span>
    </p>
   </div>
   <div class='ocr_carea' id='block_1_64' title="bbox 406 3387 2033 3458">
    <p class='ocr_par' dir='ltr' id='par_1_64' title="bbox 406 3387 2033 3458">
     <span class='ocr_line' id='line_1_64' title="bbox 406 3387 2033 3458; baseline 0.005 -19"><span class='ocrx_word' id='word_1_436' title='bbox 406 3388 568 3441; x_wconf 80' lang='lat' dir='ltr'><strong>Vens.</strong></span> <span class='ocrx_word' id='word_1_437' title='bbox 617 3389 667 3439; x_wconf 89' lang='lat'><strong>8.</strong></span> <span class='ocrx_word' id='word_1_438' title='bbox 727 3415 791 3427; x_wconf 91' lang='lat'><strong>—</strong></span> <span class='ocrx_word' id='word_1_439' title='bbox 840 3387 987 3441; x_wconf 91' lang='lat' dir='ltr'><strong>Joab</strong></span> <span class='ocrx_word' id='word_1_440' title='bbox 1045 3393 1224 3443; x_wconf 87' lang='lat' dir='ltr'><strong>autem</strong></span> <span class='ocrx_word' id='word_1_441' title='bbox 1277 3392 1491 3458; x_wconf 86' lang='lat' dir='ltr'><strong>reliqua</strong></span> <span class='ocrx_word' id='word_1_442' title='bbox 1544 3391 1696 3445; x_wconf 89' lang='lat' dir='ltr'><strong>urbis</strong></span> <span class='ocrx_word' id='word_1_443' title='bbox 1737 3395 2033 3447; x_wconf 61' lang='lat' dir='ltr'><strong>exstruit.</strong></span> 
     </span>
    </p>
   </div>
   <div class='ocr_carea' id='block_1_65' title="bbox 335 3474 2035 3534">
    <p class='ocr_par' dir='ltr' id='par_1_65' title="bbox 335 3474 2035 3534">
     <span class='ocr_line' id='line_1_65' title="bbox 335 3474 2035 3534; baseline 0.003 -5"><span class='ocrx_word' id='word_1_444' title='bbox 335 3477 443 3529; x_wconf 88' lang='lat' dir='ltr'><strong>Per</strong></span> <span class='ocrx_word' id='word_1_445' title='bbox 470 3474 809 3529; x_wconf 88' lang='lat' dir='ltr'><strong>industriam</strong></span> <span class='ocrx_word' id='word_1_446' title='bbox 860 3475 1013 3528; x_wconf 90' lang='lat' dir='ltr'><strong>enim</strong></span> <span class='ocrx_word' id='word_1_447' title='bbox 1056 3476 1255 3530; x_wconf 88' lang='lat' dir='ltr'><strong>militis</strong></span> <span class='ocrx_word' id='word_1_448' title='bbox 1302 3478 1587 3532; x_wconf 88' lang='lat' dir='ltr'><strong>civitatem</strong></span> <span class='ocrx_word' id='word_1_449' title='bbox 1634 3479 1899 3534; x_wconf 88' lang='lat' dir='ltr'><strong>munivit.</strong></span> <span class='ocrx_word' id='word_1_450' title='bbox 1936 3482 2035 3534; x_wconf 89' lang='lat' dir='ltr'><strong>Jo-</strong></span> 
     </span>
    </p>
   </div>
   <div class='ocr_carea' id='block_1_66' title="bbox 336 3562 2037 3635">
    <p class='ocr_par' dir='ltr' id='par_1_66' title="bbox 336 3562 2037 3635">
     <span class='ocr_line' id='line_1_66' title="bbox 336 3562 2037 3635; baseline 0.004 -19"><span class='ocrx_word' id='word_1_451' title='bbox 336 3562 545 3633; x_wconf 90' lang='lat' dir='ltr'><strong>sephus</strong></span> <span class='ocrx_word' id='word_1_452' title='bbox 584 3566 779 3615; x_wconf 87' lang='lat' dir='ltr'><strong>tamen</strong></span> <span class='ocrx_word' id='word_1_453' title='bbox 809 3562 947 3616; x_wconf 89' lang='lat' dir='ltr'><strong>dicit</strong></span> <span class='ocrx_word' id='word_1_454' title='bbox 991 3564 1167 3618; x_wconf 90' lang='lat' dir='ltr'><strong>David</strong></span> <span class='ocrx_word' id='word_1_455' title='bbox 1214 3565 1566 3635; x_wconf 87' lang='lat' dir='ltr'><strong>superiorem</strong></span> <span class='ocrx_word' id='word_1_456' title='bbox 1598 3568 1882 3622; x_wconf 87' lang='lat' dir='ltr'><strong>civitatem</strong></span> <span class='ocrx_word' id='word_1_457' title='bbox 1911 3584 2037 3623; x_wconf 88' lang='lat' dir='ltr'><strong>mu-</strong></span> 
     </span>
    </p>
   </div>
   <div class='ocr_carea' id='block_1_67' title="bbox 336 3650 2033 3725">
    <p class='ocr_par' dir='ltr' id='par_1_67' title="bbox 336 3650 2033 3725">
     <span class='ocr_line' id='line_1_67' title="bbox 336 3650 2033 3725; baseline 0.004 -21"><span class='ocrx_word' id='word_1_458' title='bbox 336 3650 507 3718; x_wconf 90' lang='lat' dir='ltr'><strong>nisse,</strong></span> <span class='ocrx_word' id='word_1_459' title='bbox 571 3650 739 3721; x_wconf 86' lang='lat' dir='ltr'><strong>eique</strong></span> <span class='ocrx_word' id='word_1_460' title='bbox 804 3650 1128 3721; x_wconf 85' lang='lat' dir='ltr'><strong>copulando</strong></span> <span class='ocrx_word' id='word_1_461' title='bbox 1181 3669 1369 3707; x_wconf 90' lang='lat' dir='ltr'><strong>arcem</strong></span> <span class='ocrx_word' id='word_1_462' title='bbox 1418 3669 1599 3707; x_wconf 89' lang='lat' dir='ltr'><strong>unum</strong></span> <span class='ocrx_word' id='word_1_463' title='bbox 1644 3671 1848 3725; x_wconf 87' lang='lat' dir='ltr'><strong>corpus</strong></span> <span class='ocrx_word' id='word_1_464' title='bbox 1899 3656 2033 3710; x_wconf 83' lang='lat' dir='ltr'><strong>effe-</strong></span> 
     </span>
    </p>
   </div>
   <div class='ocr_carea' id='block_1_68' title="bbox 335 3740 2035 3814">
    <p class='ocr_par' dir='ltr' id='par_1_68' title="bbox 335 3740 2035 3814">
     <span class='ocr_line' id='line_1_68' title="bbox 335 3740 2035 3814; baseline 0.003 -22"><span class='ocrx_word' id='word_1_465' title='bbox 335 3740 478 3793; x_wconf 89' lang='lat' dir='ltr'><strong>cisse</strong></span> <span class='ocrx_word' id='word_1_466' title='bbox 537 3743 593 3793; x_wconf 87' lang='lat' dir='ltr'><strong>et</strong></span> <span class='ocrx_word' id='word_1_467' title='bbox 648 3744 850 3793; x_wconf 87' lang='lat' dir='ltr'><strong>cuncta</strong></span> <span class='ocrx_word' id='word_1_468' title='bbox 906 3755 1073 3793; x_wconf 90' lang='lat' dir='ltr'><strong>muro</strong></span> <span class='ocrx_word' id='word_1_469' title='bbox 1128 3740 1581 3797; x_wconf 89' lang='lat' dir='ltr'><strong>circumdedisse.</strong></span> <span class='ocrx_word' id='word_1_470' title='bbox 1644 3743 1826 3813; x_wconf 89' lang='lat' dir='ltr'><strong>Super</strong></span> <span class='ocrx_word' id='word_1_471' title='bbox 1889 3760 2035 3814; x_wconf 89' lang='lat' dir='ltr'><strong>opus</strong></span> 
     </span>
    </p>
   </div>
   <div class='ocr_carea' id='block_1_69' title="bbox 335 3828 2032 3901">
    <p class='ocr_par' dir='ltr' id='par_1_69' title="bbox 335 3828 2032 3901">
     <span class='ocr_line' id='line_1_69' title="bbox 335 3828 2032 3901; baseline 0.002 -19"><span class='ocrx_word' id='word_1_472' title='bbox 335 3832 530 3883; x_wconf 88' lang='lat' dir='ltr'><strong>autem</strong></span> <span class='ocrx_word' id='word_1_473' title='bbox 581 3844 880 3882; x_wconf 89' lang='lat' dir='ltr'><strong>murorum</strong></span> <span class='ocrx_word' id='word_1_474' title='bbox 921 3828 1280 3883; x_wconf 87' lang='lat' dir='ltr'><strong>constituisse</strong></span> <span class='ocrx_word' id='word_1_475' title='bbox 1330 3832 1520 3897; x_wconf 89' lang='lat' dir='ltr'><strong>Jacob,</strong></span> <span class='ocrx_word' id='word_1_476' title='bbox 1554 3832 1838 3901; x_wconf 83' lang='lat' dir='ltr'><strong>expulisse</strong></span> <span class='ocrx_word' id='word_1_477' title='bbox 1863 3833 2032 3887; x_wconf 84' lang='lat' dir='ltr'><strong>Jebu-</strong></span> 
     </span>
    </p>
   </div>
   <div class='ocr_carea' id='block_1_70' title="bbox 335 3918 2035 3989">
    <p class='ocr_par' dir='ltr' id='par_1_70' title="bbox 335 3918 2035 3989">
     <span class='ocr_line' id='line_1_70' title="bbox 335 3918 2035 3989; baseline 0.002 -18"><span class='ocrx_word' id='word_1_478' title='bbox 335 3933 478 3972; x_wconf 69' lang='lat' dir='ltr'><strong>saaos</strong></span> <span class='ocrx_word' id='word_1_479' title='bbox 521 3922 578 3972; x_wconf 89' lang='lat' dir='ltr'><strong>et</strong></span> <span class='ocrx_word' id='word_1_480' title='bbox 615 3918 1027 3989; x_wconf 81' lang='lat' dir='ltr'><strong>Jerosolymam</strong></span> <span class='ocrx_word' id='word_1_481' title='bbox 1076 3934 1321 3973; x_wconf 89' lang='lat' dir='ltr'><strong>vocasse.</strong></span> <span class='ocrx_word' id='word_1_482' title='bbox 1369 3920 1500 3974; x_wconf 84' lang='lat' dir='ltr'><strong>Jero</strong></span> <span class='ocrx_word' id='word_1_483' title='bbox 1551 3920 1707 3974; x_wconf 88' lang='lat' dir='ltr'><strong>enim</strong></span> <span class='ocrx_word' id='word_1_484' title='bbox 1760 3921 2035 3976; x_wconf 86' lang='lat' dir='ltr'><strong>Hebraice</strong></span> 
     </span>
    </p>
   </div>
   <div class='ocr_carea' id='block_1_71' title="bbox 338 4007 2031 4079">
    <p class='ocr_par' dir='ltr' id='par_1_71' title="bbox 338 4007 2031 4079">
     <span class='ocr_line' id='line_1_71' title="bbox 338 4007 2031 4079; baseline 0.002 -18"><span class='ocrx_word' id='word_1_485' title='bbox 338 4007 584 4061; x_wconf 89' lang='lat' dir='ltr'><strong>munitio</strong></span> <span class='ocrx_word' id='word_1_486' title='bbox 642 4012 747 4061; x_wconf 91' lang='lat' dir='ltr'><strong>est.</strong></span> <span class='ocrx_word' id='word_1_487' title='bbox 823 4008 1076 4062; x_wconf 88' lang='lat' dir='ltr'><strong>Christus</strong></span> <span class='ocrx_word' id='word_1_488' title='bbox 1129 4024 1357 4079; x_wconf 90' lang='lat' dir='ltr'><strong>quoque</strong></span> <span class='ocrx_word' id='word_1_489' title='bbox 1409 4009 1471 4063; x_wconf 92' lang='lat' dir='ltr'><strong>in</strong></span> <span class='ocrx_word' id='word_1_490' title='bbox 1518 4010 1716 4064; x_wconf 66' lang='lat' dir='ltr'><strong>Judaaa</strong></span> <span class='ocrx_word' id='word_1_491' title='bbox 1778 4010 2031 4079; x_wconf 91' lang='lat' dir='ltr'><strong>primum</strong></span> 
     </span>
    </p>
   </div>
   <div class='ocr_carea' id='block_1_72' title="bbox 335 4096 2034 4166">
    <p class='ocr_par' dir='ltr' id='par_1_72' title="bbox 335 4096 2034 4166">
     <span class='ocr_line' id='line_1_72' title="bbox 335 4096 2034 4166; baseline 0.001 -15"><span class='ocrx_word' id='word_1_492' title='bbox 335 4096 701 4166; x_wconf 84' lang='lat' dir='ltr'><strong>Evangelium</strong></span> <span class='ocrx_word' id='word_1_493' title='bbox 732 4096 1077 4166; x_wconf 62' lang='lat' dir='ltr'><strong>praedicavit.</strong></span> <span class='ocrx_word' id='word_1_494' title='bbox 1108 4098 1176 4150; x_wconf 91' lang='lat' dir='ltr'><strong>Et</strong></span> <span class='ocrx_word' id='word_1_495' title='bbox 1204 4098 1500 4151; x_wconf 89' lang='lat' dir='ltr'><strong>ecclesiam</strong></span> <span class='ocrx_word' id='word_1_496' title='bbox 1533 4098 1665 4152; x_wconf 87' lang='lat' dir='ltr'><strong>ﬁdei</strong></span> <span class='ocrx_word' id='word_1_497' title='bbox 1697 4116 1813 4152; x_wconf 66' lang='lat' dir='ltr'><strong>sum</strong></span> <span class='ocrx_word' id='word_1_498' title='bbox 1844 4100 2034 4154; x_wconf 88' lang='lat' dir='ltr'><strong>muni-</strong></span> 
     </span>
    </p>
   </div>
   <div class='ocr_carea' id='block_1_73' title="bbox 334 4184 2032 4257">
    <p class='ocr_par' dir='ltr' id='par_1_73' title="bbox 334 4184 2032 4257">
     <span class='ocr_line' id='line_1_73' title="bbox 334 4184 2032 4257; baseline 0.002 -18"><span class='ocrx_word' id='word_1_499' title='bbox 334 4185 489 4239; x_wconf 90' lang='lat' dir='ltr'><strong>tione</strong></span> <span class='ocrx_word' id='word_1_500' title='bbox 537 4184 805 4238; x_wconf 90' lang='lat' dir='ltr'><strong>ﬁrmavit.</strong></span> <span class='ocrx_word' id='word_1_501' title='bbox 858 4185 1019 4253; x_wconf 85' lang='lat' dir='ltr'><strong>Joab,</strong></span> <span class='ocrx_word' id='word_1_502' title='bbox 1081 4184 1181 4254; x_wconf 91' lang='lat' dir='ltr'><strong>qui</strong></span> <span class='ocrx_word' id='word_1_503' title='bbox 1238 4185 1461 4255; x_wconf 88' lang='lat' dir='ltr'><strong>reliqua</strong></span> <span class='ocrx_word' id='word_1_504' title='bbox 1527 4187 1684 4241; x_wconf 90' lang='lat' dir='ltr'><strong>urbis</strong></span> <span class='ocrx_word' id='word_1_505' title='bbox 1738 4188 2032 4257; x_wconf 75' lang='lat' dir='ltr'><strong>exstruxit,</strong></span> 
     </span>
    </p>
   </div>
   <div class='ocr_carea' id='block_1_74' title="bbox 336 4250 2104 4346">
    <p class='ocr_par' dir='ltr' id='par_1_74' title="bbox 336 4250 2104 4346">
     <span class='ocr_line' id='line_1_74' title="bbox 336 4250 2104 4346; baseline 0.003 -19"><span class='ocrx_word' id='word_1_506' title='bbox 336 4272 620 4344; x_wconf 87' lang='lat' dir='ltr'><strong>signiﬁcat</strong></span> <span class='ocrx_word' id='word_1_507' title='bbox 670 4273 961 4343; x_wconf 89' lang='lat' dir='ltr'><strong>apostolos</strong></span> <span class='ocrx_word' id='word_1_508' title='bbox 1004 4250 1478 4343; x_wconf 18' lang='lat' dir='ltr'><strong>vet—apostolicos</strong></span> <span class='ocrx_word' id='word_1_509' title='bbox 1547 4276 1696 4329; x_wconf 86' lang='lat' dir='ltr'><strong>viros</strong></span> <span class='ocrx_word' id='word_1_510' title='bbox 1753 4276 1854 4346; x_wconf 91' lang='lat' dir='ltr'><strong>qui</strong></span> <span class='ocrx_word' id='word_1_511' title='bbox 1907 4250 2104 4346; x_wconf 80' lang='lat' dir='ltr'><strong>postD</strong></span> 
     </span>
    </p>
   </div>
   <div class='ocr_carea' id='block_1_75' title="bbox 338 4360 2039 4432">
    <p class='ocr_par' dir='ltr' id='par_1_75' title="bbox 338 4360 2039 4432">
     <span class='ocr_line' id='line_1_75' title="bbox 338 4360 2039 4432; baseline 0.004 -17"><span class='ocrx_word' id='word_1_512' title='bbox 338 4361 725 4415; x_wconf 87' lang='lat' dir='ltr'><strong>ascensionem</strong></span> <span class='ocrx_word' id='word_1_513' title='bbox 773 4360 997 4415; x_wconf 91' lang='lat' dir='ltr'><strong>Domini</strong></span> <span class='ocrx_word' id='word_1_514' title='bbox 1050 4362 1331 4430; x_wconf 88' lang='lat' dir='ltr'><strong>plurimos</strong></span> <span class='ocrx_word' id='word_1_515' title='bbox 1386 4363 1455 4416; x_wconf 91' lang='lat' dir='ltr'><strong>de</strong></span> <span class='ocrx_word' id='word_1_516' title='bbox 1486 4364 1751 4432; x_wconf 85' lang='lat' dir='ltr'><strong>gentibus</strong></span> <span class='ocrx_word' id='word_1_517' title='bbox 1802 4381 2039 4421; x_wconf 89' lang='lat' dir='ltr'><strong>conver-</strong></span> 
     </span>
    </p>
   </div>
   <div class='ocr_carea' id='block_1_76' title="bbox 335 4449 1765 4520">
    <p class='ocr_par' dir='ltr' id='par_1_76' title="bbox 335 4449 1765 4520">
     <span class='ocr_line' id='line_1_76' title="bbox 335 4449 1765 4520; baseline 0.002 -17"><span class='ocrx_word' id='word_1_518' title='bbox 335 4454 572 4516; x_wconf 87' lang='lat' dir='ltr'><strong>terunt;</strong></span> <span class='ocrx_word' id='word_1_519' title='bbox 606 4449 758 4503; x_wconf 91' lang='lat' dir='ltr'><strong>unde</strong></span> <span class='ocrx_word' id='word_1_520' title='bbox 787 4465 801 4502; x_wconf 90' lang='lat'><strong>:</strong></span> <span class='ocrx_word' id='word_1_521' title='bbox 833 4451 929 4503; x_wconf 85' lang='lat' dir='ltr'><strong>Dei</strong></span> <span class='ocrx_word' id='word_1_522' title='bbox 958 4449 1235 4518; x_wconf 78' lang='lat' dir='ltr'><strong>adjutores</strong></span> <span class='ocrx_word' id='word_1_523' title='bbox 1265 4466 1468 4517; x_wconf 88' lang='lat' dir='ltr'><strong>sumus,</strong></span> <span class='ocrx_word' id='word_1_524' title='bbox 1495 4454 1593 4505; x_wconf 86' lang='lat' dir='ltr'><strong>Dei</strong></span> <span class='ocrx_word' id='word_1_525' title='bbox 1621 4456 1765 4520; x_wconf 86' lang='lat' dir='ltr'><strong>agri.</strong></span> 
     </span>
    </p>
   </div>
   <div class='ocr_carea' id='block_1_77' title="bbox 410 4539 2039 4614">
    <p class='ocr_par' dir='ltr' id='par_1_77' title="bbox 410 4539 2039 4614">
     <span class='ocr_line' id='line_1_77' title="bbox 410 4539 2039 4614; baseline 0.002 -20"><span class='ocrx_word' id='word_1_526' title='bbox 410 4540 571 4594; x_wconf 75' lang='lat' dir='ltr'><strong>Vens.</strong></span> <span class='ocrx_word' id='word_1_527' title='bbox 625 4542 710 4594; x_wconf 86' lang='lat' dir='ltr'><strong>ll.</strong></span> <span class='ocrx_word' id='word_1_528' title='bbox 760 4569 830 4579; x_wconf 92' lang='lat'><em>—</em></span> <span class='ocrx_word' id='word_1_529' title='bbox 883 4539 1153 4593; x_wconf 86' lang='lat' dir='ltr'><strong>Jesbaam.</strong></span> <span class='ocrx_word' id='word_1_530' title='bbox 1218 4540 1494 4607; x_wconf 53' lang='lat' dir='ltr'><strong>(menon)</strong></span> <span class='ocrx_word' id='word_1_531' title='bbox 1550 4541 1709 4595; x_wconf 83' lang='lat' dir='ltr'><strong>Hunc</strong></span> <span class='ocrx_word' id='word_1_532' title='bbox 1760 4542 2039 4614; x_wconf 89' lang='lat' dir='ltr'><strong>Josephus</strong></span> 
     </span>
    </p>
   </div>
   <div class='ocr_carea' id='block_1_78' title="bbox 339 4625 2039 4702">
    <p class='ocr_par' dir='ltr' id='par_1_78' title="bbox 339 4625 2039 4702">
     <span class='ocr_line' id='line_1_78' title="bbox 339 4625 2039 4702; baseline 0.004 -22"><span class='ocrx_word' id='word_1_533' title='bbox 339 4627 648 4682; x_wconf 85' lang='lat' dir='ltr'><strong>Eusebium</strong></span> <span class='ocrx_word' id='word_1_534' title='bbox 678 4625 960 4690; x_wconf 88' lang='lat' dir='ltr'><strong>nominat,</strong></span> <span class='ocrx_word' id='word_1_535' title='bbox 986 4632 1043 4681; x_wconf 88' lang='lat' dir='ltr'><strong>et</strong></span> <span class='ocrx_word' id='word_1_536' title='bbox 1072 4626 1255 4681; x_wconf 88' lang='lat' dir='ltr'><strong>ﬁlium</strong></span> <span class='ocrx_word' id='word_1_537' title='bbox 1286 4627 1486 4681; x_wconf 87' lang='lat' dir='ltr'><strong>dicunt</strong></span> <span class='ocrx_word' id='word_1_538' title='bbox 1509 4628 1814 4696; x_wconf 87' lang='lat' dir='ltr'><strong>Achimeae,</strong></span> <span class='ocrx_word' id='word_1_539' title='bbox 1848 4631 1947 4702; x_wconf 92' lang='lat' dir='ltr'><strong>qui</strong></span> <span class='ocrx_word' id='word_1_540' title='bbox 1978 4632 2039 4686; x_wconf 89' lang='lat' dir='ltr'>in</span> 
     </span>
    </p>
   </div>
   <div class='ocr_carea' id='block_1_79' title="bbox 339 4715 2040 4786">
    <p class='ocr_par' dir='ltr' id='par_1_79' title="bbox 339 4715 2040 4786">
     <span class='ocr_line' id='line_1_79' title="bbox 339 4715 2040 4786; baseline 0.003 -16"><span class='ocrx_word' id='word_1_541' title='bbox 339 4716 519 4770; x_wconf 90' lang='lat' dir='ltr'><strong>aciem</strong></span> <span class='ocrx_word' id='word_1_542' title='bbox 567 4715 816 4770; x_wconf 90' lang='lat' dir='ltr'><strong>hostium</strong></span> <span class='ocrx_word' id='word_1_543' title='bbox 864 4715 1194 4786; x_wconf 85' lang='lat' dir='ltr'><strong>frequenter</strong></span> <span class='ocrx_word' id='word_1_544' title='bbox 1241 4715 1587 4786; x_wconf 89' lang='lat' dir='ltr'><strong>irrumpens,</strong></span> <span class='ocrx_word' id='word_1_545' title='bbox 1632 4734 1746 4773; x_wconf 91' lang='lat' dir='ltr'><strong>non</strong></span> <span class='ocrx_word' id='word_1_546' title='bbox 1786 4721 2040 4775; x_wconf 89' lang='lat' dir='ltr'><strong>cessabat</strong></span> 
     </span>
    </p>
   </div>
   <div class='ocr_carea' id='block_1_80' title="bbox 341 4803 2039 4874">
    <p class='ocr_par' dir='ltr' id='par_1_80' title="bbox 341 4803 2039 4874">
     <span class='ocr_line' id='line_1_80' title="bbox 341 4803 2039 4874; baseline 0.003 -15"><span class='ocrx_word' id='word_1_547' title='bbox 341 4804 521 4859; x_wconf 91' lang='lat' dir='ltr'><strong>donec</strong></span> <span class='ocrx_word' id='word_1_548' title='bbox 567 4803 922 4874; x_wconf 89' lang='lat' dir='ltr'><strong>octingentos</strong></span> <span class='ocrx_word' id='word_1_549' title='bbox 967 4804 1266 4859; x_wconf 88' lang='lat' dir='ltr'><strong>occiderat.</strong></span> <span class='ocrx_word' id='word_1_550' title='bbox 1309 4805 1423 4859; x_wconf 84' lang='lat' dir='ltr'><strong>Alii</strong></span> <span class='ocrx_word' id='word_1_551' title='bbox 1464 4805 1617 4861; x_wconf 84' lang='lat' dir='ltr'><strong>hunc</strong></span> <span class='ocrx_word' id='word_1_552' title='bbox 1658 4807 1831 4863; x_wconf 90' lang='lat' dir='ltr'><strong>David</strong></span> <span class='ocrx_word' id='word_1_553' title='bbox 1862 4808 2039 4863; x_wconf 89' lang='lat' dir='ltr'><strong>intel-</strong></span> 
     </span>
    </p>
   </div>
   <div class='ocr_carea' id='block_1_81' title="bbox 340 4893 2035 4967">
    <p class='ocr_par' dir='ltr' id='par_1_81' title="bbox 340 4893 2035 4967">
     <span class='ocr_line' id='line_1_81' title="bbox 340 4893 2035 4967; baseline 0.002 -19"><span class='ocrx_word' id='word_1_554' title='bbox 340 4894 548 4965; x_wconf 88' lang='lat' dir='ltr'><strong>ligunt,</strong></span> <span class='ocrx_word' id='word_1_555' title='bbox 582 4893 719 4965; x_wconf 90' lang='lat' dir='ltr'><strong>quia</strong></span> <span class='ocrx_word' id='word_1_556' title='bbox 765 4893 1008 4948; x_wconf 83' lang='lat' dir='ltr'><strong>Jesbaan</strong></span> <span class='ocrx_word' id='word_1_557' title='bbox 1058 4894 1467 4963; x_wconf 86' lang='lat' dir='ltr'><strong>interpretatur</strong></span> <span class='ocrx_word' id='word_1_558' title='bbox 1514 4897 1701 4951; x_wconf 82' lang='lat' dir='ltr'><strong>sedens</strong></span> <span class='ocrx_word' id='word_1_559' title='bbox 1734 4900 1792 4951; x_wconf 86' lang='lat' dir='ltr'><strong>in</strong></span> <span class='ocrx_word' id='word_1_560' title='bbox 1816 4899 2035 4967; x_wconf 86' lang='lat' dir='ltr'><strong>populo.</strong></span> 
     </span>
    </p>
   </div>
   <div class='ocr_carea' id='block_1_82' title="bbox 339 4981 2038 5055">
    <p class='ocr_par' dir='ltr' id='par_1_82' title="bbox 339 4981 2038 5055">
     <span class='ocr_line' id='line_1_82' title="bbox 339 4981 2038 5055; baseline 0.003 -20"><span class='ocrx_word' id='word_1_561' title='bbox 339 4982 623 5037; x_wconf 85' lang='lat' dir='ltr'><strong>Ahamoni</strong></span> <span class='ocrx_word' id='word_1_562' title='bbox 661 4997 794 5036; x_wconf 87' lang='lat' dir='ltr'><strong>vero</strong></span> <span class='ocrx_word' id='word_1_563' title='bbox 836 4981 1307 5052; x_wconf 88' lang='lat' dir='ltr'><strong>sapientissimus.</strong></span> <span class='ocrx_word' id='word_1_564' title='bbox 1364 4983 1512 5038; x_wconf 90' lang='lat' dir='ltr'><strong>unde</strong></span> <span class='ocrx_word' id='word_1_565' title='bbox 1560 4984 1619 5039; x_wconf 93' lang='lat' dir='ltr'>in</span> <span class='ocrx_word' id='word_1_566' title='bbox 1652 4987 1872 5055; x_wconf 87' lang='lat' dir='ltr'><strong>Regum</strong></span> <span class='ocrx_word' id='word_1_567' title='bbox 1904 4986 2038 5040; x_wconf 90' lang='lat' dir='ltr'><strong>scri-</strong></span> 
     </span>
    </p>
   </div>
   <div class='ocr_carea' id='block_1_83' title="bbox 339 5070 2034 5144">
    <p class='ocr_par' dir='ltr' id='par_1_83' title="bbox 339 5070 2034 5144">
     <span class='ocr_line' id='line_1_83' title="bbox 339 5070 2034 5144; baseline 0.004 -20"><span class='ocrx_word' id='word_1_568' title='bbox 339 5070 535 5124; x_wconf 89' lang='lat' dir='ltr'><strong>bitur:</strong></span> <span class='ocrx_word' id='word_1_569' title='bbox 595 5070 793 5126; x_wconf 82' lang='lat' dir='ltr'><strong>Sedens</strong></span> <span class='ocrx_word' id='word_1_570' title='bbox 853 5073 912 5125; x_wconf 86' lang='lat' dir='ltr'><strong>in</strong></span> <span class='ocrx_word' id='word_1_571' title='bbox 964 5071 1224 5125; x_wconf 81' lang='lat' dir='ltr'><strong>cathedra</strong></span> <span class='ocrx_word' id='word_1_572' title='bbox 1287 5074 1719 5140; x_wconf 83' lang='lat' dir='ltr'><strong>sapientissimus</strong></span> <span class='ocrx_word' id='word_1_573' title='bbox 1771 5074 1857 5144; x_wconf 87' lang='grc' dir='ltr'><strong>(ΙΙ</strong></span> <span class='ocrx_word' id='word_1_574' title='bbox 1906 5077 2034 5141; x_wconf 77' lang='lat' dir='ltr'><strong>Reg.</strong></span> 
     </span>
    </p>
   </div>
   <div class='ocr_carea' id='block_1_84' title="bbox 339 5158 2040 5233">
    <p class='ocr_par' dir='ltr' id='par_1_84' title="bbox 339 5158 2040 5233">
     <span class='ocr_line' id='line_1_84' title="bbox 339 5158 2040 5233; baseline 0.002 -20"><span class='ocrx_word' id='word_1_575' title='bbox 339 5159 525 5229; x_wconf 84' lang='lat' dir='ltr'><strong>xxm).</strong></span> <span class='ocrx_word' id='word_1_576' title='bbox 587 5159 692 5213; x_wconf 88' lang='lat' dir='ltr'><strong>Sed</strong></span> <span class='ocrx_word' id='word_1_577' title='bbox 748 5158 829 5212; x_wconf 92' lang='lat' dir='ltr'><strong>ibi</strong></span> <span class='ocrx_word' id='word_1_578' title='bbox 900 5158 1207 5212; x_wconf 90' lang='lat' dir='ltr'><strong>vermiculo</strong></span> <span class='ocrx_word' id='word_1_579' title='bbox 1261 5159 1402 5230; x_wconf 88' lang='lat' dir='ltr'><strong>ligni</strong></span> <span class='ocrx_word' id='word_1_580' title='bbox 1457 5165 1840 5231; x_wconf 90' lang='lat' dir='ltr'><strong>comparatur,</strong></span> <span class='ocrx_word' id='word_1_581' title='bbox 1903 5163 2040 5233; x_wconf 86' lang='lat' dir='ltr'><strong>quia</strong></span> 
     </span>
    </p>
   </div>
   <div class='ocr_carea' id='block_1_85' title="bbox 341 5246 2038 5320">
    <p class='ocr_par' dir='ltr' id='par_1_85' title="bbox 341 5246 2038 5320">
     <span class='ocr_line' id='line_1_85' title="bbox 341 5246 2038 5320; baseline 0.004 -21"><span class='ocrx_word' id='word_1_582' title='bbox 341 5247 711 5302; x_wconf 88' lang='lat' dir='ltr'><strong>minuebatur</strong></span> <span class='ocrx_word' id='word_1_583' title='bbox 737 5246 823 5301; x_wconf 91' lang='lat' dir='ltr'><strong>illi</strong></span> <span class='ocrx_word' id='word_1_584' title='bbox 864 5246 1141 5317; x_wconf 88' lang='lat' dir='ltr'><strong>sapientia</strong></span> <span class='ocrx_word' id='word_1_585' title='bbox 1178 5252 1413 5319; x_wconf 90' lang='lat' dir='ltr'><strong>propter</strong></span> <span class='ocrx_word' id='word_1_586' title='bbox 1446 5253 1764 5318; x_wconf 89' lang='lat' dir='ltr'><strong>peccatum,</strong></span> <span class='ocrx_word' id='word_1_587' title='bbox 1795 5251 1948 5320; x_wconf 89' lang='lat' dir='ltr'><strong>quod</strong></span> <span class='ocrx_word' id='word_1_588' title='bbox 1977 5251 2038 5305; x_wconf 90' lang='lat' dir='ltr'><strong>in</strong></span> 
     </span>
    </p>
   </div>
   <div class='ocr_carea' id='block_1_86' title="bbox 344 5335 2038 5410">
    <p class='ocr_par' dir='ltr' id='par_1_86' title="bbox 344 5335 2038 5410">
     <span class='ocr_line' id='line_1_86' title="bbox 344 5335 2038 5410; baseline 0.002 -20"><span class='ocrx_word' id='word_1_589' title='bbox 344 5336 538 5391; x_wconf 88' lang='lat' dir='ltr'><strong>Uriam</strong></span> <span class='ocrx_word' id='word_1_590' title='bbox 563 5335 946 5390; x_wconf 89' lang='lat' dir='ltr'><strong>commiserat.</strong></span> <span class='ocrx_word' id='word_1_591' title='bbox 982 5336 1138 5390; x_wconf 90' lang='lat' dir='ltr'><strong>Unde</strong></span> <span class='ocrx_word' id='word_1_592' title='bbox 1167 5335 1251 5391; x_wconf 85' lang='lat' dir='ltr'><strong>ibi</strong></span> <span class='ocrx_word' id='word_1_593' title='bbox 1282 5336 1641 5409; x_wconf 88' lang='lat' dir='ltr'><strong>octingentos</strong></span> <span class='ocrx_word' id='word_1_594' title='bbox 1672 5355 1786 5392; x_wconf 91' lang='lat' dir='ltr'><strong>uno</strong></span> <span class='ocrx_word' id='word_1_595' title='bbox 1818 5339 2038 5410; x_wconf 88' lang='lat' dir='ltr'><strong>impetu</strong></span> 
     </span>
    </p>
   </div>
   <div class='ocr_carea' id='block_1_87' title="bbox 341 5423 2037 5499">
    <p class='ocr_par' dir='ltr' id='par_1_87' title="bbox 341 5423 2037 5499">
     <span class='ocr_line' id='line_1_87' title="bbox 341 5423 2037 5499; baseline 0.003 -20"><span class='ocrx_word' id='word_1_596' title='bbox 341 5423 713 5489; x_wconf 88' lang='lat' dir='ltr'><strong>interfecisse,</strong></span> <span class='ocrx_word' id='word_1_597' title='bbox 761 5424 853 5478; x_wconf 89' lang='lat' dir='ltr'><strong>hic</strong></span> <span class='ocrx_word' id='word_1_598' title='bbox 882 5429 1076 5480; x_wconf 90' lang='lat' dir='ltr'><strong>autem</strong></span> <span class='ocrx_word' id='word_1_599' title='bbox 1114 5430 1419 5493; x_wconf 87' lang='lat' dir='ltr'><strong>trecentos,</strong></span> <span class='ocrx_word' id='word_1_600' title='bbox 1468 5443 1573 5497; x_wconf 91' lang='lat' dir='ltr'><strong>pro</strong></span> <span class='ocrx_word' id='word_1_601' title='bbox 1618 5432 1851 5499; x_wconf 85' lang='lat' dir='ltr'><strong>peccato</strong></span> <span class='ocrx_word' id='word_1_602' title='bbox 1882 5429 2037 5484; x_wconf 89' lang='lat' dir='ltr'><strong>enim</strong></span> 
     </span>
    </p>
   </div>
   <div class='ocr_carea' id='block_1_88' title="bbox 342 5512 935 5567">
    <p class='ocr_par' dir='ltr' id='par_1_88' title="bbox 342 5512 935 5567">
     <span class='ocr_line' id='line_1_88' title="bbox 342 5512 935 5567; baseline 0 0"><span class='ocrx_word' id='word_1_603' title='bbox 342 5513 624 5567; x_wconf 84' lang='lat' dir='ltr'><strong>minorata</strong></span> <span class='ocrx_word' id='word_1_604' title='bbox 654 5516 737 5566; x_wconf 91' lang='lat' dir='ltr'><strong>est</strong></span> <span class='ocrx_word' id='word_1_605' title='bbox 764 5512 935 5567; x_wconf 86' lang='lat' dir='ltr'><strong>fama.</strong></span> 
     </span>
    </p>
   </div>
   <div class='ocr_carea' id='block_1_89' title="bbox 2146 3043 3831 3115">
    <p class='ocr_par' dir='ltr' id='par_1_89' title="bbox 2146 3043 3831 3115">
     <span class='ocr_line' id='line_1_89' title="bbox 2146 3043 3831 3115; baseline 0.001 -19"><span class='ocrx_word' id='word_1_606' title='bbox 2146 3046 2334 3102; x_wconf 82' lang='lat' dir='ltr'><strong>ﬁcator</strong></span> <span class='ocrx_word' id='word_1_607' title='bbox 2389 3045 2644 3098; x_wconf 85' lang='lat' dir='ltr'><strong>Dominus</strong></span> <span class='ocrx_word' id='word_1_608' title='bbox 2699 3043 3127 3114; x_wconf 88' lang='lat' dir='ltr'><strong>interpretatur,</strong></span> <span class='ocrx_word' id='word_1_609' title='bbox 3188 3044 3476 3099; x_wconf 90' lang='lat' dir='ltr'><strong>Christum</strong></span> <span class='ocrx_word' id='word_1_610' title='bbox 3542 3044 3831 3115; x_wconf 79' lang='lat' dir='ltr'><strong>signiﬁcat,</strong></span> 
     </span>
    </p>
   </div>
   <div class='ocr_carea' id='block_1_90' title="bbox 2146 3130 3833 3201">
    <p class='ocr_par' dir='ltr' id='par_1_90' title="bbox 2146 3130 3833 3201">
     <span class='ocr_line' id='line_1_90' title="bbox 2146 3130 3833 3201; baseline 0.001 -18"><span class='ocrx_word' id='word_1_611' title='bbox 2146 3132 2217 3184; x_wconf 90' lang='lat' dir='ltr'><strong>de</strong></span> <span class='ocrx_word' id='word_1_612' title='bbox 2256 3146 2371 3201; x_wconf 91' lang='lat' dir='ltr'><strong>quo</strong></span> <span class='ocrx_word' id='word_1_613' title='bbox 2426 3130 2669 3185; x_wconf 89' lang='lat' dir='ltr'><strong>dicitur:</strong></span> <span class='ocrx_word' id='word_1_614' title='bbox 2722 3132 3017 3201; x_wconf 71' lang='lat' dir='ltr'><strong>Ediﬁcans</strong></span> <span class='ocrx_word' id='word_1_615' title='bbox 3070 3135 3365 3187; x_wconf 84' lang='lat' dir='ltr'><strong>Jerusalem</strong></span> <span class='ocrx_word' id='word_1_616' title='bbox 3409 3136 3692 3200; x_wconf 86' lang='lat' dir='ltr'><strong>Dominus,</strong></span> <span class='ocrx_word' id='word_1_617' title='bbox 3738 3139 3833 3187; x_wconf 92' lang='lat' dir='ltr'><strong>etc.</strong></span> 
     </span>
    </p>
   </div>
   <div class='ocr_carea' id='block_1_91' title="bbox 2148 3219 3835 3294">
    <p class='ocr_par' dir='ltr' id='par_1_91' title="bbox 2148 3219 3835 3294">
     <span class='ocr_line' id='line_1_91' title="bbox 2148 3219 3835 3294; baseline 0.001 -21"><span class='ocrx_word' id='word_1_618' title='bbox 2148 3220 2343 3287; x_wconf 86' lang='lat' dir='ltr'><strong>(Psal.,</strong></span> <span class='ocrx_word' id='word_1_619' title='bbox 2394 3219 2591 3289; x_wconf 67' lang='lat' dir='ltr'><strong>cxnvr.)</strong></span> <span class='ocrx_word' id='word_1_620' title='bbox 2626 3219 2723 3274; x_wconf 84' lang='lat' dir='ltr'><strong>Hic</strong></span> <span class='ocrx_word' id='word_1_621' title='bbox 2752 3222 2932 3275; x_wconf 90' lang='lat' dir='ltr'><strong>multa</strong></span> <span class='ocrx_word' id='word_1_622' title='bbox 2962 3238 3136 3292; x_wconf 90' lang='lat' dir='ltr'><strong>opera</strong></span> <span class='ocrx_word' id='word_1_623' title='bbox 3176 3222 3554 3293; x_wconf 89' lang='lat' dir='ltr'><strong>perpetravit,</strong></span> <span class='ocrx_word' id='word_1_624' title='bbox 3589 3223 3691 3294; x_wconf 92' lang='lat' dir='ltr'><strong>qui</strong></span> <span class='ocrx_word' id='word_1_625' title='bbox 3719 3223 3792 3276; x_wconf 89' lang='lat' dir='ltr'><strong>ait</strong></span> <span class='ocrx_word' id='word_1_626' title='bbox 3823 3238 3835 3275; x_wconf 87' lang='lat'>:</span> 
     </span>
    </p>
   </div>
   <div class='ocr_carea' id='block_1_92' title="bbox 2152 3310 3835 3382">
    <p class='ocr_par' dir='ltr' id='par_1_92' title="bbox 2152 3310 3835 3382">
     <span class='ocr_line' id='line_1_92' title="bbox 2152 3310 3835 3382; baseline 0.001 -20"><span class='ocrx_word' id='word_1_627' title='bbox 2152 3311 2312 3364; x_wconf 87' lang='lat' dir='ltr'><strong>Pater</strong></span> <span class='ocrx_word' id='word_1_628' title='bbox 2347 3324 2494 3363; x_wconf 88' lang='lat' dir='ltr'><strong>meus</strong></span> <span class='ocrx_word' id='word_1_629' title='bbox 2522 3324 2691 3379; x_wconf 90' lang='lat' dir='ltr'><strong>usque</strong></span> <span class='ocrx_word' id='word_1_630' title='bbox 2735 3310 2891 3364; x_wconf 88' lang='lat' dir='ltr'><strong>modo</strong></span> <span class='ocrx_word' id='word_1_631' title='bbox 2935 3317 3211 3380; x_wconf 82' lang='lat' dir='ltr'><strong>operatur,</strong></span> <span class='ocrx_word' id='word_1_632' title='bbox 3239 3316 3289 3366; x_wconf 85' lang='lat' dir='ltr'><strong>et</strong></span> <span class='ocrx_word' id='word_1_633' title='bbox 3316 3328 3411 3380; x_wconf 88' lang='lat' dir='ltr'><strong>ego</strong></span> <span class='ocrx_word' id='word_1_634' title='bbox 3440 3328 3635 3382; x_wconf 86' lang='lat' dir='ltr'><strong>operor</strong></span> <span class='ocrx_word' id='word_1_635' title='bbox 3677 3314 3835 3382; x_wconf 72' lang='lat' dir='ltr'><strong>(Joan.</strong></span> 
     </span>
    </p>
   </div>
   <div class='ocr_carea' id='block_1_93' title="bbox 2144 3396 3835 3471">
    <p class='ocr_par' dir='ltr' id='par_1_93' title="bbox 2144 3396 3835 3471">
     <span class='ocr_line' id='line_1_93' title="bbox 2144 3396 3835 3471; baseline 0.002 -21"><span class='ocrx_word' id='word_1_636' title='bbox 2144 3399 2217 3459; x_wconf 89' lang='lat' dir='ltr'><strong>v).</strong></span> <span class='ocrx_word' id='word_1_637' title='bbox 2251 3396 2351 3451; x_wconf 88' lang='lat' dir='ltr'><strong>Hic</strong></span> <span class='ocrx_word' id='word_1_638' title='bbox 2380 3402 2465 3451; x_wconf 90' lang='lat' dir='ltr'><strong>est</strong></span> <span class='ocrx_word' id='word_1_639' title='bbox 2509 3398 2579 3451; x_wconf 90' lang='lat' dir='ltr'><strong>de</strong></span> <span class='ocrx_word' id='word_1_640' title='bbox 2626 3398 2877 3464; x_wconf 89' lang='lat' dir='ltr'><strong>Cabseel,</strong></span> <span class='ocrx_word' id='word_1_641' title='bbox 2910 3399 2966 3452; x_wconf 94' lang='lat' dir='ltr'>id</span> <span class='ocrx_word' id='word_1_642' title='bbox 2997 3405 3099 3465; x_wconf 91' lang='lat' dir='ltr'><strong>est,</strong></span> <span class='ocrx_word' id='word_1_643' title='bbox 3146 3400 3215 3454; x_wconf 92' lang='lat' dir='ltr'><strong>de</strong></span> <span class='ocrx_word' id='word_1_644' title='bbox 3256 3402 3705 3471; x_wconf 85' lang='lat' dir='ltr'><strong>congregatione</strong></span> <span class='ocrx_word' id='word_1_645' title='bbox 3736 3403 3835 3455; x_wconf 89' lang='lat' dir='ltr'><strong>Do-</strong></span> 
     </span>
    </p>
   </div>
   <div class='ocr_carea' id='block_1_94' title="bbox 2145 3484 3839 3561">
    <p class='ocr_par' dir='ltr' id='par_1_94' title="bbox 2145 3484 3839 3561">
     <span class='ocr_line' id='line_1_94' title="bbox 2145 3484 3839 3561; baseline 0.002 -23"><span class='ocrx_word' id='word_1_646' title='bbox 2145 3484 2311 3550; x_wconf 89' lang='lat' dir='ltr'><strong>mini,</strong></span> <span class='ocrx_word' id='word_1_647' title='bbox 2355 3486 2491 3556; x_wconf 90' lang='lat' dir='ltr'><strong>quia</strong></span> <span class='ocrx_word' id='word_1_648' title='bbox 2520 3486 2589 3539; x_wconf 92' lang='lat' dir='ltr'><strong>ad</strong></span> <span class='ocrx_word' id='word_1_649' title='bbox 2624 3502 2756 3539; x_wconf 92' lang='lat' dir='ltr'><strong>eum</strong></span> <span class='ocrx_word' id='word_1_650' title='bbox 2796 3487 2983 3540; x_wconf 90' lang='lat' dir='ltr'><strong>omnis</strong></span> <span class='ocrx_word' id='word_1_651' title='bbox 3022 3493 3350 3543; x_wconf 89' lang='lat' dir='ltr'><strong>sanctorum</strong></span> <span class='ocrx_word' id='word_1_652' title='bbox 3382 3494 3563 3544; x_wconf 70' lang='lat' dir='ltr'><strong>cretus</strong></span> <span class='ocrx_word' id='word_1_653' title='bbox 3603 3490 3839 3561; x_wconf 88' lang='lat' dir='ltr'><strong>pertinet</strong></span> 
     </span>
    </p>
   </div>
   <div class='ocr_carea' id='block_1_95' title="bbox 2144 3574 3837 3645">
    <p class='ocr_par' dir='ltr' id='par_1_95' title="bbox 2144 3574 3837 3645">
     <span class='ocr_line' id='line_1_95' title="bbox 2144 3574 3837 3645; baseline 0.002 -18"><span class='ocrx_word' id='word_1_654' title='bbox 2144 3575 2245 3645; x_wconf 91' lang='lat' dir='ltr'><strong>qui</strong></span> <span class='ocrx_word' id='word_1_655' title='bbox 2294 3574 2643 3628; x_wconf 90' lang='lat' dir='ltr'><strong>descendens</strong></span> <span class='ocrx_word' id='word_1_656' title='bbox 2689 3575 2758 3629; x_wconf 90' lang='lat' dir='ltr'><strong>de</strong></span> <span class='ocrx_word' id='word_1_657' title='bbox 2798 3576 2975 3640; x_wconf 65' lang='lat' dir='ltr'><strong>caelis,</strong></span> <span class='ocrx_word' id='word_1_658' title='bbox 3025 3581 3081 3630; x_wconf 88' lang='lat' dir='ltr'><strong>et</strong></span> <span class='ocrx_word' id='word_1_659' title='bbox 3127 3576 3308 3631; x_wconf 85' lang='lat' dir='ltr'><strong>factus</strong></span> <span class='ocrx_word' id='word_1_660' title='bbox 3354 3578 3553 3643; x_wconf 81' lang='lat' dir='ltr'><strong>homo,</strong></span> <span class='ocrx_word' id='word_1_661' title='bbox 3602 3580 3837 3641; x_wconf 86' lang='lat' dir='ltr'><strong>leonem,</strong></span> 
     </span>
    </p>
   </div>
   <div class='ocr_carea' id='block_1_96' title="bbox 2143 3662 3839 3738">
    <p class='ocr_par' dir='ltr' id='par_1_96' title="bbox 2143 3662 3839 3738">
     <span class='ocr_line' id='line_1_96' title="bbox 2143 3662 3839 3738; baseline 0.002 -22"><span class='ocrx_word' id='word_1_662' title='bbox 2143 3662 2199 3717; x_wconf 91' lang='lat' dir='ltr'><strong>id</strong></span> <span class='ocrx_word' id='word_1_663' title='bbox 2232 3667 2317 3717; x_wconf 89' lang='lat' dir='ltr'><strong>est</strong></span> <span class='ocrx_word' id='word_1_664' title='bbox 2363 3662 2656 3717; x_wconf 90' lang='lat' dir='ltr'><strong>diabolum</strong></span> <span class='ocrx_word' id='word_1_665' title='bbox 2694 3663 2793 3734; x_wconf 91' lang='lat' dir='ltr'><strong>qui</strong></span> <span class='ocrx_word' id='word_1_666' title='bbox 2831 3664 3185 3719; x_wconf 88' lang='lat' dir='ltr'><strong>inﬁdelitatis</strong></span> <span class='ocrx_word' id='word_1_667' title='bbox 3228 3683 3346 3720; x_wconf 79' lang='lat' dir='ltr'><strong>suae</strong></span> <span class='ocrx_word' id='word_1_668' title='bbox 3374 3666 3595 3737; x_wconf 84' lang='lat' dir='ltr'><strong>frigore</strong></span> <span class='ocrx_word' id='word_1_669' title='bbox 3625 3674 3839 3738; x_wconf 81' lang='lat' dir='ltr'><strong>torpen-</strong></span> 
     </span>
    </p>
   </div>
   <div class='ocr_carea' id='block_1_97' title="bbox 2145 3751 3835 3823">
    <p class='ocr_par' dir='ltr' id='par_1_97' title="bbox 2145 3751 3835 3823">
     <span class='ocr_line' id='line_1_97' title="bbox 2145 3751 3835 3823; baseline 0.002 -19"><span class='ocrx_word' id='word_1_670' title='bbox 2145 3756 2261 3805; x_wconf 87' lang='lat' dir='ltr'><strong>tem</strong></span> <span class='ocrx_word' id='word_1_671' title='bbox 2309 3751 2595 3805; x_wconf 90' lang='lat' dir='ltr'><strong>mundum</strong></span> <span class='ocrx_word' id='word_1_672' title='bbox 2642 3752 2988 3823; x_wconf 85' lang='lat' dir='ltr'><strong>possidebat,</strong></span> <span class='ocrx_word' id='word_1_673' title='bbox 3037 3760 3222 3809; x_wconf 90' lang='lat' dir='ltr'><strong>morte</strong></span> <span class='ocrx_word' id='word_1_674' title='bbox 3259 3771 3362 3808; x_wconf 91' lang='lat' dir='ltr'><strong>sua</strong></span> <span class='ocrx_word' id='word_1_675' title='bbox 3403 3755 3756 3810; x_wconf 89' lang='lat' dir='ltr'><strong>interﬁciens</strong></span> <span class='ocrx_word' id='word_1_676' title='bbox 3783 3757 3835 3808; x_wconf 91' lang='lat' dir='ltr'><strong>in</strong></span> 
     </span>
    </p>
   </div>
   <div class='ocr_carea' id='block_1_98' title="bbox 2144 3839 3838 3912">
    <p class='ocr_par' dir='ltr' id='par_1_98' title="bbox 2144 3839 3838 3912">
     <span class='ocr_line' id='line_1_98' title="bbox 2144 3839 3838 3912; baseline 0.003 -20"><span class='ocrx_word' id='word_1_677' title='bbox 2144 3839 2432 3893; x_wconf 91' lang='lat' dir='ltr'><strong>infernum</strong></span> <span class='ocrx_word' id='word_1_678' title='bbox 2482 3840 2773 3895; x_wconf 88' lang='lat' dir='ltr'><strong>demersit.</strong></span> <span class='ocrx_word' id='word_1_679' title='bbox 2812 3842 2911 3895; x_wconf 86' lang='lat' dir='ltr'><strong>Hic</strong></span> <span class='ocrx_word' id='word_1_680' title='bbox 2948 3842 3299 3912; x_wconf 65' lang='lat' dir='ltr'><strong>Egyptium,</strong></span> <span class='ocrx_word' id='word_1_681' title='bbox 3335 3842 3391 3897; x_wconf 92' lang='lat' dir='ltr'><strong>id</strong></span> <span class='ocrx_word' id='word_1_682' title='bbox 3424 3848 3532 3909; x_wconf 83' lang='lat' dir='ltr'><strong>est,</strong></span> <span class='ocrx_word' id='word_1_683' title='bbox 3562 3844 3838 3899; x_wconf 84' lang='lat' dir='ltr'><strong>Antichri-</strong></span> 
     </span>
    </p>
   </div>
   <div class='ocr_carea' id='block_1_99' title="bbox 2145 3928 3840 4003">
    <p class='ocr_par' dir='ltr' id='par_1_99' title="bbox 2145 3928 3840 4003">
     <span class='ocr_line' id='line_1_99' title="bbox 2145 3928 3840 4003; baseline 0.002 -22"><span class='ocrx_word' id='word_1_684' title='bbox 2145 3934 2297 3981; x_wconf 88' lang='lat' dir='ltr'><strong>stum</strong></span> <span class='ocrx_word' id='word_1_685' title='bbox 2344 3928 2589 3998; x_wconf 89' lang='lat' dir='ltr'><strong>peccatis</strong></span> <span class='ocrx_word' id='word_1_686' title='bbox 2639 3929 3044 3999; x_wconf 88' lang='lat' dir='ltr'><strong>nigerrimum,</strong></span> <span class='ocrx_word' id='word_1_687' title='bbox 3085 3930 3143 3985; x_wconf 92' lang='lat' dir='ltr'><strong>id</strong></span> <span class='ocrx_word' id='word_1_688' title='bbox 3173 3936 3257 3984; x_wconf 90' lang='lat' dir='ltr'><strong>est</strong></span> <span class='ocrx_word' id='word_1_689' title='bbox 3281 3932 3541 4003; x_wconf 89' lang='lat' dir='ltr'><strong>quinque</strong></span> <span class='ocrx_word' id='word_1_690' title='bbox 3593 3932 3840 3987; x_wconf 87' lang='lat' dir='ltr'><strong>sensibus</strong></span> 
     </span>
    </p>
   </div>
   <div class='ocr_carea' id='block_1_100' title="bbox 2145 4017 3838 4091">
    <p class='ocr_par' dir='ltr' id='par_1_100' title="bbox 2145 4017 3838 4091">
     <span class='ocr_line' id='line_1_100' title="bbox 2145 4017 3838 4091; baseline 0.003 -20"><span class='ocrx_word' id='word_1_691' title='bbox 2145 4017 2400 4087; x_wconf 90' lang='lat' dir='ltr'><strong>corporis</strong></span> <span class='ocrx_word' id='word_1_692' title='bbox 2427 4017 2757 4072; x_wconf 89' lang='lat' dir='ltr'><strong>abutentem</strong></span> <span class='ocrx_word' id='word_1_693' title='bbox 2787 4018 2860 4072; x_wconf 90' lang='lat' dir='ltr'><strong>ad</strong></span> <span class='ocrx_word' id='word_1_694' title='bbox 2887 4019 3119 4086; x_wconf 87' lang='lat' dir='ltr'><strong>scelera,</strong></span> <span class='ocrx_word' id='word_1_695' title='bbox 3151 4036 3254 4090; x_wconf 92' lang='lat' dir='ltr'><strong>per</strong></span> <span class='ocrx_word' id='word_1_696' title='bbox 3286 4021 3508 4091; x_wconf 85' lang='lat' dir='ltr'><strong>virgam</strong></span> <span class='ocrx_word' id='word_1_697' title='bbox 3539 4022 3727 4076; x_wconf 90' lang='lat' dir='ltr'><strong>crucis</strong></span> <span class='ocrx_word' id='word_1_698' title='bbox 3755 4037 3838 4075; x_wconf 86' lang='lat' dir='ltr'><strong>su-</strong></span> 
     </span>
    </p>
   </div>
   <div class='ocr_carea' id='block_1_101' title="bbox 2143 4106 3837 4181">
    <p class='ocr_par' dir='ltr' id='par_1_101' title="bbox 2143 4106 3837 4181">
     <span class='ocr_line' id='line_1_101' title="bbox 2143 4106 3837 4181; baseline 0.002 -22"><span class='ocrx_word' id='word_1_699' title='bbox 2143 4120 2372 4175; x_wconf 87' lang='lat' dir='ltr'><strong>perans,</strong></span> <span class='ocrx_word' id='word_1_700' title='bbox 2408 4106 2641 4175; x_wconf 91' lang='lat' dir='ltr'><strong>propria</strong></span> <span class='ocrx_word' id='word_1_701' title='bbox 2668 4122 2833 4161; x_wconf 90' lang='lat' dir='ltr'><strong>reum</strong></span> <span class='ocrx_word' id='word_1_702' title='bbox 2864 4107 3125 4177; x_wconf 89' lang='lat' dir='ltr'><strong>nequitia</strong></span> <span class='ocrx_word' id='word_1_703' title='bbox 3150 4108 3360 4163; x_wconf 90' lang='lat' dir='ltr'><strong>virtute</strong></span> <span class='ocrx_word' id='word_1_704' title='bbox 3389 4109 3694 4165; x_wconf 88' lang='lat' dir='ltr'><strong>damnavit</strong></span> <span class='ocrx_word' id='word_1_705' title='bbox 3722 4125 3837 4181; x_wconf 85' lang='lat' dir='ltr'><strong>per-</strong></span> 
     </span>
    </p>
   </div>
   <div class='ocr_carea' id='block_1_102' title="bbox 2143 4194 3841 4268">
    <p class='ocr_par' dir='ltr' id='par_1_102' title="bbox 2143 4194 3841 4268">
     <span class='ocr_line' id='line_1_102' title="bbox 2143 4194 3841 4268; baseline 0.002 -21"><span class='ocrx_word' id='word_1_706' title='bbox 2143 4198 2337 4263; x_wconf 90' lang='lat' dir='ltr'><strong>petua.</strong></span> <span class='ocrx_word' id='word_1_707' title='bbox 2388 4195 2451 4247; x_wconf 85' lang='lat' dir='ltr'><strong>In</strong></span> <span class='ocrx_word' id='word_1_708' title='bbox 2477 4194 2678 4249; x_wconf 91' lang='lat' dir='ltr'><strong>diebus</strong></span> <span class='ocrx_word' id='word_1_709' title='bbox 2721 4195 2888 4261; x_wconf 89' lang='lat' dir='ltr'><strong>nivis,</strong></span> <span class='ocrx_word' id='word_1_710' title='bbox 2930 4196 3066 4266; x_wconf 89' lang='lat' dir='ltr'><strong>quia</strong></span> <span class='ocrx_word' id='word_1_711' title='bbox 3108 4212 3213 4267; x_wconf 90' lang='lat' dir='ltr'><strong>per</strong></span> <span class='ocrx_word' id='word_1_712' title='bbox 3251 4202 3500 4252; x_wconf 84' lang='lat' dir='ltr'><strong>mortem</strong></span> <span class='ocrx_word' id='word_1_713' title='bbox 3554 4205 3841 4268; x_wconf 89' lang='lat' dir='ltr'><strong>peccatum</strong></span> 
     </span>
    </p>
   </div>
   <div class='ocr_carea' id='block_1_103' title="bbox 2146 4281 3843 4355">
    <p class='ocr_par' dir='ltr' id='par_1_103' title="bbox 2146 4281 3843 4355">
     <span class='ocr_line' id='line_1_103' title="bbox 2146 4281 3843 4355; baseline 0.002 -21"><span class='ocrx_word' id='word_1_714' title='bbox 2146 4281 2414 4350; x_wconf 85' lang='lat' dir='ltr'><strong>expiavit.</strong></span> <span class='ocrx_word' id='word_1_715' title='bbox 2471 4282 2670 4337; x_wconf 88' lang='lat' dir='ltr'><strong>Unde:</strong></span> <span class='ocrx_word' id='word_1_716' title='bbox 2715 4282 2952 4338; x_wconf 82' lang='lat' dir='ltr'><strong>Lavabis</strong></span> <span class='ocrx_word' id='word_1_717' title='bbox 2999 4300 3083 4339; x_wconf 84' lang='lat' dir='ltr'><strong>me</strong></span> <span class='ocrx_word' id='word_1_718' title='bbox 3135 4289 3187 4340; x_wconf 87' lang='lat' dir='ltr'><strong>et</strong></span> <span class='ocrx_word' id='word_1_719' title='bbox 3212 4300 3378 4355; x_wconf 88' lang='lat' dir='ltr'><strong>super</strong></span> <span class='ocrx_word' id='word_1_720' title='bbox 3425 4289 3609 4342; x_wconf 81' lang='lat' dir='ltr'><strong>nivem</strong></span> <span class='ocrx_word' id='word_1_721' title='bbox 3633 4286 3843 4341; x_wconf 84' lang='lat' dir='ltr'><strong>dealba-</strong></span> 
     </span>
    </p>
   </div>
   <div class='ocr_carea' id='block_1_104' title="bbox 2146 4370 2546 4439">
    <p class='ocr_par' dir='ltr' id='par_1_104' title="bbox 2146 4370 2546 4439">
     <span class='ocr_line' id='line_1_104' title="bbox 2146 4370 2546 4439; baseline 0 -16"><span class='ocrx_word' id='word_1_722' title='bbox 2146 4370 2241 4424; x_wconf 88' lang='lat' dir='ltr'><strong>bor</strong></span> <span class='ocrx_word' id='word_1_723' title='bbox 2271 4371 2440 4438; x_wconf 89' lang='lat' dir='ltr'><strong>(Psal.</strong></span> <span class='ocrx_word' id='word_1_724' title='bbox 2474 4370 2546 4439; x_wconf 71' lang='grc' dir='ltr'><strong>ι).</strong></span> 
     </span>
    </p>
   </div>
   <div class='ocr_carea' id='block_1_105' title="bbox 2214 4460 3845 4519">
    <p class='ocr_par' dir='ltr' id='par_1_105' title="bbox 2214 4460 3845 4519">
     <span class='ocr_line' id='line_1_105' title="bbox 2214 4460 3845 4519; baseline 0.002 -8"><span class='ocrx_word' id='word_1_725' title='bbox 2214 4460 2376 4513; x_wconf 77' lang='lat' dir='ltr'><strong>Vens.</strong></span> <span class='ocrx_word' id='word_1_726' title='bbox 2427 4460 2516 4512; x_wconf 70' lang='grc'><strong>24.</strong></span> <span class='ocrx_word' id='word_1_727' title='bbox 2585 4488 2654 4497; x_wconf 91' lang='grc'><strong><em>-</em></strong></span> <span class='ocrx_word' id='word_1_728' title='bbox 2715 4461 2862 4513; x_wconf 78' lang='lat' dir='ltr'><strong>Inter</strong></span> <span class='ocrx_word' id='word_1_729' title='bbox 2910 4465 3038 4515; x_wconf 89' lang='lat' dir='ltr'><strong>tres.</strong></span> <span class='ocrx_word' id='word_1_730' title='bbox 3095 4461 3289 4516; x_wconf 82' lang='lat' dir='ltr'><strong>Abisai</strong></span> <span class='ocrx_word' id='word_1_731' title='bbox 3340 4471 3399 4516; x_wconf 87' lang='lat' dir='ltr'><strong>et</strong></span> <span class='ocrx_word' id='word_1_732' title='bbox 3458 4463 3745 4519; x_wconf 88' lang='lat' dir='ltr'><strong>Sobochai</strong></span> <span class='ocrx_word' id='word_1_733' title='bbox 3796 4468 3845 4517; x_wconf 90' lang='lat' dir='ltr'><strong>et</strong></span> 
     </span>
    </p>
   </div>
   <div class='ocr_carea' id='block_1_106' title="bbox 2142 4546 3845 4624">
    <p class='ocr_par' dir='ltr' id='par_1_106' title="bbox 2142 4546 3845 4624">
     <span class='ocr_line' id='line_1_106' title="bbox 2142 4546 3845 4624; baseline 0.002 -24"><span class='ocrx_word' id='word_1_734' title='bbox 2142 4546 2445 4613; x_wconf 87' lang='lat' dir='ltr'><strong>Jonathan,</strong></span> <span class='ocrx_word' id='word_1_735' title='bbox 2496 4546 2706 4617; x_wconf 90' lang='lat' dir='ltr'><strong>quibus</strong></span> <span class='ocrx_word' id='word_1_736' title='bbox 2737 4547 2951 4603; x_wconf 86' lang='lat' dir='ltr'><strong>viribus</strong></span> <span class='ocrx_word' id='word_1_737' title='bbox 2999 4551 3359 4621; x_wconf 59' lang='lat' dir='ltr'><strong>aequabatur,</strong></span> <span class='ocrx_word' id='word_1_738' title='bbox 3390 4551 3492 4622; x_wconf 88' lang='lat' dir='ltr'><strong>qui</strong></span> <span class='ocrx_word' id='word_1_739' title='bbox 3524 4559 3652 4608; x_wconf 90' lang='lat' dir='ltr'><strong>erat</strong></span> <span class='ocrx_word' id='word_1_740' title='bbox 3683 4567 3845 4624; x_wconf 87' lang='lat' dir='ltr'><strong>super</strong></span> 
     </span>
    </p>
   </div>
   <div class='ocr_carea' id='block_1_107' title="bbox 2144 4634 3175 4705">
    <p class='ocr_par' dir='ltr' id='par_1_107' title="bbox 2144 4634 3175 4705">
     <span class='ocr_line' id='line_1_107' title="bbox 2144 4634 3175 4705; baseline 0.004 -17"><span class='ocrx_word' id='word_1_741' title='bbox 2144 4635 2399 4705; x_wconf 83' lang='lat' dir='ltr'><strong>triginta,</strong></span> <span class='ocrx_word' id='word_1_742' title='bbox 2428 4634 2575 4690; x_wconf 91' lang='lat' dir='ltr'><strong>sicut</strong></span> <span class='ocrx_word' id='word_1_743' title='bbox 2605 4636 2875 4691; x_wconf 56' lang='lat' dir='ltr'><strong>Hebraeus</strong></span> <span class='ocrx_word' id='word_1_744' title='bbox 2907 4637 3175 4693; x_wconf 83' lang='lat' dir='ltr'><strong>afﬁrmat.</strong></span> 
     </span>
    </p>
   </div>
   <div class='ocr_carea' id='block_1_108' title="bbox 2809 4779 3187 4835">
    <p class='ocr_par' dir='ltr' id='par_1_108' title="bbox 2809 4779 3187 4835">
     <span class='ocr_line' id='line_1_108' title="bbox 2809 4779 3187 4835; baseline 0.003 -2"><span class='ocrx_word' id='word_1_745' title='bbox 2809 4779 3033 4833; x_wconf 78' lang='lat' dir='ltr'><strong>CAPUT</strong></span> <span class='ocrx_word' id='word_1_746' title='bbox 3070 4780 3187 4835; x_wconf 81' lang='grc' dir='ltr'><strong>ΧΙῐ.</strong></span> 
     </span>
    </p>
   </div>
   <div class='ocr_carea' id='block_1_109' title="bbox 2216 4902 3843 4980">
    <p class='ocr_par' dir='ltr' id='par_1_109' title="bbox 2216 4902 3843 4980">
     <span class='ocr_line' id='line_1_109' title="bbox 2216 4902 3843 4980; baseline 0.004 -26"><span class='ocrx_word' id='word_1_747' title='bbox 2216 4902 2377 4955; x_wconf 76' lang='lat' dir='ltr'><strong>Vens.</strong></span> <span class='ocrx_word' id='word_1_748' title='bbox 2416 4906 2499 4956; x_wconf 86' lang='grc'><strong>12.</strong></span> <span class='ocrx_word' id='word_1_749' title='bbox 2548 4934 2615 4943; x_wconf 91' lang='lat'><strong>-—-</strong></span> <span class='ocrx_word' id='word_1_750' title='bbox 2645 4906 2720 4958; x_wconf 86' lang='lat' dir='ltr'><strong>Hi</strong></span> <span class='ocrx_word' id='word_1_751' title='bbox 2753 4920 2962 4974; x_wconf 87' lang='lat' dir='ltr'><strong>quoque</strong></span> <span class='ocrx_word' id='word_1_752' title='bbox 2999 4912 3276 4962; x_wconf 78' lang='lat' dir='ltr'><strong>venerunt.</strong></span> <span class='ocrx_word' id='word_1_753' title='bbox 3333 4908 3453 4962; x_wconf 85' lang='lat' dir='ltr'><strong>Huc</strong></span> <span class='ocrx_word' id='word_1_754' title='bbox 3499 4924 3685 4980; x_wconf 90' lang='lat' dir='ltr'><strong>usque</strong></span> <span class='ocrx_word' id='word_1_755' title='bbox 3716 4923 3843 4961; x_wconf 84' lang='lat' dir='ltr'><strong>enu-</strong></span> 
     </span>
    </p>
   </div>
   <div class='ocr_carea' id='block_1_110' title="bbox 2145 4989 3842 5068">
    <p class='ocr_par' dir='ltr' id='par_1_110' title="bbox 2145 4989 3842 5068">
     <span class='ocr_line' id='line_1_110' title="bbox 2145 4989 3842 5068; baseline 0.004 -26"><span class='ocrx_word' id='word_1_756' title='bbox 2145 4989 2386 5043; x_wconf 86' lang='lat' dir='ltr'><strong>meravit</strong></span> <span class='ocrx_word' id='word_1_757' title='bbox 2409 4990 2582 5045; x_wconf 88' lang='lat' dir='ltr'><strong>fortes</strong></span> <span class='ocrx_word' id='word_1_758' title='bbox 2622 4992 2799 5047; x_wconf 90' lang='lat' dir='ltr'><strong>David</strong></span> <span class='ocrx_word' id='word_1_759' title='bbox 2827 4993 2927 5064; x_wconf 88' lang='lat' dir='ltr'><strong>qui</strong></span> <span class='ocrx_word' id='word_1_760' title='bbox 2952 4994 3297 5065; x_wconf 88' lang='lat' dir='ltr'><strong>adjuveruut</strong></span> <span class='ocrx_word' id='word_1_761' title='bbox 3323 5010 3456 5051; x_wconf 88' lang='lat' dir='ltr'><strong>eum</strong></span> <span class='ocrx_word' id='word_1_762' title='bbox 3488 5001 3554 5051; x_wconf 89' lang='lat' dir='ltr'><strong>ut</strong></span> <span class='ocrx_word' id='word_1_763' title='bbox 3582 5002 3842 5068; x_wconf 88' lang='lat' dir='ltr'><strong>regnaret</strong></span> 
     </span>
    </p>
   </div>
   <div class='ocr_carea' id='block_1_111' title="bbox 2145 5078 2542 5147">
    <p class='ocr_par' dir='ltr' id='par_1_111' title="bbox 2145 5078 2542 5147">
     <span class='ocr_line' id='line_1_111' title="bbox 2145 5078 2542 5147; baseline 0.005 -17"><span class='ocrx_word' id='word_1_764' title='bbox 2145 5093 2318 5147; x_wconf 89' lang='lat' dir='ltr'><strong>super</strong></span> <span class='ocrx_word' id='word_1_765' title='bbox 2347 5078 2542 5132; x_wconf 87' lang='lat' dir='ltr'><strong>Israel.</strong></span> 
     </span>
    </p>
   </div>
   <div class='ocr_carea' id='block_1_112' title="bbox 2218 5167 3844 5245">
    <p class='ocr_par' dir='ltr' id='par_1_112' title="bbox 2218 5167 3844 5245">
     <span class='ocr_line' id='line_1_112' title="bbox 2218 5167 3844 5245; baseline 0.004 -26"><span class='ocrx_word' id='word_1_766' title='bbox 2218 5167 2327 5232; x_wconf 85' lang='lat' dir='ltr'><strong>Qui</strong></span> <span class='ocrx_word' id='word_1_767' title='bbox 2352 5171 2508 5220; x_wconf 87' lang='lat' dir='ltr'><strong>erant</strong></span> <span class='ocrx_word' id='word_1_768' title='bbox 2543 5169 2854 5237; x_wconf 84' lang='lat' dir='ltr'><strong>fortissimi,</strong></span> <span class='ocrx_word' id='word_1_769' title='bbox 2884 5172 2988 5225; x_wconf 90' lang='lat' dir='ltr'><strong>etc.</strong></span> <span class='ocrx_word' id='word_1_770' title='bbox 3018 5170 3344 5227; x_wconf 91' lang='lat' dir='ltr'><strong>Secundum</strong></span> <span class='ocrx_word' id='word_1_771' title='bbox 3376 5173 3632 5228; x_wconf 91' lang='lat' dir='ltr'><strong>litteram</strong></span> <span class='ocrx_word' id='word_1_772' title='bbox 3670 5174 3844 5245; x_wconf 88' lang='lat' dir='ltr'><strong>signi-</strong></span> 
     </span>
    </p>
   </div>
   <div class='ocr_carea' id='block_1_113' title="bbox 2144 5254 3844 5333">
    <p class='ocr_par' dir='ltr' id='par_1_113' title="bbox 2144 5254 3844 5333">
     <span class='ocr_line' id='line_1_113' title="bbox 2144 5254 3844 5333; baseline 0.005 -25"><span class='ocrx_word' id='word_1_773' title='bbox 2144 5254 2277 5309; x_wconf 88' lang='lat' dir='ltr'><strong>ﬁcat</strong></span> <span class='ocrx_word' id='word_1_774' title='bbox 2325 5272 2421 5310; x_wconf 90' lang='lat' dir='ltr'><strong>eos</strong></span> <span class='ocrx_word' id='word_1_775' title='bbox 2466 5256 2643 5326; x_wconf 89' lang='lat' dir='ltr'><strong>agiles</strong></span> <span class='ocrx_word' id='word_1_776' title='bbox 2689 5274 2810 5312; x_wconf 89' lang='lat' dir='ltr'><strong>esse</strong></span> <span class='ocrx_word' id='word_1_777' title='bbox 2858 5265 2913 5313; x_wconf 86' lang='lat' dir='ltr'><strong>et</strong></span> <span class='ocrx_word' id='word_1_778' title='bbox 2961 5264 3224 5315; x_wconf 88' lang='lat' dir='ltr'><strong>strenuos</strong></span> <span class='ocrx_word' id='word_1_779' title='bbox 3273 5262 3689 5333; x_wconf 75' lang='lat' dir='ltr'><strong>omnigenere</strong></span> <span class='ocrx_word' id='word_1_780' title='bbox 3733 5263 3844 5317; x_wconf 89' lang='lat' dir='ltr'><strong>bel-</strong></span> 
     </span>
    </p>
   </div>
   <div class='ocr_carea' id='block_1_114' title="bbox 2146 5342 3843 5421">
    <p class='ocr_par' dir='ltr' id='par_1_114' title="bbox 2146 5342 3843 5421">
     <span class='ocr_line' id='line_1_114' title="bbox 2146 5342 3843 5421; baseline 0.004 -26"><span class='ocrx_word' id='word_1_781' title='bbox 2146 5342 2324 5397; x_wconf 90' lang='lat' dir='ltr'><strong>landi.</strong></span> <span class='ocrx_word' id='word_1_782' title='bbox 2364 5343 2595 5414; x_wconf 80' lang='lat' dir='ltr'><strong>Mystice</strong></span> <span class='ocrx_word' id='word_1_783' title='bbox 2641 5361 2774 5399; x_wconf 91' lang='lat' dir='ltr'><strong>vero</strong></span> <span class='ocrx_word' id='word_1_784' title='bbox 2809 5346 3020 5401; x_wconf 91' lang='lat' dir='ltr'><strong>milites</strong></span> <span class='ocrx_word' id='word_1_785' title='bbox 3069 5348 3277 5402; x_wconf 87' lang='lat' dir='ltr'><strong>Christi</strong></span> <span class='ocrx_word' id='word_1_786' title='bbox 3324 5364 3443 5403; x_wconf 91' lang='lat' dir='ltr'><strong>non</strong></span> <span class='ocrx_word' id='word_1_787' title='bbox 3474 5366 3699 5421; x_wconf 87' lang='lat' dir='ltr'><strong>segnes,</strong></span> <span class='ocrx_word' id='word_1_788' title='bbox 3750 5348 3843 5403; x_wconf 87' lang='lat' dir='ltr'><strong>sed</strong></span> 
     </span>
    </p>
   </div>
   <div class='ocr_carea' id='block_1_115' title="bbox 2146 5431 3840 5507">
    <p class='ocr_par' dir='ltr' id='par_1_115' title="bbox 2146 5431 3840 5507">
     <span class='ocr_line' id='line_1_115' title="bbox 2146 5431 3840 5507; baseline 0.003 -23"><span class='ocrx_word' id='word_1_789' title='bbox 2146 5431 2432 5486; x_wconf 89' lang='lat' dir='ltr'><strong>studiosos</strong></span> <span class='ocrx_word' id='word_1_790' title='bbox 2479 5432 2749 5488; x_wconf 89' lang='lat' dir='ltr'><strong>describit</strong></span> <span class='ocrx_word' id='word_1_791' title='bbox 2800 5434 2860 5489; x_wconf 91' lang='lat' dir='ltr'><strong>in</strong></span> <span class='ocrx_word' id='word_1_792' title='bbox 2914 5436 3207 5507; x_wconf 90' lang='lat' dir='ltr'><strong>prosperis</strong></span> <span class='ocrx_word' id='word_1_793' title='bbox 3253 5442 3310 5492; x_wconf 90' lang='lat' dir='ltr'><strong>et</strong></span> <span class='ocrx_word' id='word_1_794' title='bbox 3363 5438 3426 5493; x_wconf 90' lang='lat' dir='ltr'><strong>in</strong></span> <span class='ocrx_word' id='word_1_795' title='bbox 3482 5438 3758 5504; x_wconf 86' lang='lat' dir='ltr'><strong>adversis,</strong></span> <span class='ocrx_word' id='word_1_796' title='bbox 3810 5452 3840 5489; x_wconf 85' lang='lat' dir='ltr'><strong>a</strong></span> 
     </span>
    </p>
   </div>
   <div class='ocr_carea' id='block_1_116' title="bbox 2147 5520 2797 5577">
    <p class='ocr_par' dir='ltr' id='par_1_116' title="bbox 2147 5520 2797 5577">
     <span class='ocr_line' id='line_1_116' title="bbox 2147 5520 2797 5577; baseline 0.006 -4"><span class='ocrx_word' id='word_1_797' title='bbox 2147 5520 2359 5574; x_wconf 78' lang='lat' dir='ltr'><strong>dextris</strong></span> <span class='ocrx_word' id='word_1_798' title='bbox 2386 5525 2441 5575; x_wconf 89' lang='lat' dir='ltr'><strong>et</strong></span> <span class='ocrx_word' id='word_1_799' title='bbox 2470 5537 2501 5576; x_wconf 89' lang='lat' dir='ltr'><strong>a</strong></span> <span class='ocrx_word' id='word_1_800' title='bbox 2531 5521 2797 5577; x_wconf 88' lang='lat' dir='ltr'><strong>sinistris.</strong></span> 
     </span>
    </p>
   </div>
  </div>
