3998 6178
162 274 256 327 649

1233 277 1489 335 GLOSSA
1524 278 1931 339 ORDINARIA.
1977 312 2041 321 —-
2084 284 2214 338 LIB.
2257 286 2281 340 Ι
2319 285 2567 342 PARAL.

3561 306 3667 360 650

225 395 390 448 Vsus.
431 397 484 449 8.
524 423 591 437 —
642 396 872 451 Veloces.
918 396 1113 468 (ΗΑΒ.)
1152 398 1295 453 Dicit
1332 416 1438 470 pro
1479 417 1675 457 sensus
1713 418 1849 456 acu-
1888 403 1937 457 Α
2036 406 2197 460 Vens.
2249 409 2338 465 35.
2384 438 2452 450 —
2502 411 2735 478 Viginti,
2781 417 2888 468 etc.
2942 415 3126 487 (ΗΑΒ.)
3157 420 3414 489 Apostoli
3446 424 3662 481 scilicet

156 481 308 535 mine
345 483 433 536 vel
475 484 728 554 corporis
774 484 1049 554 agilitate.
1092 486 1319 556 Mystice
1354 504 1485 542 vero
1517 490 1615 560 qui
1648 491 1856 545 Christi

152 569 414 625 militiam
455 573 818 642 proﬁtentur,
852 590 969 627 non
1001 574 1212 629 debent
1250 592 1368 630 esse
1408 580 1628 648 parvuli
1661 596 1850 647 sensu,

150 659 245 712 sed
295 661 594 730 providere
649 661 820 727 bona,
875 678 992 716 non
1040 668 1262 718 tantum
1316 681 1509 720 coram
1558 668 1697 732 Deo,
1755 669 1854 723 sed

149 747 323 801 etiam
353 765 547 802 coram
576 749 843 803 omnibus
872 751 1222 807 hominibus.

220 836 384 892 Vens.
422 838 511 891 14.
552 869 620 877 -
650 840 1008 907 Novissimus,
1041 844 1146 895 etc.
1183 840 1279 895 Hic
1311 840 1636 913 signiﬁcant
1664 844 1854 897 docto-

152 939 239 977 res
270 925 605 979 Iudaeorum
628 931 682 979 et
709 927 1039 996 gentilium,
1063 928 1131 981 de
1152 928 1360 1000 quibus
1383 932 1591 985 Paulus
1612 948 1680 986 ex
1701 933 1851 987 tribu

152 1011 455 1082 Benjamin
503 1014 579 1067 ait
620 1031 632 1067 :
672 1017 879 1081 Petrus,
923 1017 1166 1071 Jacobus
1209 1022 1259 1071 et
1295 1020 1545 1087 Joannes,
1580 1023 1676 1089 qui
1704 1021 1853 1075 vide-

155 1103 361 1157 bantur
409 1106 664 1159 columna
702 1122 828 1171 esse,
870 1106 1094 1162 dextras
1124 1110 1262 1162 mihi
1293 1110 1574 1175 dederunt,
1615 1117 1666 1165 et
1709 1114 1849 1167 Bar-

148 1193 303 1245 nabav
354 1196 645 1260 societatis,
696 1200 801 1249 etc.
847 1196 995 1265 (Gal.
1050 1197 1150 1267 x1.)
1203 1197 1269 1251 Hi
1311 1198 1382 1252 ad
1425 1199 1713 1254 Christum
1751 1217 1853 1255 ve-

152 1281 377 1335 nientes
406 1299 510 1352 per
539 1282 732 1336 omnia
762 1285 1040 1355 explorati
1070 1290 1222 1340 sunt.
1258 1286 1416 1341 I'nde
1446 1287 1660 1358 (Matth.
1694 1289 1799 1358 xv1)
1834 1307 1849 1345 :

156 1370 258 1423 Vos
313 1376 495 1424 autem
541 1387 695 1435 quem
741 1388 823 1425 me
867 1388 979 1427 esse
1026 1373 1252 1429 dicitis?
1300 1375 1613 1446 Respondit
1652 1378 1850 1432 Petrus

148 1473 250 1527 pro
299 1459 570 1513 omnibus
616 1476 628 1514 :
686 1460 768 1514 Tu
815 1477 868 1515 es
916 1463 1163 1518 Christus
1211 1465 1382 1518 Filius
1426 1467 1521 1519 Dei
1567 1467 1698 1520 vivi.
1745 1467 1850 1521 Cui

155 1546 430 1600 Dominus
464 1564 475 1600 :
514 1551 592 1602 Tu
629 1564 683 1602 es
712 1551 921 1616 Petrus,
966 1556 1016 1605 et
1051 1566 1214 1620 super
1251 1553 1388 1606 hanc
1424 1558 1636 1622 petram
1674 1554 1845 1623 aediﬁ-

150 1636 275 1689 cabo
325 1637 631 1690 Ecclesiam
682 1654 873 1693 meam.
928 1641 993 1693 Et
1036 1639 1169 1694 alibi

146 1728 419 1791 sanctum,
468 1741 693 1792 quorum
745 1729 1060 1785 remiscritis
1110 1735 1331 1797 peccata
1373 1733 1726 1786 remittuntur
1771 1736 1846 1787 eis

148 1814 328 1879 (Joan.
366 1812 481 1879 xx).

216 1902 385 1954 Vens.
441 1904 532 1956 15.
583 1930 657 1943 -
708 1905 1062 1957 Transierunt
1108 1906 1417 1960 Iordanem.
1458 1906 1743 1974 Iordanis,
1784 1907 1844 1962 in

144 2005 257 2059 quo
306 1989 569 2044 Christus
616 1991 933 2062 baptizatus
972 1998 1075 2059 est,
1116 1993 1464 2064 baptismum
1506 1995 1787 2065 signiﬁcat
1827 2013 1841 2051 :

143 2077 297 2132 hunc
333 2082 633 2133 transeunt
661 2080 920 2136 doctores
950 2098 1147 2136 mense
1176 2084 1388 2153 primo,
1426 2084 1644 2152 quando
1674 2086 1842 2139 inun-

143 2168 272 2222 dare
324 2172 600 2223 consuevit
644 2185 825 2239 super,
876 2171 1013 2242 quia
1065 2172 1306 2226 Domino
1352 2173 1411 2226 in
1454 2190 1623 2228 carne
1662 2190 1844 2245 appa-

144 2260 301 2310 rente
341 2261 399 2310 et
427 2274 641 2312 annum
678 2260 1085 2329 acceptabilem
1114 2265 1500 2327 consecrante,
1534 2267 1842 2334 postquam

143 2342 496 2414 baptismum
546 2361 649 2399 suo
696 2346 1039 2416 baptismate
1077 2350 1445 2415 consecravit,
1476 2350 1665 2421 ipsum
1694 2368 1842 2423 prm-

142 2432 384 2487 dicando
415 2439 473 2487 et
500 2434 841 2505 baptizando
872 2441 989 2490 toto
1016 2437 1154 2492 orbe
1184 2438 1562 2497 diﬁ‘uderunt.

210 2523 290 2576 Et
331 2538 509 2577 omnes
545 2526 878 2591 fugaverunt
926 2528 1023 2594 qui
1061 2528 1416 2582 morabantur
1463 2530 1658 2599 (Ras).
1700 2530 1844 2594 Quia

144 2609 389 2678 Iudaeos,
425 2627 569 2681 quos
609 2613 913 2667 Orientalis
950 2615 1121 2684 plaga
1159 2620 1393 2686 propter
1423 2622 1612 2671 ortum
1661 2619 1841 2672 scien-

146 2698 234 2752 tiae
276 2699 425 2769 legis
456 2700 757 2770 signiﬁcat,
792 2702 879 2755 vel
909 2703 1169 2773 gentiles,
1212 2704 1270 2757 in
1312 2704 1521 2775 quibus
1565 2708 1841 2761 naturalis

144 2787 447 2854 prudentia
495 2788 722 2853 occidit,
774 2789 911 2843 dum
959 2792 1174 2844 cultum
1219 2792 1318 2845 Dei
1362 2792 1679 2848 attribuunt
1716 2794 1840 2850 ido-

144 2876 227 2943 lis,
277 2877 572 2947 Evangelii
622 2878 1023 2948 prmdicatione
1064 2879 1423 2951 fugaverunt.
1470 2882 1626 2937 Unde
1672 2900 1685 2936 ε
1726 2885 1839 2939 lni-

1967 498 2024 547 et
2052 495 2351 564 apostolici
2377 497 2485 551 viri
2528 499 2599 552 ad
2644 506 2901 555 nostrum
2936 504 3110 559 David
3141 509 3487 565 conveniunt
3519 518 3578 567 et
3613 515 3665 569 ei

1966 584 2341 654 spiritualiter
2378 589 2742 659 copulantur,
2772 596 2829 644 et
2856 592 2954 646 alii
2986 598 3104 649 tam
3136 612 3202 650 ex
3238 599 3451 654 Iudaeis
3486 618 3662 673 quam

1964 673 2229 742 gentibus
2263 692 2374 729 uno
2405 677 2571 731 corde
2602 683 2658 732 et
2690 679 2815 749 pari
2857 684 2980 735 voto
3008 688 3308 753 certantes,
3337 691 3399 742 ut
3436 688 3535 744 ﬁat
3565 708 3660 746 rex

1964 760 2162 829 David,
2195 767 2251 817 et
2280 763 2387 835 ipsi
2418 764 2532 819 sint
2562 782 2802 837 regnum
2840 768 3068 826 Christi.

2034 850 2193 904 Vens.
2233 853 2318 906 39.
2354 882 2423 893 —
2467 854 2659 909 Tribus
2702 855 2907 911 diebus.
2957 858 3127 913 Omni
3156 864 3415 933 tempore
3445 866 3662 924 scilicet

1964 935 2137 992 ﬁdem
2184 940 2478 995 Trinitatis
2514 947 2798 1009 tenentes,
2848 948 2904 999 et
2932 946 3032 1016 qui
3079 949 3253 1018 primi
3285 951 3558 1022 doctores,
3602 958 3660 1013 id

1963 1032 2065 1094 est,
2111 1030 2355 1099 apostoli
2395 1047 2457 1084 ex
2503 1031 2696 1086 divina
2732 1033 3022 1104 Scriptura
3052 1037 3323 1095 alimenta
3360 1058 3659 1115 praepara-

1962 1119 2185 1183 verant,
2236 1116 2578 1188 accipientes
2625 1126 2680 1175 et
2727 1124 2987 1178 omnium
3034 1125 3317 1184 bonorum
3364 1132 3658 1204 largitioni

1961 1202 2173 1272 gratias
2202 1217 2457 1275 agentes.

2606 1354 2830 1409 CAPUT
2870 1357 3011 1411 XIII.

2031 1473 2191 1527 Vens.
2252 1478 2306 1529 l.
2359 1504 2430 1514 —
2475 1476 2608 1530 Iniit
2655 1483 2853 1533 autem.
2904 1483 3214 1554 Apostolis,
3269 1490 3651 1560 evangelistis,

1960 1561 2058 1629 qui
2088 1561 2259 1616 ﬁdem
2290 1563 2693 1619 incarnationis
2723 1585 2757 1620 a
2786 1568 2995 1623 Judaais
3024 1572 3093 1625 ad
3124 1574 3364 1630 salutem
3394 1581 3653 1648 gentium

1218 1657 1231 1693 :
1280 1641 1528 1711 Accipite
1580 1643 1849 1712 Spiritum
1886 1686 1929 1741 Β
1960 1650 2399 1706 transtulerunt.
2459 1653 2571 1707 Hoc
2624 1660 2707 1708 est
2754 1657 2909 1710 enim
2958 1658 3028 1712 de
3067 1662 3209 1715 colle
3258 1641 3653 1724 Cariathiarim

1961 1736 2108 1806 (quae
2141 1741 2226 1790 est
2263 1736 2322 1791 in
2353 1737 2516 1804 Juda,
2565 1745 2622 1793 et
2660 1740 3067 1811 interpretatur
3108 1751 3302 1804 civitas
3330 1754 3648 1827 sylvarum),

1956 1825 2024 1877 ad
2068 1841 2126 1878 se
2166 1842 2353 1880 arcam
2395 1827 2622 1882 Domini
2654 1831 2960 1887 transferre
3010 1849 3022 1887 :
3058 1836 3127 1889 de
3159 1838 3472 1897 eminentia
3502 1825 3651 1899 scili-

1956 1916 2043 1966 cet
2087 1912 2507 1982 Scripturarum
2566 1918 2713 1987 apud
2767 1920 2994 1974 Judmos
3048 1924 3253 1994 posita,
3301 1928 3399 1982 ubi
3448 1933 3653 1989 umbra

1954 2016 2253 2055 nemorosa
2300 2001 2616 2072 ﬁgurarum
2661 2006 2941 2076 abundat;
2973 2011 3043 2064 ad
3078 2012 3649 2091 intellectumdenti-

1951 2088 2022 2141 lis
2063 2089 2285 2159 populi,
2318 2090 2416 2145 ubi
2446 2091 2717 2148 fundatur
2746 2095 3013 2162 Ecclesia,
3046 2101 3218 2157 ﬁdem
3251 2088 3492 2163 Domini
3512 2127 3649 2182 per-

1951 2176 2178 2233 ducere.

2022 2265 2199 2356 Vens:
2231 2267 2281 2321 3.
2331 2296 2393 2306 —
2445 2269 2565 2325 Non
2608 2271 2769 2325 enim.
2824 2272 3004 2345 (ΗΑΒ.)
3044 2276 3188 2341 Quia
3238 2282 3648 2356 interpretatur

1951 2352 2124 2406 Vetus
2161 2354 2584 2410 Testamentum
2625 2358 2976 2428 spiritualem
3010 2380 3241 2422 sensum
3273 2352 3642 2446 quivlatebat,

1950 2442 2196 2512 populus
2225 2443 2321 2496 ille
2351 2444 2576 2513 aperire
2610 2463 2724 2500 non
2764 2449 2970 2517 potuit,
3007 2451 3151 2506 sicut
3185 2471 3336 2512 nunc
3363 2442 3646 2520 revelatus

1951 2535 2037 2583 est
2090 2531 2364 2600 apostolis
2413 2538 2469 2586 et
2516 2534 2831 2605 prophetis,
2887 2544 3086 2608 gentes
3134 2543 3347 2601 scilicet
3393 2566 3512 2606 esse
3551 2570 3643 2609 co-

1950 2617 2205 2672 heeredes
2239 2624 2294 2673 et
2322 2621 2754 2693 comparticipes
2784 2627 3177 2695 promissionis
3204 2634 3457 2693 Domini.

2023 2708 2182 2760 Vens.
2226 2710 2276 2761 5.
2314 2738 2383 2747 —
2422 2710 2471 2763 Α
2510 2710 2687 2765 Sihor.
2724 2712 2891 2767 Sihor
2920 2715 3128 2772 fluvius
3158 2723 3379 2795 Egypti
3409 2732 3513 2796 est,
3546 2732 3646 2801 qui

1954 2810 1985 2846 a
2028 2794 2177 2858 Nilo,
2220 2799 2286 2847 ut
2326 2794 2538 2863 ferunt,
2582 2798 2888 2866 derivatur,
2926 2809 2981 2857 et
3012 2794 3421 2878 interpretatur
3455 2794 3645 2885 nhia-

1950 2887 2281 2937 mamentum
2341 2900 2537 2940 novum
2594 2892 2645 2941 et
2692 2889 2985 2953 turbidum,
3042 2895 3192 2950 unde
3242 2915 3255 2952 :
3308 2901 3457 2966 Quid
3504 2922 3647 2962 nunc

144 2968 297 3020 micas
348 2982 488 3021 meos
531 2967 735 3021 dedisti
774 2970 912 3021 mihi
949 2969 1217 3034 deorsum,
1261 2974 1311 3023 et
1349 2970 1585 3025 odientcs
1616 2987 1697 3025 me
1724 2971 1838 3027 dis-
1878 2975 1922 3032 C
1953 2969 2054 3023 tibi
2080 2972 2164 3024 vis
2204 2972 2261 3023 in
2300 2974 2392 3025 via
2419 2976 2667 3044 Egypti,
2699 2982 2759 3029 ut
2791 2977 2944 3034 bibas
2972 2996 3173 3049 aquam
3203 2988 3480 3046 turbidam
3524 2995 3646 3062 (Je-

138 3054 433 3122 perdidisti
465 3056 633 3123 (Psal.
660 3056 815 3111 xvul.

206 3160 368 3213 Vens.
421 3163 504 3213 19.
548 3189 618 3201 -
659 3159 827 3214 Porro
866 3160 932 3214 de
968 3163 1239 3215 Manasse.
1272 3162 1337 3215 Hi
1367 3164 1579 3218 scilicet
1617 3170 1837 3235 septem

133 3247 425 3317 principes
469 3248 563 3317 qui
614 3248 682 3301 de
718 3249 967 3303 Manasse
1011 3255 1314 3316 venerunt,
1357 3252 1683 3322 signiﬁcant
1713 3254 1837 3320 pri-

133 3351 256 3389 mos
285 3336 551 3389 Ecclesia:
580 3335 841 3391 doctores
864 3337 931 3391 de
962 3337 1161 3391 Judaaa
1180 3338 1493 3406 venientes,
1529 3341 1627 3412 qui
1658 3342 1838 3413 septi-

136 3423 304 3477 formi
335 3423 549 3494 Spiritu
581 3423 849 3478 illustrati
880 3424 1156 3494 adjuvant
1192 3431 1452 3481 nostrum
1485 3428 1659 3483 David
1702 3445 1834 3484 con-

133 3514 215 3563 tra
266 3511 647 3578 latrunculos,
700 3510 760 3565 id
800 3516 884 3565 est
925 3511 1225 3566 haereticos
1274 3515 1361 3568 vel
1401 3516 1635 3587 spiritus
1675 3518 1836 3571 mali-

131 3614 296 3669 gnos,
331 3598 434 3670 qui
466 3616 583 3653 non
612 3606 837 3654 cessant
864 3601 932 3655 de
969 3601 1211 3655 Ecclesia
1242 3619 1441 3674 rapere
1471 3610 1528 3659 et
1552 3606 1834 3676 captivare

131 3703 271 3757 quos
325 3697 599 3758 possunt;
647 3690 799 3743 unde
850 3706 862 3743 :
909 3692 1014 3744 Deo
1051 3696 1232 3744 autem
1260 3696 1473 3759 gratias
1503 3697 1602 3763 qui
1629 3711 1836 3766 semper

130 3774 441 3844 triumphat
470 3790 567 3829 nos
596 3777 655 3829 in
684 3776 893 3832 Christo
920 3778 1068 3831 Jesu.
1100 3778 1184 3847 (ΙΙ
1206 3778 1326 3834 Cor.
1360 3781 1423 3850 1).

194 3880 371 3933 Vens.
415 3882 501 3934 22.
546 3909 617 3920 -—
652 3880 941 3935 Exercitus
994 3884 1107 3936 Dei.
1159 3882 1267 3947 Qui
1316 3884 1527 3940 scilicet
1573 3903 1833 3958 egressus

128 3972 207 4020 est
236 3968 316 4022 de
345 3968 613 4038 A‘ngpto,
653 3968 710 4022 id
748 3973 834 4022 est
871 3973 1135 4023 sexcenta
1180 3971 1382 4038 millia,
1422 3974 1501 4028 sic
1539 3980 1834 4045 exponunt

125 4056 374 4110 Hebraei.
420 4056 527 4111 Sed
563 4057 819 4127 mystice,
852 4058 913 4112 in
944 4057 1196 4112 exercitu
1225 4063 1403 4115 nostri
1433 4064 1606 4118 David
1638 4066 1831 4136 quoti—

123 4143 208 4197 die
237 4159 524 4197 numerus
548 4143 807 4199 ﬁdelium
838 4146 1060 4215 crescit,
1092 4148 1273 4204 donec
1302 4152 1702 4222 compleantur
1731 4154 1830 4225 qui

123 4231 190 4284 ad
222 4232 411 4285 vitam
437 4232 829 4302 praedestinati
860 4240 994 4288 sunt
1019 4240 1316 4291 aeternam.

188 4338 359 4392 Vens.
402 4340 501 4391 23.
546 4369 612 4377 —
656 4340 725 4393 Ut
764 4343 1144 4407 transferrent.
1187 4342 1332 4406 Quia
1362 4344 1541 4399 sancti
1569 4346 1828 4401 doctores

125 4429 377 4480 maxime
422 4426 747 4480 desiderant
793 4432 854 4482 ut
898 4429 1106 4483 veteris
1156 4430 1301 4501 legis
1347 4433 1534 4487 cultus
1576 4435 1630 4489 in
1661 4436 1829 4505 spiri-

126 4514 345 4568 tualem
385 4513 827 4585 intelligentiam
861 4518 1151 4589 Evangelii
1181 4520 1577 4590 transferatur,
1608 4528 1666 4577 et
1687 4524 1831 4579 ﬁant

126 4618 323 4657 omnia
356 4618 521 4656 nova.

192 4711 364 4764 Vens.
423 4711 513 4764 27.
572 4739 643 4750 —
694 4711 907 4765 Joiada
966 4729 1175 4783 quoque
1225 4717 1481 4785 princeps
1539 4716 1604 4770 de
1660 4720 1830 4788 stirpe

124 4799 337 4864 Aaron,
392 4802 497 4851 etc.
560 4799 720 4852 Hunc
784 4800 1024 4855 tradunt
1081 4802 1303 4857 Hebraei
1359 4803 1532 4857 fuisse
1590 4805 1829 4861 Phinees

125 4884 620 4951 ﬁlium-Eleazari,
651 4887 718 4940 ad
754 4887 917 4957 cujus
947 4890 1437 4959 comparationem
1477 4891 1657 4947 Sadoc
1686 4911 1829 4965 puer

124 4979 362 5027 vocatur
391 4976 668 5042 tanquam
699 4979 866 5028 aetate
898 4979 954 5029 et
983 4977 1187 5033 merito
1219 4979 1425 5034 minor.

191 5081 359 5133 Vens.
410 5082 498 5132 3'2.
549 5110 617 5118 —-
664 5082 735 5133 De
774 5081 909 5149 ﬁliis
957 5098 1166 5151 quoque
1211 5086 1488 5153 Issachar,
1541 5090 1670 5155 viri,
1718 5093 1824 5143 etc.

129 5168 399 5222 Doctores
450 5168 588 5238 legis
622 5168 681 5221 in
714 5169 867 5223 tribu
911 5171 1166 5226 Issachar
1208 5173 1380 5228 fuisse
1428 5176 1683 5242 tradunt,
1727 5176 1827 5248 qui

127 5257 353 5327 singula
405 5260 665 5326 tempora
724 5259 1198 5315 caeremoniarum
1251 5263 1605 5318 observanda
1657 5266 1823 5319 doce-

127 5342 276 5406 bant,
328 5347 390 5398 et
427 5343 564 5414 quid
609 5345 793 5399 facere
850 5346 1084 5402 deberet
1131 5350 1299 5404 Israel
1349 5352 1816 5421 praescribebant.

132 5432 193 5485 Hi
240 5433 505 5487 doctores
554 5433 812 5488 Ecclesia
851 5436 1196 5506 signiﬁcant,
1240 5455 1488 5510 quorum
1528 5443 1825 5513 praeceptis

132 5520 340 5575 subditi
374 5519 796 5591 obtemperant.

485 5625 759 5694 PATROL.
813 5628 1000 5695 CXIII

1945 3071 2077 3109 rem.
2139 3058 2279 3127 vu)?
2336 3060 2749 3117 Cariathiarim.
2807 3066 3013 3122 Civitas
3064 3072 3340 3139 Damasci,
3396 3058 3543 3150 quae-
3584 3083 3645 3139 in

1946 3146 2117 3197 Amos
2161 3146 2515 3214 Emathabal,
2562 3150 2619 3204 id
2665 3155 2749 3206 est
2799 3154 2998 3210 Emath
3042 3174 3269 3230 magna,
3319 3146 3447 3237 quas
3491 3186 3645 3226 nunc

1948 3232 2264 3303 Epiphania
2314 3244 2696 3309 nuncupatur.
2749 3242 2856 3295 Per
2893 3243 3059 3299 Sihor
3110 3232 3397 3307 autemet
3442 3257 3645 3314 Emath

1945 3323 2126 3375 totam
2174 3326 2386 3378 terram
2427 3326 2825 3396 promissionis
2855 3333 3304 3403 comprehendit.
3343 3344 3450 3396 Per
3478 3345 3646 3402 Sihor

1944 3406 2152 3475 rivum,
2222 3411 2433 3467 scilicet
2512 3415 2599 3468 vel
2667 3420 3001 3486 torrentem,
3074 3422 3358 3494 signiﬁcat
3418 3434 3645 3507 Egypti

1945 3499 2254 3553 australem
2292 3504 2534 3570 partem.
2580 3505 2686 3557 Per
2718 3506 2920 3561 Emath
2950 3525 3081 3564 vero
3112 3499 3641 3583 septentrionalem.

1947 3587 2343 3658 Cariatharim,
2380 3607 2509 3662 quae
2540 3592 2675 3647 alibi
2707 3595 3121 3667 Cariathabaal,
3151 3602 3346 3660 civitas
3369 3610 3639 3680 saltuum,

1943 3691 2061 3729 una
2089 3677 2158 3731 de
2194 3679 2434 3733 urbibus
2464 3681 2911 3738 Gabaonitarum
2944 3686 3002 3740 in
3034 3689 3188 3745 tribu
3220 3693 3366 3748 Juda
3395 3696 3455 3751 in
3486 3677 3641 3756 nono

1940 3763 2210 3819 milliario
2261 3768 2331 3820 ab
2378 3768 2538 3822 Helia
2585 3772 2855 3826 euntibus
2896 3774 3231 3846 Diospolim,
3272 3781 3342 3835 de
3382 3800 3496 3855 qua
3532 3788 3642 3845 fuit

1944 3852 2105 3906 Urias
2151 3856 2452 3926 propheta,
2501 3874 2674 3928 quem
2719 3860 3005 3917 interfecit
3033 3866 3288 3923 Joachim
3320 3870 3380 3925 in
3396 3852 3641 3932 “Jerusa-

1941 3941 2053 3994 lem
2099 3943 2414 3998 secundum
2456 3946 2788 4002 Jeremiam.
2846 3950 3019 4005 Filius
3058 3969 3289 4023 quoque
3328 3959 3496 4017 Sobal
3534 3966 3638 4021 Ca-

1940 4028 2259 4084 riathiarim
2294 4031 2529 4102 dicitur,
2556 4034 2702 4089 sicut
2732 4038 2993 4107 superius
3025 4044 3360 4100 ostenditur.

2012 4119 2169 4172 Vens.
2217 4122 2269 4173 6.
2319 4151 2387 4160 ——
2436 4122 2620 4177 Omnis
2657 4127 2762 4178 vir.
2806 4126 3026 4182 Electus
3057 4130 3320 4189 nobilior.
3354 4137 3637 4197 Numerus

1938 4211 2133 4261 autem
2166 4208 2375 4263 horum
2404 4210 2657 4266 virorum
2704 4213 2765 4267 in
2807 4215 3030 4286 Regum
3058 4223 3503 4291 comprehensus
3530 4236 3630 4300 est,

1854 4318 1901 4373 Β
1937 4296 2037 4349 ubi
2087 4296 2297 4368 legitur
2350 4315 2363 4352 :
2414 4300 2770 4369 Congregavit
2807 4310 2985 4360 autem
3023 4309 3205 4364 David
3241 4327 3418 4370 omnes
3450 4296 3636 4377 electos

1940 4400 2006 4437 ex
2034 4387 2204 4439 Israel
2233 4389 2463 4453 triginta
2493 4391 2667 4443 millia
2700 4392 2789 4461 (II
2808 4395 2935 4462 Reg.
2972 4397 3069 4464 Vl).

2010 4474 2181 4563 Vens.
2220 4478 2270 4529 9.
2310 4506 2379 4514 —
2423 4478 2553 4533 Cum
2591 4485 2768 4534 autem
2806 4487 3200 4555 pervenissent,
3233 4493 3338 4546 etc.
3373 4491 3533 4563 (Rau.
3569 4514 3634 4551 ex

1938 4560 2191 4633 Hieron.)
2223 4564 2464 4619 Ventum
2513 4572 2597 4620 est
2643 4569 2710 4622 ad
2762 4586 2957 4626 aream
3006 4575 3247 4647 Chidon,
3288 4560 3417 4647 etc.,
3466 4600 3637 4655 usque

1936 4651 2011 4703 ad
2060 4655 2331 4723 tanquam
2384 4654 2531 4709 dicat
2564 4672 2577 4709 :
2612 4658 2752 4711 Mihi
2778 4660 2921 4714 absit
2959 4664 3211 4732 gloriari,
3261 4672 3370 4723 nisi
3398 4674 3456 4725 in
3482 4651 3637 4731 cruce

1938 4740 2154 4794 Domini
2176 4743 2350 4796 nostri
2375 4744 2517 4798 Jesu
2544 4746 2750 4801 Christi
2777 4747 2916 4817 (Gal.
2947 4751 3046 4817 vi).

2008 4829 2176 4884 Vens.
2237 4834 2320 4884 tl.
2371 4862 2441 4871 —
2493 4835 2570 4886 Eo
2620 4834 2764 4902 quod
2814 4836 3089 4893 divisisset
3130 4842 3398 4900 Dominus
3445 4849 3629 4905 Ozam.

1938 4916 2213 4989 (tirenum)
2260 4919 2517 4975 Tradunt
2550 4920 2776 4976 Hebrmi
2804 4925 3099 4981 Abinadab
3131 4933 3483 4991 sacerdotem
3506 4939 3633 5008 jus-

1935 5003 2075 5059 sissc
2118 5006 2251 5060 ﬁliis
2292 5008 2405 5061 suis
2453 5009 2566 5062 Oza
2599 5014 2655 5064 et
2693 5011 2853 5077 Haio,
2888 5018 2952 5066 ut
2979 5020 3271 5084 portarent
3305 5003 3630 5081 arcam'hu-

1937 5092 2108 5146 meris
2137 5097 2448 5150 secundum
2479 5104 2827 5169 praeceptum
2858 5101 3017 5171 legis.
3052 5103 3160 5158 Sed
3189 5107 3323 5175 quia
3352 5125 3469 5166 non
3494 5129 3632 5184 por-

1934 5186 2216 5251 taverunt,
2285 5201 2388 5239 nec
2445 5187 2718 5241 Caathitis
2760 5190 3099 5258 portandum
3146 5194 3444 5267 dederunt,
3494 5219 3630 5273 per-

1935 5271 2110 5325 cussit
2146 5273 2417 5326 Dominus
2448 5275 2640 5341 Ozam,
2673 5280 2728 5329 et
2756 5277 2970 5334 divisit.

2004 5358 2217 5414 Divisio
2255 5362 2393 5416 Ozaz.
2427 5362 2690 5417 Traditur
2733 5366 2883 5436 quod
2914 5366 3153 5424 aruisset
3181 5371 3476 5432 brachium
3508 5382 3630 5452 ejus

1934 5450 1991 5500 et
2028 5446 2321 5513 humerus,
2365 5449 2463 5503 ubi
2511 5467 2639 5504 arca
2687 5453 2914 5507 Domini
2952 5459 3229 5526 portanda
3267 5469 3406 5530 erat,
3466 5446 3631 5525 et'in

1932 5534 2087 5589 illius
2112 5536 2233 5589 loco
2262 5536 2462 5591 divisio
2492 5540 2755 5609 quaedam
2785 5542 2933 5597 facta
2962 5550 3063 5599 est.

3235 5665 3310 5721 21
