4062 6180
452 322 550 374 651

1079 317 1471 372 WALAFRIDI
1511 316 1759 371 STRABI
1801 315 1994 369 FULD.
2041 313 2200 368 ΜΟΝ.
2244 314 2396 368 ΟΡΡ.
2441 315 2614 368 PARS
2655 315 2694 368 l.
2738 343 2806 352 -——-
2845 313 3303 369 TllEOLOGlCA.

3850 317 3940 366 65'2

521 445 683 498 Vens.
739 446 822 497 17.
858 473 925 482 ——
967 444 1029 496 In
1083 441 1236 496 domo
1295 440 1610 496 Obededom.
1669 440 1945 509 (Humum)
2010 437 2153 503 Quia
2179 439 2225 491 Α
2265 437 2658 492 suavissimam
2703 437 2942 491 reddant
2972 437 3340 492 cantilenam.
3381 437 3521 491 Huic
3562 437 3776 491 cithara
3801 440 3936 492 vide-

452 537 507 587 et
561 533 681 604 ipse
731 531 939 585 Levita.
977 529 1215 600 Cognita
1269 537 1458 582 autem
1510 545 1680 582 causa
1726 545 1827 598 pro
1877 544 1990 598 qua
2037 529 2147 581 Oza

453 637 753 693 percussus
803 626 905 676 est.
959 619 1129 688 jussit
1178 619 1348 672 David
1401 635 1588 671 arcam
1638 617 1851 688 portari
1901 616 2148 686 propriis

452 711 753 764 levitarum
801 708 1074 772 humeris,
1123 707 1269 760 sicut
1322 711 1476 778 patet
1520 707 1578 760 in
1609 705 1890 776 sequenti.
1945 706 2150 759 Notan-

454 800 591 854 dum
645 795 1249 868 quantum'delinquat
1275 796 1375 866 qui
1420 811 1623 865 corpus
1657 793 1884 848 Domini
1916 793 2148 863 indigne

454 884 672 955 accipit,
734 883 779 936 si
834 883 1069 936 devotus
1122 882 1382 935 sacerdos
1416 881 1631 935 interiit
1670 882 1768 951 qui
1818 896 2004 933 arcam
2039 882 2148 934 Do-

453 972 649 1027 minici
684 973 924 1040 figuram
952 971 1204 1041 corporis
1241 970 1449 1024 minori
1482 985 1653 1040 quam
1687 969 1884 1024 debuit
1915 985 2148 1023 venera-

451 1063 608 1116 tione
643 1059 939 1131 corripuit.
1198 1086 1200 1088 τ
1791 1055 1802 1064 ’

519 1149 834 1219 Allegorice
865 1153 1056 1200 autem
1109 1146 1283 1200 David
1319 1146 1627 1214 Christum,
1675 1161 1804 1199 arca
1842 1145 2148 1199 Ecclesiam

454 1237 755 1306 signiﬁcat,
791 1250 962 1305 quam
995 1233 1114 1286 vult
1146 1235 1400 1288 Christus
1442 1233 1500 1285 in
1539 1232 1824 1285 civitatem
1859 1248 2018 1285 suam
2051 1231 2149 1286 ad-

455 1326 682 1391 ducere,
736 1324 886 1377 unde
938 1338 950 1376 :
1009 1325 1128 1378 Non
1174 1338 1292 1376 sum
1347 1324 1541 1376 missus
1589 1323 1702 1374 nisi
1747 1321 1820 1374 ad
1868 1335 1987 1375 oves
2035 1336 2152 1388 qua:

454 1415 731 1481 perierunt
778 1411 964 1465 domus
1005 1412 1182 1464 Israel
1214 1410 1429 1480 (Matth.
1465 1409 1580 1480 xv.)
1615 1411 1679 1464 Et
1711 1409 1846 1464 alibi
1883 1425 1896 1462 :
1930 1411 2152 1466 Caecitas

457 1517 522 1555 ea:
549 1506 708 1571 parte
738 1501 962 1566 contigit
989 1501 1046 1553 in
1068 1500 1256 1565 Israel,
1281 1503 1384 1552 etc.
1419 1498 1588 1568 (Rom.
1619 1497 1714 1565 xx).

1109 1639 1331 1694 CAPUT
1369 1640 1503 1693 XIV.

532 1764 689 1817 Vens.
753 1793 817 1800 —
870 1765 920 1815 3.
971 1763 1193 1830 Accepit
1267 1777 1474 1831 quoque
1546 1761 1743 1829 David,
1796 1766 1901 1818 etc.
1963 1763 2152 1835 (ΗΑΒ.)

459 1852 645 1906 Multae
687 1867 889 1904 uxores
940 1851 1111 1904 David
1149 1852 1353 1903 multas
1397 1855 1597 1920 gentes
1643 1850 1988 1922 signiﬁcant,
2027 1869 2156 1923 qua:

458 1955 561 2010 per
608 1939 776 1993 ﬁdem
815 1940 1034 1994 Christo
1065 1940 1426 2010 copulantur.
1458 1939 1820 2005 Concubinaa,
1855 1939 2154 1994 haeretico-

457 2045 586 2081 rum
641 2030 922 2092 ecclesias,
979 2046 1107 2100 quae
1157 2028 1462 2082 Christiani
1512 2028 1762 2082 nominis
1825 2028 1988 2084 titulo
2033 2029 2154 2100 glo-

456 2116 697 2170 riautur.
746 2117 852 2170 Sed
888 2118 1024 2188 quia
1071 2124 1307 2187 propter
1355 2117 1606 2171 carnalia
1656 2117 1810 2171 lucra
1865 2117 2154 2173 Christum

459 2210 796 2274 sequuntur,
842 2221 957 2258 non
1012 2206 1303 2276 conjuges,
1363 2206 1458 2260 sed
1503 2205 1835 2260 concubium
1865 2206 2150 2261 dicuntur.

460 2292 620 2345 Nunc
672 2309 834 2361 reges
886 2293 929 2345 si
965 2294 1156 2363 plures
1213 2292 1462 2346 habeant
1514 2308 1737 2361 uxores,
1789 2294 2006 2350 crimen
2051 2298 2152 2364 est,

457 2381 590 2451 quia
619 2380 820 2451 ﬁgura:
859 2381 1234 2434 transierunt.

529 2471 684 2525 Vens.
721 2473 772 2524 8.
819 2502 882 2510 —-
944 2471 1242 2524 Audientes
1290 2475 1485 2524 autem.
1533 2471 1831 2524 Diﬁ‘amata
1863 2471 2156 2542 Evangelii

459 2559 642 2630 gratia
674 2564 727 2612 et
759 2575 937 2628 regno
968 2556 1172 2613 Christi
1208 2557 1420 2628 ubique
1449 2557 1781 2626 prmdicato,
1813 2562 2010 2628 gentes
2041 2575 2155 2613 un-

459 2647 631 2718 dique
663 2653 1029 2700 surrexerunt
1050 2647 1496 2700 contradicentes
1529 2647 1832 2717 Evangelio
1871 2648 2046 2718 pacis.

531 2736 701 2789 Vnus.
742 2737 822 2788 l5.
856 2766 923 2773 —
956 2737 1018 2789 In
1066 2733 1340 2788 cacumine
1385 2750 1667 2803 pyrorum.
1721 2735 1906 2805 (ΗΑΒ.)
1951 2736 2015 2789 In
2047 2735 2155 2789 He-

460 2823 615 2877 braeo
674 2840 830 2892 vero,
887 2827 1150 2892 ﬂentium,
1212 2824 1270 2878 id
1323 2830 1426 2890 est,
1483 2824 1770 2878 idolorum
1809 2824 2004 2879 venire
2053 2826 2157 2895 ju-

458 2912 570 2978 bet,
631 2918 762 2981 etc.,
823 2928 988 2981 usque
1043 2913 1117 2965 ad
1168 2929 1309 2983 quos
1367 2912 1609 2983 Spiritus
1671 2918 1901 2968 sanctus
1958 2913 2158 2984 dirigit

458 3000 888 3070 praemonendo.

533 3091 692 3145 Vnus.
747 3093 829 3144 16.
874 3119 942 3132 -
994 3091 1078 3144 De
1137 3089 1364 3145 Gabaon
1422 3105 1589 3159 usque
1638 3092 1871 3146 Gazera.
1908 3091 2160 3146 Percutit

460 3178 715 3231 Christus
745 3178 840 3248 qui
878 3178 932 3231 in
963 3179 1105 3232 colle
1159 3177 1441 3250 superbire
1493 3178 1830 3243 consistunt,
1873 3185 1930 3232 et
1960 3185 2158 3233 conte-

459 3266 534 3319 rit
573 3282 764 3334 sepem
824 3266 1068 3334 duritiae,
1103 3283 1301 3320 eorum
1362 3266 1623 3320 dividens
1679 3267 2052 3337 pertinaciam
2093 3273 2159 3322 ut

458 3353 613 3404 solus
659 3352 984 3405 dominetur
1022 3353 1080 3405 in
1112 3353 1249 3406 orbe
1300 3357 1604 3418 terrarum,
1635 3353 1787 3406 unde
1846 3353 2106 3424 sequitur
2137 3371 2152 3409 :

457 3439 912 3506 Divulgatumquc
947 3444 1026 3493 est
1071 3455 1260 3494 nomen
1316 3441 1492 3495 David
1521 3426 1578 3494 in
1610 3443 1879 3496 universis
1904 3445 2157 3510 regioni-

459 3525 577 3592 bus,
607 3533 655 3582 et
682 3529 960 3594 Dominus,
993 3531 1080 3581 etc
1095 3569 1107 3582 .

1120 3670 1346 3725 CAPUT
1381 3673 1488 3726 XV.

524 3796 682 3850 Vnus.
717 3798 769 3849 2.
804 3825 873 3836 —
908 3796 1055 3850 Tunc
1104 3795 1254 3851 dixit
1311 3799 1489 3853 David
1521 3815 1534 3852 :
1569 3800 1836 3854 Illicitum
1887 3804 1985 3867 est,
2045 3805 2151 3855 etc.

453 3883 635 3955 (ΗΑΒ.)
697 3883 822 3938 Non
882 3884 1003 3937 vult
1068 3882 1324 3938 Christus
1380 3889 1443 3939 ut
1495 3885 1720 3956 indigni
1779 3887 2155 3942 ecclesiastico

451 3972 766 4044 fungantur
812 3972 1021 4042 ofﬁcio,
1054 3973 1151 4028 sed
1201 3973 1412 4028 eruditi
1443 3975 1678 4029 scientia
1706 3983 1763 4029 et
1790 3992 2015 4030 morum
2046 3977 2152 4030 ho-

453 4067 670 4116 nestate
723 4063 959 4132 spectati
993 4067 1222 4133 portant
1251 4079 1438 4116 arcam
1474 4063 1592 4130 Dei,
1625 4063 1682 4119 id
1711 4070 1798 4118 est
1824 4065 2149 4133 Ecclesiam,

449 4149 705 4204 humeris
750 4149 832 4220 pii
888 4151 1119 4218 laboris,
1174 4156 1231 4205 et
1273 4153 1579 4220 exsultant,
1623 4153 1776 4207 unde
1813 4170 1825 4207 :
1868 4155 1973 4208 Fac
2018 4169 2152 4224 opus

450 4239 814 4305 evangelistze,
856 4242 1217 4294 ministerium
1247 4245 1398 4294 tuum
1429 4243 1592 4310 imple
1615 4243 1700 4308 (II
1727 4244 1864 4296 Tim.
1901 4242 1994 4313 Iv).

2263 531 2358 580 tur
2398 528 2684 580 contraria
2732 543 2859 597 quae
2901 525 2960 579 in
2991 525 3106 579 imo
3147 526 3395 580 continet
3437 527 3591 597 quod
3625 526 3936 580 Psalterium

2261 616 2321 670 in
2381 617 2582 684 capite.
2648 615 2987 669 Psalterium
3039 631 3167 668 cum
3216 615 3409 668 decem
3459 615 3684 668 chordis
3719 615 3938 669 Ecclesia

2260 709 2344 758 est
2390 720 2519 757 cum
2571 703 2848 773 Decalogo
2902 703 3066 772 legis.
3109 704 3247 756 Huic
3277 703 3543 774 opposita
3587 708 3670 756 est
3718 703 3933 765 cithara,

2261 781 2388 863 quae
2421 792 2623 862 viginti
2657 798 2906 862 quatuor
2930 791 3155 845 chordis
3186 791 3243 844 in
3278 792 3507 845 modum
3544 791 3709 846 deltaa
3756 791 3934 845 litterae

2259 881 2624 952 componitur
2656 884 2742 948 (ut
2772 880 3104 950 peritissimi
3151 880 3406 948 tradunt)
3437 884 3494 933 et
3524 895 3626 950 per
3646 880 3848 949 digitos
3884 881 3934 933 in

2259 971 2507 1026 diversos
2559 969 2757 1023 modos
2809 968 3144 1022 concitatur.
3182 969 3307 1021 Haec
3335 968 3638 1022 Ecclesiam
3672 968 3934 1038 signiﬁcat

2260 1076 2388 1132 quia
2421 1074 2550 1113 cum
2603 1057 2804 1128 viginti
2855 1063 3102 1129 quatuor
3148 1057 3437 1112 seniorum
3465 1057 3820 1127 dogmatibus
3848 1056 3934 1110 tri-

2265 1165 2391 1202 nam
2425 1146 2594 1202 habet
2617 1146 2856 1200 formam
2887 1145 2946 1199 in
2980 1146 3211 1199 modum
3242 1145 3410 1199 deltae
3433 1145 3658 1210 littere,
3694 1149 3750 1197 et
3781 1144 3934 1198 ﬁdem

2261 1243 2469 1292 sancta:
2511 1235 2801 1290 Trinitatis
2847 1235 3145 1305 signiﬁcat.
3205 1236 3311 1288 Per
3359 1251 3561 1288 manus
3601 1238 3787 1287 autem
3819 1251 3935 1303 apo-

2263 1327 2540 1380 stolorum
2573 1329 2630 1377 et
2677 1323 3151 1393 evangelistarum
3207 1322 3266 1376 in
3294 1323 3542 1376 diversos
3572 1322 3828 1376 modulos
3855 1321 3937 1375 Ve-

2263 1411 2399 1466 teris
2448 1416 2502 1465 el
2553 1409 2688 1464 Novi
2739 1409 3107 1476 Testamenti,
3157 1409 3346 1464 aliter—
3367 1409 3427 1464 in
3458 1410 3667 1478 littera,
3699 1410 3858 1464 aliter
3891 1410 3937 1463 in

2263 1517 2428 1555 sensu
2459 1499 2781 1554 concitatur
2811 1499 3154 1570 ﬁguraliter.

2333 1590 2511 1657 Lyris.
2575 1589 2715 1658 Lyra
2749 1587 2976 1654 dicitur,
3009 1585 3110 1638 ἀπὸ
3140 1593 3231 1638 τοῦ
3262 1585 3428 1660 λύριν,
3463 1587 3518 1641 id
3561 1592 3662 1650 est,
3725 1605 3757 1643 a
3784 1589 3940 1641 varie-

2265 1679 2378 1731 tate
2407 1693 2632 1741 vocnm,
2684 1692 2746 1729 ec
2795 1675 2950 1746 quod
2993 1673 3245 1729 diversos
3275 1675 3444 1730 faciat
3474 1692 3658 1731 sonos.
3704 1677 3827 1731 Haec
3857 1677 3938 1730 Ec-

2267 1765 2495 1820 clesiam
2533 1764 2834 1835 signiﬁcat,
2870 1779 2998 1835 quas
3029 1763 3088 1816 in
3119 1763 3391 1817 varietate
3423 1763 3776 1820 diversarum
3803 1763 3943 1819 disci-

2266 1854 2553 1924 plinarum
2606 1852 2890 1919 historice,
2967 1852 3289 1922 allegorice,
3341 1852 3714 1923 tropologice,
3765 1857 3819 1905 et
3855 1864 3944 1918 per

2265 1957 2565 2012 anagogen
2615 1956 2843 1994 suavem
2895 1956 3097 1994 sonum
3148 1939 3438 2009 exprimit,
3481 1939 3576 1992 sed
3626 1957 3659 1992 a
3689 1937 3942 2010 sympho-

2265 2029 2373 2084 nia:
2425 2029 2786 2099 simplicitate
2834 2045 2951 2082 non
3005 2028 3233 2082 recedit.
3277 2028 3544 2098 Cymbala
3575 2035 3766 2082 autem
3800 2027 3940 2080 adin-

2265 2119 2442 2172 vicem
2494 2135 2760 2188 percussa
2794 2133 2999 2170 sonum
3031 2116 3268 2183 faciunt,
3303 2116 3452 2169 unde
3489 2131 3501 2169 :
3564 2117 3814 2170 Laudato
3839 2130 3941 2168 eum

2263 2209 2323 2261 in
2385 2207 2649 2275 cymbalis
2715 2207 2838 2260 bene
2893 2205 3229 2270 sonantibus,
3296 2206 3462 2275 (Psal.
3529 2207 3631 2274 CL).
3695 2204 3946 2276 Cymbala

2262 2295 2408 2350 bene
2439 2294 2703 2348 sonantia
2761 2299 2896 2348 sunt
2951 2294 3102 2348 labia
3156 2301 3369 2361 nostra,
3420 2310 3548 2364 quae
3598 2309 3861 2363 percussa
3887 2291 3944 2343 ad

2262 2384 2504 2440 invicem
2536 2399 2767 2437 suavem
2821 2383 3088 2437 humana:
3118 2383 3269 2436 vocis
3302 2383 3657 2436 harmoniam
3693 2383 3946 2436 reddunt.

2335 2475 2498 2527 Vens.
2551 2475 2639 2526 2t.
2689 2501 2758 2512 —
2801 2474 2905 2526 Pro
2949 2474 3139 2526 octava
3187 2471 3467 2536 canebant,
3517 2477 3620 2524 etc.
3679 2472 3947 2540 (Ηιειιοκ.)

2264 2563 2327 2616 In
2373 2561 2460 2615 die
2513 2560 2724 2614 scilicet
2767 2559 2966 2630 judicii
3019 2560 3327 2614 adventum
3386 2559 3611 2613 Domini
3665 2558 3950 2630 signiﬁca-

2262 2650 2420 2717 bant,
2462 2647 2523 2702 in
2572 2665 2706 2720 quo,
2767 2647 2931 2701 ﬁnita
2983 2647 3177 2701 saeculi
3233 2647 3614 2713 hebdomada,
3673 2647 3863 2700 veniet
3892 2645 3951 2698 ad

2259 2737 2562 2810 judicium.
2609 2737 2767 2790 Unde
2813 2742 3001 2790 sextus
3053 2737 3328 2806 psalmus,
3380 2735 3479 2807 qui
3531 2751 3659 2789 cum
3711 2741 3955 2790 tremore

2258 2826 2463 2898 judicii
2493 2830 2773 2890 cantatur,
2832 2824 2933 2878 tali
2991 2825 3158 2878 titulo
3217 2829 3588 2895 praenotatur.
3635 2824 3737 2878 Hic
3775 2830 3955 2878 autem

2264 2931 2540 2970 numeras
2609 2930 2821 2984 magna
2881 2914 3136 2968 continet
3205 2920 3572 2967 sacramenta.
3642 2912 3784 2967 Octo
3845 2913 3955 2966 ani-

2188 3004 2228 3060 C
2265 3021 2374 3060 mae
2408 3005 2679 3076 ingressa:
2745 3008 2878 3057 sunt
2932 3003 2990 3056 in
3049 3018 3238 3056 arcam
3301 3003 3436 3069 Noe,
3489 3006 3545 3056 et
3596 3003 3815 3056 mundo
3847 3017 3955 3072 per-

2265 3099 2435 3148 eunte
2466 3094 2712 3147 salvatai.
2750 3092 2989 3146 Octavus
3019 3090 3171 3144 ﬁlius
3199 3090 3349 3144 Jesse
3379 3088 3486 3143 fuit
3539 3089 3742 3158 David,
3792 3104 3951 3160 quem

2267 3183 2540 3236 Dominus
2601 3180 2791 3250 elegit.
2855 3179 2953 3233 Die
3011 3184 3207 3233 octavo
3262 3177 3529 3248 puriﬁcat
3585 3177 3950 3232 circumcisio.

2268 3272 2365 3326 Die
2397 3276 2611 3337 octavo,
2634 3269 2692 3324 id
2721 3273 2803 3323 est
2839 3268 3155 3335 Dominico,
3183 3267 3426 3320 surrexit
3455 3267 3734 3322 Christus.

2335 3361 2492 3414 Vens.
2545 3359 2635 3414 2i.
2671 3389 2735 3397 —
2766 3359 2931 3412 Porro
2987 3357 3241 3412 Sebenias
3296 3361 3347 3410 et
3393 3356 3678 3425 Josaphat,
3747 3362 3854 3410 etc.
3899 3354 3952 3408 lli

2263 3454 2484 3519 septem
2516 3447 2834 3502 sacerdotes
2881 3462 3072 3500 coram
3125 3461 3255 3499 arca
3285 3445 3438 3500 tubis
3467 3448 3739 3498 canentes
3788 3442 3952 3498 sancti

2261 3537 2687 3608 prmdicatores,
2735 3539 2867 3589 sunt
2913 3535 3232 3606 septiformi
3277 3534 3492 3605 Spiritu
3536 3533 3742 3604 gratim
3789 3533 3950 3603 pleni,

2262 3626 2362 3698 qui
2395 3626 2758 3696 Evangelium
2789 3625 2846 3678 in
2895 3624 3139 3678 Ecclesia
3165 3624 3374 3678 Christi
3414 3623 3755 3694 praedicant,
3789 3628 3847 3677 et
3877 3638 3952 3675 sa-

2261 3721 2617 3769 cramentum
2648 3713 3060 3768 incarnationis
3091 3711 3449 3767 auditoribus
3471 3711 3815 3782 praedicant.

2331 3803 2682 3872 Clangebant.
2743 3802 2924 3856 Aliter
2982 3801 3048 3856 ﬁt
3096 3801 3236 3856 tuba
3284 3799 3678 3871 congregandi
3745 3795 3956 3870 populi.

2259 3892 2427 3946 aliter
2502 3889 2916 3959 conductionis,
2995 3891 3160 3944 aliter
3221 3889 3490 3956 victorias,
3547 3887 3718 3942 aliter
3771 3900 3956 3958 perse-

2259 3980 2475 4052 quendi
2517 3979 2800 4046 inimicos,
2842 3979 3007 4034 aliter
3037 3976 3416 4033 conclusionis
3468 3977 3796 4042 civitatum,
3850 3980 3951 4029 etc.

2259 4069 2416 4124 Tuba
2472 4073 2665 4124 autem
2721 4067 3219 4123 consuetudinaria
3274 4067 3428 4137 apud
3502 4081 3703 4120 rerum
3751 4064 3960 4139 peritos

2257 4159 2361 4214 hoc
2417 4159 2592 4213 modo
2646 4158 2946 4225 formatur,
3026 4162 3090 4210 ut
3143 4156 3324 4211 tribus
3375 4155 3581 4210 ﬁstulis
3645 4154 3711 4208 in
3771 4153 3950 4223 capite

2257 4253 2500 4319 angusto
2524 4247 2860 4318 inspiretur,
2880 4247 3026 4300 sicut
3048 4261 3153 4316 per
3179 4250 3429 4317 quatuor
3452 4243 3761 4298 vociducas
3785 4255 3956 4298 aereas

519 4328 686 4382 Vsus.
728 4331 778 4381 3.
815 4357 883 4366 —-
916 4329 1378 4397 Congregavitque
1423 4332 1733 4385 universum
1783 4331 1979 4386 Israel.
2016 4333 2140 4386 Non
2175 4341 2218 4395 ι)
2258 4353 2388 4407 quae
2418 4353 2520 4407 per
2540 4351 2754 4390 aereum
2802 4335 3241 4390 fundamentum
3288 4339 3592 4405 quaternas
3634 4349 3811 4387 voces
3839 4347 3958 4402 pro-

449 4415 633 4468 solum
673 4415 867 4482 David,
901 4416 998 4469 sed
1046 4416 1217 4469 etiam
1249 4433 1446 4470 omnes
1478 4419 1775 4489 prOphetaa
1807 4419 1866 4473 in
1901 4421 2142 4474 Ecclesia

449 4503 660 4558 Christi
691 4503 854 4558 dictis
896 4508 952 4558 et
998 4503 1158 4558 factis
1205 4504 1586 4560 incarnationi
1624 4509 1924 4578 priebuere
1953 4510 2141 4564 locum

445 4595 510 4645 ut
547 4591 717 4645 citius
772 4591 1078 4647 adveniens
1133 4593 1538 4664 susciperetur,
1596 4612 1726 4650 cum
1783 4597 1981 4652 fuisset
2006 4603 2140 4653 ante

447 4679 850 4751 prophetatus.

516 4769 677 4822 Vsus.
715 4771 800 4822 l2.
850 4799 918 4807 —
951 4769 1379 4838 Sanctiﬁcamini
1424 4787 1544 4825 cum
1571 4772 1862 4839 fratribus.
1899 4774 2141 4828 Ministri

447 4858 586 4912 Novi
618 4858 962 4912 Testamenti
1007 4858 1122 4912 vita
1151 4864 1208 4912 et
1240 4859 1495 4914 doctrina
1534 4860 1742 4915 debent
1763 4878 1886 4916 esse
1916 4863 2137 4932 mundi,

445 4947 655 5018 quibus
675 4947 881 5002 dicitur
917 4963 929 5000 :
963 4948 1152 5002 Sancti
1179 4951 1347 5004 estote
1375 4951 1630 5018 quoniam
1655 4965 1748 5019 ego
1772 4955 1990 5006 sanctus
2020 4967 2142 5015 sum

443 5037 636 5102 (Levit.
671 5037 807 5104 XIX).
860 5035 966 5100 Qui
999 5041 1168 5090 rectae
1201 5035 1334 5091 ﬁdei
1363 5037 1547 5092 verbis
1574 5043 1630 5093 et
1657 5042 1919 5110 exemplo
1953 5041 2142 5112 operis

441 5121 650 5176 debent
698 5122 964 5178 ﬁdelibus
1013 5124 1413 5180 commendare
1445 5126 1901 5183 incarnationem
1933 5129 2140 5184 Christi

439 5214 495 5265 et
524 5211 979 5283 redemptionem
1009 5213 1246 5267 humani
1286 5215 1533 5285 generis,
1568 5221 1674 5271 etc.

507 5301 666 5353 Vens.
726 5303 811 5356 16.
869 5332 937 5342 —-
991 5302 1182 5358 Nablis
1232 5303 1500 5372 videlicet,
1556 5309 1660 5358 etc.
1724 5304 1967 5359 Nablum
2018 5307 2133 5362 He-

431 5386 642 5453 braice,
705 5391 1040 5444 Psalterium
1093 5392 1304 5456 Grzece,
1336 5391 1722 5447 laudatorium
1777 5394 1991 5449 Latine.
2029 5395 2134 5450 Ha-

427 5475 524 5530 bet
555 5478 894 5533 Psalterium
924 5486 1182 5534 ventrem
1241 5479 1480 5535 obesum
1526 5481 1584 5535 in
1623 5482 2032 5554 superioribus,
2068 5490 2134 5540 ut

425 5563 771 5620 chordarum
812 5566 910 5618 ﬁla
981 5565 1222 5636 religata
1293 5567 1791 5639 disciplinabiliter
1839 5587 2124 5641 percussa,

2253 4426 2490 4492 ducunt,
2524 4424 2810 4495 mugitum
2855 4423 3420 4478 vehementissimum
3454 4421 3760 4493 proferant
3789 4439 3802 4475 :
3837 4433 3957 4492 qua!

2251 4513 2578 4585 signiﬁcant
2607 4513 2974 4585 Evangelium
3015 4513 3166 4568 trina
3213 4511 3566 4567 confessione
3616 4511 3803 4566 trium
3838 4524 3957 4580 per-

2249 4618 2541 4668 sonarum,
2597 4602 2657 4656 in
2711 4603 2893 4672 capite
2953 4605 3219 4672 angusto,
3278 4601 3336 4656 id
3393 4605 3481 4656 est
3531 4599 3591 4654 in
3659 4599 3954 4654 nativitate

2251 4691 2460 4746 Christi
2507 4691 2781 4745 divinitus
2829 4690 3194 4761 inspiratum,
3246 4706 3350 4761 per
3377 4692 3626 4760 quatuor
3657 4687 3954 4743 vociducas

2250 4795 2446 4846 mreas,
2479 4779 2538 4833 id
2568 4784 2654 4834 est
2696 4795 2800 4850 per
2829 4785 3076 4851 quatuor
3123 4779 3526 4849 evangelistas;
3573 4793 3760 4843 aereo,
3797 4776 3855 4830 id
3884 4777 3959 4828 est

2250 4867 2441 4922 stabili
2472 4866 2608 4922 ﬁdei
2638 4873 2695 4922 et
2746 4867 2936 4938 operis
2979 4871 3066 4922 est
3095 4867 3469 4922 fundamento
3499 4865 3558 4919 in
3589 4866 3736 4921 orbe
3769 4880 3958 4921 vocem

2245 4955 2806 5011 vehementissimam
2863 4955 3029 5027 quasi
3083 4955 3237 5010 tubas
3293 4955 3704 5026 congregantis
3765 4968 3955 5010 vocem

2248 5045 2531 5099 emittere.

2321 5134 2473 5188 Vens.
2507 5135 2594 5187 27.
2629 5161 2698 5172 —
2745 5132 2929 5188 David
2980 5137 3181 5187 autem.
3238 5131 3493 5187 Christus
3540 5130 3957 5186 incarnationis

2249 5237 2366 5276 sum
2399 5227 2455 5275 et
2485 5221 2763 5292 passionis
2795 5221 3123 5292 exemplum
3153 5226 3318 5276 antea
3351 5237 3383 5275 a
3411 5219 3624 5275 Judieis
3661 5221 3956 5274 occultum

2249 5310 2603 5376 manifestat;
2656 5309 2876 5380 lignum
2931 5326 3181 5382 namque
3233 5310 3302 5364 de
3355 5315 3501 5364 terra
3529 5314 3728 5364 ortum
3764 5308 3955 5363 multi-

2247 5397 2382 5469 plici
2431 5398 2624 5452 labore
2685 5398 2754 5451 ad
2795 5398 3105 5453 candorem
3157 5397 3325 5450 vestis
3359 5397 3724 5468 perveniens,
3759 5396 3957 5452 verita-

2245 5491 2361 5540 tem
2391 5485 2659 5540 humanaa
2709 5485 2895 5540 carnis
2944 5486 3094 5541 inter
3137 5485 3366 5556 ﬂagella
3411 5485 3839 5556 triumphantis
3866 5501 3951 5539 os—

2244 5573 2449 5642 tendit,
2481 5577 2539 5627 et
2568 5573 2673 5627 hoc
2699 5578 2785 5627 est
2815 5589 2829 5627 :
2861 5573 3044 5629 David
3067 5580 3185 5629 erat
3213 5577 3273 5628 in
3300 5574 3514 5644 Ephod.
