4062 6180
158 343 258 393 653

1284 344 1537 399 GLOSSA
1575 330 1983 399 ORDINARIA.
2028 373 2095 382 -
2138 344 2264 399 LIB.
2310 345 2328 396 ι
2374 345 2617 401 PARAL.

3555 355 3659 407 654

227 465 451 533 (Casa,
506 464 603 518 lib.
656 481 806 519 xxvn
847 466 1065 531 Moral.,
1127 481 1251 535 cap.
1298 467 1410 535 27.)
1447 466 1608 521 Libet
1644 466 1852 521 intueri
1881 467 1929 521 A
1968 466 2215 535 devotio,
2279 466 2591 521 secundum
2648 466 2834 522 illud:
2886 473 3082 538 Amen,
3115 486 3289 539 amen,
3335 471 3454 527 dico
3508 474 3659 529 vobis

154 558 374 624 quanta
405 554 678 608 virtutum
709 570 970 620 munera,
1004 559 1133 620 etc.,
1164 570 1334 623 usque
1366 556 1456 609 ‘ad
1487 557 1714 626 qualem
1762 572 1852 610 me

154 641 405 695 exterius
427 642 747 712 despiciens
770 643 1030 707 exhibeo,
1061 643 1235 697 talem
1256 644 1499 697 interius
1530 645 1779 699 attendo.

226 730 387 783 Vaas.
424 732 511 783 29.
552 759 613 773 -—
669 731 1017 795 Michol/ilia
1064 731 1215 785 Saul.
1272 730 1457 800 (ΗΑΒ.)
1498 732 1727 786 Cunctis
1756 748 1851 785 ex-

154 818 505 872 sultantibus
535 823 593 871 et
638 818 707 872 ad
762 834 908 872 arcae
942 819 1242 873 introitum
1277 819 1504 889 hymnis
1534 819 1854 873 resonanti-

153 906 282 968 bus,
306 912 416 961 etc.
436 948 449 974 ,
489 923 662 976 usque
690 907 765 960 ad
786 907 958 961 David
990 908 1143 961 hunc
1172 907 1541 962 humiliatum
1571 908 1810 978 despicit
1838 925 1850 962 :

155 995 294 1065 quia
350 996 715 1049 credentibus
755 995 816 1049 in
856 996 972 1049 ﬁne
1019 995 1233 1049 Iudaeis
1285 996 1519 1067 quidam
1568 996 1853 1050 Christum

156 1084 535 1155 professione,
570 1085 982 1139 Antichristum
1015 1091 1335 1155 sequuntur
1382 1101 1553 1156 opere
1596 1101 1610 1138 :
1647 1085 1855 1156 quibus

154 1173 425 1243 congruit
446 1174 599 1244 quod
634 1174 856 1239 Michol,
889 1190 1017 1244 qua:
1048 1174 1120 1227 ad
1159 1174 1521 1244 ﬁgurandam
1541 1174 1856 1229 carnalium

153 1262 592 1316 instabilitatcm
640 1278 787 1331 aqua
838 1265 1011 1317 omnis
1059 1263 1489 1333 interpretatur,
1546 1279 1664 1317 non
1710 1279 1857 1317 uxor

158 1350 357 1416 David,
388 1350 486 1404 sed
527 1350 660 1405 Saul
690 1350 811 1404 tilia
850 1351 1079 1405 dicitur.
1130 1351 1239 1415 Qui
1267 1351 1422 1405 enim
1470 1352 1692 1406 Christo
1720 1369 1855 1422 spe-

152 1438 241 1493 cie
292 1445 461 1493 tenus
518 1440 795 1505 serviunt,
850 1455 970 1493 non
1014 1455 1144 1493 cum
1185 1439 1285 1493 illo
1332 1446 1702 1503 coronantur,
1758 1441 1853 1495 sed

157 1543 289 1581 cum
321 1527 778 1598 persecutoribus
804 1544 947 1599 quos
968 1527 1178 1583 imitati
1199 1532 1352 1596 sunt,
1381 1529 1746 1584 damnantur.

802 1669 1026 1724 CAPUT
1062 1669 1196 1724 XVI.

226 1794 389 1847 Vens.
426 1796 474 1847 1.
512 1823 578 1832 —
610 1794 928 1847 Attulerunt
964 1795 1155 1861 igitur.
1188 1792 1345 1863 (Hae.
1382 1795 1441 1846 in
1469 1794 1678 1860 Paral.,
1710 1798 1848 1847 tom.

152 1882 273 1951 III.)
290 1881 743 1935 Poniturarcain
766 1881 951 1935 medio
965 1880 1337 1946 tabernaculi,
1361 1882 1510 1952 quod
1535 1882 1856 1935 tetenderat

1884 1752 1925 1806 Β

1964 559 2097 623 quia
2163 559 2214 610 si
2263 555 2367 609 duo
2426 572 2493 609 ea:
2548 555 2699 611 vobis
2777 561 3136 612 consenserint
3209 575 3372 630 super
3436 566 3655 631 terram,

1963 660 2032 699 ea:
2100 647 2253 700 omni
2307 660 2365 698 re
2440 660 2812 714 quamcunque
2864 648 3143 714 petierint,
3207 651 3298 717 ﬁet
3356 651 3488 717 illis,
3549 656 3654 709 etc.

1964 735 2177 801 (Matth.
2204 733 2383 803 xvm.)

2034 824 2194 877 Vrsas.
2245 825 2330 877 39.
2363 852 2427 864 -
2473 824 2546 877 In
2569 825 2792 878 excelso.
2841 824 2951 877 Alii
2975 825 3173 879 dicunt
3223 825 3657 885 tabernaculum

1964 910 2077 975 Dei.
2123 915 2431 981 postquam
2457 911 2562 964 ﬁlii
2592 912 2760 967 Israel
2799 912 3157 968 intraverunt
3180 914 3240 967 in
3271 919 3483 970 terram
3511 918 3655 972 Cha-

1963 1016 2135 1067 naan,
2172 1000 2360 1070 primo
2398 1000 2572 1055 fuisse
2628 1000 2687 1053 in
2721 1001 2873 1071 Sylo,
2906 1000 3111 1056 deinde
3141 1001 3200 1056 in
3232 1002 3406 1070 Nobe,
3440 1009 3569 1075 post
3597 1005 3657 1059 in

1963 1089 2212 1154 Gabaon,
2242 1088 2477 1143 tandem
2505 1088 2565 1142 in
2582 1089 2736 1145 Sion.
2752 1089 2879 1159 -Alii
2907 1090 3098 1144 locum
3120 1107 3241 1145 esse
3262 1091 3323 1145 in
3343 1093 3657 1149 Jerusalem

1963 1178 2317 1249 appellatum
2368 1178 2619 1245 Gabaon,
2679 1177 2872 1248 ibique
2916 1178 3091 1233 David
3124 1181 3557 1237 tabernaculum
3603 1188 3659 1238 et

1964 1283 2152 1321 arcam
2208 1267 2533 1321 collocasse.
2568 1267 2796 1321 Gabaon
2855 1266 3010 1322 enim
3055 1269 3656 1341 collisinterpretatur.

1966 1355 2260 1408 Excelsum
2304 1358 2496 1408 autem
2547 1356 2730 1408 locum
2785 1354 3001 1409 dictum
3045 1372 3166 1412 esse
3197 1358 3527 1414 existimant
3553 1377 3657 1431 pro

1965 1442 2244 1513 dignitate
2282 1442 2464 1496 divini
2494 1442 2704 1497 cultus.
2758 1443 2865 1497 Sed
2916 1443 2973 1496 in
3007 1444 3155 1498 libro
3213 1446 3484 1501 Locorum
3520 1448 3659 1520 legi-

1967 1548 2093 1586 mus
2145 1531 2375 1585 Gabaon
2424 1531 2792 1601 metropolim
2845 1548 2969 1586 esse
3015 1534 3349 1589 Hevseorum
3396 1536 3457 1591 in
3507 1538 3659 1592 tribu

1972 1618 2290 1689 Benjamin,
2323 1625 2380 1673 et
2428 1635 2580 1673 nunc
2601 1620 2923 1673 ostenditur
2952 1621 3087 1674 villa
3118 1622 3375 1691 ejusdem
3407 1626 3659 1679 nominis

1966 1708 2027 1762 in
2057 1712 2259 1779 quarto
2319 1708 2587 1762 milliario
2621 1708 2951 1763 Bethlehem
2984 1709 3054 1763 ad
3084 1711 3435 1766 occidentem
3496 1714 3661 1783 juxta

1966 1796 2184 1850 Hhama
2214 1799 2271 1849 et
2299 1797 2582 1861 Hhamon,
2612 1796 2711 1850 ubi
2749 1797 3041 1863 Salomon,
3088 1798 3290 1853 hostiis
3330 1800 3658 1869 immolatis,

1961 1881 2219 1934 divinum
2256 1880 2467 1934 meruit
2512 1881 2833 1935 oraculum.
2897 1881 3023 1936 Fuit
3052 1888 3242 1938 autem
3265 1892 3522 1954 separata
3557 1887 3660 1941 Le-

151 1971 205 2023 ei
230 1971 433 2038 David,
461 1970 516 2023 id
551 1975 636 2022 est
666 1970 804 2022 ﬁdes
847 1970 1110 2023 Ecclesiae
1150 1969 1514 2039 praedicatur,
1546 1970 1772 2039 proﬁcit
1800 1975 1855 2023 et
1957 1968 2116 2024 vitis.

150 2060 432 2113 inseritur
488 2058 755 2111 cordibus
800 2057 1077 2120 ﬁdelium,
1152 2074 1293 2129 quos
1348 2059 1496 2113 Deus
1559 2058 1630 2113 ad
1680 2059 1854 2113 vitam

150 2146 569 2215 przeordinavit
589 2151 884 2198 aeternam.

224 2235 391 2287 Vens.
422 2237 474 2287 2.
518 2265 587 2273 —
635 2233 933 2288 Benediccit
963 2235 1181 2303 populo.
1225 2234 1480 2288 Christus
1521 2239 1576 2288 et
1604 2233 1853 2288 devotio-

154 2338 291 2375 nem
326 2321 589 2374 Ecclesiae
629 2320 1007 2380 commendat,
1043 2320 1216 2387 Patri,
1254 2321 1354 2391 qui
1385 2321 1558 2375 etiam
1616 2321 1685 2375 ad
1727 2321 1856 2375 dex-

154 2417 341 2464 teram
390 2411 569 2463 Patris
601 2409 930 2480 interpellat
951 2425 1055 2478 pro
1082 2409 1266 2478 nobis,
1301 2414 1357 2464 et
1386 2416 1659 2481 tanquam
1691 2425 1857 2463 verus

158 2499 335 2553 David
383 2498 688 2565 benedicit,
762 2502 819 2552 et
866 2498 1130 2552 salutaris
1201 2498 1459 2569 mysterii
1508 2498 1689 2569 pascit
1753 2498 1855 2553 ali-

157 2588 390 2642 mentis.

225 2677 391 2730 VERS.
428 2678 480 2731 3.
529 2706 601 2716 —
646 2678 717 2731 Et
762 2676 968 2729 divisit.
1014 2677 1143 2729 Haec
1187 2692 1424 2730 munera
1475 2676 1671 2730 ﬁdeles
1710 2675 1855 2729 acci-

157 2766 352 2835 piunt,
387 2766 617 2835 quando
648 2782 795 2819 unus
826 2764 991 2836 panis
1032 2770 1088 2818 et
1118 2781 1296 2818 unum
1345 2782 1552 2835 corpus
1601 2765 1765 2819 multi
1796 2765 1857 2818 in

158 2854 406 2912 Christo,
468 2852 656 2905 carnis
703 2869 820 2905 suae
861 2852 1150 2905 lasciviam
1192 2853 1533 2923 castigantes
1581 2858 1637 2907 et
1682 2853 1856 2907 servi-

155 2943 267 2996 tuti
304 2941 693 3011 subjicientes,
726 2941 903 2995 sancti
942 2941 1189 3011 Spiritus
1236 2941 1370 3012 igne
1421 2942 1769 3011 decoquunt.
1803 2946 1860 2995 et

2036 2060 2103 2112 Ut
2143 2057 2494 2111 benediceret.
2562 2056 2839 2128 (HIERON.)
2876 2059 3242 2114 Generationi
3281 2060 3536 2116 ﬁliorum
3566 2080 3663 2117 va-

1962 2150 2136 2199 caret.
2167 2144 2279 2199 Alii
2310 2160 2413 2215 per
2442 2143 2822 2215 antiplirasim
2853 2145 3308 2203 benedictionem
3341 2150 3660 2221 accipiunt;

1963 2233 2199 2287 domum
2234 2239 2447 2299 autem,
2480 2233 2685 2287 Michol
2716 2233 2893 2287 ﬁliam
2936 2234 3087 2301 Saul,
3121 2253 3295 2307 quam
3327 2238 3665 2309 increpabat

1964 2321 2158 2391 David,
2186 2320 2320 2393 quia
2349 2321 2607 2392 despexit
2642 2338 2773 2375 eum
2804 2323 3106 2377 saltantem
3148 2341 3340 2379 coram
3371 2342 3501 2380 arca
3551 2328 3663 2381 Do-

1963 2410 2132 2465 mini.

2601 2498 2825 2553 CAPUT
2862 2498 3021 2553 XVII.

2033 2589 2194 2642 Vens.
2246 2589 2297 2641 2.
2330 2616 2398 2627 —
2428 2589 2498 2641 Et
2527 2588 2608 2640 ait
2637 2587 2874 2641 Nathan.
2911 2587 3091 2656 (Bm,
3117 2587 3213 2641 ubi
3248 2588 3465 2659 supra.)
3498 2591 3663 2647 Patet

1962 2676 2117 2747 quod
2146 2674 2467 2746 prophetiae
2512 2674 2744 2745 spiritus
2799 2690 2913 2728 non
2965 2691 3193 2745 semper
3246 2678 3661 2747 prophetarum

1963 2769 2186 2819 mentes
2238 2764 2494 2830 irradiat,
2548 2763 2699 2817 unde
2732 2763 2962 2817 Elisaeus
3013 2767 3282 2819 :Dimitte
3330 2782 3468 2833 eam,
3526 2771 3659 2837 quia

1963 2856 2177 2907 animus
2226 2853 2342 2920 ejus
2370 2855 2430 2906 in
2482 2852 2849 2905 amaritudine
2887 2857 2984 2918 est,
3016 2857 3065 2906 et
3096 2855 3351 2908 Dominus
3406 2857 3605 2911 celavit
3629 2874 3664 2911 a

1964 2958 2065 3009 me,
2115 2945 2223 3007 etc,
2256 2941 2418 3005 Quod
2450 2940 2643 2994 divina
2671 2940 3096 3012 dispensatione
3153 2942 3240 3007 ﬁt,
3291 2946 3352 2996 ut
3382 2944 3664 3015 accipien-

157 3032 381 3084 fructus
414 3030 699 3084 bonorum
733 3047 973 3100 operum
1008 3031 1135 3083 oleo
1171 3030 1574 3085 misericordias
1604 3029 1858 3101 pinguis-
1892 3037 1932 3093 C
1971 3034 2054 3085 tes
2104 3030 2382 3100 Spirtum,
2415 3029 2711 3083 inveniant
2758 3029 2897 3099 quid
2950 3030 3019 3084 de
3053 3031 3169 3085 Deo
3226 3030 3370 3101 fuit;
3416 3038 3472 3087 et
3500 3035 3665 3089 amit-

156 3118 315 3173 sinos
364 3118 757 3188 compassione
797 3119 1045 3189 proximi
1098 3119 1317 3173 fervere
1348 3119 1581 3174 faciunt.
1617 3122 1689 3173 At
1718 3135 1858 3173 con-

154 3214 245 3261 tra
287 3207 410 3261 ﬁlia
444 3207 574 3261 Saul
625 3208 838 3261 frustra
881 3207 1207 3261 cubiculum
1266 3208 1415 3277 regis
1454 3209 1707 3278 ingressa
1746 3224 1859 3261 non

155 3296 489 3361 fructiﬁcat,
536 3295 671 3366 quia
717 3296 815 3367 qui
864 3297 1099 3350 verbum
1148 3296 1245 3349 Dei
1294 3312 1430 3349 aure
1480 3301 1645 3350 tenus
1674 3294 1860 3366 perci-

153 3386 331 3455 piunt
360 3384 483 3439 sine
510 3386 649 3439 boni
680 3386 871 3455 operis
901 3386 1062 3455 prole
1094 3385 1437 3438 moriuntur.

234 3476 471 3529 Friaram
507 3475 638 3528 oleo.
669 3474 912 3527 Carnem
942 3489 974 3526 a
1014 3472 1229 3543 peccati
1261 3473 1402 3541 sale,
1432 3471 1645 3526 scilicet
1694 3487 1864 3525 mun-

157 3561 484 3629 dissimam,
530 3562 603 3615 ob
655 3562 922 3616 humana:
970 3562 1169 3615 salutis
1212 3577 1442 3615 causam
1476 3561 1660 3615 crucis
1691 3564 1840 3614 sarta

154 3651 297 3721 gine
331 3655 560 3719 tostam,
593 3651 717 3704 oleo
769 3650 1062 3703 charitatis
1110 3650 1362 3720 plenam.
1399 3650 1489 3705 Sic
1542 3651 1682 3703 enim
1728 3652 1865 3703 Deus

153 3739 365 3793 dilexit
410 3738 671 3793 mundum
711 3742 772 3792 ut
822 3739 1026 3793 Filium
1055 3738 1393 3804 unigenitum
1433 3737 1611 3805 daret,
1653 3736 1753 3807 qui
1798 3752 1867 3791 ex

155 3829 445 3882 charitate
474 3844 674 3897 passus
705 3832 810 3883 est.

238 3918 403 3971 Vens.
464 3921 522 3971 7.
578 3946 648 3955 -
693 3918 756 3970 In
803 3917 894 3970 illo
945 3916 1049 3970 die.
1117 3914 1260 3980 Quia
1308 3916 1564 3970 Christus
1606 3914 1870 3969 ordinem

155 4006 473 4061 doctorum
504 4005 564 4058 in
594 4004 845 4058 culmine
891 4003 1285 4057 ecclesiastica:
1333 4003 1629 4073 dignitatis
1658 4004 1870 4057 consti-

156 4095 299 4160 tuit,
362 4093 520 4164 Asph
573 4092 727 4146 enim
780 4108 1129 4161 congregans,
1191 4092 1620 4162 interpretatur.
1679 4092 1874 4161 Asaph

160 4198 309 4253 ergo
357 4187 414 4235 et
458 4181 661 4236 fratres
712 4182 833 4252 ejus
881 4188 1014 4236 sunt
1059 4180 1307 4251 apostoli
1351 4185 1407 4234 et
1447 4180 1739 4251 apostolici
1766 4179 1875 4233 viri

159 4272 233 4326 ad
289 4270 728 4340 congregandos
768 4270 963 4324 ﬁdeles
1015 4269 1335 4335 constituti,
1390 4270 1460 4323 de
1496 4270 1707 4341 quibus
1735 4268 1873 4324 dici-

158 4366 267 4414 tur
312 4376 325 4413 :

162 4448 408 4503 Modum
461 4454 648 4501 autem
685 4447 1033 4502 laudationis
1077 4462 1251 4518 quem
1282 4446 1404 4516 ipse
1437 4447 1611 4501 David
1642 4462 1876 4516 compo-

161 4540 312 4603 suit,
386 4536 630 4607 scriptor
660 4536 1211 4607 historiaainseruit,
1249 4536 1443 4590 dicens
1477 4552 1489 4589 :
1537 4536 1881 4606 Conﬁtemini

164 4628 432 4693 Domino,
468 4629 574 4679 etc.

242 4715 412 4768 Vens.
446 4716 499 4769 8.
549 4743 619 4754 —
659 4713 1028 4784 Con/itemini,
1079 4717 1183 4767 etc.
1219 4711 1464 4766 Alleluia
1494 4711 1629 4765 huic
1660 4709 1881 4779 psalmo

164 4803 597 4875 prmtitulatum
646 4806 749 4867 est,
782 4807 839 4855 et
870 4801 1187 4856 secundum
1230 4801 1643 4870 Hieronymum
1695 4796 1885 4852 neutri

164 4891 414 4965 generis
444 4897 552 4947 est.
596 4890 801 4956 Allelu,
837 4890 1066 4945 laudate
1093 4906 1105 4944 :
1128 4893 1186 4944 ia
1214 4889 1562 4944 invisibilem
1596 4889 1774 4942 Deum
1806 4886 1884 4939 si-

167 4981 442 5054 gniﬁcat,
485 4979 641 5049 quod
699 4984 781 5033 est
824 4994 1004 5033 unum
1054 4979 1124 5033 de
1155 4978 1349 5033 decem
1397 4978 1497 5032 Dei
1529 4976 1886 5041 nominibus,

171 5070 330 5124 sicut
360 5068 423 5121 in
453 5067 694 5137 epistola
723 5068 789 5121 ad
824 5067 1145 5121 Marcellam
1166 5067 1343 5122 tradit
1371 5066 1773 5136 Hieronymus.

246 5159 420 5212 Vzas.
454 5158 540 5211 36.
579 5186 647 5196 -—
678 5159 747 5211 Et
776 5157 929 5212 dicat
958 5158 1157 5210 omnis.
1200 5155 1380 5223 (ΗΑΒ.)
1408 5154 1645 5209 Gentilis
1672 5153 1889 5207 scilicet

173 5246 283 5318 qui
334 5244 527 5299 adhuc
576 5244 829 5298 inﬁdelis
858 5249 981 5297 erat
1029 5243 1263 5314 quando
1310 5242 1417 5296 iste
1470 5234 1731 5307 canebat,
1793 5240 1893 5311 qui

175 5342 383 5390 tamen
416 5333 737 5403 prophetia:
760 5331 966 5385 virtute
1007 5331 1273 5385 inductus
1302 5335 1406 5395 est,
1440 5335 1503 5385 ut
1540 5345 1734 5384 amore
1761 5327 1893 5382 uni-

177 5422 481 5477 versitatis
513 5421 725 5474 diceret
773 5423 955 5473 Amen
988 5436 1179 5482 amen,
1224 5419 1281 5473 id
1310 5424 1394 5473 est
1448 5419 1565 5483 ﬁat,
1599 5418 1719 5483 ﬁat,
1752 5417 1899 5472 sicut

179 5510 366 5566 hodie
425 5508 719 5563 orantibus
780 5508 1167 5577 respondetur
1227 5510 1429 5572 Amen,
1475 5511 1542 5561 ut
1597 5506 1900 5560 concordet

184 5600 245 5654 in
279 5598 553 5671 precibus
596 5598 692 5669 pia
734 5596 1093 5652 sacerdotum
1136 5596 1378 5651 intentio
1428 5598 1484 5648 et
1512 5594 1713 5667 populi
1762 5610 1900 5649 sana

1966 3124 2174 3185 tentes,
2204 3118 2341 3189 quid
2372 3118 2441 3172 de
2468 3117 2632 3188 ipsis.

2043 3208 2203 3261 Vens.
2234 3208 2286 3260 4.
2319 3236 2386 3247 —
2446 3208 2561 3261 Non
2606 3204 2919 3274 wdiﬁcabis.
2979 3206 3123 3271 Quia
3174 3208 3259 3262 vir
3315 3210 3663 3281 sanguinum

1972 3311 2051 3348 es.
2094 3294 2271 3348 Debet
2291 3294 2445 3348 enim
2476 3295 2536 3348 in
2574 3311 2633 3348 se
2677 3295 2926 3349 mundus
2955 3311 3096 3360 esse,
3130 3296 3231 3367 qui
3276 3298 3461 3352 aliena
3490 3299 3668 3353 corri-

1972 3398 2109 3454 gere
2161 3384 2302 3451 vult,
2363 3388 2427 3437 ut
2455 3387 2683 3438 terrena
2710 3383 2993 3438 desideria
3024 3384 3223 3456 fugiat,
3256 3389 3313 3441 et
3340 3390 3500 3442 tanto
3532 3404 3671 3459 per-

1973 3471 2250 3543 spicacius
2269 3472 2541 3543 fugienda
2570 3472 2773 3539 videat,
2803 3477 3017 3541 quanto
3047 3472 3169 3543 ipse
3196 3474 3319 3529 haec
3354 3492 3457 3547 per
3486 3478 3670 3531 scien-

1974 3560 2117 3614 tiam
2170 3565 2227 3614 et
2279 3560 2454 3614 vitam
2535 3560 2720 3614 verius
2776 3560 3040 3615 declinat.
3071 3561 3427 3633 Superjectas
3474 3564 3673 3619 sordes

1975 3665 2181 3703 manus
2244 3648 2541 3719 detergere
2589 3665 2706 3703 non
2765 3649 2997 3709 valeret,
3058 3667 3182 3720 quae
3258 3651 3446 3706 lutum
3496 3658 3669 3709 tenet.

1975 3737 2137 3802 Quod
2190 3738 2351 3805 juxta
2394 3736 2649 3807 antiqua:
2700 3738 3085 3791 translationis
3141 3739 3349 3794 seriem
3400 3739 3546 3796 bene
3603 3742 3675 3798 ad

1979 3824 2153 3881 David
2184 3840 2316 3894 erga
2349 3824 2632 3878 exteriora
2683 3824 2829 3878 bella
2858 3823 3215 3879 laborantem
3253 3842 3357 3896 per
3394 3828 3675 3899 signiﬁca-

1980 3913 2198 3968 tionem
2246 3917 2302 3966 et
2358 3910 2551 3966 divina
2604 3927 2740 3965 voce
2793 3910 3046 3965 dicitur:
3103 3914 3221 3969 Non
3273 3919 3331 3967 tu
3379 3915 3675 3985 aediﬁcabis

1980 4002 2117 4056 mihi
2145 4002 2415 4068 templum,
2459 4001 2592 4068 quia
2640 4001 2728 4053 vir
2772 4002 3100 4067 sanguinum
3129 4016 3199 4055 es.
3241 4002 3542 4072 Templum
3576 4005 3679 4059 Do-

1983 4089 2127 4144 mini
2148 4089 2412 4155 aediﬁcat,
2444 4088 2545 4159 qui
2583 4087 2936 4158 corrigendis
2964 4088 3359 4158 proximorum
3390 4093 3679 4148 mentibus

1982 4181 2159 4232 vacat.
2189 4176 2490 4246 Templum
2531 4174 2633 4229 Dei
2674 4191 2891 4241 sumus,
2924 4174 3022 4246 qui
3051 4175 3122 4229 ad
3153 4192 3346 4232 veram
3398 4178 3569 4234 vitam
3613 4196 3679 4234 ex

1985 4266 2108 4336 ejus
2164 4264 2513 4319 habitatione
2565 4263 2985 4331 constituimur,
3020 4264 3172 4319 unde
3216 4281 3229 4318 :
3268 4268 3541 4335 Templum
3587 4271 3683 4324 Dei

388 4361 685 4416 Constitues
743 4375 829 4414 eos
876 4360 1149 4428 principes
1198 4373 1366 4427 super
1408 4374 1614 4412 omnem
1652 4363 1872 4413 terram.
1917 4381 1962 4436 ι)
2004 4359 2251 4409 sanctum
2274 4358 2351 4407 est
2380 4352 2522 4421 quod
2550 4355 2676 4406 estis
2708 4367 2800 4407 vos
2836 4352 2881 4421 (ι
2911 4355 3039 4407 Cor.
3076 4354 3178 4424 ιιι.)
3212 4354 3307 4408 Vir
3335 4357 3683 4427 sanguinum

1988 4443 2267 4513 templum
2309 4441 2407 4495 Dei
2462 4441 2724 4496 aediﬁcat.
2777 4441 2884 4505 Qui
2941 4442 3095 4497 enim
3148 4443 3334 4497 adhuc
3363 4447 3686 4502 carnalibus

1989 4531 2242 4599 incubat,
2274 4545 2503 4585 necesse
2520 4535 2605 4584 est
2636 4535 2700 4583 ut
2729 4529 3010 4585 instruere
3046 4532 3443 4602 proximorum
3467 4541 3687 4591 mentes

1989 4621 2312 4675 erubescat.

2063 4710 2229 4763 Vens.
2291 4712 2342 4763 9.
2399 4739 2466 4748 —
2511 4710 2615 4763 Nec
2656 4708 2787 4775 ﬁlii.
2863 4708 3049 4779 (ΗΑΒ.)
3092 4710 3291 4764 Hostes
3348 4711 3689 4783 alienigenas

1994 4814 2097 4868 per
2139 4797 2441 4850 intervalla
2466 4802 2817 4868 temporum,
2850 4797 2995 4852 sicut
3025 4798 3162 4852 olim
3203 4799 3364 4869 prius
3384 4816 3495 4870 pax
3520 4803 3692 4857 modo

1994 4887 2231 4942 bellum.
2294 4887 2670 4941 Inveniuntur
2725 4891 2917 4941 tamen
2955 4886 3036 4940 ibi
3076 4888 3389 4957 prolixiora
3426 4896 3691 4962 tempora

1997 4973 2149 5046 pacis
2193 4989 2368 5045 quam
2424 4974 2688 5028 Salomon
2718 4973 2937 5027 habuit.
2984 4973 3097 5029 Sub
3159 4976 3279 5029 Aod
3330 4976 3483 5031 enim
3541 4987 3696 5034 octo-

1998 5062 2157 5133 ginta
2186 5062 2322 5116 anni
2366 5062 2519 5133 pacis
2571 5061 2822 5118 fuerunt.
2856 5061 3017 5116 Absit
3046 5079 3181 5135 ergo
3211 5068 3275 5118 ut
3304 5064 3373 5119 de
3397 5065 3700 5122 Salomone

1999 5150 2121 5204 haec
2150 5150 2525 5220 accipiantur.

2074 5240 2238 5294 Vens.
2299 5241 2375 5293 ll.
2412 5268 2479 5278 —
2521 5239 2758 5307 Cumque
2811 5240 3137 5308 impleveris.
3174 5241 3442 5296 Salomon
3488 5248 3703 5310 autem,

2005 5332 2278 5394 regnante
2331 5333 2513 5397 patre,
2550 5342 2788 5397 regnare
2832 5328 3023 5397 coepit,
3076 5330 3231 5399 quod
3288 5331 3432 5384 nulli
3474 5332 3707 5387 illorum

2006 5433 2207 5488 regum
2259 5416 2518 5486 contigit,
2564 5421 2628 5469 ut
2682 5415 2872 5486 ipsum
2914 5433 3029 5470 non
3084 5434 3204 5471 esse
3236 5426 3505 5489 appareat
3538 5438 3708 5491 quem

2008 5504 2310 5575 prophetia
2339 5504 2447 5558 ista
2494 5504 2832 5575 praesignat.
2876 5505 3133 5559 Christus
3181 5523 3316 5561 vero
3363 5525 3531 5563 verus
3557 5508 3710 5581 paci-

2007 5594 2149 5648 ﬁcus
2180 5596 2307 5663 post
2333 5596 2577 5647 mortem
2614 5592 2783 5647 David
2818 5609 2946 5647 vere
3006 5594 3284 5665 regnavit.
