4062 6180
462 340 564 391 655

1120 330 1513 386 WALAFRIDI
1555 330 1806 414 STRAqu
1844 329 2046 384 FULD.
2093 328 2257 384 MON.
2289 289 2450 382 'OPP.
2496 325 2671 380 PARS
2711 326 2753 380 I.
2795 354 2863 362 ——
2903 323 3358 379 THEOLOGICA.
3837 326 3922 376 656

531 461 694 516 Vens.
731 462 813 514 t2.
847 489 914 498 -—
952 457 1279 526 jEdiﬁcabit
1318 455 1577 521 domum,
1599 453 1654 507 id
1689 456 1773 506 est
1800 452 2106 505 Ecclesiam
2142 467 2154 502 :
2187 450 2230 504 Α
2270 449 2559 514 occidisse,
2590 447 2742 518 quod
2771 445 2907 500 vitio
2948 445 3288 515 scriptorum
3311 450 3397 498 est
3423 444 3796 510 factum,Joab
3814 461 3924 498 vero

465 550 668 604 domus
715 548 888 602 David
918 553 1150 617 propter
1180 545 1458 614 templum
1504 541 1600 596 Dei
1628 542 1696 596 de
1718 540 2051 594 hominibus
2082 540 2157 593 fa-

462 643 637 704 ctum,
673 653 781 690 non
817 636 885 690 de
919 634 1217 706 lapidibus,
1251 633 1348 686 ubi
1378 631 1624 702 populus
1651 630 1709 684 in
1741 636 2022 684 aeternum
2051 628 2155 682 ha-

461 726 602 780 bitet
631 741 758 779 cum
812 726 923 777 Deo
955 729 1012 776 et.
1062 723 1120 774 in
1155 723 1287 786 Deo,
1316 725 1370 773 et
1404 721 1550 772 Deus
1579 734 1709 772 cum
1735 719 1967 788 populo.
2022 717 2155 770 Ideo

461 831 590 868 cum
619 813 934 867 secundum
984 809 1358 880 Septuaginta
1404 807 1616 861 dictum
1653 807 1720 860 sit
1752 823 1854 877 per
1888 805 2107 860 Nathan
2141 820 2154 857 :

463 903 525 955 Et
552 902 839 954 nuntiabit
869 901 971 953 tibi
1007 901 1280 952 Dominus
1321 897 1598 967 quoniam
1634 896 1871 948 domum
1902 893 2156 947 aediﬁca-

460 990 547 1044 bis
578 990 704 1059 ipsi,
738 994 934 1060 postea
983 1004 1084 1059 per
1113 987 1287 1040 David
1323 986 1570 1040 dicitur:
1605 985 1873 1050 Quoniam
1910 988 1987 1049 tu,
2022 985 2158 1037 Deus

460 1081 649 1144 Israel,
679 1080 933 1132 revelasti
974 1093 1158 1131 aurem
1188 1077 1334 1129 servi
1364 1077 1462 1140 tui,
1496 1073 1676 1128 dicens
1709 1089 1722 1126 τ
1771 1074 2002 1126 Domum
2025 1070 2157 1125 aedi-

456 1168 632 1234 ﬁcabo
679 1168 778 1221 tibi
807 1169 880 1236 (II
906 1169 1034 1234 Reg.
1103 1164 1215 1234 vn).
1277 1166 1431 1218 Hanc
1476 1163 1630 1216 enim
1657 1163 1891 1216 domum
1952 1164 2009 1213 et
2056 1175 2160 1213 nos

462 1256 964 1309 aediﬁcamusbene
990 1254 1253 1319 vivendo,
1276 1260 1332 1306 et
1351 1251 1796 1320 Deusjuvando,
1823 1249 1970 1303 unde
2002 1265 2014 1302 :
2036 1249 2160 1305 Nisi

465 1345 735 1398 Dominus
759 1344 1106 1412 aediﬁcaverit
1131 1342 1367 1407 domum,
1395 1346 1482 1393 etc
1511 1341 1674 1407 (Psal.
1711 1342 1912 1402 cxxvx.)

534 1436 602 1488 Et
655 1435 897 1486 thronus.
934 1431 1301 1501 Hyperbolice
1333 1429 1400 1483 de
1449 1429 1571 1508 ﬁlio
1605 1427 1712 1482 Isai
1741 1427 1920 1496 accipi
1971 1429 2158 1496 potest

462 1522 534 1574 At
581 1535 712 1572 vero
743 1519 1003 1573 Christus
1035 1519 1103 1572 de
1136 1517 1351 1571 semine
1406 1516 1582 1581 David
1634 1519 1819 1580 natus,
1881 1515 2156 1568 exaltatus

463 1615 546 1662 est
574 1624 745 1678 super
774 1623 1005 1660 omnem
1054 1607 1438 1676 principatum
1473 1610 1530 1657 et
1576 1608 1918 1674 potestatem
1953 1608 2011 1655 et
2042 1602 2152 1655 vir-

462 1701 670 1764 tutem,
702 1696 789 1748 cui
821 1698 987 1748 Pater
1022 1695 1244 1748 Jonavit
1286 1709 1494 1758 nomen,
1528 1692 1670 1760 quod
1701 1697 1779 1744 est
1819 1707 1981 1760 super
2008 1705 2157 1744 omne

462 1801 669 1848 nomen,
713 1789 773 1837 ut
830 1787 889 1836 in
942 1787 1153 1837 nomine
1197 1785 1323 1836 Jesu
1357 1797 1506 1835 omne
1550 1796 1688 1849 genu
1733 1783 1998 1847 ﬂectatur,
2051 1783 2157 1831 etc.

467 1874 681 1942 (Philip.
716 1873 798 1943 ιι.)

1107 2014 1330 2068 CAPUT
1360 2013 1541 2066 XVIII.

536 2140 697 2192 Vnus.
737 2141 783 2191 1.
818 2167 886 2177 -
921 2139 985 2190 Et
1037 2136 1202 2204 ﬁlias.
1273 2134 1456 2206 (ΗΑΒ.)
1509 2133 1753 2188 Minores
1790 2131 2044 2185 civitates
2092 2132 2163 2186 ad

469 2227 831 2298 metropolim
868 2225 1240 2296 pertinentes,
1276 2233 1406 2288 etc.,
1435 2239 1608 2291 usque
1637 2223 1710 2276 ad
1750 2226 1806 2276 et
1835 2237 1967 2274 caro
1999 2221 2163 2290 cogi-

467 2322 558 2369 tur
586 2315 795 2367 servire
827 2313 1079 2383 spiritui.

533 2406 700 2458 Vens.
736 2407 784 2458 3.
813 2433 882 2443 —
913 2403 1212 2456 Adarezer.
1266 2399 1370 2464 Qui
1423 2393 1837 2469 interpretatur
1891 2399 2161 2453 decorum

463 2493 778 2557 auxilium;
840 2508 935 2544 rex
984 2492 1147 2553 Soba,
1199 2491 1298 2559 qui
1336 2489 1746 2558 interpretatur
1803 2489 2034 2541 incensa
2072 2489 2161 2542 vel

466 2587 821 2646 convertens,
882 2579 1166 2649 signiﬁcat
1222 2577 1556 2647 gentilitatis
1594 2576 1732 2629 vitia
1773 2574 2022 2629 naturali
2060 2575 2164 2629 fer-

468 2687 600 2724 vore
629 2684 864 2722 accensa
890 2684 903 2721 :
949 2673 1148 2720 contra
1202 2681 1331 2736 quae
1378 2665 1631 2720 Christus
1660 2665 1923 2736 confligit
1951 2668 2007 2718 et
2037 2665 2157 2720 vin-

464 2759 538 2812 cit
563 2758 748 2824 gladio
772 2759 1025 2826 spiritus,
1050 2753 1193 2824 quod
1222 2759 1300 2807 est
1326 2753 1545 2807 verbum
1579 2755 1669 2807 Dei
1696 2753 1925 2823 (Ephes.
1948 2753 2046 2821 v1).

534 2848 694 2899 Vnus.
775 2847 827 2898 4.
883 2875 952 2884 —-
1023 2843 1504 2910 Subnervavitque.
1557 2841 1877 2895 Subnervat
1904 2839 2161 2894 Christus

463 2936 882 3005 repugnantem
929 2931 1036 2984 sibi
1066 2931 1371 3001 superbam
1405 2928 1604 2983 mundi
1635 2928 2000 2983 altitudinem
2050 2931 2159 2984 hu-

2268 538 2567 594 duodecim
2603 537 2782 590 millia
2829 535 3155 605 prostravit,
3199 534 3344 586 sicut
3389 534 3448 586 in
3479 533 3646 587 titulo
3672 535 3924 604 quinqua-

2267 626 2468 696 gesimi
2517 624 2746 695 septimi
2791 623 2996 694 psalmi
3037 623 3323 676 scribitur.
3389 623 3484 675 Hic
3539 628 3729 675 autem
3763 623 3924 676 decem

2268 720 2325 768 et
2377 721 2504 768 octo
2551 713 2746 768 Abisai
2798 712 3148 766 interfecisse
3207 712 3559 781 perhibetur,
3612 712 3708 766 sed
3740 728 3829 781 pro
3855 710 3922 764 di-

2269 804 2482 873 gnitate
2545 801 2702 872 regia
2748 801 2994 870 ascripta
3052 805 3138 853 est
3173 800 3345 854 David
3391 800 3645 854 victoria.
3714 801 3773 853 Et
3817 798 3928 868 quia

2269 892 2525 946 Christus
2581 888 2860 944 examinis
2907 888 3019 942 sui'
3055 888 3410 942 districtione
3477 889 3532 942 iu
3611 888 3699 942 his
3744 888 3830 958 qui
3869 887 3923 940 de

2270 998 2337 1035 eo
2392 996 2568 1050 prava
2641 977 2914 1044 sentiunt,
2977 977 3279 1031 stultitiam
3329 978 3695 1032 immoderati
3749 977 3930 1045 saporis

2269 1069 2601 1138 exstinguit,
2632 1067 2786 1121 unde
2821 1083 2833 1120 :
2867 1067 2971 1132 Qui
3008 1069 3171 1120 vertit
3201 1053 3444 1134 linguam
3464 1082 3641 1132 suam,
3675 1065 3851 1119 incidit
3886 1068 3928 1117 in

2267 1160 2648 1228 malum(Prov.
2685 1155 2843 1225 χιιι.)

2340 1249 2498 1300 Vnus.
2559 1249 2640 1300 16.
2681 1274 2740 1284 -
2784 1244 3148 1299 Achimelech.
3181 1244 3239 1298 Id
3269 1249 3374 1306 est,
3404 1245 3578 1298 frater
3607 1259 3766 1296 meus
3810 1256 3926 1294 rex:

2269 1336 2368 1407 qui
2421 1335 2480 1388 in
2510 1334 2729 1403 Regum
2760 1331 3110 1398 Abimelech,
3159 1332 3216 1387 id
3263 1338 3364 1395 est,
3428 1339 3590 1402 pater
3640 1347 3794 1385 meus
3829 1345 3928 1394 rex,

2267 1424 2528 1479 Ecclesiae
2555 1421 2876 1476 sacerdotes
2907 1421 3159 1488 instruit,
3197 1426 3260 1475 ut
3288 1421 3389 1492 qui
3420 1437 3524 1491 per
3561 1420 3812 1474 ordinem
3859 1417 3929 1470 di-

2267 1513 2521 1586 gnitatis,
2568 1511 2745 1582 patris
2774 1515 2972 1563 tenent
3019 1511 3230 1575 locum,
3287 1526 3389 1580 per
3418 1508 3794 1562 humilitatem
3834 1506 3929 1559 fra-

2267 1611 2383 1658 tres
2411 1605 2772 1664 censeantur,
2804 1603 2859 1651 et
2884 1615 3000 1652 non
3020 1600 3386 1653 dominentur
3415 1598 3473 1650 in
3505 1599 3677 1651 clero.

2339 1693 2498 1745 Vsus.
2523 1694 2604 1743 17.
2633 1688 2974 1742 —Phelethi.
3003 1688 3280 1757 (HIERON.)
3312 1686 3690 1741 Admirabiles
3718 1685 3796 1738 vel
3817 1682 3930 1736 vivi-

2273 1783 2556 1845 ﬁcatores,
2580 1793 2724 1847 quos
2753 1775 2989 1845 quidam
3021 1777 3220 1830 dicunt
3244 1777 3418 1830 fuisse
3436 1776 3792 1845 septuaginta
3809 1772 3932 1843 judi-

2274 1887 2365 1924 ces
2401 1883 2560 1921 more
2591 1881 2792 1918 eorum
2824 1881 2968 1934 quos
3000 1866 3213 1936 Moyses
3244 1865 3486 1919 Domino
3517 1863 3871 1934 pramipiente
3890 1861 3934 1912 in

2274 1975 2466 2014 eremo
2497 1955 2686 2025 elegit.
2733 1953 2842 2007 Alii
2873 1953 3070 2008 dicunt
3121 1955 3443 2010 Cerethaeos
3473 1954 3542 2007 ad
3572 1952 3677 2005 hoc
3717 1952 3934 2020 deputa-

2273 2056 2359 2102 tos
2405 2050 2469 2099 ut
2523 2061 2651 2098 reos
2680 2041 2973 2111 punirent,
3017 2043 3374 2097 Pheletbaeos
3407 2057 3541 2095 vero
3582 2046 3644 2094 ut
3711 2041 3932 2093 insontes

2271 2135 2660 2193 defenderent.

2341 2227 2526 2279 Porro.
2595 2225 2724 2279 Filii
2780 2221 2980 2290 David,
3039 2220 3246 2275 Christi
3300 2222 3434 2272 sunt
3462 2218 3680 2280 ﬁdeles,
3733 2231 3862 2286 quos
3895 2212 3939 2265 ei

2271 2318 2462 2367 sancta
2495 2314 2644 2384 parit
2678 2313 2941 2378 Ecclesia,
2989 2310 3090 2380 qui
3116 2314 3246 2362 sunt
3276 2322 3442 2375 genus
3493 2307 3737 2371 electum,
3783 2302 3938 2368 regale

2269 2402 2632 2456 sacerdotium
2663 2401 2710 2472 (Ι
2739 2403 2881 2455 Petr.
2916 2401 2994 2466 ιι.)

2339 2493 2510 2544 Primi
2560 2491 2634 2544 ad
2661 2505 2900 2544 manum.
2961 2487 3103 2552 Quia
3158 2486 3326 2540 bonis
3357 2484 3627 2554 operibus
3668 2484 3941 2536 merentur

2271 2578 2380 2632 sibi
2435 2595 2680 2648 regnum
2747 2578 2894 2643 cmli,
2946 2581 3105 2630 tanto
3180 2575 3292 2629 Deo
3357 2573 3682 2634 viciniores,
3754 2571 3945 2641 quanto

2271 2667 2600 2723 sanctiores.

2909 2807 3133 2862 CAPUT
3185 2806 3312 2860 XIX.

2341 2935 2502 2986 Vens.
2541 2936 2589 2986 1.
2625 2964 2691 2972 -
2721 2933 2950 2986 Ammon
2998 2931 3184 2999 (Rau)
3221 2929 3326 2992 Qui
3355 2928 3783 2999 interpretatur,
3833 2929 3947 2984 etc.,

462 3039 647 3076 mante
677 3020 1001 3092 sapientiae;
1036 3020 1189 3090 quod
1219 3025 1414 3072 tamen
1453 3022 1843 3089 opportunum
1877 3022 1934 3072 et
1964 3022 2161 3089 aptum
2192 3019 2232 3073 C
2271 3037 2440 3089 usque
2527 3021 2601 3074 ad
2686 3021 2850 3090 cujus
2888 3019 3070 3073 vultus
3122 3023 3200 3071 est
3246 3032 3409 3086 super
3482 3018 3765 3083 facientes,
3818 3012 3946 3066 mala

461 3110 858 3181 praedicationi
887 3109 1121 3179 reperit,
1147 3111 1396 3160 reservat
1415 3106 1543 3160 sibi.

533 3201 691 3252 Vens.
725 3201 775 3252 6.
811 3227 878 3238 —
907 3198 969 3250 In
1010 3196 1304 3248 Damasco.
1359 3194 1664 3247 Damascus
1722 3193 1933 3246 nobilis
1963 3193 2159 3247 civitas

462 3286 762 3350 Phaenicis,
820 3284 1105 3350 sanguinis
1188 3283 1440 3350 poculum
1513 3281 1940 3351 interpretatur.
2000 3281 2160 3351 Syria

462 3375 709 3428 sublimis
761 3373 847 3425 vel
902 3374 1164 3425 humecta.
1222 3369 1519 3424 Gentilitas
1586 3371 1763 3434 enim,
1812 3369 1972 3438 prius
2029 3369 2158 3422 libi-

463 3463 596 3517 dine
636 3461 809 3516 tluida
843 3466 902 3514 et
929 3458 1136 3528 spiritu
1163 3459 1428 3528 superba,
1461 3458 1804 3526 sanguinem
1838 3459 2159 3512 humanum

464 3550 733 3604 sitiebat:
785 3564 938 3602 nunc
988 3547 1332 3616 baptismate
1385 3546 1592 3601 Christi
1642 3546 1936 3612 mundata,
1973 3546 2158 3617 profe-

463 3644 558 3692 ctu
605 3638 885 3691 virtutum
925 3636 1184 3697 exaltata,
1231 3635 1528 3705 sanguinis
1552 3636 1675 3705 ejus
1706 3635 1974 3705 poculum
2003 3635 2158 3690 desi-

464 3725 644 3778 derat.

539 3815 691 3866 Veus.
729 3817 778 3866 7.
848 3841 901 3850 —
959 3812 1274 3866 Pharetras.
1311 3812 1584 3881 Dogmata
1615 3809 1918 3880 gentilium
1952 3810 2159 3882 quibus

463 3903 778 3973 disciplinae
841 3901 1104 3955 liberales
1163 3901 1549 3968 continentur,
1608 3917 1750 3972 quas
1815 3901 2067 3955 Christus
2125 3918 2160 3955 a

461 3992 783 4062 gentilitate
821 3990 1054 4043 abstulit
1103 3996 1160 4044 et
1199 3991 1258 4044 in
1289 3990 1585 4043 servitium
1622 3989 1885 4043 Ecclesiae
1915 4007 2158 4044 conver—

462 4083 577 4135 tit:
653 4085 892 4152 prosuut
974 4081 1131 4133 enim
1187 4080 1256 4133 ad
1315 4079 1798 4150 expugnationem
1829 4078 2038 4133 erroris
2102 4082 2159 4132 et

463 4169 961 4222 conﬁrmationem
994 4168 1270 4222 veritatis.

535 4259 690 4310 Vens.
725 4259 775 4309 8.
839 4285 904 4293 —
933 4256 1202 4309 Salomon.
1257 4254 1399 4319 Quia
1431 4271 1567 4325 ergo
1611 4270 1710 4308 rex
1769 4258 1962 4309 noster
1999 4254 2156 4326 paci-

464 4344 624 4409 ficus,
673 4347 1010 4396 vetustatem
1057 4343 1394 4396 elocutionis
1447 4343 1516 4396 de
1571 4342 1894 4396 humilitate
1949 4359 2158 4397 eversae
2189 4350 2227 4403 ο

463 4432 800 4503 gentilitatis
832 4431 901 4483 ad
939 4432 1366 4485 emundandam
1398 4432 1642 4501 gratiam
1668 4431 1941 4501 baptismi
1967 4437 2024 4486 et
2052 4432 2158 4485 ﬁr—

462 4525 817 4576 mamentum
851 4519 984 4573 ﬁdei
1022 4535 1126 4591 per
1153 4519 1623 4590 prtedicationem
1672 4519 1754 4588 pii
1785 4520 2068 4589 dogmatis
2099 4520 2158 4574 iu

461 4626 633 4664 usum
690 4608 946 4661 Ecclesia:
986 4607 1285 4662 convertit.
1349 4608 1563 4662 Tebath
1639 4607 1793 4661 enim
1820 4607 2158 4678 interpreta-

466 4703 562 4752 tur
603 4695 874 4766 parvulus
924 4700 1088 4764 venit,
1148 4702 1205 4750 et
1257 4697 1419 4751 Chun
1464 4696 1833 4765 pulchritudo.
1868 4696 1976 4761 Qui
2005 4696 2160 4751 enim

459 4787 764 4858 parvulum
800 4801 858 4838 se
887 4785 1162 4856 agnoscit,
1197 4785 1435 4856 pulcher
1467 4789 1522 4838 et
1551 4784 1842 4854 speciosus
1872 4785 1932 4839 in
1957 4785 2159 4840 decore

461 4876 737 4929 virtutum
761 4874 1025 4929 efﬁcitur.

534 4965 696 5017 Vens.
742 4965 824 5015 12.
848 4991 921 5002 —
950 4966 1010 5017 1n
1043 4963 1182 5016 valle
1203 4962 1538 5017 Salinarum.
1565 4963 1629 5015 In
1659 4961 1878 5031 Regum
1908 4960 1990 5014 ita
2020 4960 2159 5015 scri-

458 5057 622 5123 ptum
643 5055 726 5105 est
750 5067 762 5104 :
785 5054 933 5106 Fecit
951 5051 1057 5105 sibi
1083 5050 1264 5104 David
1280 5065 1470 5103 nomen
1491 5065 1610 5103 cum
1627 5053 1981 5103 reverteretur
1999 5053 2160 5117 capta

462 5143 627 5209 Syria
682 5143 742 5193 in
792 5141 933 5194 valle
979 5140 1320 5204 Salinarum,
1364 5139 1512 5192 caesis
1563 5138 1740 5191 decem
1785 5143 1835 5191 et
1863 5142 1975 5191 octo
2029 5137 2160 5190 mil-

465 5230 605 5284 libus
640 5229 724 5298 (II
748 5230 875 5295 Reg.
918 5227 1058 5298 vni),
1083 5228 1238 5298 quia,
1263 5226 1494 5294 scilicet,
1538 5225 1716 5279 erexit
1747 5225 1854 5279 sibi
1883 5224 2159 5279 fornicem

459 5317 868 5386 triumphalem
930 5333 942 5370 :
989 5316 1121 5370 fecit
1178 5315 1352 5368 etiam
1411 5315 1518 5369 sibi
1563 5330 1791 5381 nomen,
1837 5314 1973 5383 quia
2015 5314 2161 5367 victa

470 5405 634 5475 Syria
665 5404 922 5458 Damasci
947 5409 1003 5457 et
1021 5403 1172 5472 Syna
1202 5403 1369 5457 Sobal
1401 5404 1646 5456 alterum
1663 5403 1908 5456 erexisse
1929 5399 2164 5456 dicitur.

537 5495 744 5548 Decem.
793 5494 854 5547 In
913 5492 1256 5561 quibusdam
1311 5497 1502 5546 autem
1539 5491 1822 5545 codicibus
1870 5490 2161 5544 invenitur

463 5581 637 5636 David
691 5598 812 5636 non
850 5581 1055 5650 viginti
1081 5587 1138 5634 et
1189 5585 1315 5634 octo
1347 5579 1528 5634 millia
1576 5580 1635 5632 in
1663 5580 1805 5634 valle
1834 5579 2157 5634 Salinarum

2272 3109 2451 3176 (Psal.
2480 3109 2695 3179 xxxin.)

2933 3248 3158 3302 CAPUT
3197 3248 3300 3302 XX.

2341 3377 2500 3429 Vens.
2539 3379 2686 3428 1.-
2743 3375 3121 3440 Congregavit.
3175 3372 3359 3442 (ΒΑΕ.)
3415 3369 3557 3424 Joab
3614 3370 3832 3424 bellum
3883 3368 3949 3419 in.

2265 3464 2506 3529 choavit,
2550 3463 2727 3517 David
2781 3461 3040 3532 perfecit.
3089 3460 3344 3514 Christus
3371 3459 3527 3512 enim
3580 3459 3801 3512 bellum
3823 3455 3946 3526 agit,

2267 3569 2395 3606 cum
2428 3552 2867 3623 praedicatorum
2899 3550 3040 3602 ordo
3095 3554 3292 3601 contra
3345 3547 3546 3601 mundi
3601 3553 3865 3618 potentes
3893 3543 3947 3596 ﬁ-

2263 3641 2352 3696 dei
2388 3641 2648 3710 opponit,
2666 3639 2761 3692 sed
2789 3639 2918 3692 ﬁnis
2939 3637 3266 3692 certaminis
3284 3642 3340 3689 et
3365 3637 3697 3706 triumphus
3720 3631 3951 3704 adrChri-

2268 3732 2419 3780 stum
2445 3728 2706 3792 refertur,
2740 3730 2838 3796 qui
2864 3731 3119 3796 operatur
3143 3728 3201 3779 in
3236 3726 3389 3779 nobis
3418 3726 3550 3778 velle
3605 3731 3658 3779 et
3711 3725 3953 3794 perﬁcere

2266 3816 2502 3886 (Philip.
2556 3815 2637 3886 ιι.)
2697 3816 2805 3879 Qui
2861 3829 3152 3880 coronam,
3195 3830 3367 3885 quam
3426 3813 3654 3867 diabolo
3713 3811 3948 3870 abstulit,

2267 3905 2373 3959 sibi
2403 3905 2634 3975 aptavit,
2699 3905 2917 3968 ﬁdeles,
2969 3903 3182 3957 scilicet
3228 3902 3329 3974 qui
3373 3901 3536 3973 quasi
3565 3918 3782 3956 corona
3837 3912 3956 3954 eum

2263 3994 2546 4059 ambiunt,
2598 3993 2749 4047 unde
2815 4008 2829 4048 ε
2878 3993 3159 4046 Benedices
3188 4007 3393 4046 corona
3449 3993 3583 4045 anni
3615 3988 3955 4058 benignitatis

2267 4087 2370 4136 tua
2395 4083 2575 4151 (Deut.
2611 4086 2726 4144 vn).

2337 4171 2499 4224 Vsus.
2560 4173 2614 4226 2.
2669 4200 2738 4208 —
2782 4170 3062 4236 Coronam,
3120 4173 3226 4223 etc.
3298 4168 3574 4239 (HIERON.)
3637 4169 3787 4233 Quia
3836 4180 3955 4219 con-

2268 4259 2458 4313 ﬂando
2527 4257 2793 4330 purgavit
2875 4257 3192 4312 secundum
3274 4258 3478 4327 legem.
3539 4258 3804 4312 Tradunt
3870 4267 3961 4306 au-

2266 4353 2383 4402 tem
2431 4347 2658 4401 Hebraei
2711 4346 2866 4416 (quia
2899 4346 3161 4400 illicitum
3202 4351 3326 4399 erat
3375 4344 3597 4398 homini
3654 4345 3854 4399 Judaeo
3898 4341 3958 4393 de

2266 4435 2435 4489 idolis
2487 4433 2706 4504 aliquid
2759 4433 2882 4487 auri
2926 4435 3017 4488 vel
3077 4433 3300 4504 argenti
3347 4434 3624 4503 accipere,
3691 4433 3832 4504 quia
3881 4430 3960 4484 lex

2267 4522 2651 4578 idololatriam
2707 4523 2874 4592 vetat)
2930 4523 3090 4576 Ethai
3149 4522 3442 4576 [lethaeum
3503 4523 3623 4593 (qui
3657 4524 3730 4578 de
3799 4518 3959 4576 Phili-

2267 4610 2459 4665 sthaeis
2498 4610 2568 4665 ad
2596 4611 2769 4664 David
2827 4610 3073 4677 venerat)
3105 4626 3375 4664 coronam
3399 4611 3469 4664 de
3489 4612 3683 4680 capite
3715 4609 3960 4666 Melchon

2267 4699 2544 4770 rapuisse,
2578 4704 2641 4753 ut
2676 4699 2873 4752 liceret
2906 4698 3103 4752 Judaeo
3144 4698 3215 4752 de
3245 4715 3422 4752 manu
3455 4699 3716 4753 hominis
3747 4711 3958 4769 capere,

2266 4788 2419 4860 quod
2444 4788 2514 4842 de
2548 4789 2730 4858 capite
2761 4787 2901 4841 idoli
2927 4803 3044 4842 non
3075 4787 3298 4842 licebat.

2334 4878 2565 4932 Bellum.
2610 4876 2795 4946 (Rau)
2856 4877 3186 4930 Notandum
3234 4876 3387 4948 quod
3418 4877 3479 4930 in
3514 4872 3965 4948 Paralipomenis

2264 4966 2374 5020 tria
2412 4966 2562 5020 bella
2622 4965 2804 5019 David
2861 4965 3254 5036 principaliter
3325 4966 3618 5036 leguntur,
3683 4980 3857 5035 usque
3900 4959 3965 5014 ad

2265 5052 2418 5107 unde
2451 5069 2465 5106 :
2497 5055 2560 5107 In
2590 5055 2692 5106 Deo
2721 5054 2983 5119 faciemus
3030 5055 3305 5118 virtutem,
3339 5057 3444 5106 etc.
3483 5051 3653 5122 (Psal.
3681 5056 3826 5119 ιιι).

2338 5143 2509 5195 Vnus.
2561 5141 2909 5195 5.—-Aliud
2965 5141 3180 5194 bellum.
3243 5141 3379 5211 (lu.)
3436 5141 3500 5195 In
3554 5141 3789 5211 Regum
3831 5139 3963 5194 libro

2266 5230 2347 5284 ita
2400 5245 2413 5282 :
2503 5231 2740 5282 Tertium
2794 5229 2908 5294 fuit
2972 5231 3030 5282 in
3087 5229 3198 5284 Gob
3260 5233 3447 5282 contra
3505 5229 3861 5283 Philisthzos
3915 5228 3967 5278 in

2268 5331 2372 5384 quo
2422 5319 2686 5384 percussit
2725 5317 3040 5370 Adeodatus
3086 5319 3233 5385 ﬁlius
3286 5318 3490 5382 Saltus,
3549 5317 3962 5384 polymitarius,

2265 5404 2667 5458 Bethlehemites
2747 5405 2964 5459 Goliath
3009 5406 3310 5470 Gethaeum,
3344 5411 3449 5459 etc.
3503 5407 3574 5470 (Il
3628 5409 3768 5473 Reg.
3831 5401 3943 5470 xxx)

2265 5493 2398 5556 Gob,
2449 5498 2580 5558 etc.,
2623 5508 2791 5562 usque
2845 5494 2920 5546 ad
2962 5494 3181 5548 Hebrati
3214 5510 3344 5548 vero
3397 5496 3672 5564 Araphan
3725 5499 3966 5547 matrem

2266 5580 2564 5651 gigantum
2589 5581 2839 5652 Orpham
2873 5598 3080 5637 nurum
3113 5583 3307 5638 Noemi
3347 5582 3726 5637 arbitrantur.
