4062 6180
204 271 304 323 657

878 396 1103 451 CAPUT
1167 398 1298 451 XXI.

272 536 438 590 Vens.
473 540 519 589 5.
558 567 625 576 —
655 540 723 592 Et
749 539 999 593 inventus
1051 544 1149 601 est,
1183 543 1287 593 etc.
1350 540 1529 611 (Ras)
1590 542 1651 594 In
1685 542 1904 612 Regum

194 623 351 676 libro
372 624 470 679 ita.
502 625 662 689 Quod
686 625 915 679 inventa
973 634 1106 679 sunt
1136 627 1204 680 de
1264 629 1431 681 Israel
1460 630 1743 698 octoginta
1776 630 1901 682 mil-

196 712 276 764 lia
303 713 558 767 virorum
583 714 815 768 fortium
844 719 900 767 et
952 714 1021 768 de
1051 716 1194 768 Juda
1249 718 1669 787 quinquaginta
1725 718 1905 771 millia.

192 809 613 870 pugnatorum.
666 806 941 856 Asserunt
988 810 1178 857 autem
1241 806 1458 858 Hebrazi
1515 807 1667 859 hunc
1699 823 1901 859 nume-

192 906 327 942 rum
376 890 446 943 ab
494 890 632 944 Joab
692 891 990 945 inventum
1048 910 1186 957 esse,
1245 894 1343 946 sed
1419 893 1750 963 scriptorem
1798 911 1901 947 no-

192 979 371 1031 luisse
428 980 728 1039 ostendere
776 980 885 1033 nisi
947 986 1228 1051 quantum
1287 982 1346 1035 in
1395 982 1675 1035 Samuelis
1728 989 1782 1035 et
1831 983 1898 1035 li-

189 1069 297 1121 bro
332 1070 552 1137 Regum
612 1069 899 1137 scribitur,
960 1070 1017 1122 in
1077 1087 1189 1141 quo
1249 1075 1473 1124 tantum
1505 1072 1643 1125 caedi
1699 1088 1898 1141 super-

186 1158 351 1211 stites
392 1158 773 1211 continentur.

259 1248 424 1300 Vens.
458 1252 510 1300 7.
546 1278 611 1287 —
660 1250 729 1301 Et
781 1250 1062 1316 percussit.
1116 1249 1350 1301 Mortem
1405 1248 1542 1302 dicit
1597 1265 1726 1319 qum
1785 1249 1901 1319 pri-

188 1351 353 1387 mum
390 1351 553 1387 causa
588 1335 803 1404 peccati
849 1335 1004 1388 venit
1037 1352 1048 1388 :
1107 1336 1229 1389 haec
1288 1336 1344 1388 in
1378 1337 1589 1406 populo
1645 1343 1897 1405 grassata

186 1429 294 1487 est,
329 1424 464 1493 quia
493 1440 644 1492 saape
678 1440 779 1493 pro
813 1425 962 1477 malo
1015 1425 1203 1494 gregis
1252 1425 1537 1494 delinquit
1568 1425 1679 1479 vita
1702 1431 1893 1494 pasto-

185 1513 295 1567 ris.
333 1513 579 1565 Tumore
610 1514 789 1566 elatus
813 1512 1016 1577 David,
1059 1514 1337 1583 populum
1368 1514 1723 1567 numerando
1756 1531 1893 1584 pec-

181 1601 354 1664 cavit,
385 1606 441 1654 et
498 1602 747 1670 populus
779 1618 1005 1671 pcenam
1046 1602 1312 1671 suscepit,
1376 1602 1512 1673 quia
1576 1603 1891 1657 secundum

178 1690 394 1743 merita
452 1688 709 1760 plebium
768 1690 1153 1761 disponuntur
1207 1691 1372 1745 corda
1429 1697 1740 1748 rectorum.
1788 1692 1885 1745 Ju-
1919 1687 1958 1740 Β

176 1785 306 1832 stus
327 1795 460 1831 vero
486 1778 661 1849 judex
722 1795 785 1832 ex
840 1780 1095 1848 ipsorum
1148 1780 1644 1834 animadversione
1698 1780 1886 1834 corri-

176 1866 309 1935 puit
348 1867 633 1936 peccantis
688 1867 908 1935 vitium,
971 1884 1038 1921 ex
1093 1884 1337 1939 quorum
1396 1886 1562 1923 causa
1611 1869 1882 1939 peccavit.

174 1955 285 2009 Sed
322 1956 457 2026 quia
484 1956 773 2009 voluntate
826 1974 928 2010 sua
986 1958 1381 2027 superbiensa
1440 1959 1607 2028 culpa
1664 1958 1884 2011 alienus

174 2044 459 2109 nonfuit,
501 2044 807 2099 vindictam
866 2047 1047 2115 culpa:
1099 2046 1387 2116 suscepit:
1423 2046 1500 2099 ita
1546 2046 1699 2100 enim
1756 2062 1885 2117 qua:

175 2132 554 2201 corporaliter
618 2134 895 2202 populum
942 2134 1204 2203 percutit,
1256 2140 1535 2188 rectorem
1584 2134 1771 2187 cordis
1798 2134 1887 2188 do-

177 2221 300 2274 lore
328 2221 654 2289 prostravit.

250 2311 475 2363 Peccavi
494 2312 680 2375 nimis,
714 2315 818 2363 etc.
856 2311 915 2363 In
974 2311 1198 2381 Regum
1258 2311 1404 2363 libro
1436 2310 1537 2376 ita,
1602 2316 1730 2379 etc.,
1794 2327 1883 2365 us-

189 2411 292 2465 que
349 2396 426 2449 ad
464 2396 573 2450 hoc
626 2397 909 2465 obligatus
947 2397 1128 2451 facere
1164 2399 1333 2452 David
1389 2399 1568 2452 Deum
1624 2399 1879 2455 offendit.

251 2485 416 2538 Vens.
455 2488 540 2539 13.
591 2515 639 2523 —
688 2488 757 2539 Et
810 2485 974 2539 dixit.
1023 2486 1079 2539 Si
1118 2486 1327 2539 famem
1378 2486 1631 2555 eligeret,
1686 2492 1885 2542 contra

180 2573 323 2625 alios
348 2574 532 2627 facere
558 2573 842 2627 videretur
875 2590 889 2626 :
930 2574 1065 2644 quia
1112 2575 1326 2628 habens
1366 2576 1543 2628 multa
1595 2577 1885 2630 frumenta

178 2663 438 2732 inopiam
475 2679 605 2716 cum
656 2663 779 2715 aliis
843 2680 956 2716 non
1003 2667 1310 2733 pateretur.
1346 2664 1403 2718 Si
1452 2665 1598 2718 vinci
1662 2666 1731 2719 ab
1776 2666 1879 2719 bo-

177 2752 361 2803 stibus
392 2768 495 2821 per
546 2757 662 2803 tres
717 2768 941 2805 menses
999 2752 1257 2822 eligeret,
1314 2754 1527 2806 habens
1586 2754 1706 2823 ipse
1736 2754 1883 2807 circa

175 2855 235 2891 se
268 2840 423 2891 viros
482 2840 838 2901 fortissimos,
902 2840 1044 2894 nihil
1096 2846 1375 2894 metueret
1416 2858 1544 2894 cum
1604 2842 1882 2895 exercitus

172 2928 299 2980 neci
358 2929 696 2998 subjaceret.
755 2930 1130 2983 Communem
1164 2946 1302 2998 ergo
1334 2929 1441 2983 sibi
1475 2935 1530 2982 et
1576 2930 1703 2983 aliis
1754 2948 1879 3000 pas-

171 3015 394 3070 sionem
457 3017 645 3086 elegit,
688 3017 747 3069 in
798 3034 911 3088 qua
966 3018 1138 3071 timor
1187 3018 1448 3071 omnibus
1498 3024 1644 3072 esset
1690 3036 1877 3089 aequa-

165 3120 258 3173 lis.

241 3207 406 3260 Vens.
449 3209 529 3261 14.
559 3239 626 3247 -
657 3210 1013 3277 Septuaginta
1042 3210 1222 3265 millia
1262 3212 1525 3266 virorum.
1560 3211 1741 3281 (ΗΑΒ.)
1773 3212 1877 3267 Ca-

161 3296 285 3365 pita
329 3296 481 3349 enim
512 3298 695 3365 plebis
717 3305 772 3351 et
810 3300 1060 3352 seniores
1092 3301 1377 3353 numerati
1409 3307 1560 3354 sunt.
1588 3302 1871 3356 Caeterum

163 3386 332 3437 omni
367 3385 582 3452 populo
614 3390 697 3439 tot
740 3386 919 3439 millia
975 3388 1274 3441 interfecta
1322 3389 1544 3443 Hebrazi
1587 3390 1875 3443 afﬁrmant

164 3482 315 3543 quot
348 3473 601 3527 millibus
650 3490 924 3528 numerus
953 3475 1013 3528 in
1075 3477 1551 3546 Paralipomenon
1610 3479 1872 3548 scriptus,

161 3578 477 3615 numerum
522 3562 622 3632 qui
653 3563 943 3631 inRegum
966 3563 1303 3617 estexcedit.
1336 3564 1512 3616 Aiunt
1535 3565 1688 3617 enim
1721 3566 1874 3635 quod

156 3650 224 3703 in
258 3650 758 3721 Paralipomenon,
792 3656 847 3704 et
872 3651 971 3721 qui
1029 3658 1442 3713 remanserant,
1485 3658 1541 3705 et
1569 3653 1668 3723 qui
1696 3653 1873 3707 inter-

156 3738 296 3791 fecti
323 3744 481 3802 sunt,
541 3740 826 3792 numerati
883 3745 1050 3793 sunt:
1089 3740 1147 3792 in
1189 3740 1411 3812 Regum
1458 3757 1589 3794 vero
1621 3746 1872 3795 tantum-

158 3829 343 3881 modo
378 3827 509 3880 vivi.

233 3918 397 3970 Vens.
424 3918 503 3969 18.
528 3946 595 3953 ——-
615 3919 1036 3984 Eccstrueretque
1057 3918 1230 3970 altare
1258 3917 1486 3971 Domino
1524 3918 1631 3971 Deo
1653 3920 1712 3971 in
1742 3934 1872 3971 area

155 4007 373 4061 Ornam
391 4005 640 4057 Jebusa’i.
668 4004 850 4074 (ΗΑΒ.)
875 4005 1022 4058 Bene
1047 4005 1215 4059 David
1246 4021 1379 4058 cum
1416 4005 1723 4059 Dominum
1750 4006 1867 4076 pla-

152 4110 288 4147 care
321 4092 512 4157 vellet,
556 4094 731 4146 altare
747 4093 984 4163 jubetur
1013 4093 1073 4146 in
1134 4110 1261 4147 arca
1291 4099 1519 4148 Areuna
1549 4096 1632 4149 vel
1660 4103 1870 4148 Urnam

153 4187 517 4245 construere,
553 4182 689 4251 quia
718 4198 833 4235 non
852 4182 1107 4251 placatus
1132 4184 1280 4236 Deus
1308 4183 1645 4243 abhomine,
1682 4184 1787 4236 nisi
1813 4184 1868 4236 in

151 4287 291 4323 arca
324 4269 513 4323 cordis
541 4286 646 4339 per
683 4271 879 4324 lumen
915 4275 1086 4325 rectae
1128 4271 1261 4325 ﬁdei
1319 4277 1374 4325 et
1414 4288 1560 4325 verae
1612 4272 1867 4325 dilectio-

154 4358 247 4411 nis
276 4357 591 4411 constituat
641 4357 727 4410 illi
777 4358 952 4412 altare
1007 4359 1365 4425 humilitatis,
1417 4360 1477 4413 in
1535 4377 1649 4430 quo
1674 4344 1872 4415 offerat

152 4446 509 4500 sacriﬁcium
539 4446 736 4500 laudis.
1674 4480 1677 4483 -

226 4538 397 4590 Vens.
431 4538 519 4589 25.
555 4565 626 4575 —
668 4536 835 4591 Dedit
892 4553 1015 4605 ergo
1049 4537 1227 4592 David
1283 4538 1483 4593 Ornam
1511 4553 1611 4606 pro
1652 4532 1759 4592 loco
1792 4540 1869 4591 si-

151 4628 271 4680 clos
291 4627 425 4679 auri
446 4624 745 4693 justissimi
771 4627 1027 4695 ponderis
1058 4631 1349 4695 semcentos,
1378 4632 1427 4680 et
1467 4626 1761 4695 aediﬁcavit
1793 4628 1873 4679 ibi

151 4723 340 4775 altare
374 4724 615 4788 Domino,
644 4728 757 4775 etc.
793 4724 858 4775 In
880 4738 1081 4791 regum
1104 4722 1200 4786 ita,
1237 4727 1365 4787 etc.,
1423 4738 1590 4792 usque
1619 4722 1693 4776 ad
1720 4722 1871 4793 quod

147 4815 367 4880 postea
395 4810 667 4865 Salomon
692 4811 993 4865 aediﬁcavit
1023 4816 1077 4864 et
1102 4810 1247 4865 atria
1273 4811 1413 4881 ejus.

841 4970 1067 5024 CAPUT
1142 4971 1296 5025 XXII.

233 5078 412 5130 Vens.
442 5079 501 5129 2.
570 5078 727 5131 —Ut
777 5081 1249 5143 congregarentur.
1307 5077 1481 5145 (ΗΑΒ.)
1512 5078 1587 5130 De
1629 5077 1873 5131 Ecclesia

148 5164 419 5217 Christus
452 5162 710 5229 artiﬁces
762 5163 965 5217 domus
996 5180 1113 5217 sum
1166 5166 1354 5235 elegit,
1412 5166 1511 5236 qui
1551 5166 1872 5219 inconditos

150 5269 249 5306 mo
262 5268 355 5305 res
380 5252 685 5305 hominum
717 5252 978 5306 dolerent
999 5258 1053 5307 et
1076 5254 1342 5323 polirent,
1374 5261 1437 5308 ut
1468 5254 1523 5306 in
1541 5254 1869 5309 mdiﬁcatio-

150 5355 226 5392 ne
262 5337 573 5408 spirituali,
606 5355 708 5409 per
738 5340 987 5393 diversas
1026 5340 1325 5410 juncturas
1377 5343 1509 5397 ﬁdei
1537 5348 1595 5396 et
1625 5343 1869 5397 charita-

155 5428 228 5479 tis
264 5426 379 5479 sibi
410 5426 796 5480 convenirent.
832 5427 990 5482 Unde
1020 5445 1033 5481 :
1066 5430 1289 5497 Propter
1327 5430 1421 5483 hoc
1448 5430 1631 5483 dolavi
1670 5433 1725 5484 in
1748 5447 1871 5499 pro-

156 5518 363 5582 phetis,
389 5521 438 5569 et
463 5516 639 5569 occidi
662 5531 749 5570 eos
778 5519 836 5570 in
864 5518 1042 5571 verbis
1070 5520 1179 5571 oris
1208 5520 1313 5571 mei
1364 5518 1509 5587 (Osee
1562 5520 1654 5587 vr).

1285 276 1533 332 GLOSSA
1578 265 1996 334 ORblNARIA.
2038 309 2109 320 -
2148 281 2273 335 LIB.
2317 283 2339 335 1
2382 282 2626 335 PARAL.

1912 2973 1952 3029 C
1991 2968 2081 3021 dis
2124 2969 2435 3036 prophetas,

3614 292 3715 345 658

2088 404 2245 457 Vens.
2281 406 2331 458 3.
2363 434 2434 443 —
2465 406 2702 458 Ferrum.
2740 405 2893 459 Fidei
2924 406 3253 460 ﬁrmitatem
3283 408 3453 460 sacris
3484 408 3718 479 dogma-

2017 489 2169 544 tibus
2214 491 2519 559 ordinavit,
2580 499 2643 545 ut
2696 493 2972 548 intrantes
3028 495 3085 548 in
3146 497 3449 551 Ecclesiam
3494 497 3714 551 timoris

2015 580 2225 633 aculeis
2254 582 2695 651 conﬁgerentur,
2736 589 2791 635 et
2830 584 2907 636 sic
2937 600 3039 653 per
3088 585 3409 638 dilectionis
3448 592 3502 639 et
3530 587 3715 640 socie-

2014 668 2146 721 tatis
2174 669 2346 722 ﬁdem
2380 676 2577 723 mutuo
2636 677 3013 725 necterentur.
3047 674 3204 726 Unde
3242 690 3255 726 :
3315 674 3524 742 Conﬁge
3550 678 3709 729 timo-

2010 771 2069 810 re
2094 762 2183 810 tuo
2214 774 2399 812 carnes
2425 775 2568 813 meas
2602 760 2767 829 (Psal.
2817 765 3019 827 cxvui).
3055 762 3123 814 Et
3179 762 3314 815 alibi
3340 779 3351 815 :
3381 763 3708 830 Jerusalem,

2010 847 2449 916 quaeaediﬁcatur
2492 852 2553 900 ut
2585 839 2780 901 civitas
2810 850 2964 917 cujus
3018 852 3375 919 participatio
3427 852 3563 918 ejus,
3599 858 3705 907 etc.

2010 934 2185 999 (Ibid.
2218 936 2404 1003 cxxu).

2080 1023 2262 1075 /Eris.
2298 1023 2589 1077 Lectiones
2612 1041 2844 1077 sonoras
2875 1030 2931 1078 et
2957 1025 3176 1078 cantica
3231 1026 3550 1095 spiritualia
3580 1044 3709 1098 quas

2009 1110 2187 1161 sancti
2224 1112 2419 1163 Patres
2451 1112 2520 1163 ad
2554 1112 2989 1165 instructionem
3025 1113 3280 1165 Ecclesiae
3321 1113 3542 1167 Christo
3574 1131 3706 1168 vero

2008 1197 2242 1267 paciﬁco
2284 1206 2700 1268 prmpararunt.

2079 1287 2236 1339 Vens.
2273 1288 2322 1339 4.
2348 1318 2416 1326 ——
2446 1289 2617 1355 Ligna
2663 1304 2887 1356 quoque.
2947 1289 3108 1341 Viros
3162 1289 3470 1344 virtutibus
3503 1292 3701 1359 claros,

2007 1390 2150 1443 quos
2178 1375 2246 1428 ad
2266 1375 2592 1445 exemplum
2620 1376 3015 1431 instruxerunt
3034 1378 3121 1431 vel
3150 1378 3444 1448 scripturis
3474 1380 3589 1433 suis
3609 1380 3704 1435 in-

2004 1468 2324 1517 seruerunt.

2074 1552 2288 1607 Sidonii
2312 1556 2361 1606 et
2390 1554 2562 1620 Tyrii.
2587 1552 2729 1617 Quia
2759 1569 2863 1621 per
2885 1555 3309 1623 praedicatores,
3338 1556 3439 1627 qui
3467 1556 3535 1611 de
3568 1574 3705 1629 gen-

2002 1640 2154 1694 tibus
2184 1641 2347 1694 electi
2366 1647 2520 1708 sunt,
2555 1641 2696 1695 tales
2727 1641 2831 1695 viri
2874 1644 2942 1697 ad
2977 1644 3243 1698 notitiam
3274 1645 3534 1700 Ecclesiae
3574 1662 3704 1717 per-

1998 1734 2294 1783 venerunt.
2424 1725 2429 1729 ’

2064 1820 2225 1873 Vens.
2262 1821 2314 1873 5.
2352 1849 2421 1858 —-
2450 1821 2716 1874 Parvulas
2745 1820 2899 1874 estet
2951 1820 3238 1875 delicatus.
3288 1823 3565 1892 Tempore
3596 1824 3700 1876 Ve-

1992 1907 2129 1960 teris
2174 1908 2543 1976 Testamenti,
2600 1908 2843 1962 obscura
2872 1908 2981 1962 fuit
3034 1910 3237 1963 notitia
3292 1911 3701 1964 incarnationis

1994 1994 2202 2050 Christi
2237 2012 2249 2048 :
2278 2011 2486 2064 parvus
2517 2012 2747 2067 quoque
2776 2013 3049 2051 numerus
3107 1997 3387 2065 ﬁdelium,
3436 1998 3536 2069 qui
3567 2002 3699 2052 sunt

1993 2084 2252 2136 membra
2284 2084 2512 2137 Christi.

2062 2172 2403 2239 Praeparavit
2431 2174 2722 2240 impensas.
2754 2173 2969 2243 Moyses
3022 2173 3309 2244 impensas
3339 2175 3543 2229 domus
3576 2176 3692 2228 Do-

1994 2257 2139 2310 mini
2167 2259 2510 2329 prazparavit
2535 2259 2728 2314 dicens
2763 2262 2842 2316 :0
2887 2264 3056 2315 Israel
3087 2263 3222 2332 quid
3263 2266 3520 2318 Dominus
3560 2266 3697 2317 Deus

1993 2349 2117 2401 tuus
2147 2352 2349 2416 petita
2390 2349 2479 2401 te?
2506 2352 2619 2403 nisi
2672 2354 2732 2402 ut
2772 2353 2960 2403 timeas
3002 2354 3282 2404 Dominum
3322 2355 3488 2405 Deum
3523 2357 3692 2422 tuum,

1990 2440 2050 2489 ut
2071 2437 2308 2490 ambules
2339 2439 2395 2489 in
2424 2439 2528 2490 viis
2558 2438 2694 2505 ejus,
2732 2443 2863 2502 etc.,
2901 2443 2955 2491 et
2979 2439 3104 2491 aliis
3126 2439 3428 2493 similibus.

2067 2526 2226 2578 Vens.
2258 2528 2310 2579 8.
2342 2555 2410 2565 —
2432 2526 3225 2596 Multum.SigniﬁcatJudazos
3243 2534 3692 2597 proptercarna-

1991 2616 2105 2667 lem
2134 2614 2275 2683 legis
2305 2613 2722 2667 observantiam
2753 2620 2809 2668 et
2853 2615 3293 2684 sanguinolenta
3350 2631 3542 2685 opera,
3570 2629 3691 2667 non

1992 2719 2155 2773 posse
2185 2703 2480 2771 spirituale
2537 2703 2842 2757 aediﬁcium
2896 2704 3139 2757 Domino
3192 2720 3563 2773 praeparare;
3606 2704 3693 2755 vel

1992 2790 2127 2860 quia
2156 2790 2407 2858 pollutas
2455 2806 2658 2843 manus
2720 2791 3004 2843 habebant
3048 2790 3324 2859 sanguine
3382 2788 3605 2855 Christi,
3640 2794 3697 2842 et

1991 2879 2425 2949 prophetarum,
2455 2879 2604 2933 unde
2633 2896 2645 2932 :
2681 2881 2998 2947 Jerusalem,
3032 2880 3347 2947 Jerusalem,
3404 2895 3521 2949 qua:
3555 2881 3690 2933 occi-

2514 2970 2560 3021 el
2602 2969 2821 3037 lepidas
2891 2984 2974 3022 cos
2996 2971 3093 3036 qui
3145 2968 3219 3021 ad
3255 2972 3304 3022 te
3356 2970 3509 3022 missi
3564 2971 3691 3021 sunt

1990 3063 2209 3130 (Matth.
2243 3062 2426 3131 xxul).

2058 3152 2215 3206 Vens.
2258 3153 2338 3205 14.
2366 3182 2436 3191 -
2467 3153 2613 3205 Auri
2652 3152 2855 3205 talenta
2913 3157 3121 3205 centum
3176 3154 3442 3217 millia,et
3474 3154 3691 3218 argenti

1984 3241 2128 3295 mille
2184 3241 2361 3293 millia
2428 3241 2768 3293 talentorum.
2829 3240 3015 3309 (ΗΑΒ.)
3067 3242 3263 3294 Patres
3321 3240 3534 3293 Veteris
3584 3240 3688 3293 Te-

1985 3328 2249 3381 stamenti
2304 3328 2359 3382 in
2417 3326 2710 3396 scripturis
2771 3327 2885 3379 suis
2966 3343 3162 3380 sensus
3237 3327 3689 3397 profunditatem

1983 3421 2040 3470 et
2068 3416 2281 3485 eloquii
2311 3420 2665 3468 venustatem
2698 3416 3045 3468 inserebant.

2058 3505 2423 3559 Talentorum.
2482 3504 2782 3557 Talentum
2866 3503 3089 3557 caeteris
3145 3505 3417 3573 praecellit
3474 3505 3686 3574 ponde-

1980 3590 2181 3645 ribus:
2224 3597 2281 3645 et
2308 3591 2392 3645 rei
2447 3592 2907 3661 magnitudinem
2962 3598 3017 3645 et
3076 3591 3481 3662 perfectionem
3513 3593 3686 3663 signi-

1982 3680 2133 3734 ﬁcat.

2054 3768 2214 3821 Vens.
2251 3769 2333 3820 15.
2366 3795 2436 3807 —
2464 3770 2741 3837 Artiﬁces,
2772 3770 3014 3833 (atomos,
3071 3774 3121 3821 et
3150 3772 3537 3837 caementarios,
3574 3775 3680 3823 etc.

1982 3854 2163 3923 (Ras)
2196 3854 2600 3908 Prmdicatores
2642 3856 2743 3925 qui
2798 3856 3013 3916 latomi,
3073 3857 3423 3909 caamentarii
3455 3862 3513 3910 et
3541 3858 3684 3910 arti-

1982 3942 2115 3996 ﬁces
2148 3943 2455 4011 lignorum,
2492 3948 2548 3995 et
2589 3943 2783 3996 multis
2817 3943 2943 3996 aliis
2995 3944 3179 3996 modis
3221 3944 3513 4009 dicuntur,
3549 3944 3687 4013 quia

1978 4031 2145 4100 juxta
2172 4030 2508 4101 qualitatem
2537 4032 2885 4094 auditorum,
2916 4033 3194 4085 formatur
3246 4032 3504 4085 doctrina
3535 4048 3684 4101 pra:-

1982 4118 2321 4173 dicatorum.
2357 4118 2536 4172 Aliter
2566 4120 2720 4172 enim
2754 4119 3055 4189 sapientes,
3108 4120 3272 4173 aliter
3326 4119 3681 4194 insipientes,

1980 4207 2147 4261 aliter
2175 4207 2427 4277 superbi,
2469 4207 2637 4260 aliter
2664 4208 2911 4261 humiles
2942 4208 3183 4262 docendi
3207 4213 3357 4261 sunt.

1900 4306 1943 4359 Ι)
2053 4296 2213 4361 Vens,
2252 4300 2333 4349 17.
2368 4326 2435 4335 -—
2485 4298 2742 4365 Praecepit
2796 4312 3004 4365 quoque
3029 4297 3215 4350 David
3274 4298 3480 4350 cunctis
3520 4299 3681 4364 prin-

1980 4385 2191 4452 cipibus
2259 4386 2425 4438 Israel
2454 4390 2513 4439 ut
2563 4386 2887 4454 adjuvarent
2942 4386 3300 4449 Salomonem,
3359 4388 3463 4438 etc.
3500 4382 3683 4452 Signi-

1981 4474 2112 4527 ﬁcat
2140 4474 2325 4543 legem
2387 4479 2443 4527 et
2503 4475 2809 4544 prophetas
2859 4474 3024 4527 ﬁrma
3089 4472 3422 4526 auctoritate
3453 4472 3677 4537 docere,

1980 4562 2100 4627 ubi,
2133 4562 2233 4633 qui
2255 4562 2549 4615 sanctitate
2615 4569 2673 4616 et
2716 4563 2922 4615 virtute
2958 4563 3016 4615 in
3074 4562 3318 4616 Ecclesia
3348 4560 3680 4631 principan-

1980 4654 2092 4716 tur,
2133 4650 2405 4719 adjuvant
2432 4667 2628 4704 verum
2656 4651 3001 4705 Salomonen
3027 4650 3084 4703 in
3129 4650 3372 4703 zediﬁcio
3405 4650 3548 4720 ejus,
3581 4648 3679 4701 do-

1979 4738 2157 4792 cendo
2182 4738 2393 4792 scilicet
2444 4743 2499 4791 et
2565 4740 2856 4808 operando
2892 4756 2904 4804 ;
2966 4740 3168 4793 unde:
3226 4739 3469 4792 Adorate
3498 4738 3681 4791 Domi-

1978 4842 2107 4880 num
2135 4829 2193 4879 in
2223 4829 2364 4880 atrio
2420 4832 2604 4880 sancto
2630 4827 2744 4894 ejus
2773 4827 2942 4894 (Psal.
2974 4826 3148 4895 xvm).

2079 4915 2462 4969 Sanctuarium
2522 4916 2747 4968 Domino
2811 4918 2934 4980 Deo,
3009 4919 3069 4967 ut
3118 4913 3497 4967 introducatur
3552 4928 3681 4966 arca

1977 5001 2199 5069 foederis
2230 5005 2459 5069 Domini,
2518 5007 2569 5056 et
2598 5018 2731 5056 vasa
2780 5003 3011 5056 Domino
3030 5005 3334 5055 consecrata
3366 5002 3422 5053 in
3443 5000 3677 5066 domum,

1982 5107 2099 5160 qua:
2139 5090 2469 5160 aediﬁcatur,
2498 5096 2605 5145 etc.
2658 5120 2724 5131 —
2756 5092 2967 5144 Anima
2999 5090 3142 5159 justi
3178 5088 3330 5143 sedes
3349 5094 3428 5142 est
3457 5091 3680 5157 sapien-
3776 5126 3781 5131 -

1982 5182 2070 5233 tia:
2099 5179 2262 5247 (Sap.
2296 5181 2410 5247 vn).
2458 5180 2523 5232 In
2565 5178 2670 5232 hac
2727 5178 2895 5232 domo
2941 5176 3249 5249 requiescit
3301 5192 3450 5241 arca,
3482 5176 3541 5230 id
3573 5181 3676 5239 est,

1981 5266 2121 5320 ﬁdes
2149 5266 2555 5320 incarnationis
2585 5265 2813 5321 Christi.

2636 5400 2860 5455 CAPUT
2881 5400 3083 5454 .XXlIl.

2060 5522 2217 5574 VERc.
2290 5526 2332 5573 1.
2403 5523 2586 5587 Igitur
2634 5524 2831 5589 David,
2890 5528 2995 5577 etc.
3055 5524 3185 5577 Post
3236 5522 3677 5593 completionem
