3998 6178
389 321 492 374 659

1014 315 1414 370 WALAFRIDI
1451 314 1700 370 STRABI
1739 313 1938 368 FULD.
1982 310 2092 367 ΜΟ]

2234 312 2336 366 PP.
2381 309 2576 365 PARS.
2616 309 2658 364 Ι.
2702 338 2771 349 -
2810 308 3274 365 THEOLOGICA.

3752 314 3842 365 660

385 440 602 496 Veteris
656 439 1023 505 Testamenti,
1074 439 1341 493 successit
1388 439 1703 493 iucarnatio
1757 436 2083 502 Salvatoris,
2116 438 2161 490 Α
2264 436 2425 490 Vens.
2480 441 2531 491 7.
2587 465 2655 477 -—
2714 437 2904 491 Emivit
2958 439 3138 490 autem
3186 450 3320 491 sors.
3378 436 3435 491 Si
3462 437 3557 507 qui
3587 442 3764 507 putant
3794 438 3842 492 in

386 530 547 599 cujus
578 528 738 598 regni
771 544 883 582 non
924 527 1031 582 erit
1050 527 1200 593 ﬁnis,
1248 527 1401 581 unde
1433 544 1445 581 :
1483 528 1584 582 Ubi
1612 528 1762 581 venit
1802 525 2084 596 plenitudo

387 620 659 687 temporis,
682 618 832 672 misit
863 618 1007 671 Deus
1039 618 1237 670 Filium
1279 631 1436 670 suum
1467 616 1604 684 (Gal.
1632 615 1726 683 ιν).

458 708 857 774 Numeratique.
901 705 1009 769 Qui
1062 703 1381 758 ministerio
1459 704 1687 757 Domini
1738 703 2078 773 funguntur,

386 793 558 847 fidem
621 798 828 847 sanctae
882 792 1192 855 Trinitatis,
1246 796 1302 845 et
1360 793 1765 847 mandatorum
1785 792 2082 862 impletio-

388 897 521 936 nem
579 897 801 934 servare
851 881 1078 935 debent.
1137 880 1336 935 Unde:
1380 882 1615 935 Inventa
1678 886 1805 936 sunt
1849 884 2084 950 triginta

385 974 497 1023 octo
526 970 702 1023 millia
730 971 991 1023 virorum.
1025 967 1293 1039 Quisquis
1324 968 1479 1023 enim
1537 985 1674 1022 sana
1702 969 1815 1024 ﬁde
1841 974 1898 1023 et
1925 974 2081 1023 recto

386 1073 558 1127 opere
587 1073 769 1127 usque
800 1057 869 1111 ad
898 1057 1072 1110 ﬁnem
1124 1058 1236 1110 Deo
1276 1056 1468 1119 servit,
1493 1061 1549 1111 et
1607 1057 1676 1111 ad
1721 1059 2085 1113 resurrectio-

384 1144 473 1199 nis
504 1145 767 1215 gratiam,
800 1150 857 1199 et
892 1144 1303 1199 beatitudinem
1360 1150 1631 1199 aeternam
1681 1162 1809 1218 quas
1840 1146 1900 1200 in
1923 1153 2084 1201 octo—

384 1234 548 1288 nario
577 1234 897 1303 signantur,
922 1232 1235 1303 perveniet.

494 1322 726 1391 Viginta
792 1326 1041 1391 quatuor.
1094 1321 1238 1385 Quia
1294 1320 1413 1375 veri
1466 1321 1714 1375 ministri
1786 1322 1927 1376 lucis
1984 1323 2084 1377 de-

385 1411 522 1465 bent
561 1410 795 1477 instare,
851 1415 908 1464 et
937 1427 969 1463 a
1000 1410 1090 1463 via
1131 1409 1369 1479 justitiae
1428 1427 1545 1464 non
1599 1410 1903 1465 declinare.
1941 1413 2083 1466 Nam

384 1499 587 1571 viginti
618 1504 866 1571 quatuor
890 1498 1045 1553 horis
1065 1503 1218 1553 totus
1276 1514 1380 1568 per
1431 1498 1705 1552 circulum
1763 1500 1916 1553 orbis
1946 1500 2082 1554 illu-

384 1593 614 1657 stratur,
647 1592 705 1643 et
731 1587 1101 1643 tenebrarum
1129 1587 1336 1640 umbra
1364 1587 1614 1658 pellitur.
1652 1588 1807 1642 Unde
1851 1595 2081 1659 septua-

384 1678 546 1747 ginta
604 1677 717 1731 duo
776 1676 1040 1746 discipuli
1091 1676 1162 1730 ad
1221 1675 1649 1746 praedicandum
1709 1676 1888 1743 missi,
1949 1678 2085 1748 quia

385 1766 527 1819 ﬁdes
548 1769 755 1818 sanctae
775 1764 1066 1818 Trinitatis
1127 1780 1257 1818 cum
1309 1764 1579 1833 operibus
1632 1764 1773 1818 lucis
1800 1766 1869 1819 ad
1902 1766 2080 1836 justi—

384 1854 524 1909 tiam
545 1854 754 1908 sufﬁcit
785 1869 798 1908 :
831 1858 921 1907 ter
948 1853 1105 1907 enim
1136 1852 1320 1907 viceni
1350 1857 1405 1907 et
1434 1859 1639 1925 quater
1674 1854 1823 1908 terni
1869 1861 2091 1926 septua-

385 1943 545 2013 ginta
574 1943 688 1995 duo
737 1942 903 2005 ﬁunt,
947 1958 1060 2013 quo
1092 1957 1332 1996 numero
1388 1941 1715 2012 linguarum
1768 1943 2085 2009 diversitas,

387 2034 443 2085 et
469 2030 747 2084 librorum
802 2030 1101 2101 utriusque
1129 2031 1477 2085 Testameuti
1510 2031 1683 2085 series
1711 2034 2087 2103 comprehen-

387 2119 561 2173 ditur.

457 2209 905 2277 Praepositorum.
965 2207 1108 2272 Quia
1162 2225 1333 2263 nemo
1391 2208 1561 2279 hujus
1592 2208 1807 2263 ordinis
1839 2209 2086 2280 dignita—

384 2300 503 2351 tem
530 2300 796 2367 appetere
822 2296 1011 2365 debet,
1054 2297 1163 2351 nisi
1194 2298 1294 2367 qui
1352 2298 1685 2368 perlectioui
1719 2304 1775 2352 et
1812 2299 2087 2354 doctrinae

386 2384 595 2439 studet.
654 2383 888 2439 Senario
936 2385 1089 2439 enim
1158 2401 1399 2438 numero
1448 2385 1699 2439 mundus
1753 2386 1934 2439 factus
1980 2392 2085 2455 est,

387 2478 444 2527 et
472 2474 643 2547 homo
704 2477 859 2527 sexto
917 2474 1009 2527 die
1067 2478 1306 2539 creatus,
1359 2489 1473 2545 quo
1522 2478 1580 2527 et
1619 2475 1957 2551 redemptus
1981 2481 2083 2530 est.

486 2561 669 2633 (ΗΑΒ.)
717 2560 863 2625 Quia
915 2562 1004 2614 lex
1034 2566 1089 2616 et
1145 2562 1457 2632 prophetae,
1516 2566 1644 2627 etc.,
1703 2577 1870 2630 usque
1915 2563 1989 2616 ad
2034 2567 2090 2616 et

384 2649 670 2721 patienter
724 2651 929 2703 toleret
986 2649 1200 2716 omnia,
1253 2665 1483 2704 amarus
1536 2655 1592 2704 et
1635 2651 1814 2704 iratus
1846 2652 2089 2722 peccatis

386 2756 521 2793 81118.

456 2827 617 2881 Vens.
669 2828 759 2881 25.
814 2856 884 2866 —
932 2828 1094 2882 Dixit
1150 2829 1287 2881 enim
1342 2826 1583 2882 David:
1643 2828 1898 2898 Requiem
1937 2826 2091 2881 dedit

388 2918 645 2971 Dominus
669 2918 825 2978 Deus,
849 2919 955 2970 etc.
1022 2915 1146 2987 (Ιυ.)
1198 2917 1341 2969 Dum
1377 2916 1483 2970 ﬁlii
1526 2916 1698 2970 Israel
1750 2916 1810 2970 in
1865 2916 2088 2971 deserto

387 3093 587 3148 ﬁxum.

460 3181 622 3234 Vaas.
645 3183 733 3235 28.
794 3183 959 3236 —Et
1005 3186 1162 3235 erunt
1217 3182 1314 3235 sub
1370 3197 1535 3235 manu
1588 3183 1823 3251 ﬁliorum
1880 3182 2089 3249 Aaron,

388 3272 447 3323 in
475 3270 674 3323 cultum
702 3269 909 3334 domus,
961 3274 1067 3323 etc.
1122 3271 1191 3323 Ut
1230 3270 1481 3323 minores
1531 3270 1753 3325 discant
1778 3271 2093 3341 majoribus

390 3356 642 3420 obedire,
706 3362 763 3411 et
810 3358 1052 3426 majores
1112 3358 1289 3426 adjuti
1339 3376 1372 3412 a
1414 3358 1735 3412 minoribus
1790 3360 1972 3429 possit
2001 3359 2093 3413 di-

394 3443 562 3513 gnius
600 3442 853 3497 ofﬁcium
907 3445 1171 3513 explere:
1228 3443 1373 3498 sicut
1420 3444 1479 3497 in
1514 3444 1758 3498 Ecclesia
1815 3445 1879 3499 ﬁt
1902 3446 2093 3500 hodie.

468 3532 700 3586 Exedris
725 3536 776 3585 et
816 3534 875 3586 in
932 3533 1039 3587 loco
1094 3531 1515 3602 puriﬁcationis.
1575 3534 1858 3587 Thalamis
1887 3536 1972 3589 vel
1994 3551 2096 3589 cu-

396 3622 599 3677 biculis
626 3621 686 3674 in
717 3621 924 3690 quibus
954 3620 1272 3675 habitantes
1296 3622 1493 3676 Levita;
1514 3626 1570 3677 et
1602 3623 1945 3678 sacerdotes.
1982 3624 2097 3694 Ipsi

396 3726 627 3782 quoque
658 3709 776 3763 veri
806 3709 1006 3780 templi
1043 3710 1289 3763 ministri
1337 3710 1558 3764 aditum
1617 3711 1828 3766 debent
1851 3712 2097 3783 diligen-

397 3807 484 3856 ter
535 3799 853 3866 observare,
915 3798 1120 3868 dignos
1176 3799 1578 3868 iutromittere,
1638 3800 1910 3873 indignos
1965 3819 2099 3857 vero

398 3889 698 3959 repellere.
1558 3934 1567 3946 ,

470 3978 629 4031 Vnus.
662 3979 752 4031 29.
804 4007 873 4016 —
930 3976 1023 4032 Ad
1063 3978 1360 4043 ferventem
1417 3979 1674 4045 similam,
1708 3982 1758 4033 et
1786 3978 1861 4032 ad
1890 3982 2099 4033 torren-

400 4072 522 4130 tem,
564 4071 670 4120 etc.
700 4065 895 4135 Spicas
924 4066 1138 4120 scilicet
1170 4065 1579 4135 primitiarum,
1640 4082 1769 4138 quae
1802 4067 2099 4121 torreban-

398 4160 495 4209 tur
546 4158 601 4208 et
641 4170 820 4225 grana
879 4154 1351 4221 comedebautur,
1436 4170 1576 4225 quas
1648 4156 1819 4225 vulgo
1860 4171 2101 4227 graneas

401 4248 641 4309 vocant;
675 4242 733 4296 in
774 4242 1116 4313 quibusdam
1173 4243 1462 4296 codicibus
1521 4243 1809 4299 habetur:
1866 4244 1960 4298 Ad
1984 4247 2098 4311 fer-

2194 524 2525 579 necessitate
2559 526 2739 579 Deum
2770 540 2890 577 esse
2928 524 3345 578 consulendum
3389 525 3627 579 sortibus
3652 536 3844 597 aposto-

2193 614 2379 667 lorum
2424 613 2707 684 exemplo,
2741 613 2971 667 videant
3024 612 3329 683 apostolos,
3377 614 3601 668 collecto
3646 631 3845 671 numero

2192 702 2433 755 fractum
2462 701 2569 755 hoc
2599 702 2813 763 fecisse,
2842 706 2899 755 et
2924 717 3118 771 preces
3163 703 3272 755 Deo
3302 706 3435 755 ante
3476 702 3690 756 fudisse.

2292 792 2475 844 Prima
2528 792 2771 845 Joiurib.
2854 790 3106 849 smunda.
3171 794 3278 844 etc.
3343 791 3517 843 David
3572 792 3626 844 in
3678 793 3845 864 viginti

2193 884 2438 949 quatuor
2495 882 2673 932 sortes
2742 879 3049 932 Leviticam
3106 877 3320 931 tribum
3387 882 3442 931 et
3485 880 3848 936 sacerdotalem

2191 966 2451 1021 ordinem
2482 966 2793 1031 distribuit,
2823 966 3128 1020 ostendens
3166 966 3425 1019 Ecclesiae
3482 968 3844 1024 sacerdotalem

2192 1060 2248 1109 et
2275 1055 2493 1126 regiam
2525 1054 2865 1125 dignitatem
2892 1055 3057 1125 plene
3088 1054 3299 1108 habere
3332 1060 3386 1108 et
3435 1055 3598 1125 legis,
3630 1062 3681 1110 et
3709 1059 3846 1111 Evan-

2192 1143 2325 1214 gelii
2384 1144 2701 1198 doctrinam
2752 1144 3002 1215 perfecte
3056 1159 3301 1211 servare,
3345 1144 3430 1196 vel
3491 1145 3850 1214 perfectionem

2192 1232 2401 1304 operis,
2452 1249 2579 1304 quae
2654 1233 2878 1287 senario
2951 1233 3408 1296 commendatur,
3470 1238 3526 1286 et
3581 1234 3851 1289 claritatem

2192 1323 2533 1393 evangelicae
2566 1321 3010 1392 prmdicationis,
3036 1339 3163 1393 quae
3181 1322 3552 1393 quaternario
3576 1322 3848 1394 ﬁguratur.

2194 1410 2335 1465 Nam
2369 1416 2571 1481 quater
2600 1410 2724 1464 seni
2754 1410 2957 1481 viginti
2991 1415 3239 1482 quatuor
3284 1410 3520 1465 faciunt.

2815 1535 3040 1589 CAPUT
3125 1535 3276 1589 XXV.

2276 1641 2435 1695 Vens.
2505 1643 2551 1694 l.
2610 1670 2677 1679 —
2723 1642 2903 1708 Igitur
2944 1641 3122 1695 David
3151 1645 3202 1694 et
3227 1644 3587 1709 magistratus
3634 1646 3860 1696 exercitus

2126 1715 2166 1768 Β
2196 1732 2620 1797 segregaverunt
2648 1731 2707 1783 in
2735 1730 3120 1793 ministerium,
3180 1734 3284 1782 etc.
3336 1728 3513 1798 (ΗΑΒ.)
3547 1729 3684 1793 Quia
3725 1746 3860 1784 verus

2200 1817 2387 1899 David
2432 1832 2534 1879 rex
2590 1820 2784 1871 noster
2839 1820 2895 1870 et
2976 1816 3271 1881 Dominus,
3330 1822 3457 1873 etc.,
3518 1832 3681 1885 usque
3724 1818 3787 1871 ad
3821 1823 3862 1871 et

2195 1920 2426 1958 omnem
2452 1909 2812 1959 terrenarum
2873 1919 3063 1958 rerum
3123 1903 3496 1974 cupiditatem
3548 1905 3779 1958 transilit
3800 1905 3865 1959 di-

2194 2004 2307 2059 gue
2340 1988 2539 2043 laudes
2571 1989 2856 2059 persolvit.

2268 2078 2426 2131 Vens.
2488 2082 2539 2131 7.
2594 2108 2661 2116 —
2722 2078 2924 2131 Cuncti
2975 2076 3237 2131 doctores.
3293 2076 3548 2138 Hisunt,
3600 2076 3697 2148 qui
3719 2076 3860 2130 hodie

2194 2180 2438 2219 canones
2479 2165 2805 2219 divinorum
2836 2166 3116 2219 librorum
3143 2180 3312 2219 sensu
3353 2165 3679 2236 evangelico
3712 2181 3859 2233 expo-

2194 2259 2363 2319 nunt,
2397 2258 2599 2324 quater
2628 2254 2783 2307 enim
2833 2253 3195 2324 septuaginta
3248 2254 3384 2319 duo,
3443 2254 3687 2308 ducenta
3738 2258 3867 2307 octo-

2194 2342 2354 2411 ginta
2383 2340 2612 2393 faciunt.
2652 2341 2844 2394 Libros
2907 2346 3100 2394 autem
3140 2340 3352 2395 Veteris
3409 2346 3467 2394 et
3526 2341 3865 2395 Novis'l‘esta-

2197 2428 2378 2482 menti
2440 2428 2804 2499 septuaginta
2833 2429 2947 2483 duo
2978 2444 3099 2483 esse
3157 2429 3399 2483 dubium
3428 2444 3548 2483 non
3601 2433 3701 2483 est.
3737 2426 3869 2481 Unde

2199 2516 2529 2588 quicunque
2561 2517 2751 2571 divino
2776 2517 3037 2588 fungitur
3067 2517 3277 2585 ofﬁcio,
3313 2521 3567 2588 quatuor
3614 2516 3867 2587 principa-

2198 2606 2348 2659 libus
2396 2604 2704 2659 virtutibus
2761 2605 3050 2669 iusisteus,
3110 2606 3455 2675 evangelicae
3513 2605 3873 2660 doctrinasin-

2198 2692 2429 2747 cumbat
2459 2698 2515 2747 et
2534 2694 2849 2748 secundum
2879 2694 3005 2763 ejus
3034 2710 3297 2748 normam
3328 2694 3612 2765 quidquid
3641 2690 3877 2749 didicerit

2194 2782 2283 2835 vel
2315 2781 2593 2844 docuerit,
2624 2782 2877 2836 formare
2906 2782 3187 2836 intendat.

2887 2887 3109 2941 CAPUT
3160 2888 3337 2943 XXVI.

290 3040 305 3053 -
387 3005 641 3069 fuerunt,
690 3008 818 3071 etc.,
876 3020 1043 3073 usque
1099 3004 1175 3059 ad
1222 3005 1590 3075 Evangelium
1620 3021 1752 3060 vero
1804 3006 2007 3060 stabile
2038 2999 2165 3060 etC
2274 3011 2434 3066 Vens.
2467 3014 2519 3065 2.
2582 3038 2651 3052 —
2704 3011 3031 3066 Meselemiz.
3090 3011 3268 3082 (ΗΑΒ.)
3322 3010 3430 3076 Qui
3494 3012 3882 3083 interpretatur

2200 3099 2455 3155 reddente
2483 3102 2726 3167 Domino,
2778 3105 2837 3154 et
2883 3100 3170 3169 signiﬁcat
3196 3100 3449 3155 ordinem
3514 3101 3880 3171 apostolorum

2202 3193 2260 3242 et
2287 3190 2602 3258 primorum
2653 3189 2977 3256 doctorum,
3039 3189 3245 3258 quibus
3302 3189 3599 3243 orientalis
3633 3195 3807 3260 porta,
3837 3189 3880 3242 id

2203 3282 2310 3345 est,
2342 3277 2631 3345 primitiva
2671 3276 3107 3331 commendatur
3166 3277 3432 3341 Ecclesia,
3502 3278 3715 3348 quibus
3751 3276 3880 3330 anti-

2203 3382 2450 3435 quorum
2485 3368 2715 3419 Patrum
2743 3366 2975 3419 redditae
3005 3370 3139 3419 sunt
3163 3366 3596 3435 promissioues.

2274 3454 2584 3508 Zachariae.
2615 3453 2723 3518 Qui
2763 3454 3043 3507 memoria
3102 3454 3326 3507 Domini
3384 3457 3811 3524 interpretatur,
3840 3458 3882 3506 et

2204 3541 2488 3613 signiﬁcat
2521 3542 2779 3595 doctores
2826 3542 3110 3612 gentium,
3152 3543 3287 3613 quia
3321 3560 3353 3597 a
3383 3543 3589 3612 primis
3634 3543 3880 3613 praedica-

2206 3631 2427 3685 toribus
2463 3630 2534 3684 ad
2584 3630 3017 3701 praedicandum
3049 3631 3296 3684 ordinati
3336 3636 3488 3685 sunt.
3561 3632 3716 3686 Unde
3744 3644 3883 3685 oran-

2206 3719 2349 3773 tibus
2382 3721 2639 3788 apostolis
2696 3723 2747 3773 et
2768 3719 3172 3788 jejunantibus,
3213 3722 3293 3773 ait
3344 3721 3593 3788 Spiritus
3645 3726 3881 3774 sanctus:

2207 3810 2491 3875 Segregate
2520 3809 2657 3861 mihi
2677 3812 2726 3861 et
2782 3809 3013 3861 Paulum
3042 3814 3091 3861 et
3122 3808 3431 3862 Barnabam
3461 3808 3606 3878 (Act.
3645 3810 3743 3875 ιιι).

2280 3897 2441 3949 Vens.
2504 3896 2555 3949 4.
2615 3924 2684 3935 -
2717 3895 3019 3951 Obededon.
3069 3896 3300 3950 Rubeus
3334 3913 3345 3949 :
3380 3896 3477 3965 qui
3527 3898 3584 3951 iu
3645 3897 3883 3950 servitute

2209 3988 2372 4038 erant
2396 3982 2677 4053 generati,
2706 3987 2763 4036 et
2816 3983 3024 4037 rubore
3066 3982 3359 4054 sanguinis
3404 3984 3618 4039 Christi
3676 3983 3882 4055 perfusi,

2210 4076 2433 4125 reatum
2493 4086 2661 4124 suum
2713 4070 2773 4123 in
2829 4072 3130 4142 propatulo
3184 4072 3552 4137 habuerunt;
3610 4078 3755 4127 recte
3805 4087 3889 4141 per

2210 4159 2747 4213 condescensionem
2802 4160 3209 4230 magistrorum
3262 4160 3624 4214 reducuntur
3688 4160 3754 4214 ad
3777 4175 3886 4231 gra-

2209 4249 2347 4303 dum
2407 4247 2734 4317 pristinum,
2793 4248 2943 4303 unde
2999 4249 3248 4303 Paulus:
3306 4249 3557 4303 Omnium
3602 4262 3887 4303 servumme

400 4335 605 4385 ventem
656 4332 909 4385 similam.
943 4331 1007 4384 In
1047 4330 1173 4383 aliis
1214 4332 1289 4385 ad
1344 4333 1657 4399 ferventem,
1692 4337 1916 4388 tantum
1950 4351 1963 4388 :
1997 4335 2094 4389 sed
2136 4354 2179 4408 D
2206 4338 2314 4403 feci
2336 4340 2397 4390 ut
2420 4351 2596 4389 omnes
2617 4337 2990 4403 lucrifacerem
3021 4336 3077 4405 (Ι
3105 4338 3223 4394 Cor.
3256 4340 3354 4405 ιχ).

402 4420 463 4474 in
494 4418 731 4474 Hebraeo
789 4419 1053 4488 habetur,
1080 4419 1155 4473 ad
1191 4420 1520 4474 torrendum.

1035 4561 1260 4616 CAPUT
1332 4562 1509 4616 XXIV.

2284 4425 2445 4478 Vaas.
2482 4426 2665 4478 t5.—
2720 4425 2809 4479 Ad
2860 4429 3124 4479 austrum.
3177 4425 3358 4495 (ΗΑΒ.)
3408 4425 3691 4481 Australis
3744 4428 3885 4495 porta

2212 4512 2495 4584 signiﬁcat
2521 4512 2814 4567 Iudaicam
2845 4512 3071 4583 plebem
3122 4514 3244 4582 lege
3276 4519 3333 4567 et
3361 4514 3659 4584 prophetis
3710 4513 3892 4567 illumi-

2212 4606 2424 4669 natam,
2459 4600 2635 4655 calori
2658 4600 2791 4655 ﬁdei
2848 4606 2903 4655 et
2941 4601 3148 4655 lumini
3190 4602 3487 4672 sapientiae
3541 4601 3889 4674 percipiendo

2213 4688 2476 4745 vicinam.

2284 4777 2444 4831 Vans.
2484 4779 2567 4831 16.
2598 4807 2667 4817 —-
2691 4776 2791 4831 Ad
2815 4777 3155 4843 occidentem,
3210 4778 3380 4847 juxta
3404 4784 3643 4848 portam,
3676 4784 3779 4835 etc.
3804 4778 3894 4833 Per

2214 4864 2620 4919 occidentalem
2652 4866 2881 4935 plagam
2912 4864 3041 4919 ﬁnis
3075 4867 3272 4921 mundi
3296 4866 3674 4937 signiﬁcatur,
3707 4868 3764 4921 iu
3793 4880 3891 4937 quo

2213 4949 2319 5004 erit
2352 4950 2669 5020 persecutio
2713 4951 3043 5005 Antichristi
3078 4967 3090 5005 :
3134 4956 3191 5005 et
3247 4952 3549 5007 abundabit
3620 4956 3890 5023 iniquitas,

2214 5043 2263 5092 et
2286 5039 2602 5107 refrigescet
2629 5040 2870 5094 Charitas
2915 5041 3207 5094 multorum
3260 5040 3476 5110 (Matth.
3536 5043 3704 5111 XXIV).
3733 5042 3894 5110 Hujus

2212 5132 2393 5196 porta:
2417 5127 2718 5197 janitores,
2766 5133 2899 5182 sunt
2949 5129 3209 5182 doctores
3258 5129 3412 5182 iilius
3468 5130 3763 5200 temporis,
3809 5126 3892 5198 qui

2216 5216 2455 5269 Ecclesia
2537 5216 2791 5270 docendo
2818 5223 2876 5269 et
2933 5216 3285 5271 exhortando
3372 5218 3704 5271 roborant:
3756 5216 3891 5269 unde

476 4681 637 4737 Vens.
681 4687 733 4739 2.
793 4713 864 4725 —
911 4685 1328 4756 Sacerdotioque
1376 4688 1618 4753 functus.
1676 4687 1862 4757 (ΗΑΒ.)
1912 4689 2106 4743 Potest

405 4785 509 4840 per
565 4771 794 4826 Eleazar
828 4772 1015 4828 ﬁlium
1080 4776 1269 4829 Aaron
1327 4773 1637 4842 seniorem,
1681 4782 1812 4841 etc.,
1844 4791 2013 4846 usque
2033 4776 2108 4829 ad

404 4857 541 4930 quia
581 4861 746 4915 multi
783 4861 1023 4917 deserta
1079 4862 1263 4934 magis
1322 4879 1497 4934 quam
1569 4864 1691 4934 ejus
1751 4880 1879 4935 qua:
1938 4864 2108 4919 habet

401 4962 609 5001 Vll‘llm.

480 5034 637 5089 Vens.
688 5038 745 5091 4.
794 5070 861 5078 —-
890 5042 993 5094 Per
1044 5041 1290 5107 familias
1344 5040 1590 5096 sedecim.
1649 5040 1977 5111 Duplicatus
2024 5046 2107 5095 est

404 5124 746 5180 octonarius.
795 5128 861 5181 In
907 5129 1031 5200 lege
1085 5128 1327 5183 carnalis
1376 5128 1734 5183 circumcisio
1788 5134 1985 5183 octava
2012 5130 2105 5183 die

406 5210 745 5281 celebratur,
778 5216 838 5270 in
888 5218 1193 5288 Evangelio
1225 5235 1360 5273 vero
1391 5218 1451 5272 in
1498 5218 1767 5289 praesenti
1805 5218 2104 5272 circumci-

407 5298 489 5351 sio
520 5300 798 5369 cordium,
827 5306 969 5359 etin
1001 5307 1193 5361 futuro
1223 5322 1550 5377 corporum.
2213 5304 2446 5373 Sephim
2502 5303 2738 5358 humilis
2788 5305 2875 5359 vel
2923 5304 3281 5374 campestris,
3342 5309 3398 5358 et
3455 5306 3598 5359 Hosa
3654 5305 3893 5359 divinans

490 5392 652 5449 Vens.
704 5398 755 5448 6.
805 5422 875 5432 —
925 5395 1352 5466 Descripsitque.
1407 5395 1584 5464 (ΗΑΒ.)
1666 5392 2103 5448 Praedicatorum
2214 5392 2642 5463 interpretatur.
2701 5392 3111 5447 Humiliabitur
3185 5393 3340 5447 enim
3396 5394 3452 5447 in
3513 5393 3892 5464 persecutione

408 5482 569 5549 ordo,
592 5487 723 5547 etc.,
766 5499 934 5553 usque
954 5484 1028 5537 ad
1069 5490 1128 5538 et
1147 5483 1384 5555 justitia:
1441 5483 1673 5538 nomine
1731 5482 1935 5537 merito
1978 5499 2107 5537 ceu—
2219 5483 2477 5547 Ecclesia,
2510 5488 2567 5536 et
2594 5483 2653 5535 iu
2698 5499 2899 5552 campo
2941 5483 3183 5536 lasciviae
3244 5484 3352 5537 erit
3381 5483 3676 5537 dissoluta.
3714 5480 3814 5535 Sed
3838 5478 3889 5531 in

403 5574 581 5627 setur.
2213 5570 2588 5641 perfecturum
2621 5572 2841 5626 actione
2868 5572 3104 5637 elevata,
3136 5571 3287 5643 quod
3345 5570 3548 5625 divinis
3592 5569 3882 5642 praesigne-
