  <div class='ocr_page' id='page_1' title='image "/cluster/home/n/w/nwhite01/storage/ocr_20150623/113/hvd.32044054759782/336.png"; bbox 0 0 4062 6180; ppageno 0'>
   <div class='ocr_carea' id='block_1_1' title="bbox 188 312 2603 387">
    <p class='ocr_par' dir='ltr' id='par_1_1' title="bbox 188 312 2603 387">
     <span class='ocr_line' id='line_1_1' title="bbox 188 312 2603 387; baseline 0 -21"><span class='ocrx_word' id='word_1_1' title='bbox 188 316 278 367; x_wconf 74' lang='lat' dir='ltr'><strong><em>(itii</em></strong></span> <span class='ocrx_word' id='word_1_2' title='bbox 1284 314 1534 369; x_wconf 72' lang='lat' dir='ltr'><strong><em>GLOSSA</em></strong></span> <span class='ocrx_word' id='word_1_3' title='bbox 1573 314 1985 387; x_wconf 79' lang='lat' dir='ltr'><strong><em>ORDINARIA.</em></strong></span> <span class='ocrx_word' id='word_1_4' title='bbox 2014 343 2081 351; x_wconf 90' lang='lat'><strong><em>-—</em></strong></span> <span class='ocrx_word' id='word_1_5' title='bbox 2122 314 2249 369; x_wconf 82' lang='lat' dir='ltr'><strong><em>LIB.</em></strong></span> <span class='ocrx_word' id='word_1_6' title='bbox 2292 314 2315 369; x_wconf 91' lang='grc' dir='ltr'>Ι</span> <span class='ocrx_word' id='word_1_7' title='bbox 2353 312 2603 368; x_wconf 78' lang='lat' dir='ltr'><strong><em>PARAL.</em></strong></span> 
     </span>
    </p>
   </div>
   <div class='ocr_carea' id='block_1_2' title="bbox 891 436 3695 505">
    <p class='ocr_par' dir='ltr' id='par_1_2' title="bbox 891 436 3695 505">
     <span class='ocr_line' id='line_1_2' title="bbox 891 436 3695 505; baseline 0.001 -14"><span class='ocrx_word' id='word_1_8' title='bbox 891 436 1077 491; x_wconf 82' lang='lat' dir='ltr'><strong><em>Clausi</em></strong></span> <span class='ocrx_word' id='word_1_9' title='bbox 1122 441 1251 490; x_wconf 88' lang='lat' dir='ltr'><strong><em>sunt</em></strong></span> <span class='ocrx_word' id='word_1_10' title='bbox 1297 451 1561 491; x_wconf 81' lang='lat' dir='ltr'><strong><em>sermones</em></strong></span> <span class='ocrx_word' id='word_1_11' title='bbox 1604 452 1772 505; x_wconf 87' lang='lat' dir='ltr'><strong><em>usque</em></strong></span> <span class='ocrx_word' id='word_1_12' title='bbox 1809 436 1957 491; x_wconf 79' lang='lat' dir='ltr'><strong><em>adA</em></strong></span> <span class='ocrx_word' id='word_1_13' title='bbox 2064 438 2166 491; x_wconf 83' lang='lat' dir='ltr'><strong><em>His</em></strong></span> <span class='ocrx_word' id='word_1_14' title='bbox 2233 443 2412 490; x_wconf 88' lang='lat' dir='ltr'><strong><em>autem</em></strong></span> <span class='ocrx_word' id='word_1_15' title='bbox 2468 437 2759 492; x_wconf 79' lang='lat' dir='ltr'><strong><em>thesauris.</em></strong></span> <span class='ocrx_word' id='word_1_16' title='bbox 2820 438 2919 491; x_wconf 87' lang='lat' dir='ltr'><strong><em>Ille</em></strong></span> <span class='ocrx_word' id='word_1_17' title='bbox 2990 437 3145 491; x_wconf 89' lang='lat' dir='ltr'><strong><em>enim</em></strong></span> <span class='ocrx_word' id='word_1_18' title='bbox 3200 438 3318 491; x_wconf 86' lang='lat' dir='ltr'><strong><em>veri</em></strong></span> <span class='ocrx_word' id='word_1_19' title='bbox 3377 438 3695 493; x_wconf 87' lang='lat' dir='ltr'><strong><em>Salomonis</em></strong></span> 
     </span>
    </p>
   </div>
   <div class='ocr_carea' id='block_1_3' title="bbox 179 434 836 506">
    <p class='ocr_par' dir='ltr' id='par_1_3' title="bbox 179 434 836 506">
     <span class='ocr_line' id='line_1_3' title="bbox 179 434 836 506; baseline 0.003 -19"><span class='ocrx_word' id='word_1_20' title='bbox 179 439 269 488; x_wconf 87' lang='lat' dir='ltr'><strong><em>tur</em></strong></span> <span class='ocrx_word' id='word_1_21' title='bbox 316 434 573 506; x_wconf 84' lang='lat' dir='ltr'><strong><em>eloquiis,</em></strong></span> <span class='ocrx_word' id='word_1_22' title='bbox 623 435 776 489; x_wconf 88' lang='lat' dir='ltr'><strong><em>unde</em></strong></span> <span class='ocrx_word' id='word_1_23' title='bbox 823 450 836 488; x_wconf 91' lang='lat'>:</span> 
     </span>
    </p>
   </div>
   <div class='ocr_carea' id='block_1_4' title="bbox 170 525 1082 595">
    <p class='ocr_par' dir='ltr' id='par_1_4' title="bbox 170 525 1082 595">
     <span class='ocr_line' id='line_1_4' title="bbox 170 525 1082 595; baseline -0.001 -17"><span class='ocrx_word' id='word_1_24' title='bbox 170 527 505 595; x_wconf 58' lang='lat' dir='ltr'><strong><em>preﬁnitum</em></strong></span> <span class='ocrx_word' id='word_1_25' title='bbox 539 530 745 594; x_wconf 80' lang='lat' dir='ltr'><strong><em>tempus</em></strong></span> <span class='ocrx_word' id='word_1_26' title='bbox 773 526 935 594; x_wconf 90' lang='lat' dir='ltr'><strong><em>(Dan.</em></strong></span> <span class='ocrx_word' id='word_1_27' title='bbox 967 525 1082 594; x_wconf 85' lang='lat' dir='ltr'><strong><em>xu).</em></strong></span> 
     </span>
    </p>
   </div>
   <div class='ocr_carea' id='block_1_5' title="bbox 242 614 1882 683">
    <p class='ocr_par' dir='ltr' id='par_1_5' title="bbox 242 614 1882 683">
     <span class='ocr_line' id='line_1_5' title="bbox 242 614 1882 683; baseline 0 -17"><span class='ocrx_word' id='word_1_28' title='bbox 242 615 405 667; x_wconf 85' lang='lat' dir='ltr'><strong><em>Vens.</em></strong></span> <span class='ocrx_word' id='word_1_29' title='bbox 464 617 547 670; x_wconf 84' lang='lat' dir='ltr'><strong><em>l7.</em></strong></span> <span class='ocrx_word' id='word_1_30' title='bbox 583 641 644 653; x_wconf 90' lang='lat'><strong><em>—</em></strong></span> <span class='ocrx_word' id='word_1_31' title='bbox 681 615 879 668; x_wconf 75' lang='lat' dir='ltr'><strong><em>Levita:</em></strong></span> <span class='ocrx_word' id='word_1_32' title='bbox 923 630 1037 680; x_wconf 68' lang='lat' dir='ltr'><strong><em>sex,</em></strong></span> <span class='ocrx_word' id='word_1_33' title='bbox 1084 618 1139 667; x_wconf 87' lang='lat' dir='ltr'><strong><em>et</em></strong></span> <span class='ocrx_word' id='word_1_34' title='bbox 1189 614 1264 668; x_wconf 85' lang='lat' dir='ltr'><strong><em>ad</em></strong></span> <span class='ocrx_word' id='word_1_35' title='bbox 1303 615 1618 682; x_wconf 79' lang='lat' dir='ltr'><strong><em>aquilonem</em></strong></span> <span class='ocrx_word' id='word_1_36' title='bbox 1647 619 1882 683; x_wconf 89' lang='lat' dir='ltr'><strong><em>quatuor</em></strong></span> 
     </span>
    </p>
   </div>
   <div class='ocr_carea' id='block_1_6' title="bbox 169 702 1877 772">
    <p class='ocr_par' dir='ltr' id='par_1_6' title="bbox 169 702 1877 772">
     <span class='ocr_line' id='line_1_6' title="bbox 169 702 1877 772; baseline 0 -17"><span class='ocrx_word' id='word_1_37' title='bbox 169 718 269 771; x_wconf 87' lang='lat' dir='ltr'><strong><em>per</em></strong></span> <span class='ocrx_word' id='word_1_38' title='bbox 314 702 475 767; x_wconf 87' lang='lat' dir='ltr'><strong><em>diem,</em></strong></span> <span class='ocrx_word' id='word_1_39' title='bbox 510 708 615 755; x_wconf 91' lang='lat' dir='ltr'><strong><em>etc.</em></strong></span> <span class='ocrx_word' id='word_1_40' title='bbox 670 702 937 757; x_wconf 89' lang='lat' dir='ltr'><strong><em>Senarius</em></strong></span> <span class='ocrx_word' id='word_1_41' title='bbox 976 702 1194 757; x_wconf 88' lang='lat' dir='ltr'><strong><em>bonum</em></strong></span> <span class='ocrx_word' id='word_1_42' title='bbox 1233 719 1378 772; x_wconf 92' lang='lat' dir='ltr'><strong><em>opus</em></strong></span> <span class='ocrx_word' id='word_1_43' title='bbox 1427 702 1877 756; x_wconf 81' lang='lat' dir='ltr'><strong><em>ministeriorum</em></strong></span> 
     </span>
    </p>
   </div>
   <div class='ocr_carea' id='block_1_7' title="bbox 175 790 1878 860">
    <p class='ocr_par' dir='ltr' id='par_1_7' title="bbox 175 790 1878 860">
     <span class='ocr_line' id='line_1_7' title="bbox 175 790 1878 860; baseline -0.001 -16"><span class='ocrx_word' id='word_1_44' title='bbox 175 790 274 844; x_wconf 86' lang='lat' dir='ltr'><strong><em>Dei</em></strong></span> <span class='ocrx_word' id='word_1_45' title='bbox 328 790 629 860; x_wconf 89' lang='lat' dir='ltr'><strong><em>signiﬁcat,</em></strong></span> <span class='ocrx_word' id='word_1_46' title='bbox 682 790 1081 860; x_wconf 87' lang='lat' dir='ltr'><strong><em>quaternarius</em></strong></span> <span class='ocrx_word' id='word_1_47' title='bbox 1128 791 1512 860; x_wconf 88' lang='lat' dir='ltr'><strong><em>evangelicam</em></strong></span> <span class='ocrx_word' id='word_1_48' title='bbox 1559 790 1878 845; x_wconf 81' lang='lat' dir='ltr'><strong><em>doctrinam</em></strong></span> 
     </span>
    </p>
   </div>
   <div class='ocr_carea' id='block_1_8' title="bbox 174 879 1440 950">
    <p class='ocr_par' dir='ltr' id='par_1_8' title="bbox 174 879 1440 950">
     <span class='ocr_line' id='line_1_8' title="bbox 174 879 1440 950; baseline 0.001 -17"><span class='ocrx_word' id='word_1_49' title='bbox 174 885 225 933; x_wconf 84' lang='lat' dir='ltr'><strong><em>et</em></strong></span> <span class='ocrx_word' id='word_1_50' title='bbox 261 879 672 949; x_wconf 83' lang='lat' dir='ltr'><strong><em>principalium</em></strong></span> <span class='ocrx_word' id='word_1_51' title='bbox 695 880 967 934; x_wconf 90' lang='lat' dir='ltr'><strong><em>virtutum</em></strong></span> <span class='ocrx_word' id='word_1_52' title='bbox 1000 880 1440 950; x_wconf 83' lang='lat' dir='ltr'><strong><em>plenitudinem.</em></strong></span> 
     </span>
    </p>
   </div>
   <div class='ocr_carea' id='block_1_9' title="bbox 242 967 1875 1022">
    <p class='ocr_par' dir='ltr' id='par_1_9' title="bbox 242 967 1875 1022">
     <span class='ocr_line' id='line_1_9' title="bbox 242 967 1875 1022; baseline -0.001 0"><span class='ocrx_word' id='word_1_53' title='bbox 242 970 373 1022; x_wconf 83' lang='lat' dir='ltr'><strong><em>Bini</em></strong></span> <span class='ocrx_word' id='word_1_54' title='bbox 403 970 454 1021; x_wconf 86' lang='lat' dir='ltr'><strong><em>et</em></strong></span> <span class='ocrx_word' id='word_1_55' title='bbox 495 968 629 1021; x_wconf 81' lang='lat' dir='ltr'><strong><em>bini.</em></strong></span> <span class='ocrx_word' id='word_1_56' title='bbox 683 967 965 1022; x_wconf 73' lang='lat' dir='ltr'><strong><em>ianitores</em></strong></span> <span class='ocrx_word' id='word_1_57' title='bbox 1014 968 1173 1022; x_wconf 80' lang='lat' dir='ltr'><strong><em>binos</em></strong></span> <span class='ocrx_word' id='word_1_58' title='bbox 1204 973 1260 1022; x_wconf 91' lang='lat' dir='ltr'><strong><em>et</em></strong></span> <span class='ocrx_word' id='word_1_59' title='bbox 1296 968 1460 1021; x_wconf 89' lang='lat' dir='ltr'><strong><em>binos</em></strong></span> <span class='ocrx_word' id='word_1_60' title='bbox 1486 967 1621 1021; x_wconf 86' lang='lat' dir='ltr'><strong><em>dicit</em></strong></span> <span class='ocrx_word' id='word_1_61' title='bbox 1652 984 1773 1021; x_wconf 84' lang='lat' dir='ltr'><strong><em>esse</em></strong></span> <span class='ocrx_word' id='word_1_62' title='bbox 1816 967 1875 1021; x_wconf 90' lang='lat' dir='ltr'><strong><em>in</em></strong></span> 
     </span>
    </p>
   </div>
   <div class='ocr_carea' id='block_1_10' title="bbox 172 1056 1875 1127">
    <p class='ocr_par' dir='ltr' id='par_1_10' title="bbox 172 1056 1875 1127">
     <span class='ocr_line' id='line_1_10' title="bbox 172 1056 1875 1127; baseline 0 -17"><span class='ocrx_word' id='word_1_63' title='bbox 172 1057 395 1111; x_wconf 86' lang='lat' dir='ltr'><strong><em>cellulis</em></strong></span> <span class='ocrx_word' id='word_1_64' title='bbox 441 1061 612 1126; x_wconf 88' lang='lat' dir='ltr'><strong><em>atque</em></strong></span> <span class='ocrx_word' id='word_1_65' title='bbox 667 1056 728 1110; x_wconf 93' lang='lat' dir='ltr'><strong><em>in</em></strong></span> <span class='ocrx_word' id='word_1_66' title='bbox 760 1056 866 1123; x_wconf 91' lang='lat' dir='ltr'><strong><em>via,</em></strong></span> <span class='ocrx_word' id='word_1_67' title='bbox 920 1056 1054 1127; x_wconf 87' lang='lat' dir='ltr'><strong><em>quia</em></strong></span> <span class='ocrx_word' id='word_1_68' title='bbox 1085 1057 1201 1110; x_wconf 84' lang='lat' dir='ltr'><strong><em>sive</em></strong></span> <span class='ocrx_word' id='word_1_69' title='bbox 1230 1057 1290 1111; x_wconf 91' lang='lat' dir='ltr'><strong><em>in</em></strong></span> <span class='ocrx_word' id='word_1_70' title='bbox 1324 1057 1543 1111; x_wconf 88' lang='lat' dir='ltr'><strong><em>cellulis</em></strong></span> <span class='ocrx_word' id='word_1_71' title='bbox 1575 1057 1757 1111; x_wconf 88' lang='lat' dir='ltr'><strong><em>cordis</em></strong></span> <span class='ocrx_word' id='word_1_72' title='bbox 1786 1057 1875 1110; x_wconf 90' lang='lat' dir='ltr'><strong><em>sui</em></strong></span> 
     </span>
    </p>
   </div>
   <div class='ocr_carea' id='block_1_11' title="bbox 170 1145 1874 1216">
    <p class='ocr_par' dir='ltr' id='par_1_11' title="bbox 170 1145 1874 1216">
     <span class='ocr_line' id='line_1_11' title="bbox 170 1145 1874 1216; baseline 0 -17"><span class='ocrx_word' id='word_1_73' title='bbox 170 1161 368 1199; x_wconf 87' lang='lat' dir='ltr'><strong><em>curam</em></strong></span> <span class='ocrx_word' id='word_1_74' title='bbox 417 1150 637 1216; x_wconf 81' lang='lat' dir='ltr'><strong><em>gerant,</em></strong></span> <span class='ocrx_word' id='word_1_75' title='bbox 690 1145 806 1198; x_wconf 89' lang='lat' dir='ltr'><strong><em>sive</em></strong></span> <span class='ocrx_word' id='word_1_76' title='bbox 837 1146 896 1199; x_wconf 90' lang='lat' dir='ltr'><strong><em>in</em></strong></span> <span class='ocrx_word' id='word_1_77' title='bbox 931 1147 1017 1198; x_wconf 88' lang='lat' dir='ltr'><strong><em>via</em></strong></span> <span class='ocrx_word' id='word_1_78' title='bbox 1049 1145 1294 1199; x_wconf 83' lang='lat' dir='ltr'><strong><em>exterius</em></strong></span> <span class='ocrx_word' id='word_1_79' title='bbox 1348 1146 1584 1199; x_wconf 78' lang='lat' dir='ltr'><strong><em>verbum</em></strong></span> <span class='ocrx_word' id='word_1_80' title='bbox 1644 1145 1740 1199; x_wconf 86' lang='lat' dir='ltr'><strong><em>Dei</em></strong></span> <span class='ocrx_word' id='word_1_81' title='bbox 1772 1161 1874 1199; x_wconf 82' lang='lat' dir='ltr'><strong><em>ex—</em></strong></span> 
     </span>
    </p>
   </div>
   <div class='ocr_carea' id='block_1_12' title="bbox 170 1233 1872 1305">
    <p class='ocr_par' dir='ltr' id='par_1_12' title="bbox 170 1233 1872 1305">
     <span class='ocr_line' id='line_1_12' title="bbox 170 1233 1872 1305; baseline 0 -18"><span class='ocrx_word' id='word_1_82' title='bbox 170 1237 409 1305; x_wconf 88' lang='lat' dir='ltr'><strong><em>ponant,</em></strong></span> <span class='ocrx_word' id='word_1_83' title='bbox 437 1234 549 1288; x_wconf 93' lang='lat' dir='ltr'><strong><em>duo</em></strong></span> <span class='ocrx_word' id='word_1_84' title='bbox 578 1238 862 1303; x_wconf 63' lang='lat' dir='ltr'><strong><em>praecepta</em></strong></span> <span class='ocrx_word' id='word_1_85' title='bbox 889 1233 1179 1287; x_wconf 88' lang='lat' dir='ltr'><strong><em>charitatis</em></strong></span> <span class='ocrx_word' id='word_1_86' title='bbox 1212 1234 1544 1303; x_wconf 86' lang='lat' dir='ltr'><strong><em>etregulam</em></strong></span> <span class='ocrx_word' id='word_1_87' title='bbox 1576 1233 1872 1303; x_wconf 89' lang='lat' dir='ltr'><strong><em>utriusque</em></strong></span> 
     </span>
    </p>
   </div>
   <div class='ocr_carea' id='block_1_13' title="bbox 170 1320 1065 1375">
    <p class='ocr_par' dir='ltr' id='par_1_13' title="bbox 170 1320 1065 1375">
     <span class='ocr_line' id='line_1_13' title="bbox 170 1320 1065 1375; baseline -0.002 0"><span class='ocrx_word' id='word_1_88' title='bbox 170 1320 522 1375; x_wconf 87' lang='lat' dir='ltr'><strong><em>Testamenti</em></strong></span> <span class='ocrx_word' id='word_1_89' title='bbox 554 1320 791 1373; x_wconf 91' lang='lat' dir='ltr'><strong><em>omnino</em></strong></span> <span class='ocrx_word' id='word_1_90' title='bbox 821 1324 1065 1374; x_wconf 83' lang='lat' dir='ltr'><strong><em>servent.</em></strong></span> 
     </span>
    </p>
   </div>
   <div class='ocr_carea' id='block_1_14' title="bbox 233 1407 1872 1479">
    <p class='ocr_par' dir='ltr' id='par_1_14' title="bbox 233 1407 1872 1479">
     <span class='ocr_line' id='line_1_14' title="bbox 233 1407 1872 1479; baseline 0.001 -19"><span class='ocrx_word' id='word_1_91' title='bbox 233 1409 398 1463; x_wconf 84' lang='lat' dir='ltr'><strong><em>Vens.</em></strong></span> <span class='ocrx_word' id='word_1_92' title='bbox 463 1409 548 1462; x_wconf 75' lang='grc'><strong><em>24.</em></strong></span> <span class='ocrx_word' id='word_1_93' title='bbox 603 1440 669 1449; x_wconf 91' lang='grc'><strong><em>-</em></strong></span> <span class='ocrx_word' id='word_1_94' title='bbox 722 1409 860 1463; x_wconf 88' lang='lat' dir='ltr'><strong><em>Filii</em></strong></span> <span class='ocrx_word' id='word_1_95' title='bbox 912 1410 1103 1477; x_wconf 76' lang='lat' dir='ltr'><strong><em>Moysi,</em></strong></span> <span class='ocrx_word' id='word_1_96' title='bbox 1156 1414 1259 1462; x_wconf 85' lang='lat' dir='ltr'><strong><em>etc.</em></strong></span> <span class='ocrx_word' id='word_1_97' title='bbox 1327 1407 1433 1472; x_wconf 89' lang='lat' dir='ltr'><strong><em>Qui</em></strong></span> <span class='ocrx_word' id='word_1_98' title='bbox 1497 1407 1783 1479; x_wconf 78' lang='lat' dir='ltr'><strong><em>praecipue</em></strong></span> <span class='ocrx_word' id='word_1_99' title='bbox 1841 1424 1872 1461; x_wconf 87' lang='lat' dir='ltr'><strong><em>a</em></strong></span> 
     </span>
    </p>
   </div>
   <div class='ocr_carea' id='block_1_15' title="bbox 171 1497 1872 1567">
    <p class='ocr_par' dir='ltr' id='par_1_15' title="bbox 171 1497 1872 1567">
     <span class='ocr_line' id='line_1_15' title="bbox 171 1497 1872 1567; baseline -0.001 -16"><span class='ocrx_word' id='word_1_100' title='bbox 171 1497 349 1551; x_wconf 89' lang='lat' dir='ltr'><strong><em>David</em></strong></span> <span class='ocrx_word' id='word_1_101' title='bbox 397 1498 831 1551; x_wconf 83' lang='lat' dir='ltr'><strong><em>honorabantur</em></strong></span> <span class='ocrx_word' id='word_1_102' title='bbox 877 1498 1191 1552; x_wconf 91' lang='lat' dir='ltr'><strong><em>secundum</em></strong></span> <span class='ocrx_word' id='word_1_103' title='bbox 1232 1498 1564 1567; x_wconf 87' lang='lat' dir='ltr'><strong><em>Josephum,</em></strong></span> <span class='ocrx_word' id='word_1_104' title='bbox 1603 1504 1660 1551; x_wconf 89' lang='lat' dir='ltr'><strong><em>et</em></strong></span> <span class='ocrx_word' id='word_1_105' title='bbox 1697 1512 1872 1567; x_wconf 85' lang='lat' dir='ltr'><strong><em>super</em></strong></span> 
     </span>
    </p>
   </div>
   <div class='ocr_carea' id='block_1_16' title="bbox 165 1586 1868 1657">
    <p class='ocr_par' dir='ltr' id='par_1_16' title="bbox 165 1586 1868 1657">
     <span class='ocr_line' id='line_1_16' title="bbox 165 1586 1868 1657; baseline -0.001 -18"><span class='ocrx_word' id='word_1_106' title='bbox 165 1586 469 1640; x_wconf 84' lang='lat' dir='ltr'><strong><em>thesauros</em></strong></span> <span class='ocrx_word' id='word_1_107' title='bbox 517 1586 816 1641; x_wconf 87' lang='lat' dir='ltr'><strong><em>constituti</em></strong></span> <span class='ocrx_word' id='word_1_108' title='bbox 842 1592 1024 1653; x_wconf 89' lang='lat' dir='ltr'><strong><em>erant,</em></strong></span> <span class='ocrx_word' id='word_1_109' title='bbox 1057 1587 1315 1641; x_wconf 90' lang='lat' dir='ltr'><strong><em>doctores</em></strong></span> <span class='ocrx_word' id='word_1_110' title='bbox 1345 1588 1414 1642; x_wconf 89' lang='lat' dir='ltr'><strong><em>de</em></strong></span> <span class='ocrx_word' id='word_1_111' title='bbox 1451 1586 1664 1641; x_wconf 73' lang='lat' dir='ltr'><strong><em>Judzeis</em></strong></span> <span class='ocrx_word' id='word_1_112' title='bbox 1691 1586 1868 1657; x_wconf 89' lang='lat' dir='ltr'><strong><em>signi-</em></strong></span> 
     </span>
    </p>
   </div>
   <div class='ocr_carea' id='block_1_17' title="bbox 164 1674 1871 1746">
    <p class='ocr_par' dir='ltr' id='par_1_17' title="bbox 164 1674 1871 1746">
     <span class='ocr_line' id='line_1_17' title="bbox 164 1674 1871 1746; baseline 0.001 -19"><span class='ocrx_word' id='word_1_113' title='bbox 164 1674 315 1742; x_wconf 84' lang='lat' dir='ltr'><strong><em>ﬁcat,</em></strong></span> <span class='ocrx_word' id='word_1_114' title='bbox 373 1675 580 1746; x_wconf 88' lang='lat' dir='ltr'><strong><em>quibus</em></strong></span> <span class='ocrx_word' id='word_1_115' title='bbox 635 1682 1038 1731; x_wconf 84' lang='lat' dir='ltr'><strong><em>ornamentum</em></strong></span> <span class='ocrx_word' id='word_1_116' title='bbox 1093 1675 1369 1741; x_wconf 66' lang='lat' dir='ltr'><strong><em>Ecclesiae,</em></strong></span> <span class='ocrx_word' id='word_1_117' title='bbox 1427 1676 1487 1730; x_wconf 91' lang='lat' dir='ltr'><strong><em>id</em></strong></span> <span class='ocrx_word' id='word_1_118' title='bbox 1536 1680 1640 1743; x_wconf 90' lang='lat' dir='ltr'><strong><em>est,</em></strong></span> <span class='ocrx_word' id='word_1_119' title='bbox 1702 1675 1871 1729; x_wconf 87' lang='lat' dir='ltr'><strong><em>decor</em></strong></span> 
     </span>
    </p>
   </div>
   <div class='ocr_carea' id='block_1_18' title="bbox 162 1764 1413 1818">
    <p class='ocr_par' dir='ltr' id='par_1_18' title="bbox 162 1764 1413 1818">
     <span class='ocr_line' id='line_1_18' title="bbox 162 1764 1413 1818; baseline 0.003 -2"><span class='ocrx_word' id='word_1_120' title='bbox 162 1764 379 1818; x_wconf 69' lang='lat' dir='ltr'><strong><em>anima:</em></strong></span> <span class='ocrx_word' id='word_1_121' title='bbox 418 1765 874 1818; x_wconf 84' lang='lat' dir='ltr'><strong><em>commendatur.</em></strong></span> <span class='ocrx_word' id='word_1_122' title='bbox 1410 1810 1413 1811; x_wconf 43' lang='grc' dir='ltr'><em>ν</em></span> 
     </span>
    </p>
   </div>
   <div class='ocr_carea' id='block_1_19' title="bbox 234 1851 1875 1923">
    <p class='ocr_par' dir='ltr' id='par_1_19' title="bbox 234 1851 1875 1923">
     <span class='ocr_line' id='line_1_19' title="bbox 234 1851 1875 1923; baseline 0.001 -20"><span class='ocrx_word' id='word_1_123' title='bbox 234 1852 397 1905; x_wconf 82' lang='lat' dir='ltr'><strong><em>Vens.</em></strong></span> <span class='ocrx_word' id='word_1_124' title='bbox 458 1856 545 1906; x_wconf 82' lang='grc'><strong><em>25.</em></strong></span> <span class='ocrx_word' id='word_1_125' title='bbox 580 1884 645 1893; x_wconf 86' lang='grc'><strong><em>-</em></strong></span> <span class='ocrx_word' id='word_1_126' title='bbox 677 1854 900 1907; x_wconf 78' lang='lat' dir='ltr'><strong><em>Fratres</em></strong></span> <span class='ocrx_word' id='word_1_127' title='bbox 949 1868 1157 1923; x_wconf 87' lang='lat' dir='ltr'><strong><em>quoque</em></strong></span> <span class='ocrx_word' id='word_1_128' title='bbox 1186 1853 1303 1919; x_wconf 85' lang='lat' dir='ltr'><strong><em>ejus</em></strong></span> <span class='ocrx_word' id='word_1_129' title='bbox 1343 1853 1568 1906; x_wconf 79' lang='lat' dir='ltr'><strong><em>Eliezer.</em></strong></span> <span class='ocrx_word' id='word_1_130' title='bbox 1614 1851 1875 1907; x_wconf 87' lang='lat' dir='ltr'><strong><em>Ostendit</em></strong></span> 
     </span>
    </p>
   </div>
   <div class='ocr_carea' id='block_1_20' title="bbox 164 1939 1871 2012">
    <p class='ocr_par' dir='ltr' id='par_1_20' title="bbox 164 1939 1871 2012">
     <span class='ocr_line' id='line_1_20' title="bbox 164 1939 1871 2012; baseline 0.001 -19"><span class='ocrx_word' id='word_1_131' title='bbox 164 1939 411 1993; x_wconf 87' lang='lat' dir='ltr'><strong><em>donaria</em></strong></span> <span class='ocrx_word' id='word_1_132' title='bbox 458 1940 785 2012; x_wconf 89' lang='lat' dir='ltr'><strong><em>principum</em></strong></span> <span class='ocrx_word' id='word_1_133' title='bbox 835 1942 1130 1995; x_wconf 82' lang='lat' dir='ltr'><strong><em>thesauros</em></strong></span> <span class='ocrx_word' id='word_1_134' title='bbox 1174 1957 1295 1993; x_wconf 88' lang='lat' dir='ltr'><strong><em>esse</em></strong></span> <span class='ocrx_word' id='word_1_135' title='bbox 1348 1947 1697 2008; x_wconf 88' lang='lat' dir='ltr'><strong><em>sanctorum,</em></strong></span> <span class='ocrx_word' id='word_1_136' title='bbox 1742 1957 1871 2011; x_wconf 65' lang='lat' dir='ltr'><strong><em>quae</em></strong></span> 
     </span>
    </p>
   </div>
   <div class='ocr_carea' id='block_1_21' title="bbox 166 2028 1873 2099">
    <p class='ocr_par' dir='ltr' id='par_1_21' title="bbox 166 2028 1873 2099">
     <span class='ocr_line' id='line_1_21' title="bbox 166 2028 1873 2099; baseline 0.001 -18"><span class='ocrx_word' id='word_1_137' title='bbox 166 2028 322 2083; x_wconf 90' lang='lat' dir='ltr'><strong><em>enim</em></strong></span> <span class='ocrx_word' id='word_1_138' title='bbox 362 2029 618 2083; x_wconf 88' lang='lat' dir='ltr'><strong><em>hostibus</em></strong></span> <span class='ocrx_word' id='word_1_139' title='bbox 644 2029 977 2093; x_wconf 78' lang='lat' dir='ltr'><strong><em>offerebant,</em></strong></span> <span class='ocrx_word' id='word_1_140' title='bbox 1012 2029 1070 2082; x_wconf 92' lang='lat' dir='ltr'><strong><em>in</em></strong></span> <span class='ocrx_word' id='word_1_141' title='bbox 1102 2028 1513 2099; x_wconf 89' lang='lat' dir='ltr'><strong><em>supellectilem</em></strong></span> <span class='ocrx_word' id='word_1_142' title='bbox 1541 2029 1743 2099; x_wconf 88' lang='lat' dir='ltr'><strong><em>templi</em></strong></span> <span class='ocrx_word' id='word_1_143' title='bbox 1776 2029 1873 2082; x_wconf 91' lang='lat' dir='ltr'><strong><em>do-</em></strong></span> 
     </span>
    </p>
   </div>
   <div class='ocr_carea' id='block_1_22' title="bbox 164 2115 1872 2187">
    <p class='ocr_par' dir='ltr' id='par_1_22' title="bbox 164 2115 1872 2187">
     <span class='ocr_line' id='line_1_22' title="bbox 164 2115 1872 2187; baseline 0.001 -18"><span class='ocrx_word' id='word_1_144' title='bbox 164 2116 400 2170; x_wconf 89' lang='lat' dir='ltr'><strong><em>nabant.</em></strong></span> <span class='ocrx_word' id='word_1_145' title='bbox 436 2116 769 2187; x_wconf 85' lang='lat' dir='ltr'><strong><em>Quicunque</em></strong></span> <span class='ocrx_word' id='word_1_146' title='bbox 823 2116 976 2171; x_wconf 88' lang='lat' dir='ltr'><strong><em>enim</em></strong></span> <span class='ocrx_word' id='word_1_147' title='bbox 1008 2116 1151 2170; x_wconf 89' lang='lat' dir='ltr'><strong><em>bene</em></strong></span> <span class='ocrx_word' id='word_1_148' title='bbox 1197 2115 1460 2169; x_wconf 87' lang='lat' dir='ltr'><strong><em>laborans</em></strong></span> <span class='ocrx_word' id='word_1_149' title='bbox 1506 2116 1723 2187; x_wconf 88' lang='lat' dir='ltr'><strong><em>aliquid</em></strong></span> <span class='ocrx_word' id='word_1_150' title='bbox 1756 2117 1872 2170; x_wconf 90' lang='lat' dir='ltr'><strong><em>vir-</em></strong></span> 
     </span>
    </p>
   </div>
   <div class='ocr_carea' id='block_1_23' title="bbox 167 2204 1868 2275">
    <p class='ocr_par' dir='ltr' id='par_1_23' title="bbox 167 2204 1868 2275">
     <span class='ocr_line' id='line_1_23' title="bbox 167 2204 1868 2275; baseline 0.001 -18"><span class='ocrx_word' id='word_1_151' title='bbox 167 2206 307 2257; x_wconf 90' lang='lat' dir='ltr'><strong><em>tutis</em></strong></span> <span class='ocrx_word' id='word_1_152' title='bbox 356 2205 444 2259; x_wconf 91' lang='lat' dir='ltr'><strong><em>vel</em></strong></span> <span class='ocrx_word' id='word_1_153' title='bbox 476 2205 613 2259; x_wconf 91' lang='lat' dir='ltr'><strong><em>boni</em></strong></span> <span class='ocrx_word' id='word_1_154' title='bbox 660 2205 851 2275; x_wconf 89' lang='lat' dir='ltr'><strong><em>operis</em></strong></span> <span class='ocrx_word' id='word_1_155' title='bbox 884 2204 1147 2275; x_wconf 86' lang='lat' dir='ltr'><strong><em>acquirit,</em></strong></span> <span class='ocrx_word' id='word_1_156' title='bbox 1202 2205 1335 2272; x_wconf 91' lang='lat' dir='ltr'><strong><em>Deo,</em></strong></span> <span class='ocrx_word' id='word_1_157' title='bbox 1373 2220 1487 2258; x_wconf 83' lang='lat' dir='ltr'><strong><em>non</em></strong></span> <span class='ocrx_word' id='word_1_158' title='bbox 1520 2204 1623 2258; x_wconf 89' lang='lat' dir='ltr'><strong><em>sibi</em></strong></span> <span class='ocrx_word' id='word_1_159' title='bbox 1654 2205 1868 2259; x_wconf 87' lang='lat' dir='ltr'><strong><em>bonum</em></strong></span> 
     </span>
    </p>
   </div>
   <div class='ocr_carea' id='block_1_24' title="bbox 169 2293 1872 2360">
    <p class='ocr_par' dir='ltr' id='par_1_24' title="bbox 169 2293 1872 2360">
     <span class='ocr_line' id='line_1_24' title="bbox 169 2293 1872 2360; baseline -0.001 -12"><span class='ocrx_word' id='word_1_160' title='bbox 169 2293 463 2348; x_wconf 86' lang='lat' dir='ltr'><strong><em>attribuat.</em></strong></span> <span class='ocrx_word' id='word_1_161' title='bbox 507 2294 704 2348; x_wconf 88' lang='lat' dir='ltr'><strong><em>Unde:</em></strong></span> <span class='ocrx_word' id='word_1_162' title='bbox 748 2296 867 2350; x_wconf 80' lang='lat' dir='ltr'><strong><em>Non</em></strong></span> <span class='ocrx_word' id='word_1_163' title='bbox 911 2294 1081 2357; x_wconf 87' lang='lat' dir='ltr'><strong><em>nobis,</em></strong></span> <span class='ocrx_word' id='word_1_164' title='bbox 1125 2296 1365 2360; x_wconf 87' lang='lat' dir='ltr'><strong><em>Domine,</em></strong></span> <span class='ocrx_word' id='word_1_165' title='bbox 1415 2308 1521 2347; x_wconf 89' lang='lat' dir='ltr'><strong><em>non</em></strong></span> <span class='ocrx_word' id='word_1_166' title='bbox 1550 2293 1721 2359; x_wconf 86' lang='lat' dir='ltr'><strong><em>nobis,</em></strong></span> <span class='ocrx_word' id='word_1_167' title='bbox 1778 2293 1872 2347; x_wconf 86' lang='lat' dir='ltr'><strong><em>sed</em></strong></span> 
     </span>
    </p>
   </div>
   <div class='ocr_carea' id='block_1_25' title="bbox 170 2382 1261 2449">
    <p class='ocr_par' dir='ltr' id='par_1_25' title="bbox 170 2382 1261 2449">
     <span class='ocr_line' id='line_1_25' title="bbox 170 2382 1261 2449; baseline -0.001 -14"><span class='ocrx_word' id='word_1_168' title='bbox 170 2384 381 2437; x_wconf 77' lang='lat' dir='ltr'><strong><em>nomini</em></strong></span> <span class='ocrx_word' id='word_1_169' title='bbox 411 2388 499 2437; x_wconf 91' lang='lat' dir='ltr'><strong><em>tuo</em></strong></span> <span class='ocrx_word' id='word_1_170' title='bbox 524 2382 597 2436; x_wconf 88' lang='lat' dir='ltr'><strong><em>da</em></strong></span> <span class='ocrx_word' id='word_1_171' title='bbox 626 2384 857 2449; x_wconf 85' lang='lat' dir='ltr'><strong><em>gloriam</em></strong></span> <span class='ocrx_word' id='word_1_172' title='bbox 888 2382 1060 2449; x_wconf 88' lang='lat' dir='ltr'><strong><em>(Psal.</em></strong></span> <span class='ocrx_word' id='word_1_173' title='bbox 1094 2383 1261 2447; x_wconf 83' lang='lat' dir='ltr'><strong><em>cxm).</em></strong></span> 
     </span>
    </p>
   </div>
   <div class='ocr_carea' id='block_1_26' title="bbox 239 2471 1863 2540">
    <p class='ocr_par' dir='ltr' id='par_1_26' title="bbox 239 2471 1863 2540">
     <span class='ocr_line' id='line_1_26' title="bbox 239 2471 1863 2540; baseline -0.001 -16"><span class='ocrx_word' id='word_1_174' title='bbox 239 2474 405 2526; x_wconf 88' lang='lat' dir='ltr'><strong><em>Vens.</em></strong></span> <span class='ocrx_word' id='word_1_175' title='bbox 458 2475 545 2526; x_wconf 87' lang='lat'><strong><em>29.</em></strong></span> <span class='ocrx_word' id='word_1_176' title='bbox 582 2504 649 2511; x_wconf 93' lang='lat'>—</span> <span class='ocrx_word' id='word_1_177' title='bbox 687 2473 936 2527; x_wconf 88' lang='lat' dir='ltr'><strong><em>Isaaritis</em></strong></span> <span class='ocrx_word' id='word_1_178' title='bbox 958 2488 1081 2525; x_wconf 85' lang='lat' dir='ltr'><strong><em>vero</em></strong></span> <span class='ocrx_word' id='word_1_179' title='bbox 1124 2475 1358 2540; x_wconf 64' lang='lat' dir='ltr'><strong><em>praemi</em></strong></span> <span class='ocrx_word' id='word_1_180' title='bbox 1403 2471 1729 2536; x_wconf 85' lang='lat' dir='ltr'><strong><em>Chonenias,</em></strong></span> <span class='ocrx_word' id='word_1_181' title='bbox 1764 2473 1863 2523; x_wconf 89' lang='lat' dir='ltr'><strong><em>etc.</em></strong></span> 
     </span>
    </p>
   </div>
   <div class='ocr_carea' id='block_1_27' title="bbox 174 2558 1867 2630">
    <p class='ocr_par' dir='ltr' id='par_1_27' title="bbox 174 2558 1867 2630">
     <span class='ocr_line' id='line_1_27' title="bbox 174 2558 1867 2630; baseline -0.002 -16"><span class='ocrx_word' id='word_1_182' title='bbox 174 2561 235 2614; x_wconf 87' lang='lat' dir='ltr'><strong><em>Hi</em></strong></span> <span class='ocrx_word' id='word_1_183' title='bbox 266 2566 405 2614; x_wconf 88' lang='lat' dir='ltr'><strong><em>sunt</em></strong></span> <span class='ocrx_word' id='word_1_184' title='bbox 442 2561 541 2630; x_wconf 90' lang='lat' dir='ltr'><strong><em>qui</em></strong></span> <span class='ocrx_word' id='word_1_185' title='bbox 572 2560 633 2613; x_wconf 90' lang='lat' dir='ltr'><strong><em>in</em></strong></span> <span class='ocrx_word' id='word_1_186' title='bbox 667 2559 910 2614; x_wconf 88' lang='lat' dir='ltr'><strong><em>Ecclesia</em></strong></span> <span class='ocrx_word' id='word_1_187' title='bbox 939 2559 1236 2613; x_wconf 87' lang='lat' dir='ltr'><strong><em>humiliter</em></strong></span> <span class='ocrx_word' id='word_1_188' title='bbox 1260 2564 1316 2611; x_wconf 81' lang='lat' dir='ltr'><strong><em>et</em></strong></span> <span class='ocrx_word' id='word_1_189' title='bbox 1348 2558 1703 2623; x_wconf 89' lang='lat' dir='ltr'><strong><em>obedienter,</em></strong></span> <span class='ocrx_word' id='word_1_190' title='bbox 1740 2575 1867 2630; x_wconf 62' lang='lat' dir='ltr'><strong><em>quae</em></strong></span> 
     </span>
    </p>
   </div>
   <div class='ocr_carea' id='block_1_28' title="bbox 170 2646 1870 2717">
    <p class='ocr_par' dir='ltr' id='par_1_28' title="bbox 170 2646 1870 2717">
     <span class='ocr_line' id='line_1_28' title="bbox 170 2646 1870 2717; baseline 0.001 -19"><span class='ocrx_word' id='word_1_191' title='bbox 170 2666 196 2698; x_wconf 83' lang='lat' dir='ltr'><strong><em>a</em></strong></span> <span class='ocrx_word' id='word_1_192' title='bbox 248 2649 540 2717; x_wconf 81' lang='lat' dir='ltr'><strong><em>magistris</em></strong></span> <span class='ocrx_word' id='word_1_193' title='bbox 609 2650 874 2711; x_wconf 88' lang='lat' dir='ltr'><strong><em>audiunt,</em></strong></span> <span class='ocrx_word' id='word_1_194' title='bbox 927 2649 1127 2703; x_wconf 90' lang='lat' dir='ltr'><strong><em>devota</em></strong></span> <span class='ocrx_word' id='word_1_195' title='bbox 1176 2654 1367 2702; x_wconf 89' lang='lat' dir='ltr'><strong><em>mente</em></strong></span> <span class='ocrx_word' id='word_1_196' title='bbox 1419 2646 1756 2716; x_wconf 90' lang='lat' dir='ltr'><strong><em>suscipiunt,</em></strong></span> <span class='ocrx_word' id='word_1_197' title='bbox 1814 2651 1870 2701; x_wconf 90' lang='lat' dir='ltr'><strong><em>et</em></strong></span> 
     </span>
    </p>
   </div>
   <div class='ocr_carea' id='block_1_29' title="bbox 167 2735 1867 2809">
    <p class='ocr_par' dir='ltr' id='par_1_29' title="bbox 167 2735 1867 2809">
     <span class='ocr_line' id='line_1_29' title="bbox 167 2735 1867 2809; baseline -0.001 -21"><span class='ocrx_word' id='word_1_198' title='bbox 167 2737 264 2806; x_wconf 89' lang='lat' dir='ltr'><strong><em>qui</em></strong></span> <span class='ocrx_word' id='word_1_199' title='bbox 314 2736 512 2806; x_wconf 86' lang='lat' dir='ltr'><strong><em>lingua</em></strong></span> <span class='ocrx_word' id='word_1_200' title='bbox 551 2754 667 2792; x_wconf 89' lang='lat' dir='ltr'><strong><em>uon</em></strong></span> <span class='ocrx_word' id='word_1_201' title='bbox 715 2742 973 2809; x_wconf 90' lang='lat' dir='ltr'><strong><em>possunt,</em></strong></span> <span class='ocrx_word' id='word_1_202' title='bbox 1029 2737 1291 2791; x_wconf 87' lang='lat' dir='ltr'><strong><em>faciendo</em></strong></span> <span class='ocrx_word' id='word_1_203' title='bbox 1322 2735 1642 2790; x_wconf 86' lang='lat' dir='ltr'><strong><em>doctrinam</em></strong></span> <span class='ocrx_word' id='word_1_204' title='bbox 1683 2736 1867 2788; x_wconf 88' lang='lat' dir='ltr'><strong><em>virtu-</em></strong></span> 
     </span>
    </p>
   </div>
   <div class='ocr_carea' id='block_1_30' title="bbox 167 2825 650 2879">
    <p class='ocr_par' dir='ltr' id='par_1_30' title="bbox 167 2825 650 2879">
     <span class='ocr_line' id='line_1_30' title="bbox 167 2825 650 2879; baseline 0 -2"><span class='ocrx_word' id='word_1_205' title='bbox 167 2829 290 2877; x_wconf 90' lang='lat' dir='ltr'><strong><em>tum</em></strong></span> <span class='ocrx_word' id='word_1_206' title='bbox 322 2825 650 2879; x_wconf 89' lang='lat' dir='ltr'><strong><em>ostendunt.</em></strong></span> 
     </span>
    </p>
   </div>
   <div class='ocr_carea' id='block_1_31' title="bbox 235 2913 1865 2969">
    <p class='ocr_par' dir='ltr' id='par_1_31' title="bbox 235 2913 1865 2969">
     <span class='ocr_line' id='line_1_31' title="bbox 235 2913 1865 2969; baseline -0.001 -3"><span class='ocrx_word' id='word_1_207' title='bbox 235 2914 400 2967; x_wconf 81' lang='lat' dir='ltr'><strong><em>Vens.</em></strong></span> <span class='ocrx_word' id='word_1_208' title='bbox 450 2915 534 2968; x_wconf 88' lang='grc'><strong><em>30.</em></strong></span> <span class='ocrx_word' id='word_1_209' title='bbox 571 2943 642 2955; x_wconf 91' lang='grc'><strong>-</strong></span> <span class='ocrx_word' id='word_1_210' title='bbox 688 2915 885 2969; x_wconf 83' lang='lat' dir='ltr'><strong><em>Israeli</em></strong></span> <span class='ocrx_word' id='word_1_211' title='bbox 939 2919 1089 2968; x_wconf 80' lang='lat' dir='ltr'><strong><em>trans</em></strong></span> <span class='ocrx_word' id='word_1_212' title='bbox 1144 2914 1447 2968; x_wconf 85' lang='lat' dir='ltr'><strong><em>Jordanem</em></strong></span> <span class='ocrx_word' id='word_1_213' title='bbox 1502 2917 1690 2967; x_wconf 86' lang='lat' dir='ltr'><strong><em>contra</em></strong></span> <span class='ocrx_word' id='word_1_214' title='bbox 1730 2913 1865 2966; x_wconf 88' lang='lat' dir='ltr'><strong><em>occi-</em></strong></span> 
     </span>
    </p>
   </div>
   <div class='ocr_carea' id='block_1_32' title="bbox 3592 318 3698 371">
    <p class='ocr_par' dir='ltr' id='par_1_32' title="bbox 3592 318 3698 371">
     <span class='ocr_line' id='line_1_32' title="bbox 3592 318 3698 371; baseline 0.019 -2"><span class='ocrx_word' id='word_1_215' title='bbox 3592 318 3698 371; x_wconf 83' lang='lat'><strong><em>662</em></strong></span> 
     </span>
    </p>
   </div>
   <div class='ocr_carea' id='block_1_33' title="bbox 1993 525 3691 592">
    <p class='ocr_par' dir='ltr' id='par_1_33' title="bbox 1993 525 3691 592">
     <span class='ocr_line' id='line_1_33' title="bbox 1993 525 3691 592; baseline 0.001 -13"><span class='ocrx_word' id='word_1_216' title='bbox 1993 525 2279 579; x_wconf 85' lang='lat' dir='ltr'><strong><em>thesauris</em></strong></span> <span class='ocrx_word' id='word_1_217' title='bbox 2354 525 2415 579; x_wconf 89' lang='lat' dir='ltr'><strong><em>in</em></strong></span> <span class='ocrx_word' id='word_1_218' title='bbox 2482 526 2742 592; x_wconf 88' lang='lat' dir='ltr'><strong><em>urbibus,</em></strong></span> <span class='ocrx_word' id='word_1_219' title='bbox 2804 526 2939 580; x_wconf 87' lang='lat' dir='ltr'><strong><em>vicis</em></strong></span> <span class='ocrx_word' id='word_1_220' title='bbox 3016 532 3070 581; x_wconf 90' lang='lat' dir='ltr'><strong><em>et</em></strong></span> <span class='ocrx_word' id='word_1_221' title='bbox 3157 527 3407 581; x_wconf 89' lang='lat' dir='ltr'><strong><em>turribus</em></strong></span> <span class='ocrx_word' id='word_1_222' title='bbox 3485 528 3691 581; x_wconf 89' lang='lat' dir='ltr'><strong><em>merito</em></strong></span> 
     </span>
    </p>
   </div>
   <div class='ocr_carea' id='block_1_34' title="bbox 1990 615 3695 688">
    <p class='ocr_par' dir='ltr' id='par_1_34' title="bbox 1990 615 3695 688">
     <span class='ocr_line' id='line_1_34' title="bbox 1990 615 3695 688; baseline 0.002 -22"><span class='ocrx_word' id='word_1_223' title='bbox 1990 615 2313 685; x_wconf 67' lang='lat' dir='ltr'><strong><em>praefertur,</em></strong></span> <span class='ocrx_word' id='word_1_224' title='bbox 2366 615 2465 687; x_wconf 86' lang='lat' dir='ltr'><strong><em>qui</em></strong></span> <span class='ocrx_word' id='word_1_225' title='bbox 2512 616 2850 686; x_wconf 87' lang='lat' dir='ltr'><strong><em>dignitatem</em></strong></span> <span class='ocrx_word' id='word_1_226' title='bbox 2903 617 3154 669; x_wconf 89' lang='lat' dir='ltr'><strong><em>nominis</em></strong></span> <span class='ocrx_word' id='word_1_227' title='bbox 3193 618 3474 683; x_wconf 65' lang='lat' dir='ltr'><strong><em>Jonathm,</em></strong></span> <span class='ocrx_word' id='word_1_228' title='bbox 3509 623 3563 670; x_wconf 89' lang='lat' dir='ltr'><strong><em>et</em></strong></span> <span class='ocrx_word' id='word_1_229' title='bbox 3593 634 3695 688; x_wconf 83' lang='lat' dir='ltr'><strong><em>pa-</em></strong></span> 
     </span>
    </p>
   </div>
   <div class='ocr_carea' id='block_1_35' title="bbox 1989 703 3690 775">
    <p class='ocr_par' dir='ltr' id='par_1_35' title="bbox 1989 703 3690 775">
     <span class='ocr_line' id='line_1_35' title="bbox 1989 703 3690 775; baseline 0.001 -19"><span class='ocrx_word' id='word_1_230' title='bbox 1989 703 2091 756; x_wconf 86' lang='lat' dir='ltr'><strong><em>tris</em></strong></span> <span class='ocrx_word' id='word_1_231' title='bbox 2117 704 2240 773; x_wconf 83' lang='lat' dir='ltr'><strong><em>ejus</em></strong></span> <span class='ocrx_word' id='word_1_232' title='bbox 2287 704 2437 758; x_wconf 68' lang='lat' dir='ltr'><strong><em>Oziae</em></strong></span> <span class='ocrx_word' id='word_1_233' title='bbox 2486 704 2598 757; x_wconf 89' lang='lat' dir='ltr'><strong><em>ﬁde</em></strong></span> <span class='ocrx_word' id='word_1_234' title='bbox 2652 705 2879 775; x_wconf 70' lang='lat' dir='ltr'><strong><em>prmfert</em></strong></span> <span class='ocrx_word' id='word_1_235' title='bbox 2908 709 2963 757; x_wconf 91' lang='lat' dir='ltr'><strong><em>et</em></strong></span> <span class='ocrx_word' id='word_1_236' title='bbox 3010 721 3204 773; x_wconf 89' lang='lat' dir='ltr'><strong><em>opere.</em></strong></span> <span class='ocrx_word' id='word_1_237' title='bbox 3236 706 3504 759; x_wconf 78' lang='lat' dir='ltr'><strong><em>Jonalhas</em></strong></span> <span class='ocrx_word' id='word_1_238' title='bbox 3534 706 3690 758; x_wconf 87' lang='lat' dir='ltr'><strong><em>enim</em></strong></span> 
     </span>
    </p>
   </div>
   <div class='ocr_carea' id='block_1_36' title="bbox 1990 791 3688 857">
    <p class='ocr_par' dir='ltr' id='par_1_36' title="bbox 1990 791 3688 857">
     <span class='ocr_line' id='line_1_36' title="bbox 1990 791 3688 857; baseline 0.001 -12"><span class='ocrx_word' id='word_1_239' title='bbox 1990 791 2223 845; x_wconf 90' lang='lat' dir='ltr'><strong><em>domum</em></strong></span> <span class='ocrx_word' id='word_1_240' title='bbox 2276 792 2397 857; x_wconf 87' lang='lat' dir='ltr'><strong><em>Dei,</em></strong></span> <span class='ocrx_word' id='word_1_241' title='bbox 2449 798 2503 845; x_wconf 84' lang='lat' dir='ltr'><strong><em>et</em></strong></span> <span class='ocrx_word' id='word_1_242' title='bbox 2548 792 2709 846; x_wconf 86' lang='lat' dir='ltr'><strong><em>Ozias</em></strong></span> <span class='ocrx_word' id='word_1_243' title='bbox 2761 792 3035 846; x_wconf 88' lang='lat' dir='ltr'><strong><em>fortitudo</em></strong></span> <span class='ocrx_word' id='word_1_244' title='bbox 3078 792 3325 846; x_wconf 90' lang='lat' dir='ltr'><strong><em>Domini.</em></strong></span> <span class='ocrx_word' id='word_1_245' title='bbox 3374 793 3482 857; x_wconf 85' lang='lat' dir='ltr'><strong><em>Qui</em></strong></span> <span class='ocrx_word' id='word_1_246' title='bbox 3535 794 3688 847; x_wconf 88' lang='lat' dir='ltr'><strong><em>enim</em></strong></span> 
     </span>
    </p>
   </div>
   <div class='ocr_carea' id='block_1_37' title="bbox 1985 879 3688 949">
    <p class='ocr_par' dir='ltr' id='par_1_37' title="bbox 1985 879 3688 949">
     <span class='ocr_line' id='line_1_37' title="bbox 1985 879 3688 949; baseline 0 -16"><span class='ocrx_word' id='word_1_247' title='bbox 1985 880 2137 933; x_wconf 91' lang='lat' dir='ltr'><strong><em>dono</em></strong></span> <span class='ocrx_word' id='word_1_248' title='bbox 2188 879 2285 933; x_wconf 92' lang='lat' dir='ltr'><strong><em>Dei</em></strong></span> <span class='ocrx_word' id='word_1_249' title='bbox 2342 880 2546 949; x_wconf 88' lang='lat' dir='ltr'><strong><em>accipit</em></strong></span> <span class='ocrx_word' id='word_1_250' title='bbox 2592 881 2788 933; x_wconf 88' lang='lat' dir='ltr'><strong><em>lumen</em></strong></span> <span class='ocrx_word' id='word_1_251' title='bbox 2850 881 3121 945; x_wconf 71' lang='lat' dir='ltr'><strong><em>scientiae,</em></strong></span> <span class='ocrx_word' id='word_1_252' title='bbox 3181 885 3235 933; x_wconf 90' lang='lat' dir='ltr'><strong><em>ot</em></strong></span> <span class='ocrx_word' id='word_1_253' title='bbox 3284 880 3688 935; x_wconf 88' lang='lat' dir='ltr'><strong><em>rectitudinem</em></strong></span> 
     </span>
    </p>
   </div>
   <div class='ocr_carea' id='block_1_38' title="bbox 1986 967 3686 1039">
    <p class='ocr_par' dir='ltr' id='par_1_38' title="bbox 1986 967 3686 1039">
     <span class='ocr_line' id='line_1_38' title="bbox 1986 967 3686 1039; baseline 0.001 -18"><span class='ocrx_word' id='word_1_254' title='bbox 1986 967 2118 1021; x_wconf 89' lang='lat' dir='ltr'><strong><em>ﬁdei</em></strong></span> <span class='ocrx_word' id='word_1_255' title='bbox 2170 968 2396 1022; x_wconf 88' lang='lat' dir='ltr'><strong><em>fortiter</em></strong></span> <span class='ocrx_word' id='word_1_256' title='bbox 2424 974 2610 1021; x_wconf 87' lang='lat' dir='ltr'><strong><em>servat</em></strong></span> <span class='ocrx_word' id='word_1_257' title='bbox 2642 969 2699 1021; x_wconf 91' lang='lat' dir='ltr'><strong><em>in</em></strong></span> <span class='ocrx_word' id='word_1_258' title='bbox 2731 985 2923 1039; x_wconf 86' lang='lat' dir='ltr'><strong><em>opere,</em></strong></span> <span class='ocrx_word' id='word_1_259' title='bbox 2958 969 3324 1022; x_wconf 85' lang='lat' dir='ltr'><strong><em>ecclesiarum</em></strong></span> <span class='ocrx_word' id='word_1_260' title='bbox 3363 968 3460 1021; x_wconf 81' lang='lat' dir='ltr'><strong><em>Dei</em></strong></span> <span class='ocrx_word' id='word_1_261' title='bbox 3492 984 3686 1022; x_wconf 90' lang='lat' dir='ltr'><strong><em>curam</em></strong></span> 
     </span>
    </p>
   </div>
   <div class='ocr_carea' id='block_1_39' title="bbox 1985 1056 2670 1126">
    <p class='ocr_par' dir='ltr' id='par_1_39' title="bbox 1985 1056 2670 1126">
     <span class='ocr_line' id='line_1_39' title="bbox 1985 1056 2670 1126; baseline 0 -17"><span class='ocrx_word' id='word_1_262' title='bbox 1985 1072 2096 1109; x_wconf 91' lang='lat' dir='ltr'><strong><em>non</em></strong></span> <span class='ocrx_word' id='word_1_263' title='bbox 2130 1056 2421 1109; x_wconf 89' lang='lat' dir='ltr'><strong><em>immerito</em></strong></span> <span class='ocrx_word' id='word_1_264' title='bbox 2447 1056 2670 1126; x_wconf 87' lang='lat' dir='ltr'><strong><em>accipit.</em></strong></span> 
     </span>
    </p>
   </div>
   <div class='ocr_carea' id='block_1_40' title="bbox 2054 1142 3685 1214">
    <p class='ocr_par' dir='ltr' id='par_1_40' title="bbox 2054 1142 3685 1214">
     <span class='ocr_line' id='line_1_40' title="bbox 2054 1142 3685 1214; baseline 0.001 -18"><span class='ocrx_word' id='word_1_265' title='bbox 2054 1146 2212 1199; x_wconf 89' lang='lat' dir='ltr'><strong><em>Vens.</em></strong></span> <span class='ocrx_word' id='word_1_266' title='bbox 2266 1148 2351 1197; x_wconf 79' lang='lat'><strong><em>26.</em></strong></span> <span class='ocrx_word' id='word_1_267' title='bbox 2384 1147 2611 1198; x_wconf 78' lang='lat' dir='ltr'><strong><em>—-Ezri</em></strong></span> <span class='ocrx_word' id='word_1_268' title='bbox 2638 1144 2787 1214; x_wconf 83' lang='lat' dir='ltr'><strong><em>ﬁlius</em></strong></span> <span class='ocrx_word' id='word_1_269' title='bbox 2842 1144 3058 1200; x_wconf 85' lang='lat' dir='ltr'><strong><em>Chelub.</em></strong></span> <span class='ocrx_word' id='word_1_270' title='bbox 3118 1142 3240 1196; x_wconf 87' lang='lat' dir='ltr'><strong><em>Ezri</em></strong></span> <span class='ocrx_word' id='word_1_271' title='bbox 3289 1142 3517 1213; x_wconf 82' lang='lat' dir='ltr'><strong><em>adjutus</em></strong></span> <span class='ocrx_word' id='word_1_272' title='bbox 3578 1144 3685 1197; x_wconf 84' lang='lat' dir='ltr'><strong><em>Do—</em></strong></span> 
     </span>
    </p>
   </div>
   <div class='ocr_carea' id='block_1_41' title="bbox 1985 1230 3685 1300">
    <p class='ocr_par' dir='ltr' id='par_1_41' title="bbox 1985 1230 3685 1300">
     <span class='ocr_line' id='line_1_41' title="bbox 1985 1230 3685 1300; baseline -0.001 -14"><span class='ocrx_word' id='word_1_273' title='bbox 1985 1232 2168 1300; x_wconf 81' lang='lat' dir='ltr'><strong><em>mino;</em></strong></span> <span class='ocrx_word' id='word_1_274' title='bbox 2199 1232 2448 1287; x_wconf 85' lang='lat' dir='ltr'><strong><em>Semeias</em></strong></span> <span class='ocrx_word' id='word_1_275' title='bbox 2500 1232 2736 1286; x_wconf 88' lang='lat' dir='ltr'><strong><em>audiens</em></strong></span> <span class='ocrx_word' id='word_1_276' title='bbox 2792 1232 3131 1297; x_wconf 90' lang='lat' dir='ltr'><strong><em>Dominum;</em></strong></span> <span class='ocrx_word' id='word_1_277' title='bbox 3180 1230 3415 1285; x_wconf 86' lang='lat' dir='ltr'><strong><em>Zabdias</em></strong></span> <span class='ocrx_word' id='word_1_278' title='bbox 3468 1231 3685 1285; x_wconf 85' lang='lat' dir='ltr'><strong><em>fructus</em></strong></span> 
     </span>
    </p>
   </div>
   <div class='ocr_carea' id='block_1_42' title="bbox 1981 1318 3685 1389">
    <p class='ocr_par' dir='ltr' id='par_1_42' title="bbox 1981 1318 3685 1389">
     <span class='ocr_line' id='line_1_42' title="bbox 1981 1318 3685 1389; baseline -0.001 -16"><span class='ocrx_word' id='word_1_279' title='bbox 1981 1320 2286 1374; x_wconf 86' lang='lat' dir='ltr'><strong><em>vehemens</em></strong></span> <span class='ocrx_word' id='word_1_280' title='bbox 2342 1321 2427 1375; x_wconf 86' lang='lat' dir='ltr'><strong><em>vel</em></strong></span> <span class='ocrx_word' id='word_1_281' title='bbox 2487 1320 2802 1373; x_wconf 87' lang='lat' dir='ltr'><strong><em>abundans.</em></strong></span> <span class='ocrx_word' id='word_1_282' title='bbox 2866 1319 2973 1384; x_wconf 88' lang='lat' dir='ltr'><strong><em>Qui</em></strong></span> <span class='ocrx_word' id='word_1_283' title='bbox 3006 1318 3157 1372; x_wconf 89' lang='lat' dir='ltr'><strong><em>enim</em></strong></span> <span class='ocrx_word' id='word_1_284' title='bbox 3191 1319 3348 1373; x_wconf 86' lang='lat' dir='ltr'><strong><em>audit</em></strong></span> <span class='ocrx_word' id='word_1_285' title='bbox 3399 1323 3685 1389; x_wconf 76' lang='lat' dir='ltr'><strong><em>praecepta</em></strong></span> 
     </span>
    </p>
   </div>
   <div class='ocr_carea' id='block_1_43' title="bbox 1986 1407 3681 1479">
    <p class='ocr_par' dir='ltr' id='par_1_43' title="bbox 1986 1407 3681 1479">
     <span class='ocr_line' id='line_1_43' title="bbox 1986 1407 3681 1479; baseline -0.001 -17"><span class='ocrx_word' id='word_1_286' title='bbox 1986 1408 2229 1476; x_wconf 89' lang='lat' dir='ltr'><strong><em>Domini,</em></strong></span> <span class='ocrx_word' id='word_1_287' title='bbox 2272 1426 2395 1479; x_wconf 90' lang='lat' dir='ltr'><strong><em>ope</em></strong></span> <span class='ocrx_word' id='word_1_288' title='bbox 2422 1408 2827 1462; x_wconf 66' lang='lat' dir='ltr'><strong><em>misericordias</em></strong></span> <span class='ocrx_word' id='word_1_289' title='bbox 2860 1408 2981 1478; x_wconf 87' lang='lat' dir='ltr'><strong><em>ejus</em></strong></span> <span class='ocrx_word' id='word_1_290' title='bbox 3018 1407 3681 1478; x_wconf 71' lang='lat' dir='ltr'><strong><em>adjutus,‘abundantem</em></strong></span> 
     </span>
    </p>
   </div>
   <div class='ocr_carea' id='block_1_44' title="bbox 1980 1496 3571 1568">
    <p class='ocr_par' dir='ltr' id='par_1_44' title="bbox 1980 1496 3571 1568">
     <span class='ocr_line' id='line_1_44' title="bbox 1980 1496 3571 1568; baseline 0 -18"><span class='ocrx_word' id='word_1_291' title='bbox 1980 1497 2117 1551; x_wconf 90' lang='lat' dir='ltr'><strong><em>boni</em></strong></span> <span class='ocrx_word' id='word_1_292' title='bbox 2148 1498 2337 1568; x_wconf 88' lang='lat' dir='ltr'><strong><em>operis</em></strong></span> <span class='ocrx_word' id='word_1_293' title='bbox 2360 1497 2608 1550; x_wconf 86' lang='lat' dir='ltr'><strong><em>fructum</em></strong></span> <span class='ocrx_word' id='word_1_294' title='bbox 2640 1502 2952 1566; x_wconf 79' lang='lat' dir='ltr'><strong><em>congregat</em></strong></span> <span class='ocrx_word' id='word_1_295' title='bbox 2978 1496 3037 1549; x_wconf 87' lang='lat' dir='ltr'><strong><em>in</em></strong></span> <span class='ocrx_word' id='word_1_296' title='bbox 3069 1497 3242 1550; x_wconf 90' lang='lat' dir='ltr'><strong><em>vitam</em></strong></span> <span class='ocrx_word' id='word_1_297' title='bbox 3273 1501 3571 1550; x_wconf 76' lang='lat' dir='ltr'><strong><em>mternam.</em></strong></span> 
     </span>
    </p>
   </div>
   <div class='ocr_carea' id='block_1_45' title="bbox 2050 1586 3675 1655">
    <p class='ocr_par' dir='ltr' id='par_1_45' title="bbox 2050 1586 3675 1655">
     <span class='ocr_line' id='line_1_45' title="bbox 2050 1586 3675 1655; baseline 0.002 -20"><span class='ocrx_word' id='word_1_298' title='bbox 2050 1586 2209 1639; x_wconf 85' lang='lat' dir='ltr'><strong><em>Vens.</em></strong></span> <span class='ocrx_word' id='word_1_299' title='bbox 2244 1588 2332 1639; x_wconf 90' lang='lat'><strong><em>28.</em></strong></span> <span class='ocrx_word' id='word_1_300' title='bbox 2366 1614 2433 1624; x_wconf 90' lang='lat'><strong><em>—</em></strong></span> <span class='ocrx_word' id='word_1_301' title='bbox 2483 1586 2691 1640; x_wconf 86' lang='lat' dir='ltr'><strong><em>Oliveta</em></strong></span> <span class='ocrx_word' id='word_1_302' title='bbox 2736 1590 2786 1639; x_wconf 87' lang='lat' dir='ltr'><strong><em>et</em></strong></span> <span class='ocrx_word' id='word_1_303' title='bbox 2833 1588 2991 1654; x_wconf 83' lang='lat' dir='ltr'><strong><em>ﬁceta</em></strong></span> <span class='ocrx_word' id='word_1_304' title='bbox 3038 1601 3156 1653; x_wconf 76' lang='lat' dir='ltr'><strong><em>quae</em></strong></span> <span class='ocrx_word' id='word_1_305' title='bbox 3205 1590 3363 1640; x_wconf 81' lang='lat' dir='ltr'><strong><em>erant</em></strong></span> <span class='ocrx_word' id='word_1_306' title='bbox 3384 1587 3440 1637; x_wconf 90' lang='lat' dir='ltr'><strong><em>in</em></strong></span> <span class='ocrx_word' id='word_1_307' title='bbox 3474 1600 3675 1655; x_wconf 81' lang='lat' dir='ltr'><strong><em>campe-</em></strong></span> 
     </span>
    </p>
   </div>
   <div class='ocr_carea' id='block_1_46' title="bbox 1979 1673 3683 1743">
    <p class='ocr_par' dir='ltr' id='par_1_46' title="bbox 1979 1673 3683 1743">
     <span class='ocr_line' id='line_1_46' title="bbox 1979 1673 3683 1743; baseline -0.001 -15"><span class='ocrx_word' id='word_1_308' title='bbox 1979 1674 2203 1739; x_wconf 89' lang='lat' dir='ltr'><strong><em>stribus,</em></strong></span> <span class='ocrx_word' id='word_1_309' title='bbox 2238 1678 2343 1727; x_wconf 90' lang='lat' dir='ltr'><strong><em>etc.</em></strong></span> <span class='ocrx_word' id='word_1_310' title='bbox 2402 1675 2467 1728; x_wconf 91' lang='lat' dir='ltr'><strong><em>In</em></strong></span> <span class='ocrx_word' id='word_1_311' title='bbox 2496 1673 2584 1728; x_wconf 90' lang='lat' dir='ltr'><strong><em>his</em></strong></span> <span class='ocrx_word' id='word_1_312' title='bbox 2621 1674 2785 1727; x_wconf 70' lang='lat' dir='ltr'><strong><em>oliva:</em></strong></span> <span class='ocrx_word' id='word_1_313' title='bbox 2832 1678 2888 1727; x_wconf 91' lang='lat' dir='ltr'><strong><em>et</em></strong></span> <span class='ocrx_word' id='word_1_314' title='bbox 2918 1674 3057 1727; x_wconf 88' lang='lat' dir='ltr'><strong><em>ﬁcus</em></strong></span> <span class='ocrx_word' id='word_1_315' title='bbox 3087 1677 3239 1741; x_wconf 91' lang='lat' dir='ltr'><strong><em>sunt,</em></strong></span> <span class='ocrx_word' id='word_1_316' title='bbox 3273 1678 3330 1727; x_wconf 90' lang='lat' dir='ltr'><strong><em>et</em></strong></span> <span class='ocrx_word' id='word_1_317' title='bbox 3359 1673 3683 1743; x_wconf 88' lang='lat' dir='ltr'><strong><em>signiﬁcant</em></strong></span> 
     </span>
    </p>
   </div>
   <div class='ocr_carea' id='block_1_47' title="bbox 1980 1762 3678 1833">
    <p class='ocr_par' dir='ltr' id='par_1_47' title="bbox 1980 1762 3678 1833">
     <span class='ocr_line' id='line_1_47' title="bbox 1980 1762 3678 1833; baseline -0.001 -16"><span class='ocrx_word' id='word_1_318' title='bbox 1980 1767 2156 1817; x_wconf 70' lang='lat' dir='ltr'><strong><em>cmtus</em></strong></span> <span class='ocrx_word' id='word_1_319' title='bbox 2186 1773 2538 1829; x_wconf 88' lang='lat' dir='ltr'><strong><em>sanctorum,</em></strong></span> <span class='ocrx_word' id='word_1_320' title='bbox 2582 1763 2682 1833; x_wconf 88' lang='lat' dir='ltr'><strong><em>qui</em></strong></span> <span class='ocrx_word' id='word_1_321' title='bbox 2713 1762 3117 1816; x_wconf 64' lang='lat' dir='ltr'><strong><em>misericordias</em></strong></span> <span class='ocrx_word' id='word_1_322' title='bbox 3158 1763 3351 1816; x_wconf 90' lang='lat' dir='ltr'><strong><em>oleum</em></strong></span> <span class='ocrx_word' id='word_1_323' title='bbox 3380 1762 3593 1817; x_wconf 83' lang='lat' dir='ltr'><strong><em>habent</em></strong></span> <span class='ocrx_word' id='word_1_324' title='bbox 3618 1763 3678 1816; x_wconf 84' lang='lat' dir='ltr'><strong><em>in</em></strong></span> 
     </span>
    </p>
   </div>
   <div class='ocr_carea' id='block_1_48' title="bbox 1979 1849 3677 1922">
    <p class='ocr_par' dir='ltr' id='par_1_48' title="bbox 1979 1849 3677 1922">
     <span class='ocr_line' id='line_1_48' title="bbox 1979 1849 3677 1922; baseline -0.001 -17"><span class='ocrx_word' id='word_1_325' title='bbox 1979 1856 2228 1922; x_wconf 88' lang='lat' dir='ltr'><strong><em>pectore,</em></strong></span> <span class='ocrx_word' id='word_1_326' title='bbox 2256 1855 2309 1904; x_wconf 90' lang='lat' dir='ltr'><strong><em>et</em></strong></span> <span class='ocrx_word' id='word_1_327' title='bbox 2340 1849 2796 1905; x_wconf 87' lang='lat' dir='ltr'><strong><em>mansuetudinis</em></strong></span> <span class='ocrx_word' id='word_1_328' title='bbox 2826 1850 3186 1904; x_wconf 74' lang='lat' dir='ltr'><strong><em>dulcedinem</em></strong></span> <span class='ocrx_word' id='word_1_329' title='bbox 3219 1850 3281 1903; x_wconf 90' lang='lat' dir='ltr'><strong><em>in</em></strong></span> <span class='ocrx_word' id='word_1_330' title='bbox 3311 1850 3677 1904; x_wconf 85' lang='lat' dir='ltr'><strong><em>mortalitate.</em></strong></span> 
     </span>
    </p>
   </div>
   <div class='ocr_carea' id='block_1_49' title="bbox 1979 1937 3683 2008">
    <p class='ocr_par' dir='ltr' id='par_1_49' title="bbox 1979 1937 3683 2008">
     <span class='ocr_line' id='line_1_49' title="bbox 1979 1937 3683 2008; baseline -0.001 -15"><span class='ocrx_word' id='word_1_331' title='bbox 1979 1941 2117 2005; x_wconf 74' lang='lat' dir='ltr'><strong><em>Quae</em></strong></span> <span class='ocrx_word' id='word_1_332' title='bbox 2156 1938 2392 1992; x_wconf 88' lang='lat' dir='ltr'><strong><em>virtutes</em></strong></span> <span class='ocrx_word' id='word_1_333' title='bbox 2442 1938 2501 1992; x_wconf 92' lang='lat' dir='ltr'><strong><em>in</em></strong></span> <span class='ocrx_word' id='word_1_334' title='bbox 2527 1938 2961 2008; x_wconf 88' lang='lat' dir='ltr'><strong><em>campestribus,</em></strong></span> <span class='ocrx_word' id='word_1_335' title='bbox 3015 1954 3143 2008; x_wconf 70' lang='lat' dir='ltr'><strong><em>quas</em></strong></span> <span class='ocrx_word' id='word_1_336' title='bbox 3195 1937 3256 1991; x_wconf 92' lang='lat' dir='ltr'><strong><em>in</em></strong></span> <span class='ocrx_word' id='word_1_337' title='bbox 3289 1939 3592 2008; x_wconf 87' lang='lat' dir='ltr'><strong><em>propatulo</em></strong></span> <span class='ocrx_word' id='word_1_338' title='bbox 3625 1942 3683 1992; x_wconf 92' lang='lat' dir='ltr'><strong><em>et</em></strong></span> 
     </span>
    </p>
   </div>
   <div class='ocr_carea' id='block_1_50' title="bbox 1978 2025 3676 2099">
    <p class='ocr_par' dir='ltr' id='par_1_50' title="bbox 1978 2025 3676 2099">
     <span class='ocr_line' id='line_1_50' title="bbox 1978 2025 3676 2099; baseline -0.002 -17"><span class='ocrx_word' id='word_1_339' title='bbox 1978 2033 2186 2099; x_wconf 72' lang='lat' dir='ltr'><strong><em>praesto</em></strong></span> <span class='ocrx_word' id='word_1_340' title='bbox 2204 2030 2336 2081; x_wconf 90' lang='lat' dir='ltr'><strong><em>sunt</em></strong></span> <span class='ocrx_word' id='word_1_341' title='bbox 2365 2026 2653 2095; x_wconf 90' lang='lat' dir='ltr'><strong><em>omnibus,</em></strong></span> <span class='ocrx_word' id='word_1_342' title='bbox 2694 2042 2799 2079; x_wconf 90' lang='lat' dir='ltr'><strong><em>nec</em></strong></span> <span class='ocrx_word' id='word_1_343' title='bbox 2838 2025 3227 2096; x_wconf 89' lang='lat' dir='ltr'><strong><em>acceptionem</em></strong></span> <span class='ocrx_word' id='word_1_344' title='bbox 3275 2041 3676 2095; x_wconf 88' lang='lat' dir='ltr'><strong><em>personarum,</em></strong></span> 
     </span>
    </p>
   </div>
   <div class='ocr_carea' id='block_1_51' title="bbox 1978 2113 3676 2185">
    <p class='ocr_par' dir='ltr' id='par_1_51' title="bbox 1978 2113 3676 2185">
     <span class='ocr_line' id='line_1_51' title="bbox 1978 2113 3676 2185; baseline -0.002 -15"><span class='ocrx_word' id='word_1_345' title='bbox 1978 2117 2075 2171; x_wconf 89' lang='lat' dir='ltr'><strong><em>sed</em></strong></span> <span class='ocrx_word' id='word_1_346' title='bbox 2104 2116 2272 2170; x_wconf 62' lang='lat' dir='ltr'><strong><em>bona:</em></strong></span> <span class='ocrx_word' id='word_1_347' title='bbox 2301 2114 2608 2169; x_wconf 88' lang='lat' dir='ltr'><strong><em>voluntatis</em></strong></span> <span class='ocrx_word' id='word_1_348' title='bbox 2649 2114 3058 2169; x_wconf 88' lang='lat' dir='ltr'><strong><em>rectitudinum</em></strong></span> <span class='ocrx_word' id='word_1_349' title='bbox 3099 2119 3366 2185; x_wconf 67' lang='lat' dir='ltr'><strong><em>quaerunt</em></strong></span> <span class='ocrx_word' id='word_1_350' title='bbox 3391 2113 3676 2169; x_wconf 86' lang='lat' dir='ltr'><strong><em>auditori-</em></strong></span> 
     </span>
    </p>
   </div>
   <div class='ocr_carea' id='block_1_52' title="bbox 1977 2203 2245 2259">
    <p class='ocr_par' dir='ltr' id='par_1_52' title="bbox 1977 2203 2245 2259">
     <span class='ocr_line' id='line_1_52' title="bbox 1977 2203 2245 2259; baseline -0.011 0"><span class='ocrx_word' id='word_1_351' title='bbox 1977 2205 2085 2259; x_wconf 89' lang='lat' dir='ltr'><strong><em>bus</em></strong></span> <span class='ocrx_word' id='word_1_352' title='bbox 2108 2203 2245 2257; x_wconf 89' lang='lat' dir='ltr'><strong><em>suis.</em></strong></span> 
     </span>
    </p>
   </div>
   <div class='ocr_carea' id='block_1_53' title="bbox 2045 2289 3670 2361">
    <p class='ocr_par' dir='ltr' id='par_1_53' title="bbox 2045 2289 3670 2361">
     <span class='ocr_line' id='line_1_53' title="bbox 2045 2289 3670 2361; baseline -0.004 -13"><span class='ocrx_word' id='word_1_353' title='bbox 2045 2293 2313 2348; x_wconf 90' lang='lat' dir='ltr'><strong><em>Balanam</em></strong></span> <span class='ocrx_word' id='word_1_354' title='bbox 2351 2290 2637 2348; x_wconf 87' lang='lat' dir='ltr'><strong><em>Gederites.</em></strong></span> <span class='ocrx_word' id='word_1_355' title='bbox 2676 2291 2965 2355; x_wconf 86' lang='lat' dir='ltr'><strong><em>Balanam,</em></strong></span> <span class='ocrx_word' id='word_1_356' title='bbox 3001 2289 3099 2361; x_wconf 87' lang='lat' dir='ltr'><strong><em>qui</em></strong></span> <span class='ocrx_word' id='word_1_357' title='bbox 3129 2290 3541 2360; x_wconf 85' lang='lat' dir='ltr'><strong><em>interpretatur</em></strong></span> <span class='ocrx_word' id='word_1_358' title='bbox 3570 2290 3670 2343; x_wconf 90' lang='lat' dir='ltr'><strong><em>ha-</em></strong></span> 
     </span>
    </p>
   </div>
   <div class='ocr_carea' id='block_1_54' title="bbox 1974 2379 3674 2452">
    <p class='ocr_par' dir='ltr' id='par_1_54' title="bbox 1974 2379 3674 2452">
     <span class='ocr_line' id='line_1_54' title="bbox 1974 2379 3674 2452; baseline -0.002 -15"><span class='ocrx_word' id='word_1_359' title='bbox 1974 2382 2116 2437; x_wconf 90' lang='lat' dir='ltr'><strong><em>bens</em></strong></span> <span class='ocrx_word' id='word_1_360' title='bbox 2165 2380 2431 2452; x_wconf 87' lang='lat' dir='ltr'><strong><em>gratiam,</em></strong></span> <span class='ocrx_word' id='word_1_361' title='bbox 2493 2395 2664 2450; x_wconf 89' lang='lat' dir='ltr'><strong><em>super</em></strong></span> <span class='ocrx_word' id='word_1_362' title='bbox 2716 2380 2919 2433; x_wconf 89' lang='lat' dir='ltr'><strong><em>oliveta</em></strong></span> <span class='ocrx_word' id='word_1_363' title='bbox 2975 2383 3031 2432; x_wconf 91' lang='lat' dir='ltr'><strong><em>et</em></strong></span> <span class='ocrx_word' id='word_1_364' title='bbox 3082 2379 3245 2432; x_wconf 89' lang='lat' dir='ltr'><strong><em>ﬁceta</em></strong></span> <span class='ocrx_word' id='word_1_365' title='bbox 3292 2379 3674 2433; x_wconf 89' lang='lat' dir='ltr'><strong><em>constituitur.</em></strong></span> 
     </span>
    </p>
   </div>
   <div class='ocr_carea' id='block_1_55' title="bbox 1979 2467 3675 2540">
    <p class='ocr_par' dir='ltr' id='par_1_55' title="bbox 1979 2467 3675 2540">
     <span class='ocr_line' id='line_1_55' title="bbox 1979 2467 3675 2540; baseline -0.002 -15"><span class='ocrx_word' id='word_1_366' title='bbox 1979 2472 2053 2525; x_wconf 83' lang='lat' dir='ltr'><strong><em>Ex</em></strong></span> <span class='ocrx_word' id='word_1_367' title='bbox 2088 2470 2184 2524; x_wconf 91' lang='lat' dir='ltr'><strong><em>Dei</em></strong></span> <span class='ocrx_word' id='word_1_368' title='bbox 2228 2470 2381 2522; x_wconf 89' lang='lat' dir='ltr'><strong><em>enim</em></strong></span> <span class='ocrx_word' id='word_1_369' title='bbox 2415 2469 2598 2540; x_wconf 85' lang='lat' dir='ltr'><strong><em>gratia</em></strong></span> <span class='ocrx_word' id='word_1_370' title='bbox 2631 2469 2796 2523; x_wconf 89' lang='lat' dir='ltr'><strong><em>datur</em></strong></span> <span class='ocrx_word' id='word_1_371' title='bbox 2845 2469 3124 2521; x_wconf 89' lang='lat' dir='ltr'><strong><em>bonorum</em></strong></span> <span class='ocrx_word' id='word_1_372' title='bbox 3155 2482 3394 2537; x_wconf 89' lang='lat' dir='ltr'><strong><em>operum</em></strong></span> <span class='ocrx_word' id='word_1_373' title='bbox 3426 2467 3675 2521; x_wconf 87' lang='lat' dir='ltr'><strong><em>ubertas.</em></strong></span> 
     </span>
    </p>
   </div>
   <div class='ocr_carea' id='block_1_56' title="bbox 1973 2554 3674 2629">
    <p class='ocr_par' dir='ltr' id='par_1_56' title="bbox 1973 2554 3674 2629">
     <span class='ocr_line' id='line_1_56' title="bbox 1973 2554 3674 2629; baseline -0.004 -16"><span class='ocrx_word' id='word_1_374' title='bbox 1973 2560 2101 2614; x_wconf 85' lang='lat' dir='ltr'><strong><em>Joas</em></strong></span> <span class='ocrx_word' id='word_1_375' title='bbox 2149 2574 2305 2625; x_wconf 89' lang='lat' dir='ltr'><strong><em>vero,</em></strong></span> <span class='ocrx_word' id='word_1_376' title='bbox 2382 2558 2479 2629; x_wconf 90' lang='lat' dir='ltr'><strong><em>qui</em></strong></span> <span class='ocrx_word' id='word_1_377' title='bbox 2544 2558 2959 2627; x_wconf 82' lang='lat' dir='ltr'><strong><em>interpretatur</em></strong></span> <span class='ocrx_word' id='word_1_378' title='bbox 3014 2570 3248 2625; x_wconf 86' lang='lat' dir='ltr'><strong><em>sperans</em></strong></span> <span class='ocrx_word' id='word_1_379' title='bbox 3301 2555 3387 2608; x_wconf 89' lang='lat' dir='ltr'><strong><em>vel</em></strong></span> <span class='ocrx_word' id='word_1_380' title='bbox 3445 2554 3674 2607; x_wconf 90' lang='lat' dir='ltr'><strong><em>Domini</em></strong></span> 
     </span>
    </p>
   </div>
   <div class='ocr_carea' id='block_1_57' title="bbox 1973 2640 3677 2717">
    <p class='ocr_par' dir='ltr' id='par_1_57' title="bbox 1973 2640 3677 2717">
     <span class='ocr_line' id='line_1_57' title="bbox 1973 2640 3677 2717; baseline -0.004 -15"><span class='ocrx_word' id='word_1_381' title='bbox 1973 2649 2171 2714; x_wconf 90' lang='lat' dir='ltr'><strong><em>robur,</em></strong></span> <span class='ocrx_word' id='word_1_382' title='bbox 2205 2647 2510 2717; x_wconf 89' lang='lat' dir='ltr'><strong><em>apothecas</em></strong></span> <span class='ocrx_word' id='word_1_383' title='bbox 2558 2646 2668 2700; x_wconf 90' lang='lat' dir='ltr'><strong><em>olei</em></strong></span> <span class='ocrx_word' id='word_1_384' title='bbox 2737 2645 2999 2708; x_wconf 87' lang='lat' dir='ltr'><strong><em>custodit,</em></strong></span> <span class='ocrx_word' id='word_1_385' title='bbox 3032 2644 3167 2715; x_wconf 86' lang='lat' dir='ltr'><strong><em>quia</em></strong></span> <span class='ocrx_word' id='word_1_386' title='bbox 3204 2659 3373 2696; x_wconf 88' lang='lat' dir='ltr'><strong><em>nemo</em></strong></span> <span class='ocrx_word' id='word_1_387' title='bbox 3415 2640 3677 2712; x_wconf 86' lang='lat' dir='ltr'><strong><em>pervenit</em></strong></span> 
     </span>
    </p>
   </div>
   <div class='ocr_carea' id='block_1_58' title="bbox 1974 2728 3672 2806">
    <p class='ocr_par' dir='ltr' id='par_1_58' title="bbox 1974 2728 3672 2806">
     <span class='ocr_line' id='line_1_58' title="bbox 1974 2728 3672 2806; baseline -0.006 -15"><span class='ocrx_word' id='word_1_388' title='bbox 1974 2737 2047 2791; x_wconf 84' lang='lat' dir='ltr'><strong><em>ad</em></strong></span> <span class='ocrx_word' id='word_1_389' title='bbox 2097 2735 2406 2806; x_wconf 60' lang='lat' dir='ltr'><strong><em>premium</em></strong></span> <span class='ocrx_word' id='word_1_390' title='bbox 2454 2734 2562 2789; x_wconf 89' lang='lat' dir='ltr'><strong><em>nisi</em></strong></span> <span class='ocrx_word' id='word_1_391' title='bbox 2610 2734 2711 2804; x_wconf 87' lang='lat' dir='ltr'><strong><em>qui</em></strong></span> <span class='ocrx_word' id='word_1_392' title='bbox 2740 2750 2841 2804; x_wconf 92' lang='lat' dir='ltr'><strong><em>per</em></strong></span> <span class='ocrx_word' id='word_1_393' title='bbox 2872 2733 3049 2786; x_wconf 88' lang='lat' dir='ltr'><strong><em>robur</em></strong></span> <span class='ocrx_word' id='word_1_394' title='bbox 3075 2732 3282 2785; x_wconf 88' lang='lat' dir='ltr'><strong><em>mentis</em></strong></span> <span class='ocrx_word' id='word_1_395' title='bbox 3314 2730 3523 2785; x_wconf 83' lang='lat' dir='ltr'><strong><em>ﬁducia</em></strong></span> <span class='ocrx_word' id='word_1_396' title='bbox 3550 2728 3672 2799; x_wconf 88' lang='lat' dir='ltr'><strong><em>spei</em></strong></span> 
     </span>
    </p>
   </div>
   <div class='ocr_carea' id='block_1_59' title="bbox 1972 2825 2809 2892">
    <p class='ocr_par' dir='ltr' id='par_1_59' title="bbox 1972 2825 2809 2892">
     <span class='ocr_line' id='line_1_59' title="bbox 1972 2825 2809 2892; baseline -0.006 -13"><span class='ocrx_word' id='word_1_397' title='bbox 1972 2825 2159 2880; x_wconf 90' lang='lat' dir='ltr'><strong><em>tendit</em></strong></span> <span class='ocrx_word' id='word_1_398' title='bbox 2199 2825 2267 2879; x_wconf 90' lang='lat' dir='ltr'><strong><em>ad</em></strong></span> <span class='ocrx_word' id='word_1_399' title='bbox 2296 2825 2521 2879; x_wconf 78' lang='lat' dir='ltr'><strong><em>cosleste</em></strong></span> <span class='ocrx_word' id='word_1_400' title='bbox 2547 2838 2809 2892; x_wconf 87' lang='lat' dir='ltr'><strong><em>regnum.</em></strong></span> 
     </span>
    </p>
   </div>
   <div class='ocr_carea' id='block_1_60' title="bbox 2046 2907 3673 2980">
    <p class='ocr_par' dir='ltr' id='par_1_60' title="bbox 2046 2907 3673 2980">
     <span class='ocr_line' id='line_1_60' title="bbox 2046 2907 3673 2980; baseline -0.004 -14"><span class='ocrx_word' id='word_1_401' title='bbox 2046 2915 2209 2968; x_wconf 88' lang='lat' dir='ltr'><strong><em>Vens.</em></strong></span> <span class='ocrx_word' id='word_1_402' title='bbox 2268 2916 2357 2966; x_wconf 91' lang='lat'><strong><em>29.</em></strong></span> <span class='ocrx_word' id='word_1_403' title='bbox 2403 2944 2470 2951; x_wconf 92' lang='lat'><strong>—-</strong></span> <span class='ocrx_word' id='word_1_404' title='bbox 2529 2912 2739 2980; x_wconf 88' lang='lat' dir='ltr'><strong><em>Saphat</em></strong></span> <span class='ocrx_word' id='word_1_405' title='bbox 2794 2909 2902 2973; x_wconf 89' lang='lat' dir='ltr'><strong><em>Qui</em></strong></span> <span class='ocrx_word' id='word_1_406' title='bbox 2937 2908 3345 2979; x_wconf 83' lang='lat' dir='ltr'><strong><em>interpretatur</em></strong></span> <span class='ocrx_word' id='word_1_407' title='bbox 3399 2907 3673 2974; x_wconf 83' lang='lat' dir='ltr'><strong><em>judicavi,</em></strong></span> 
     </span>
    </p>
   </div>
   <div class='ocr_carea' id='block_1_61' title="bbox 165 2996 3677 3073">
    <p class='ocr_par' dir='ltr' id='par_1_61' title="bbox 165 2996 3677 3073">
     <span class='ocr_line' id='line_1_61' title="bbox 165 2996 3677 3073; baseline -0.002 -19"><span class='ocrx_word' id='word_1_408' title='bbox 165 3001 395 3067; x_wconf 80' lang='lat' dir='ltr'><strong><em>dentem,</em></strong></span> <span class='ocrx_word' id='word_1_409' title='bbox 446 3007 549 3056; x_wconf 86' lang='lat' dir='ltr'><strong><em>etc.</em></strong></span> <span class='ocrx_word' id='word_1_410' title='bbox 598 3002 864 3056; x_wconf 74' lang='lat' dir='ltr'><strong><em>Israelita:</em></strong></span> <span class='ocrx_word' id='word_1_411' title='bbox 922 3002 1023 3073; x_wconf 88' lang='lat' dir='ltr'><strong><em>qui</em></strong></span> <span class='ocrx_word' id='word_1_412' title='bbox 1069 3008 1227 3056; x_wconf 89' lang='lat' dir='ltr'><strong><em>trans</em></strong></span> <span class='ocrx_word' id='word_1_413' title='bbox 1284 3002 1588 3056; x_wconf 86' lang='lat' dir='ltr'><strong><em>Jordanem</em></strong></span> <span class='ocrx_word' id='word_1_414' title='bbox 1645 3016 1868 3069; x_wconf 89' lang='lat' dir='ltr'><strong><em>posses-</em></strong></span> <span class='ocrx_word' id='word_1_415' title='bbox 1900 3002 1940 3056; x_wconf 88' lang='lat' dir='ltr'>C</span> <span class='ocrx_word' id='word_1_416' title='bbox 1978 3002 2131 3057; x_wconf 87' lang='lat' dir='ltr'><strong><em>ﬁlius</em></strong></span> <span class='ocrx_word' id='word_1_417' title='bbox 2177 3001 2339 3065; x_wconf 83' lang='lat' dir='ltr'><strong><em>Abdi,</em></strong></span> <span class='ocrx_word' id='word_1_418' title='bbox 2391 3000 2446 3053; x_wconf 92' lang='lat' dir='ltr'><strong><em>id</em></strong></span> <span class='ocrx_word' id='word_1_419' title='bbox 2499 3004 2583 3054; x_wconf 91' lang='lat' dir='ltr'><strong><em>est</em></strong></span> <span class='ocrx_word' id='word_1_420' title='bbox 2627 2998 2804 3068; x_wconf 85' lang='lat' dir='ltr'><strong><em>patris</em></strong></span> <span class='ocrx_word' id='word_1_421' title='bbox 2830 2998 3048 3067; x_wconf 64' lang='lat' dir='ltr'><strong><em>gratiae,</em></strong></span> <span class='ocrx_word' id='word_1_422' title='bbox 3084 2996 3365 3066; x_wconf 88' lang='lat' dir='ltr'><strong><em>signiﬁcat</em></strong></span> <span class='ocrx_word' id='word_1_423' title='bbox 3391 2996 3677 3066; x_wconf 91' lang='lat' dir='ltr'><strong><em>apostolos</em></strong></span> 
     </span>
    </p>
   </div>
   <div class='ocr_carea' id='block_1_62' title="bbox 164 3089 1866 3161">
    <p class='ocr_par' dir='ltr' id='par_1_62' title="bbox 164 3089 1866 3161">
     <span class='ocr_line' id='line_1_62' title="bbox 164 3089 1866 3161; baseline 0.001 -19"><span class='ocrx_word' id='word_1_424' title='bbox 164 3090 388 3144; x_wconf 87' lang='lat' dir='ltr'><strong><em>sionem</em></strong></span> <span class='ocrx_word' id='word_1_425' title='bbox 429 3097 787 3160; x_wconf 86' lang='lat' dir='ltr'><strong><em>acceperunt,</em></strong></span> <span class='ocrx_word' id='word_1_426' title='bbox 831 3090 1159 3161; x_wconf 87' lang='lat' dir='ltr'><strong><em>signiﬁcant</em></strong></span> <span class='ocrx_word' id='word_1_427' title='bbox 1189 3108 1305 3156; x_wconf 91' lang='lat' dir='ltr'><strong><em>eos,</em></strong></span> <span class='ocrx_word' id='word_1_428' title='bbox 1339 3090 1439 3161; x_wconf 90' lang='lat' dir='ltr'><strong><em>qui</em></strong></span> <span class='ocrx_word' id='word_1_429' title='bbox 1471 3089 1866 3143; x_wconf 83' lang='lat' dir='ltr'><strong><em>mediocritate</em></strong></span> 
     </span>
    </p>
   </div>
   <div class='ocr_carea' id='block_1_63' title="bbox 162 3178 1867 3249">
    <p class='ocr_par' dir='ltr' id='par_1_63' title="bbox 162 3178 1867 3249">
     <span class='ocr_line' id='line_1_63' title="bbox 162 3178 1867 3249; baseline 0.001 -19"><span class='ocrx_word' id='word_1_430' title='bbox 162 3179 424 3232; x_wconf 85' lang='lat' dir='ltr'><strong><em>contenti</em></strong></span> <span class='ocrx_word' id='word_1_431' title='bbox 460 3195 649 3233; x_wconf 88' lang='lat' dir='ltr'><strong><em>arcem</em></strong></span> <span class='ocrx_word' id='word_1_432' title='bbox 689 3180 986 3245; x_wconf 89' lang='lat' dir='ltr'><strong><em>virtutum,</em></strong></span> <span class='ocrx_word' id='word_1_433' title='bbox 1029 3179 1438 3233; x_wconf 88' lang='lat' dir='ltr'><strong><em>turbulentiam</em></strong></span> <span class='ocrx_word' id='word_1_434' title='bbox 1474 3178 1643 3249; x_wconf 83' lang='lat' dir='ltr'><strong><em>hujus</em></strong></span> <span class='ocrx_word' id='word_1_435' title='bbox 1672 3178 1867 3232; x_wconf 62' lang='lat' dir='ltr'><strong><em>saeculi</em></strong></span> 
     </span>
    </p>
   </div>
   <div class='ocr_carea' id='block_1_64' title="bbox 157 3266 1866 3339">
    <p class='ocr_par' dir='ltr' id='par_1_64' title="bbox 157 3266 1866 3339">
     <span class='ocr_line' id='line_1_64' title="bbox 157 3266 1866 3339; baseline 0.001 -20"><span class='ocrx_word' id='word_1_436' title='bbox 157 3267 642 3334; x_wconf 86' lang='lat' dir='ltr'><strong><em>transcendendo,</em></strong></span> <span class='ocrx_word' id='word_1_437' title='bbox 702 3283 815 3320; x_wconf 92' lang='lat' dir='ltr'><strong><em>non</em></strong></span> <span class='ocrx_word' id='word_1_438' title='bbox 860 3272 1160 3339; x_wconf 90' lang='lat' dir='ltr'><strong><em>appetunt,</em></strong></span> <span class='ocrx_word' id='word_1_439' title='bbox 1213 3267 1310 3320; x_wconf 90' lang='lat' dir='ltr'><strong><em>sed</em></strong></span> <span class='ocrx_word' id='word_1_440' title='bbox 1356 3272 1548 3320; x_wconf 87' lang='lat' dir='ltr'><strong><em>tamen</em></strong></span> <span class='ocrx_word' id='word_1_441' title='bbox 1598 3266 1866 3320; x_wconf 88' lang='lat' dir='ltr'><strong><em>mandata</em></strong></span> 
     </span>
    </p>
   </div>
   <div class='ocr_carea' id='block_1_65' title="bbox 162 3355 1864 3426">
    <p class='ocr_par' dir='ltr' id='par_1_65' title="bbox 162 3355 1864 3426">
     <span class='ocr_line' id='line_1_65' title="bbox 162 3355 1864 3426; baseline 0 -19"><span class='ocrx_word' id='word_1_442' title='bbox 162 3355 262 3408; x_wconf 89' lang='lat' dir='ltr'><strong><em>Dei</em></strong></span> <span class='ocrx_word' id='word_1_443' title='bbox 313 3372 489 3425; x_wconf 89' lang='lat' dir='ltr'><strong><em>opere</em></strong></span> <span class='ocrx_word' id='word_1_444' title='bbox 537 3372 798 3410; x_wconf 82' lang='lat' dir='ltr'><strong><em>exercere</em></strong></span> <span class='ocrx_word' id='word_1_445' title='bbox 828 3372 939 3409; x_wconf 92' lang='lat' dir='ltr'><strong><em>non</em></strong></span> <span class='ocrx_word' id='word_1_446' title='bbox 999 3356 1322 3426; x_wconf 88' lang='lat' dir='ltr'><strong><em>negligunt.</em></strong></span> <span class='ocrx_word' id='word_1_447' title='bbox 1357 3355 1500 3419; x_wconf 85' lang='lat' dir='ltr'><strong><em>Quia</em></strong></span> <span class='ocrx_word' id='word_1_448' title='bbox 1530 3371 1662 3408; x_wconf 88' lang='lat' dir='ltr'><strong><em>vero</em></strong></span> <span class='ocrx_word' id='word_1_449' title='bbox 1696 3371 1864 3408; x_wconf 88' lang='lat' dir='ltr'><strong><em>nemo</em></strong></span> 
     </span>
    </p>
   </div>
   <div class='ocr_carea' id='block_1_66' title="bbox 156 3442 1865 3515">
    <p class='ocr_par' dir='ltr' id='par_1_66' title="bbox 156 3442 1865 3515">
     <span class='ocr_line' id='line_1_66' title="bbox 156 3442 1865 3515; baseline 0.002 -20"><span class='ocrx_word' id='word_1_450' title='bbox 156 3443 283 3496; x_wconf 63' lang='lat' dir='ltr'><strong><em>haec</em></strong></span> <span class='ocrx_word' id='word_1_451' title='bbox 324 3444 446 3513; x_wconf 87' lang='lat' dir='ltr'><strong><em>agit</em></strong></span> <span class='ocrx_word' id='word_1_452' title='bbox 498 3444 607 3497; x_wconf 89' lang='lat' dir='ltr'><strong><em>nisi</em></strong></span> <span class='ocrx_word' id='word_1_453' title='bbox 655 3445 803 3497; x_wconf 92' lang='lat' dir='ltr'><strong><em>dono</em></strong></span> <span class='ocrx_word' id='word_1_454' title='bbox 834 3446 955 3509; x_wconf 85' lang='lat' dir='ltr'><strong><em>Dei,</em></strong></span> <span class='ocrx_word' id='word_1_455' title='bbox 1013 3443 1059 3497; x_wconf 91' lang='lat' dir='ltr'><strong><em>is</em></strong></span> <span class='ocrx_word' id='word_1_456' title='bbox 1116 3443 1459 3515; x_wconf 65' lang='lat' dir='ltr'><strong><em>praepositus</em></strong></span> <span class='ocrx_word' id='word_1_457' title='bbox 1492 3442 1699 3496; x_wconf 88' lang='lat' dir='ltr'><strong><em>dicitur</em></strong></span> <span class='ocrx_word' id='word_1_458' title='bbox 1745 3461 1865 3499; x_wconf 90' lang='lat' dir='ltr'><strong><em>esse</em></strong></span> 
     </span>
    </p>
   </div>
   <div class='ocr_carea' id='block_1_67' title="bbox 156 3532 1863 3599">
    <p class='ocr_par' dir='ltr' id='par_1_67' title="bbox 156 3532 1863 3599">
     <span class='ocr_line' id='line_1_67' title="bbox 156 3532 1863 3599; baseline 0.001 -14"><span class='ocrx_word' id='word_1_459' title='bbox 156 3532 422 3598; x_wconf 78' lang='lat' dir='ltr'><strong><em>Asabias,</em></strong></span> <span class='ocrx_word' id='word_1_460' title='bbox 496 3532 553 3586; x_wconf 94' lang='lat' dir='ltr'><strong><em>id</em></strong></span> <span class='ocrx_word' id='word_1_461' title='bbox 628 3538 714 3586; x_wconf 91' lang='lat' dir='ltr'><strong><em>est</em></strong></span> <span class='ocrx_word' id='word_1_462' title='bbox 764 3536 1000 3599; x_wconf 84' lang='lat' dir='ltr'><strong><em>fuciente</em></strong></span> <span class='ocrx_word' id='word_1_463' title='bbox 1067 3534 1301 3599; x_wconf 87' lang='lat' dir='ltr'><strong><em>domino,</em></strong></span> <span class='ocrx_word' id='word_1_464' title='bbox 1352 3536 1416 3584; x_wconf 87' lang='lat' dir='ltr'><strong><em>ut</em></strong></span> <span class='ocrx_word' id='word_1_465' title='bbox 1488 3532 1679 3585; x_wconf 90' lang='lat' dir='ltr'><strong><em>dicant</em></strong></span> <span class='ocrx_word' id='word_1_466' title='bbox 1734 3548 1863 3587; x_wconf 91' lang='lat' dir='ltr'><strong><em>cum</em></strong></span> 
     </span>
    </p>
   </div>
   <div class='ocr_carea' id='block_1_68' title="bbox 156 3620 1863 3690">
    <p class='ocr_par' dir='ltr' id='par_1_68' title="bbox 156 3620 1863 3690">
     <span class='ocr_line' id='line_1_68' title="bbox 156 3620 1863 3690; baseline 0.002 -19"><span class='ocrx_word' id='word_1_467' title='bbox 156 3620 441 3689; x_wconf 82' lang='lat' dir='ltr'><strong><em>propheta</em></strong></span> <span class='ocrx_word' id='word_1_468' title='bbox 474 3638 485 3674; x_wconf 91' lang='lat'>:</span> <span class='ocrx_word' id='word_1_469' title='bbox 518 3623 712 3677; x_wconf 84' lang='lat' dir='ltr'><strong><em>Omnia</em></strong></span> <span class='ocrx_word' id='word_1_470' title='bbox 757 3638 920 3690; x_wconf 82' lang='lat' dir='ltr'><strong><em>opera</em></strong></span> <span class='ocrx_word' id='word_1_471' title='bbox 972 3628 1159 3675; x_wconf 86' lang='lat' dir='ltr'><strong><em>nostra</em></strong></span> <span class='ocrx_word' id='word_1_472' title='bbox 1213 3625 1465 3690; x_wconf 88' lang='lat' dir='ltr'><strong><em>operatus</em></strong></span> <span class='ocrx_word' id='word_1_473' title='bbox 1512 3636 1563 3675; x_wconf 86' lang='lat' dir='ltr'><strong><em>es</em></strong></span> <span class='ocrx_word' id='word_1_474' title='bbox 1604 3623 1661 3674; x_wconf 86' lang='lat' dir='ltr'><strong><em>in</em></strong></span> <span class='ocrx_word' id='word_1_475' title='bbox 1710 3622 1863 3675; x_wconf 86' lang='lat' dir='ltr'><strong><em>nobis</em></strong></span> 
     </span>
    </p>
   </div>
   <div class='ocr_carea' id='block_1_69' title="bbox 155 3711 551 3778">
    <p class='ocr_par' dir='ltr' id='par_1_69' title="bbox 155 3711 551 3778">
     <span class='ocr_line' id='line_1_69' title="bbox 155 3711 551 3778; baseline 0 -16"><span class='ocrx_word' id='word_1_476' title='bbox 155 3711 338 3772; x_wconf 54' lang='lat' dir='ltr'><strong><em>tPsal.</em></strong></span> <span class='ocrx_word' id='word_1_477' title='bbox 377 3712 551 3778; x_wconf 74' lang='lat' dir='ltr'><strong><em>xxvx).</em></strong></span> 
     </span>
    </p>
   </div>
   <div class='ocr_carea' id='block_1_70' title="bbox 224 3797 1864 3867">
    <p class='ocr_par' dir='ltr' id='par_1_70' title="bbox 224 3797 1864 3867">
     <span class='ocr_line' id='line_1_70' title="bbox 224 3797 1864 3867; baseline 0.002 -21"><span class='ocrx_word' id='word_1_478' title='bbox 224 3798 394 3851; x_wconf 79' lang='lat' dir='ltr'><strong><em>Vens.</em></strong></span> <span class='ocrx_word' id='word_1_479' title='bbox 448 3801 532 3851; x_wconf 87' lang='lat' dir='ltr'><strong><em>3t.</em></strong></span> <span class='ocrx_word' id='word_1_480' title='bbox 595 3828 653 3836; x_wconf 93' lang='lat'><strong>—</strong></span> <span class='ocrx_word' id='word_1_481' title='bbox 709 3797 1123 3852; x_wconf 83' lang='lat' dir='ltr'><strong><em>Hebronitarum</em></strong></span> <span class='ocrx_word' id='word_1_482' title='bbox 1202 3804 1380 3852; x_wconf 87' lang='lat' dir='ltr'><strong><em>autem</em></strong></span> <span class='ocrx_word' id='word_1_483' title='bbox 1456 3800 1710 3867; x_wconf 85' lang='lat' dir='ltr'><strong><em>princeps</em></strong></span> <span class='ocrx_word' id='word_1_484' title='bbox 1753 3799 1864 3864; x_wconf 82' lang='lat' dir='ltr'><strong><em>fuit</em></strong></span> 
     </span>
    </p>
   </div>
   <div class='ocr_carea' id='block_1_71' title="bbox 148 3883 1862 3951">
    <p class='ocr_par' dir='ltr' id='par_1_71' title="bbox 148 3883 1862 3951">
     <span class='ocr_line' id='line_1_71' title="bbox 148 3883 1862 3951; baseline -0.001 -14"><span class='ocrx_word' id='word_1_485' title='bbox 148 3885 311 3937; x_wconf 85' lang='lat' dir='ltr'><strong><em>Jeria</em></strong></span> <span class='ocrx_word' id='word_1_486' title='bbox 362 3883 657 3937; x_wconf 86' lang='lat' dir='ltr'><strong><em>secundum</em></strong></span> <span class='ocrx_word' id='word_1_487' title='bbox 724 3885 974 3948; x_wconf 82' lang='lat' dir='ltr'><strong><em>familias</em></strong></span> <span class='ocrx_word' id='word_1_488' title='bbox 1028 3889 1075 3937; x_wconf 90' lang='lat' dir='ltr'><strong><em>et</em></strong></span> <span class='ocrx_word' id='word_1_489' title='bbox 1143 3886 1483 3951; x_wconf 85' lang='lat' dir='ltr'><strong><em>cognationes</em></strong></span> <span class='ocrx_word' id='word_1_490' title='bbox 1539 3900 1738 3938; x_wconf 84' lang='lat' dir='ltr'><strong><em>eorum.</em></strong></span> <span class='ocrx_word' id='word_1_491' title='bbox 1800 3885 1862 3937; x_wconf 91' lang='lat' dir='ltr'><strong><em>In</em></strong></span> 
     </span>
    </p>
   </div>
   <div class='ocr_carea' id='block_1_72' title="bbox 152 3971 1864 4043">
    <p class='ocr_par' dir='ltr' id='par_1_72' title="bbox 152 3971 1864 4043">
     <span class='ocr_line' id='line_1_72' title="bbox 152 3971 1864 4043; baseline 0 -18"><span class='ocrx_word' id='word_1_492' title='bbox 152 3972 393 4025; x_wconf 86' lang='lat' dir='ltr'><strong><em>Hebrun</em></strong></span> <span class='ocrx_word' id='word_1_493' title='bbox 444 3971 614 4041; x_wconf 65' lang='lat' dir='ltr'><strong><em>coepit</em></strong></span> <span class='ocrx_word' id='word_1_494' title='bbox 659 3971 832 4025; x_wconf 88' lang='lat' dir='ltr'><strong><em>David</em></strong></span> <span class='ocrx_word' id='word_1_495' title='bbox 868 3988 1130 4042; x_wconf 86' lang='lat' dir='ltr'><strong><em>regnare,</em></strong></span> <span class='ocrx_word' id='word_1_496' title='bbox 1166 3972 1265 4042; x_wconf 87' lang='lat' dir='ltr'><strong><em>qui</em></strong></span> <span class='ocrx_word' id='word_1_497' title='bbox 1305 3972 1588 4043; x_wconf 90' lang='lat' dir='ltr'><strong><em>signiﬁcat</em></strong></span> <span class='ocrx_word' id='word_1_498' title='bbox 1618 3989 1727 4032; x_wconf 89' lang='lat' dir='ltr'><strong><em>eos,</em></strong></span> <span class='ocrx_word' id='word_1_499' title='bbox 1764 3972 1864 4043; x_wconf 91' lang='lat' dir='ltr'><strong><em>qui</em></strong></span> 
     </span>
    </p>
   </div>
   <div class='ocr_carea' id='block_1_73' title="bbox 149 4060 1865 4130">
    <p class='ocr_par' dir='ltr' id='par_1_73' title="bbox 149 4060 1865 4130">
     <span class='ocr_line' id='line_1_73' title="bbox 149 4060 1865 4130; baseline 0 -17"><span class='ocrx_word' id='word_1_500' title='bbox 149 4061 300 4113; x_wconf 87' lang='lat' dir='ltr'><strong><em>bene</em></strong></span> <span class='ocrx_word' id='word_1_501' title='bbox 351 4060 673 4114; x_wconf 88' lang='lat' dir='ltr'><strong><em>conversati</em></strong></span> <span class='ocrx_word' id='word_1_502' title='bbox 722 4060 1027 4129; x_wconf 90' lang='lat' dir='ltr'><strong><em>incipiunt,</em></strong></span> <span class='ocrx_word' id='word_1_503' title='bbox 1072 4061 1243 4115; x_wconf 88' lang='lat' dir='ltr'><strong><em>David</em></strong></span> <span class='ocrx_word' id='word_1_504' title='bbox 1276 4061 1335 4114; x_wconf 90' lang='lat' dir='ltr'><strong><em>in</em></strong></span> <span class='ocrx_word' id='word_1_505' title='bbox 1384 4061 1498 4115; x_wconf 90' lang='lat' dir='ltr'><strong><em>vita</em></strong></span> <span class='ocrx_word' id='word_1_506' title='bbox 1529 4077 1629 4114; x_wconf 90' lang='lat' dir='ltr'><strong><em>sua</em></strong></span> <span class='ocrx_word' id='word_1_507' title='bbox 1663 4066 1865 4130; x_wconf 86' lang='lat' dir='ltr'><strong><em>parant</em></strong></span> 
     </span>
    </p>
   </div>
   <div class='ocr_carea' id='block_1_74' title="bbox 152 4148 1861 4219">
    <p class='ocr_par' dir='ltr' id='par_1_74' title="bbox 152 4148 1861 4219">
     <span class='ocr_line' id='line_1_74' title="bbox 152 4148 1861 4219; baseline 0.001 -18"><span class='ocrx_word' id='word_1_508' title='bbox 152 4164 429 4219; x_wconf 89' lang='lat' dir='ltr'><strong><em>regnum.</em></strong></span> <span class='ocrx_word' id='word_1_509' title='bbox 484 4148 809 4202; x_wconf 86' lang='lat' dir='ltr'><strong><em>Hebronitis</em></strong></span> <span class='ocrx_word' id='word_1_510' title='bbox 854 4149 1053 4215; x_wconf 86' lang='lat' dir='ltr'><strong><em>Jerias,</em></strong></span> <span class='ocrx_word' id='word_1_511' title='bbox 1099 4149 1306 4203; x_wconf 90' lang='lat' dir='ltr'><strong><em>timens</em></strong></span> <span class='ocrx_word' id='word_1_512' title='bbox 1356 4149 1659 4203; x_wconf 90' lang='lat' dir='ltr'><strong><em>Dominum</em></strong></span> <span class='ocrx_word' id='word_1_513' title='bbox 1709 4149 1861 4218; x_wconf 89' lang='lat' dir='ltr'><strong><em>prin-</em></strong></span> 
     </span>
    </p>
   </div>
   <div class='ocr_carea' id='block_1_75' title="bbox 151 4237 1857 4307">
    <p class='ocr_par' dir='ltr' id='par_1_75' title="bbox 151 4237 1857 4307">
     <span class='ocr_line' id='line_1_75' title="bbox 151 4237 1857 4307; baseline 0.001 -17"><span class='ocrx_word' id='word_1_514' title='bbox 151 4253 290 4306; x_wconf 87' lang='lat' dir='ltr'><strong><em>ceps</em></strong></span> <span class='ocrx_word' id='word_1_515' title='bbox 344 4241 453 4302; x_wconf 88' lang='lat' dir='ltr'><strong><em>est,</em></strong></span> <span class='ocrx_word' id='word_1_516' title='bbox 495 4237 630 4306; x_wconf 89' lang='lat' dir='ltr'><strong><em>quia</em></strong></span> <span class='ocrx_word' id='word_1_517' title='bbox 678 4238 895 4291; x_wconf 86' lang='lat' dir='ltr'><strong><em>initium</em></strong></span> <span class='ocrx_word' id='word_1_518' title='bbox 924 4239 1209 4306; x_wconf 79' lang='lat' dir='ltr'><strong><em>sapientia:</em></strong></span> <span class='ocrx_word' id='word_1_519' title='bbox 1248 4242 1405 4292; x_wconf 87' lang='lat' dir='ltr'><strong><em>timor</em></strong></span> <span class='ocrx_word' id='word_1_520' title='bbox 1446 4240 1663 4291; x_wconf 82' lang='lat' dir='ltr'><strong><em>Domini</em></strong></span> <span class='ocrx_word' id='word_1_521' title='bbox 1693 4238 1857 4307; x_wconf 82' lang='lat' dir='ltr'><strong><em>(Psal.</em></strong></span> 
     </span>
    </p>
   </div>
   <div class='ocr_carea' id='block_1_76' title="bbox 154 4324 1931 4396">
    <p class='ocr_par' dir='ltr' id='par_1_76' title="bbox 154 4324 1931 4396">
     <span class='ocr_line' id='line_1_76' title="bbox 154 4324 1931 4396; baseline 0.001 -18"><span class='ocrx_word' id='word_1_522' title='bbox 154 4324 247 4395; x_wconf 83' lang='lat' dir='ltr'><strong><em>cx)</em></strong></span> <span class='ocrx_word' id='word_1_523' title='bbox 284 4325 517 4379; x_wconf 83' lang='lat' dir='ltr'><strong><em>Hebron</em></strong></span> <span class='ocrx_word' id='word_1_524' title='bbox 555 4340 688 4378; x_wconf 89' lang='lat' dir='ltr'><strong><em>vero</em></strong></span> <span class='ocrx_word' id='word_1_525' title='bbox 736 4324 1147 4395; x_wconf 86' lang='lat' dir='ltr'><strong><em>interpretatur</em></strong></span> <span class='ocrx_word' id='word_1_526' title='bbox 1174 4324 1505 4396; x_wconf 88' lang='lat' dir='ltr'><strong><em>conjugium</em></strong></span> <span class='ocrx_word' id='word_1_527' title='bbox 1537 4342 1549 4378; x_wconf 89' lang='lat'><strong>:</strong></span> <span class='ocrx_word' id='word_1_528' title='bbox 1582 4328 1678 4393; x_wconf 89' lang='lat' dir='ltr'><strong><em>qui</em></strong></span> <span class='ocrx_word' id='word_1_529' title='bbox 1723 4328 1861 4379; x_wconf 88' lang='lat' dir='ltr'><strong><em>enim</em></strong></span> <span class='ocrx_word' id='word_1_530' title='bbox 1893 4335 1931 4387; x_wconf 82' lang='grc' dir='ltr'><strong><em>ι)</em></strong></span> 
     </span>
    </p>
   </div>
   <div class='ocr_carea' id='block_1_77' title="bbox 152 4414 1867 4482">
    <p class='ocr_par' dir='ltr' id='par_1_77' title="bbox 152 4414 1867 4482">
     <span class='ocr_line' id='line_1_77' title="bbox 152 4414 1867 4482; baseline 0.001 -15"><span class='ocrx_word' id='word_1_531' title='bbox 152 4417 331 4479; x_wconf 85' lang='lat' dir='ltr'><strong><em>timet,</em></strong></span> <span class='ocrx_word' id='word_1_532' title='bbox 415 4414 635 4482; x_wconf 80' lang='lat' dir='ltr'><strong><em>proficit</em></strong></span> <span class='ocrx_word' id='word_1_533' title='bbox 705 4418 765 4466; x_wconf 87' lang='lat' dir='ltr'><strong><em>ut</em></strong></span> <span class='ocrx_word' id='word_1_534' title='bbox 833 4418 991 4481; x_wconf 87' lang='lat' dir='ltr'><strong><em>amet,</em></strong></span> <span class='ocrx_word' id='word_1_535' title='bbox 1052 4418 1103 4468; x_wconf 83' lang='lat' dir='ltr'><strong><em>et</em></strong></span> <span class='ocrx_word' id='word_1_536' title='bbox 1163 4416 1317 4480; x_wconf 85' lang='lat' dir='ltr'><strong><em>foras</em></strong></span> <span class='ocrx_word' id='word_1_537' title='bbox 1381 4415 1563 4468; x_wconf 85' lang='lat' dir='ltr'><strong><em>mittat</em></strong></span> <span class='ocrx_word' id='word_1_538' title='bbox 1626 4416 1867 4468; x_wconf 88' lang='lat' dir='ltr'><strong><em>timorem</em></strong></span> 
     </span>
    </p>
   </div>
   <div class='ocr_carea' id='block_1_78' title="bbox 153 4502 551 4571">
    <p class='ocr_par' dir='ltr' id='par_1_78' title="bbox 153 4502 551 4571">
     <span class='ocr_line' id='line_1_78' title="bbox 153 4502 551 4571; baseline -0.005 -16"><span class='ocrx_word' id='word_1_539' title='bbox 153 4502 209 4569; x_wconf 88' lang='lat' dir='ltr'><strong><em>(I</em></strong></span> <span class='ocrx_word' id='word_1_540' title='bbox 233 4503 416 4556; x_wconf 88' lang='lat' dir='ltr'><strong><em>Joan.</em></strong></span> <span class='ocrx_word' id='word_1_541' title='bbox 453 4503 551 4571; x_wconf 72' lang='grc' dir='ltr'><strong><em>ιν).</em></strong></span> 
     </span>
    </p>
   </div>
   <div class='ocr_carea' id='block_1_79' title="bbox 784 4571 1249 4628">
    <p class='ocr_par' dir='ltr' id='par_1_79' title="bbox 784 4571 1249 4628">
     <span class='ocr_line' id='line_1_79' title="bbox 784 4571 1249 4628; baseline 0 -3"><span class='ocrx_word' id='word_1_542' title='bbox 784 4571 1008 4626; x_wconf 78' lang='lat' dir='ltr'><strong><em>CAPUT</em></strong></span> <span class='ocrx_word' id='word_1_543' title='bbox 1044 4572 1249 4628; x_wconf 82' lang='lat' dir='ltr'><strong><em>XXVII.</em></strong></span> 
     </span>
    </p>
   </div>
   <div class='ocr_carea' id='block_1_80' title="bbox 222 4677 1866 4747">
    <p class='ocr_par' dir='ltr' id='par_1_80' title="bbox 222 4677 1866 4747">
     <span class='ocr_line' id='line_1_80' title="bbox 222 4677 1866 4747; baseline -0.001 -16"><span class='ocrx_word' id='word_1_544' title='bbox 222 4680 393 4732; x_wconf 79' lang='lat' dir='ltr'><strong><em>Vens.</em></strong></span> <span class='ocrx_word' id='word_1_545' title='bbox 429 4677 521 4730; x_wconf 73' lang='grc'><strong><em>24.</em></strong></span> <span class='ocrx_word' id='word_1_546' title='bbox 553 4705 622 4717; x_wconf 89' lang='grc'><strong>-</strong></span> <span class='ocrx_word' id='word_1_547' title='bbox 672 4678 789 4733; x_wconf 83' lang='grc' dir='ltr'><strong><em>Νοη</em></strong></span> <span class='ocrx_word' id='word_1_548' title='bbox 817 4681 896 4732; x_wconf 88' lang='lat' dir='ltr'><strong><em>est</em></strong></span> <span class='ocrx_word' id='word_1_549' title='bbox 932 4677 1139 4733; x_wconf 80' lang='lat' dir='ltr'><strong><em>relatus</em></strong></span> <span class='ocrx_word' id='word_1_550' title='bbox 1191 4681 1249 4731; x_wconf 87' lang='lat' dir='ltr'><strong><em>in</em></strong></span> <span class='ocrx_word' id='word_1_551' title='bbox 1277 4680 1469 4744; x_wconf 81' lang='lat' dir='ltr'><strong><em>fastos.</em></strong></span> <span class='ocrx_word' id='word_1_552' title='bbox 1508 4678 1691 4747; x_wconf 73' lang='grc' dir='ltr'><strong><em>(ΗΑΒ.)</em></strong></span> <span class='ocrx_word' id='word_1_553' title='bbox 1724 4677 1866 4741; x_wconf 88' lang='lat' dir='ltr'><strong><em>Quia</em></strong></span> 
     </span>
    </p>
   </div>
   <div class='ocr_carea' id='block_1_81' title="bbox 150 4764 1865 4837">
    <p class='ocr_par' dir='ltr' id='par_1_81' title="bbox 150 4764 1865 4837">
     <span class='ocr_line' id='line_1_81' title="bbox 150 4764 1865 4837; baseline 0 -19"><span class='ocrx_word' id='word_1_554' title='bbox 150 4764 605 4837; x_wconf 87' lang='lat' dir='ltr'><strong><em>superveniente</em></strong></span> <span class='ocrx_word' id='word_1_555' title='bbox 666 4764 751 4819; x_wconf 88' lang='lat' dir='ltr'><strong><em>ira</em></strong></span> <span class='ocrx_word' id='word_1_556' title='bbox 818 4765 1189 4819; x_wconf 88' lang='lat' dir='ltr'><strong><em>conturbatus</em></strong></span> <span class='ocrx_word' id='word_1_557' title='bbox 1265 4770 1348 4818; x_wconf 90' lang='lat' dir='ltr'><strong><em>est</em></strong></span> <span class='ocrx_word' id='word_1_558' title='bbox 1402 4781 1698 4831; x_wconf 90' lang='lat' dir='ltr'><strong><em>numerus,</em></strong></span> <span class='ocrx_word' id='word_1_559' title='bbox 1764 4780 1865 4818; x_wconf 91' lang='lat' dir='ltr'><strong><em>nec</em></strong></span> 
     </span>
    </p>
   </div>
   <div class='ocr_carea' id='block_1_82' title="bbox 144 4853 1517 4925">
    <p class='ocr_par' dir='ltr' id='par_1_82' title="bbox 144 4853 1517 4925">
     <span class='ocr_line' id='line_1_82' title="bbox 144 4853 1517 4925; baseline -0.002 -16"><span class='ocrx_word' id='word_1_560' title='bbox 144 4856 318 4925; x_wconf 82' lang='lat' dir='ltr'><strong><em>juxta</em></strong></span> <span class='ocrx_word' id='word_1_561' title='bbox 347 4869 485 4909; x_wconf 89' lang='lat' dir='ltr'><strong><em>eum</em></strong></span> <span class='ocrx_word' id='word_1_562' title='bbox 510 4853 744 4907; x_wconf 84' lang='lat' dir='ltr'><strong><em>fuerunt</em></strong></span> <span class='ocrx_word' id='word_1_563' title='bbox 773 4853 1063 4907; x_wconf 87' lang='lat' dir='ltr'><strong><em>distributi</em></strong></span> <span class='ocrx_word' id='word_1_564' title='bbox 1092 4854 1153 4907; x_wconf 88' lang='lat' dir='ltr'><strong><em>in</em></strong></span> <span class='ocrx_word' id='word_1_565' title='bbox 1184 4853 1517 4907; x_wconf 87' lang='lat' dir='ltr'><strong><em>ministeria.</em></strong></span> 
     </span>
    </p>
   </div>
   <div class='ocr_carea' id='block_1_83' title="bbox 216 4942 1867 5011">
    <p class='ocr_par' dir='ltr' id='par_1_83' title="bbox 216 4942 1867 5011">
     <span class='ocr_line' id='line_1_83' title="bbox 216 4942 1867 5011; baseline 0 -16"><span class='ocrx_word' id='word_1_566' title='bbox 216 4946 398 4999; x_wconf 81' lang='lat' dir='ltr'><strong><em>Vens.</em></strong></span> <span class='ocrx_word' id='word_1_567' title='bbox 460 4945 549 4997; x_wconf 77' lang='lat'><strong><em>25.</em></strong></span> <span class='ocrx_word' id='word_1_568' title='bbox 585 4972 654 4983; x_wconf 89' lang='lat'><strong><em>-—</em></strong></span> <span class='ocrx_word' id='word_1_569' title='bbox 682 4944 857 5011; x_wconf 85' lang='lat' dir='ltr'><strong><em>Super</em></strong></span> <span class='ocrx_word' id='word_1_570' title='bbox 900 4944 1198 5007; x_wconf 85' lang='lat' dir='ltr'><strong><em>thesauros,</em></strong></span> <span class='ocrx_word' id='word_1_571' title='bbox 1232 4948 1337 4998; x_wconf 90' lang='lat' dir='ltr'><strong><em>etc.</em></strong></span> <span class='ocrx_word' id='word_1_572' title='bbox 1377 4943 1501 5011; x_wconf 80' lang='grc' dir='ltr'><strong><em>(Ιυ.)</em></strong></span> <span class='ocrx_word' id='word_1_573' title='bbox 1544 4942 1867 4996; x_wconf 87' lang='lat' dir='ltr'><strong><em>Thesaurus</em></strong></span> 
     </span>
    </p>
   </div>
   <div class='ocr_carea' id='block_1_84' title="bbox 151 5028 1868 5101">
    <p class='ocr_par' dir='ltr' id='par_1_84' title="bbox 151 5028 1868 5101">
     <span class='ocr_line' id='line_1_84' title="bbox 151 5028 1868 5101; baseline -0.004 -14"><span class='ocrx_word' id='word_1_574' title='bbox 151 5032 373 5088; x_wconf 85' lang='lat' dir='ltr'><strong><em>Christi</em></strong></span> <span class='ocrx_word' id='word_1_575' title='bbox 424 5030 684 5099; x_wconf 85' lang='lat' dir='ltr'><strong><em>scientia,</em></strong></span> <span class='ocrx_word' id='word_1_576' title='bbox 741 5030 1023 5101; x_wconf 87' lang='lat' dir='ltr'><strong><em>sapientia</em></strong></span> <span class='ocrx_word' id='word_1_577' title='bbox 1078 5030 1319 5095; x_wconf 86' lang='lat' dir='ltr'><strong><em>virtutis,</em></strong></span> <span class='ocrx_word' id='word_1_578' title='bbox 1372 5046 1436 5083; x_wconf 87' lang='lat' dir='ltr'><strong><em>ex</em></strong></span> <span class='ocrx_word' id='word_1_579' title='bbox 1485 5028 1573 5083; x_wconf 91' lang='lat' dir='ltr'><strong><em>his</em></strong></span> <span class='ocrx_word' id='word_1_580' title='bbox 1623 5029 1868 5082; x_wconf 89' lang='lat' dir='ltr'><strong><em>honorat</em></strong></span> 
     </span>
    </p>
   </div>
   <div class='ocr_carea' id='block_1_85' title="bbox 152 5116 1867 5188">
    <p class='ocr_par' dir='ltr' id='par_1_85' title="bbox 152 5116 1867 5188">
     <span class='ocr_line' id='line_1_85' title="bbox 152 5116 1867 5188; baseline -0.002 -16"><span class='ocrx_word' id='word_1_581' title='bbox 152 5121 480 5174; x_wconf 85' lang='lat' dir='ltr'><strong><em>servientes</em></strong></span> <span class='ocrx_word' id='word_1_582' title='bbox 528 5117 659 5173; x_wconf 90' lang='lat' dir='ltr'><strong><em>sibi.</em></strong></span> <span class='ocrx_word' id='word_1_583' title='bbox 718 5117 815 5174; x_wconf 83' lang='lat' dir='ltr'><strong><em>His</em></strong></span> <span class='ocrx_word' id='word_1_584' title='bbox 866 5117 1180 5188; x_wconf 68' lang='lat' dir='ltr'><strong><em>prmﬁcitur</em></strong></span> <span class='ocrx_word' id='word_1_585' title='bbox 1227 5118 1488 5183; x_wconf 88' lang='lat' dir='ltr'><strong><em>Azmoth,</em></strong></span> <span class='ocrx_word' id='word_1_586' title='bbox 1540 5116 1641 5187; x_wconf 88' lang='lat' dir='ltr'><strong><em>qui</em></strong></span> <span class='ocrx_word' id='word_1_587' title='bbox 1688 5117 1867 5169; x_wconf 89' lang='lat' dir='ltr'><strong><em>inter-</em></strong></span> 
     </span>
    </p>
   </div>
   <div class='ocr_carea' id='block_1_86' title="bbox 152 5204 1867 5278">
    <p class='ocr_par' dir='ltr' id='par_1_86' title="bbox 152 5204 1867 5278">
     <span class='ocr_line' id='line_1_86' title="bbox 152 5204 1867 5278; baseline -0.002 -16"><span class='ocrx_word' id='word_1_588' title='bbox 152 5214 427 5278; x_wconf 85' lang='lat' dir='ltr'><strong><em>pretatur</em></strong></span> <span class='ocrx_word' id='word_1_589' title='bbox 467 5206 632 5261; x_wconf 89' lang='lat' dir='ltr'><strong><em>fortis</em></strong></span> <span class='ocrx_word' id='word_1_590' title='bbox 663 5212 866 5273; x_wconf 90' lang='lat' dir='ltr'><strong><em>morte,</em></strong></span> <span class='ocrx_word' id='word_1_591' title='bbox 897 5207 1155 5261; x_wconf 89' lang='lat' dir='ltr'><strong><em>doctrina</em></strong></span> <span class='ocrx_word' id='word_1_592' title='bbox 1185 5208 1339 5260; x_wconf 91' lang='lat' dir='ltr'><strong><em>enim</em></strong></span> <span class='ocrx_word' id='word_1_593' title='bbox 1372 5206 1479 5260; x_wconf 91' lang='lat' dir='ltr'><strong><em>viri</em></strong></span> <span class='ocrx_word' id='word_1_594' title='bbox 1510 5222 1612 5276; x_wconf 88' lang='lat' dir='ltr'><strong><em>per</em></strong></span> <span class='ocrx_word' id='word_1_595' title='bbox 1649 5204 1867 5276; x_wconf 85' lang='lat' dir='ltr'><strong><em>patien-</em></strong></span> 
     </span>
    </p>
   </div>
   <div class='ocr_carea' id='block_1_87' title="bbox 157 5295 1868 5365">
    <p class='ocr_par' dir='ltr' id='par_1_87' title="bbox 157 5295 1868 5365">
     <span class='ocr_line' id='line_1_87' title="bbox 157 5295 1868 5365; baseline -0.002 -14"><span class='ocrx_word' id='word_1_596' title='bbox 157 5297 299 5351; x_wconf 86' lang='lat' dir='ltr'><strong><em>tiam</em></strong></span> <span class='ocrx_word' id='word_1_597' title='bbox 337 5295 727 5365; x_wconf 81' lang='lat' dir='ltr'><strong><em>dignoscitur;</em></strong></span> <span class='ocrx_word' id='word_1_598' title='bbox 770 5296 921 5350; x_wconf 88' lang='lat' dir='ltr'><strong><em>unde</em></strong></span> <span class='ocrx_word' id='word_1_599' title='bbox 956 5312 969 5350; x_wconf 88' lang='lat'><strong>:</strong></span> <span class='ocrx_word' id='word_1_600' title='bbox 1008 5296 1209 5351; x_wconf 83' lang='lat' dir='ltr'><strong><em>Melior</em></strong></span> <span class='ocrx_word' id='word_1_601' title='bbox 1236 5300 1313 5350; x_wconf 86' lang='lat' dir='ltr'><strong><em>est</em></strong></span> <span class='ocrx_word' id='word_1_602' title='bbox 1341 5299 1557 5365; x_wconf 84' lang='lat' dir='ltr'><strong><em>patiens</em></strong></span> <span class='ocrx_word' id='word_1_603' title='bbox 1586 5297 1703 5349; x_wconf 79' lang='lat' dir='ltr'><strong><em>viro</em></strong></span> <span class='ocrx_word' id='word_1_604' title='bbox 1732 5296 1868 5361; x_wconf 80' lang='lat' dir='ltr'><strong><em>forti</em></strong></span> 
     </span>
    </p>
   </div>
   <div class='ocr_carea' id='block_1_88' title="bbox 157 5384 1866 5454">
    <p class='ocr_par' dir='ltr' id='par_1_88' title="bbox 157 5384 1866 5454">
     <span class='ocr_line' id='line_1_88' title="bbox 157 5384 1866 5454; baseline -0.004 -12"><span class='ocrx_word' id='word_1_605' title='bbox 157 5388 340 5453; x_wconf 79' lang='lat' dir='ltr'><strong><em>(Prov.</em></strong></span> <span class='ocrx_word' id='word_1_606' title='bbox 406 5387 521 5451; x_wconf 76' lang='lat' dir='ltr'><strong><em>xw)</em></strong></span> <span class='ocrx_word' id='word_1_607' title='bbox 584 5386 826 5439; x_wconf 89' lang='lat' dir='ltr'><strong><em>Azmoth</em></strong></span> <span class='ocrx_word' id='word_1_608' title='bbox 890 5385 1064 5439; x_wconf 89' lang='lat' dir='ltr'><strong><em>etiam</em></strong></span> <span class='ocrx_word' id='word_1_609' title='bbox 1131 5384 1282 5438; x_wconf 82' lang='lat' dir='ltr'><strong><em>ﬁlius</em></strong></span> <span class='ocrx_word' id='word_1_610' title='bbox 1336 5385 1517 5451; x_wconf 81' lang='lat' dir='ltr'><strong><em>Adiel,</em></strong></span> <span class='ocrx_word' id='word_1_611' title='bbox 1552 5384 1651 5454; x_wconf 88' lang='lat' dir='ltr'><strong><em>qui</em></strong></span> <span class='ocrx_word' id='word_1_612' title='bbox 1684 5384 1866 5437; x_wconf 89' lang='lat' dir='ltr'><strong><em>inter-</em></strong></span> 
     </span>
    </p>
   </div>
   <div class='ocr_carea' id='block_1_89' title="bbox 161 5464 1865 5545">
    <p class='ocr_par' dir='ltr' id='par_1_89' title="bbox 161 5464 1865 5545">
     <span class='ocr_line' id='line_1_89' title="bbox 161 5464 1865 5545; baseline -0.003 -15"><span class='ocrx_word' id='word_1_613' title='bbox 161 5464 429 5545; x_wconf 85' lang='lat' dir='ltr'><strong><em>pretatur</em></strong></span> <span class='ocrx_word' id='word_1_614' title='bbox 460 5478 621 5542; x_wconf 89' lang='lat' dir='ltr'><strong><em>pater</em></strong></span> <span class='ocrx_word' id='word_1_615' title='bbox 652 5490 814 5529; x_wconf 88' lang='lat' dir='ltr'><strong><em>meus</em></strong></span> <span class='ocrx_word' id='word_1_616' title='bbox 838 5476 1004 5529; x_wconf 89' lang='lat' dir='ltr'><strong><em>Deus.</em></strong></span> <span class='ocrx_word' id='word_1_617' title='bbox 1040 5472 1332 5545; x_wconf 89' lang='lat' dir='ltr'><strong><em>Quidquid</em></strong></span> <span class='ocrx_word' id='word_1_618' title='bbox 1363 5473 1519 5528; x_wconf 90' lang='lat' dir='ltr'><strong><em>enim</em></strong></span> <span class='ocrx_word' id='word_1_619' title='bbox 1549 5472 1725 5526; x_wconf 89' lang='lat' dir='ltr'><strong><em>sancti</em></strong></span> <span class='ocrx_word' id='word_1_620' title='bbox 1752 5472 1865 5525; x_wconf 88' lang='lat' dir='ltr'><strong><em>vir-</em></strong></span> 
     </span>
    </p>
   </div>
   <div class='ocr_carea' id='block_1_90' title="bbox 162 5562 1132 5628">
    <p class='ocr_par' dir='ltr' id='par_1_90' title="bbox 162 5562 1132 5628">
     <span class='ocr_line' id='line_1_90' title="bbox 162 5562 1132 5628; baseline -0.001 -11"><span class='ocrx_word' id='word_1_621' title='bbox 162 5570 355 5619; x_wconf 87' lang='lat' dir='ltr'><strong><em>tutum</em></strong></span> <span class='ocrx_word' id='word_1_622' title='bbox 386 5562 617 5628; x_wconf 87' lang='lat' dir='ltr'><strong><em>habent,</em></strong></span> <span class='ocrx_word' id='word_1_623' title='bbox 647 5564 762 5619; x_wconf 87' lang='lat' dir='ltr'><strong><em>Deo</em></strong></span> <span class='ocrx_word' id='word_1_624' title='bbox 793 5563 1132 5618; x_wconf 86' lang='lat' dir='ltr'><strong><em>attribuunt.</em></strong></span> 
     </span>
    </p>
   </div>
   <div class='ocr_carea' id='block_1_91' title="bbox 1978 3081 3675 3153">
    <p class='ocr_par' dir='ltr' id='par_1_91' title="bbox 1978 3081 3675 3153">
     <span class='ocr_line' id='line_1_91' title="bbox 1978 3081 3675 3153; baseline -0.005 -10"><span class='ocrx_word' id='word_1_625' title='bbox 1978 3090 2105 3143; x_wconf 89' lang='lat' dir='ltr'><strong><em>aliis</em></strong></span> <span class='ocrx_word' id='word_1_626' title='bbox 2149 3088 2471 3143; x_wconf 78' lang='lat' dir='ltr'><strong><em>doctoribus</em></strong></span> <span class='ocrx_word' id='word_1_627' title='bbox 2520 3086 2795 3139; x_wconf 91' lang='lat' dir='ltr'><strong><em>electione</em></strong></span> <span class='ocrx_word' id='word_1_628' title='bbox 2852 3084 3082 3138; x_wconf 88' lang='lat' dir='ltr'><strong><em>Domini</em></strong></span> <span class='ocrx_word' id='word_1_629' title='bbox 3119 3085 3433 3153; x_wconf 72' lang='lat' dir='ltr'><strong><em>praefectos,</em></strong></span> <span class='ocrx_word' id='word_1_630' title='bbox 3468 3081 3675 3152; x_wconf 86' lang='lat' dir='ltr'><strong><em>quibus</em></strong></span> 
     </span>
    </p>
   </div>
   <div class='ocr_carea' id='block_1_92' title="bbox 1979 3170 3674 3242">
    <p class='ocr_par' dir='ltr' id='par_1_92' title="bbox 1979 3170 3674 3242">
     <span class='ocr_line' id='line_1_92' title="bbox 1979 3170 3674 3242; baseline -0.005 -11"><span class='ocrx_word' id='word_1_631' title='bbox 1979 3178 2186 3232; x_wconf 86' lang='lat' dir='ltr'><strong><em>dicitur</em></strong></span> <span class='ocrx_word' id='word_1_632' title='bbox 2216 3193 2229 3229; x_wconf 90' lang='lat'><strong>:</strong></span> <span class='ocrx_word' id='word_1_633' title='bbox 2257 3176 2525 3230; x_wconf 82' lang='lat' dir='ltr'><strong><em>Sedebitis</em></strong></span> <span class='ocrx_word' id='word_1_634' title='bbox 2578 3181 2628 3228; x_wconf 85' lang='lat' dir='ltr'><strong><em>et</em></strong></span> <span class='ocrx_word' id='word_1_635' title='bbox 2668 3189 2759 3228; x_wconf 82' lang='lat' dir='ltr'><strong><em>vos</em></strong></span> <span class='ocrx_word' id='word_1_636' title='bbox 2789 3189 2950 3242; x_wconf 88' lang='lat' dir='ltr'><strong><em>super</em></strong></span> <span class='ocrx_word' id='word_1_637' title='bbox 2977 3173 3257 3226; x_wconf 83' lang='lat' dir='ltr'><strong><em>duodecim</em></strong></span> <span class='ocrx_word' id='word_1_638' title='bbox 3294 3172 3465 3239; x_wconf 89' lang='lat' dir='ltr'><strong><em>sedes,</em></strong></span> <span class='ocrx_word' id='word_1_639' title='bbox 3517 3170 3674 3240; x_wconf 85' lang='lat' dir='ltr'><strong><em>judi-</em></strong></span> 
     </span>
    </p>
   </div>
   <div class='ocr_carea' id='block_1_93' title="bbox 1976 3261 3269 3331">
    <p class='ocr_par' dir='ltr' id='par_1_93' title="bbox 1976 3261 3269 3331">
     <span class='ocr_line' id='line_1_93' title="bbox 1976 3261 3269 3331; baseline -0.007 -10"><span class='ocrx_word' id='word_1_640' title='bbox 1976 3275 2154 3321; x_wconf 86' lang='lat' dir='ltr'><strong><em>cantes</em></strong></span> <span class='ocrx_word' id='word_1_641' title='bbox 2188 3265 2467 3319; x_wconf 83' lang='lat' dir='ltr'><strong><em>duodecim</em></strong></span> <span class='ocrx_word' id='word_1_642' title='bbox 2497 3265 2671 3317; x_wconf 79' lang='lat' dir='ltr'><strong><em>tribus</em></strong></span> <span class='ocrx_word' id='word_1_643' title='bbox 2712 3264 2878 3316; x_wconf 85' lang='lat' dir='ltr'><strong><em>Israel</em></strong></span> <span class='ocrx_word' id='word_1_644' title='bbox 2911 3261 3105 3331; x_wconf 78' lang='lat' dir='ltr'><strong><em>(Math.</em></strong></span> <span class='ocrx_word' id='word_1_645' title='bbox 3139 3261 3269 3326; x_wconf 63' lang='grc' dir='ltr'><strong><em>χιε).</em></strong></span> 
     </span>
    </p>
   </div>
   <div class='ocr_carea' id='block_1_94' title="bbox 2047 3347 3667 3419">
    <p class='ocr_par' dir='ltr' id='par_1_94' title="bbox 2047 3347 3667 3419">
     <span class='ocr_line' id='line_1_94' title="bbox 2047 3347 3667 3419; baseline -0.005 -12"><span class='ocrx_word' id='word_1_646' title='bbox 2047 3355 2209 3407; x_wconf 83' lang='lat' dir='ltr'><strong><em>Vens.</em></strong></span> <span class='ocrx_word' id='word_1_647' title='bbox 2271 3356 2356 3407; x_wconf 87' lang='grc'><strong><em>30.</em></strong></span> <span class='ocrx_word' id='word_1_648' title='bbox 2396 3380 2469 3392; x_wconf 89' lang='grc'><strong><em>-</em></strong></span> <span class='ocrx_word' id='word_1_649' title='bbox 2505 3353 2679 3419; x_wconf 84' lang='lat' dir='ltr'><strong><em>Super</em></strong></span> <span class='ocrx_word' id='word_1_650' title='bbox 2722 3351 2949 3403; x_wconf 86' lang='lat' dir='ltr'><strong><em>camelos</em></strong></span> <span class='ocrx_word' id='word_1_651' title='bbox 3002 3365 3123 3402; x_wconf 85' lang='lat' dir='ltr'><strong><em>vero</em></strong></span> <span class='ocrx_word' id='word_1_652' title='bbox 3177 3348 3298 3403; x_wconf 87' lang='lat' dir='ltr'><strong><em>Ubil</em></strong></span> <span class='ocrx_word' id='word_1_653' title='bbox 3342 3347 3667 3412; x_wconf 87' lang='lat' dir='ltr'><strong><em>Ismaelites,</em></strong></span> 
     </span>
    </p>
   </div>
   <div class='ocr_carea' id='block_1_95' title="bbox 1975 3435 3666 3511">
    <p class='ocr_par' dir='ltr' id='par_1_95' title="bbox 1975 3435 3666 3511">
     <span class='ocr_line' id='line_1_95' title="bbox 1975 3435 3666 3511; baseline -0.006 -14"><span class='ocrx_word' id='word_1_654' title='bbox 1975 3448 2024 3497; x_wconf 88' lang='lat' dir='ltr'><strong><em>et</em></strong></span> <span class='ocrx_word' id='word_1_655' title='bbox 2065 3458 2226 3511; x_wconf 88' lang='lat' dir='ltr'><strong><em>super</em></strong></span> <span class='ocrx_word' id='word_1_656' title='bbox 2281 3444 2461 3495; x_wconf 85' lang='lat' dir='ltr'><strong><em>asinos</em></strong></span> <span class='ocrx_word' id='word_1_657' title='bbox 2511 3440 2731 3495; x_wconf 86' lang='lat' dir='ltr'><strong><em>Jadias.</em></strong></span> <span class='ocrx_word' id='word_1_658' title='bbox 2789 3438 3071 3491; x_wconf 85' lang='lat' dir='ltr'><strong><em>Deformia</em></strong></span> <span class='ocrx_word' id='word_1_659' title='bbox 3117 3442 3172 3490; x_wconf 91' lang='lat' dir='ltr'><strong><em>et</em></strong></span> <span class='ocrx_word' id='word_1_660' title='bbox 3206 3435 3503 3489; x_wconf 89' lang='lat' dir='ltr'><strong><em>immunda</em></strong></span> <span class='ocrx_word' id='word_1_661' title='bbox 3535 3439 3666 3488; x_wconf 90' lang='lat' dir='ltr'><strong><em>sunt</em></strong></span> 
     </span>
    </p>
   </div>
   <div class='ocr_carea' id='block_1_96' title="bbox 1974 3522 3672 3598">
    <p class='ocr_par' dir='ltr' id='par_1_96' title="bbox 1974 3522 3672 3598">
     <span class='ocr_line' id='line_1_96' title="bbox 1974 3522 3672 3598; baseline -0.007 -12"><span class='ocrx_word' id='word_1_662' title='bbox 1974 3532 2097 3586; x_wconf 71' lang='lat' dir='ltr'><strong><em>haec</em></strong></span> <span class='ocrx_word' id='word_1_663' title='bbox 2137 3529 2426 3595; x_wconf 87' lang='lat' dir='ltr'><strong><em>animalia,</em></strong></span> <span class='ocrx_word' id='word_1_664' title='bbox 2471 3533 2527 3582; x_wconf 90' lang='lat' dir='ltr'><strong><em>et</em></strong></span> <span class='ocrx_word' id='word_1_665' title='bbox 2571 3528 2894 3598; x_wconf 87' lang='lat' dir='ltr'><strong><em>signiﬁcant</em></strong></span> <span class='ocrx_word' id='word_1_666' title='bbox 2932 3526 3171 3596; x_wconf 87' lang='lat' dir='ltr'><strong><em>gentiles</em></strong></span> <span class='ocrx_word' id='word_1_667' title='bbox 3209 3529 3439 3595; x_wconf 89' lang='lat' dir='ltr'><strong><em>peccato</em></strong></span> <span class='ocrx_word' id='word_1_668' title='bbox 3471 3522 3672 3578; x_wconf 87' lang='lat' dir='ltr'><strong><em>distor-</em></strong></span> 
     </span>
    </p>
   </div>
   <div class='ocr_carea' id='block_1_97' title="bbox 1976 3613 3673 3683">
    <p class='ocr_par' dir='ltr' id='par_1_97' title="bbox 1976 3613 3673 3683">
     <span class='ocr_line' id='line_1_97' title="bbox 1976 3613 3673 3683; baseline -0.008 -8"><span class='ocrx_word' id='word_1_669' title='bbox 1976 3627 2063 3675; x_wconf 90' lang='lat' dir='ltr'><strong><em>tos</em></strong></span> <span class='ocrx_word' id='word_1_670' title='bbox 2093 3624 2148 3674; x_wconf 89' lang='lat' dir='ltr'><strong><em>et</em></strong></span> <span class='ocrx_word' id='word_1_671' title='bbox 2200 3618 2436 3673; x_wconf 90' lang='lat' dir='ltr'><strong><em>libidine</em></strong></span> <span class='ocrx_word' id='word_1_672' title='bbox 2486 3617 2834 3682; x_wconf 90' lang='lat' dir='ltr'><strong><em>immundos,</em></strong></span> <span class='ocrx_word' id='word_1_673' title='bbox 2879 3616 2975 3668; x_wconf 90' lang='lat' dir='ltr'><strong><em>sed</em></strong></span> <span class='ocrx_word' id='word_1_674' title='bbox 3006 3616 3064 3667; x_wconf 91' lang='lat' dir='ltr'><strong><em>in</em></strong></span> <span class='ocrx_word' id='word_1_675' title='bbox 3096 3631 3339 3683; x_wconf 84' lang='lat' dir='ltr'><strong><em>regnum</em></strong></span> <span class='ocrx_word' id='word_1_676' title='bbox 3368 3613 3547 3666; x_wconf 88' lang='lat' dir='ltr'><strong><em>nostri</em></strong></span> <span class='ocrx_word' id='word_1_677' title='bbox 3578 3614 3673 3667; x_wconf 89' lang='lat' dir='ltr'><strong><em>Da-</em></strong></span> 
     </span>
    </p>
   </div>
   <div class='ocr_carea' id='block_1_98' title="bbox 1977 3698 3672 3773">
    <p class='ocr_par' dir='ltr' id='par_1_98' title="bbox 1977 3698 3672 3773">
     <span class='ocr_line' id='line_1_98' title="bbox 1977 3698 3672 3773; baseline -0.006 -12"><span class='ocrx_word' id='word_1_678' title='bbox 1977 3708 2066 3763; x_wconf 91' lang='lat' dir='ltr'><strong><em>vid</em></strong></span> <span class='ocrx_word' id='word_1_679' title='bbox 2131 3708 2425 3761; x_wconf 90' lang='lat' dir='ltr'><strong><em>venientes</em></strong></span> <span class='ocrx_word' id='word_1_680' title='bbox 2471 3704 2684 3758; x_wconf 89' lang='lat' dir='ltr'><strong><em>habent</em></strong></span> <span class='ocrx_word' id='word_1_681' title='bbox 2737 3704 3037 3773; x_wconf 88' lang='lat' dir='ltr'><strong><em>magistros</em></strong></span> <span class='ocrx_word' id='word_1_682' title='bbox 3089 3703 3209 3757; x_wconf 88' lang='lat' dir='ltr'><strong><em>Ubil</em></strong></span> <span class='ocrx_word' id='word_1_683' title='bbox 3243 3706 3300 3754; x_wconf 91' lang='lat' dir='ltr'><strong><em>et</em></strong></span> <span class='ocrx_word' id='word_1_684' title='bbox 3331 3701 3538 3760; x_wconf 83' lang='lat' dir='ltr'><strong><em>Jadias,</em></strong></span> <span class='ocrx_word' id='word_1_685' title='bbox 3576 3698 3672 3769; x_wconf 90' lang='lat' dir='ltr'><strong><em>qui</em></strong></span> 
     </span>
    </p>
   </div>
   <div class='ocr_carea' id='block_1_99' title="bbox 1974 3788 3667 3867">
    <p class='ocr_par' dir='ltr' id='par_1_99' title="bbox 1974 3788 3667 3867">
     <span class='ocr_line' id='line_1_99' title="bbox 1974 3788 3667 3867; baseline -0.007 -17"><span class='ocrx_word' id='word_1_686' title='bbox 1974 3800 2307 3867; x_wconf 89' lang='lat' dir='ltr'><strong><em>spernentes</em></strong></span> <span class='ocrx_word' id='word_1_687' title='bbox 2331 3792 2754 3865; x_wconf 90' lang='lat' dir='ltr'><strong><em>philosophiam</em></strong></span> <span class='ocrx_word' id='word_1_688' title='bbox 2786 3796 2841 3844; x_wconf 90' lang='lat' dir='ltr'><strong><em>et</em></strong></span> <span class='ocrx_word' id='word_1_689' title='bbox 2868 3792 3097 3843; x_wconf 85' lang='lat' dir='ltr'><strong><em>inanem</em></strong></span> <span class='ocrx_word' id='word_1_690' title='bbox 3131 3789 3414 3842; x_wconf 84' lang='lat' dir='ltr'><strong><em>fallaciam</em></strong></span> <span class='ocrx_word' id='word_1_691' title='bbox 3449 3788 3667 3850; x_wconf 87' lang='lat' dir='ltr'><strong><em>mundi,</em></strong></span> 
     </span>
    </p>
   </div>
   <div class='ocr_carea' id='block_1_100' title="bbox 1974 3877 3671 3955">
    <p class='ocr_par' dir='ltr' id='par_1_100' title="bbox 1974 3877 3671 3955">
     <span class='ocr_line' id='line_1_100' title="bbox 1974 3877 3671 3955; baseline -0.007 -16"><span class='ocrx_word' id='word_1_692' title='bbox 1974 3887 2269 3955; x_wconf 88' lang='lat' dir='ltr'><strong><em>elegerunt</em></strong></span> <span class='ocrx_word' id='word_1_693' title='bbox 2319 3881 2739 3951; x_wconf 87' lang='lat' dir='ltr'><strong><em>simplicitatem</em></strong></span> <span class='ocrx_word' id='word_1_694' title='bbox 2769 3879 3082 3949; x_wconf 87' lang='lat' dir='ltr'><strong><em>Evangelii,</em></strong></span> <span class='ocrx_word' id='word_1_695' title='bbox 3115 3884 3386 3947; x_wconf 87' lang='lat' dir='ltr'><strong><em>tanquam</em></strong></span> <span class='ocrx_word' id='word_1_696' title='bbox 3428 3877 3671 3929; x_wconf 89' lang='lat' dir='ltr'><strong><em>humiles</em></strong></span> 
     </span>
    </p>
   </div>
   <div class='ocr_carea' id='block_1_101' title="bbox 1974 3965 3670 4042">
    <p class='ocr_par' dir='ltr' id='par_1_101' title="bbox 1974 3965 3670 4042">
     <span class='ocr_line' id='line_1_101' title="bbox 1974 3965 3670 4042; baseline -0.007 -14"><span class='ocrx_word' id='word_1_697' title='bbox 1974 3980 2029 4028; x_wconf 89' lang='lat' dir='ltr'><strong><em>et</em></strong></span> <span class='ocrx_word' id='word_1_698' title='bbox 2084 3972 2351 4042; x_wconf 85' lang='lat' dir='ltr'><strong><em>despecti,</em></strong></span> <span class='ocrx_word' id='word_1_699' title='bbox 2406 3970 2554 4022; x_wconf 87' lang='lat' dir='ltr'><strong><em>unde</em></strong></span> <span class='ocrx_word' id='word_1_700' title='bbox 2590 3985 2602 4021; x_wconf 94' lang='lat'>:</span> <span class='ocrx_word' id='word_1_701' title='bbox 2636 3969 2696 4023; x_wconf 87' lang='lat' dir='ltr'><strong><em>Si</em></strong></span> <span class='ocrx_word' id='word_1_702' title='bbox 2725 3971 2847 4036; x_wconf 84' lang='lat' dir='ltr'><strong><em>quis</em></strong></span> <span class='ocrx_word' id='word_1_703' title='bbox 2899 3967 3114 4020; x_wconf 78' lang='lat' dir='ltr'><strong><em>videtur</em></strong></span> <span class='ocrx_word' id='word_1_704' title='bbox 3146 3969 3285 4019; x_wconf 88' lang='lat' dir='ltr'><strong><em>inter</em></strong></span> <span class='ocrx_word' id='word_1_705' title='bbox 3337 3979 3423 4017; x_wconf 73' lang='lat' dir='ltr'><strong><em>vos</em></strong></span> <span class='ocrx_word' id='word_1_706' title='bbox 3455 3965 3670 4032; x_wconf 87' lang='lat' dir='ltr'><strong><em>sapiens</em></strong></span> 
     </span>
    </p>
   </div>
   <div class='ocr_carea' id='block_1_102' title="bbox 1975 4056 2796 4127">
    <p class='ocr_par' dir='ltr' id='par_1_102' title="bbox 1975 4056 2796 4127">
     <span class='ocr_line' id='line_1_102' title="bbox 1975 4056 2796 4127; baseline -0.013 -9"><span class='ocrx_word' id='word_1_707' title='bbox 1975 4080 2103 4127; x_wconf 84' lang='lat' dir='ltr'><strong><em>esse,</em></strong></span> <span class='ocrx_word' id='word_1_708' title='bbox 2128 4062 2325 4115; x_wconf 87' lang='lat' dir='ltr'><strong><em>stultus</em></strong></span> <span class='ocrx_word' id='word_1_709' title='bbox 2354 4062 2451 4127; x_wconf 83' lang='lat' dir='ltr'><strong><em>fiat</em></strong></span> <span class='ocrx_word' id='word_1_710' title='bbox 2475 4058 2522 4127; x_wconf 80' lang='grc' dir='ltr'><strong><em>(Ι</em></strong></span> <span class='ocrx_word' id='word_1_711' title='bbox 2540 4059 2669 4110; x_wconf 85' lang='lat' dir='ltr'><strong><em>Cor.</em></strong></span> <span class='ocrx_word' id='word_1_712' title='bbox 2698 4056 2796 4122; x_wconf 83' lang='grc' dir='ltr'><strong><em>ιιι).</em></strong></span> 
     </span>
    </p>
   </div>
   <div class='ocr_carea' id='block_1_103' title="bbox 2048 4139 3666 4212">
    <p class='ocr_par' dir='ltr' id='par_1_103' title="bbox 2048 4139 3666 4212">
     <span class='ocr_line' id='line_1_103' title="bbox 2048 4139 3666 4212; baseline -0.007 -9"><span class='ocrx_word' id='word_1_713' title='bbox 2048 4152 2210 4203; x_wconf 79' lang='lat' dir='ltr'><strong><em>Vens.</em></strong></span> <span class='ocrx_word' id='word_1_714' title='bbox 2242 4151 2327 4202; x_wconf 83' lang='lat'><strong><em>32.</em></strong></span> <span class='ocrx_word' id='word_1_715' title='bbox 2362 4174 2430 4186; x_wconf 92' lang='lat'><strong><em>--</em></strong></span> <span class='ocrx_word' id='word_1_716' title='bbox 2472 4145 2775 4198; x_wconf 85' lang='lat' dir='ltr'><strong><em>Jonathan.</em></strong></span> <span class='ocrx_word' id='word_1_717' title='bbox 2814 4141 3166 4212; x_wconf 67' lang='lat' dir='ltr'><strong><em>(RAB.)§Cum</em></strong></span> <span class='ocrx_word' id='word_1_718' title='bbox 3213 4140 3494 4193; x_wconf 86' lang='lat' dir='ltr'><strong><em>Jonathan</em></strong></span> <span class='ocrx_word' id='word_1_719' title='bbox 3541 4139 3666 4203; x_wconf 84' lang='lat' dir='ltr'><strong><em>fuit,</em></strong></span> 
     </span>
    </p>
   </div>
   <div class='ocr_carea' id='block_1_104' title="bbox 1975 4230 3668 4305">
    <p class='ocr_par' dir='ltr' id='par_1_104' title="bbox 1975 4230 3668 4305">
     <span class='ocr_line' id='line_1_104' title="bbox 1975 4230 3668 4305; baseline -0.006 -13"><span class='ocrx_word' id='word_1_720' title='bbox 1975 4245 2105 4304; x_wconf 85' lang='lat' dir='ltr'><strong><em>etc.,</em></strong></span> <span class='ocrx_word' id='word_1_721' title='bbox 2138 4252 2305 4305; x_wconf 85' lang='lat' dir='ltr'><strong><em>usque</em></strong></span> <span class='ocrx_word' id='word_1_722' title='bbox 2360 4234 2433 4287; x_wconf 85' lang='lat' dir='ltr'><strong><em>ad</em></strong></span> <span class='ocrx_word' id='word_1_723' title='bbox 2465 4234 2614 4287; x_wconf 89' lang='lat' dir='ltr'><strong><em>unde</em></strong></span> <span class='ocrx_word' id='word_1_724' title='bbox 2649 4249 2661 4285; x_wconf 89' lang='lat'><strong>:</strong></span> <span class='ocrx_word' id='word_1_725' title='bbox 2695 4233 2868 4300; x_wconf 85' lang='lat' dir='ltr'><strong><em>Super</em></strong></span> <span class='ocrx_word' id='word_1_726' title='bbox 2905 4246 3059 4298; x_wconf 86' lang='lat' dir='ltr'><strong><em>quem</em></strong></span> <span class='ocrx_word' id='word_1_727' title='bbox 3105 4232 3397 4299; x_wconf 81' lang='lat' dir='ltr'><strong><em>requiescet</em></strong></span> <span class='ocrx_word' id='word_1_728' title='bbox 3425 4230 3668 4296; x_wconf 84' lang='lat' dir='ltr'><strong><em>Spiritus</em></strong></span> 
     </span>
    </p>
   </div>
   <div class='ocr_carea' id='block_1_105' title="bbox 1972 4320 3668 4391">
    <p class='ocr_par' dir='ltr' id='par_1_105' title="bbox 1972 4320 3668 4391">
     <span class='ocr_line' id='line_1_105' title="bbox 1972 4320 3668 4391; baseline -0.006 -11"><span class='ocrx_word' id='word_1_729' title='bbox 1972 4341 2138 4391; x_wconf 87' lang='lat' dir='ltr'><strong><em>meus,</em></strong></span> <span class='ocrx_word' id='word_1_730' title='bbox 2194 4327 2301 4377; x_wconf 84' lang='lat' dir='ltr'><strong><em>nisi</em></strong></span> <span class='ocrx_word' id='word_1_731' title='bbox 2364 4338 2526 4390; x_wconf 87' lang='lat' dir='ltr'><strong><em>super</em></strong></span> <span class='ocrx_word' id='word_1_732' title='bbox 2575 4320 2828 4373; x_wconf 87' lang='lat' dir='ltr'><strong><em>humilem</em></strong></span> <span class='ocrx_word' id='word_1_733' title='bbox 2882 4324 2930 4371; x_wconf 88' lang='lat' dir='ltr'><strong><em>et</em></strong></span> <span class='ocrx_word' id='word_1_734' title='bbox 2985 4320 3223 4385; x_wconf 79' lang='lat' dir='ltr'><strong><em>quietum</em></strong></span> <span class='ocrx_word' id='word_1_735' title='bbox 3271 4322 3321 4369; x_wconf 84' lang='lat' dir='ltr'><strong><em>et</em></strong></span> <span class='ocrx_word' id='word_1_736' title='bbox 3366 4320 3668 4369; x_wconf 88' lang='lat' dir='ltr'><strong><em>trementem</em></strong></span> 
     </span>
    </p>
   </div>
   <div class='ocr_carea' id='block_1_106' title="bbox 1974 4413 2444 4469">
    <p class='ocr_par' dir='ltr' id='par_1_106' title="bbox 1974 4413 2444 4469">
     <span class='ocr_line' id='line_1_106' title="bbox 1974 4413 2444 4469; baseline -0.013 0"><span class='ocrx_word' id='word_1_737' title='bbox 1974 4428 2235 4469; x_wconf 73' lang='lat' dir='ltr'><strong><em>sermones</em></strong></span> <span class='ocrx_word' id='word_1_738' title='bbox 2266 4413 2444 4465; x_wconf 83' lang='lat' dir='ltr'><strong><em>meos?</em></strong></span> 
     </span>
    </p>
   </div>
   <div class='ocr_carea' id='block_1_107' title="bbox 2045 4491 3669 4568">
    <p class='ocr_par' dir='ltr' id='par_1_107' title="bbox 2045 4491 3669 4568">
     <span class='ocr_line' id='line_1_107' title="bbox 2045 4491 3669 4568; baseline -0.007 -13"><span class='ocrx_word' id='word_1_739' title='bbox 2045 4499 2370 4568; x_wconf 83' lang='lat' dir='ltr'><strong><em>Achitophel</em></strong></span> <span class='ocrx_word' id='word_1_740' title='bbox 2418 4499 2483 4566; x_wconf 50' lang='grc' dir='ltr'><strong><em>χιι</em></strong></span> <span class='ocrx_word' id='word_1_741' title='bbox 2513 4499 2641 4565; x_wconf 81' lang='lat' dir='ltr'><strong><em>Reg.</em></strong></span> <span class='ocrx_word' id='word_1_742' title='bbox 2696 4497 2827 4562; x_wconf 75' lang='lat' dir='ltr'><strong><em>xw).</em></strong></span> <span class='ocrx_word' id='word_1_743' title='bbox 2878 4493 2985 4558; x_wconf 91' lang='lat' dir='ltr'><strong><em>Qui</em></strong></span> <span class='ocrx_word' id='word_1_744' title='bbox 3010 4498 3206 4563; x_wconf 88' lang='lat' dir='ltr'><strong><em>postea</em></strong></span> <span class='ocrx_word' id='word_1_745' title='bbox 3236 4491 3546 4562; x_wconf 85' lang='lat' dir='ltr'><strong><em>cupiditate</em></strong></span> <span class='ocrx_word' id='word_1_746' title='bbox 3577 4491 3669 4545; x_wconf 89' lang='lat' dir='ltr'><strong><em>de-</em></strong></span> 
     </span>
    </p>
   </div>
   <div class='ocr_carea' id='block_1_108' title="bbox 1972 4579 3672 4660">
    <p class='ocr_par' dir='ltr' id='par_1_108' title="bbox 1972 4579 3672 4660">
     <span class='ocr_line' id='line_1_108' title="bbox 1972 4579 3672 4660; baseline -0.006 -18"><span class='ocrx_word' id='word_1_747' title='bbox 1972 4594 2241 4660; x_wconf 87' lang='lat' dir='ltr'><strong><em>pravatus</em></strong></span> <span class='ocrx_word' id='word_1_748' title='bbox 2293 4602 2421 4640; x_wconf 91' lang='lat' dir='ltr'><strong><em>cum</em></strong></span> <span class='ocrx_word' id='word_1_749' title='bbox 2470 4584 2718 4638; x_wconf 82' lang='lat' dir='ltr'><strong><em>Absalon</em></strong></span> <span class='ocrx_word' id='word_1_750' title='bbox 2768 4584 2834 4636; x_wconf 90' lang='lat' dir='ltr'><strong><em>de</em></strong></span> <span class='ocrx_word' id='word_1_751' title='bbox 2888 4599 3022 4636; x_wconf 86' lang='lat' dir='ltr'><strong><em>noce</em></strong></span> <span class='ocrx_word' id='word_1_752' title='bbox 3071 4582 3242 4635; x_wconf 87' lang='lat' dir='ltr'><strong><em>David</em></strong></span> <span class='ocrx_word' id='word_1_753' title='bbox 3292 4579 3569 4646; x_wconf 86' lang='lat' dir='ltr'><strong><em>tractavit,</em></strong></span> <span class='ocrx_word' id='word_1_754' title='bbox 3616 4582 3672 4632; x_wconf 90' lang='lat' dir='ltr'><strong><em>et</em></strong></span> 
     </span>
    </p>
   </div>
   <div class='ocr_carea' id='block_1_109' title="bbox 1973 4666 3670 4746">
    <p class='ocr_par' dir='ltr' id='par_1_109' title="bbox 1973 4666 3670 4746">
     <span class='ocr_line' id='line_1_109' title="bbox 1973 4666 3670 4746; baseline -0.008 -15"><span class='ocrx_word' id='word_1_755' title='bbox 1973 4678 2385 4746; x_wconf 68' lang='lat' dir='ltr'><strong><em>interpretatur</em></strong></span> <span class='ocrx_word' id='word_1_756' title='bbox 2440 4674 2615 4727; x_wconf 87' lang='lat' dir='ltr'><strong><em>frater</em></strong></span> <span class='ocrx_word' id='word_1_757' title='bbox 2666 4688 2826 4725; x_wconf 90' lang='lat' dir='ltr'><strong><em>meus</em></strong></span> <span class='ocrx_word' id='word_1_758' title='bbox 2878 4671 3103 4734; x_wconf 80' lang='lat' dir='ltr'><strong><em>cadens,</em></strong></span> <span class='ocrx_word' id='word_1_759' title='bbox 3162 4670 3251 4723; x_wconf 90' lang='lat' dir='ltr'><strong><em>vel</em></strong></span> <span class='ocrx_word' id='word_1_760' title='bbox 3301 4669 3524 4722; x_wconf 86' lang='lat' dir='ltr'><strong><em>irruens</em></strong></span> <span class='ocrx_word' id='word_1_761' title='bbox 3581 4666 3670 4719; x_wconf 88' lang='lat' dir='ltr'><strong><em>vel</em></strong></span> 
     </span>
    </p>
   </div>
   <div class='ocr_carea' id='block_1_110' title="bbox 1970 4753 3671 4828">
    <p class='ocr_par' dir='ltr' id='par_1_110' title="bbox 1970 4753 3671 4828">
     <span class='ocr_line' id='line_1_110' title="bbox 1970 4753 3671 4828; baseline -0.009 -8"><span class='ocrx_word' id='word_1_762' title='bbox 1970 4769 2235 4819; x_wconf 84' lang='lat' dir='ltr'><strong><em>tractans.</em></strong></span> <span class='ocrx_word' id='word_1_763' title='bbox 2288 4763 2385 4817; x_wconf 89' lang='lat' dir='ltr'><strong><em>Hic</em></strong></span> <span class='ocrx_word' id='word_1_764' title='bbox 2432 4765 2517 4815; x_wconf 86' lang='lat' dir='ltr'><strong><em>est</em></strong></span> <span class='ocrx_word' id='word_1_765' title='bbox 2544 4761 2718 4815; x_wconf 79' lang='lat' dir='ltr'><strong><em>ludas</em></strong></span> <span class='ocrx_word' id='word_1_766' title='bbox 2761 4759 3037 4822; x_wconf 87' lang='lat' dir='ltr'><strong><em>Scarioth,</em></strong></span> <span class='ocrx_word' id='word_1_767' title='bbox 3072 4758 3170 4828; x_wconf 88' lang='lat' dir='ltr'><strong><em>qui</em></strong></span> <span class='ocrx_word' id='word_1_768' title='bbox 3203 4757 3353 4809; x_wconf 90' lang='lat' dir='ltr'><strong><em>inter</em></strong></span> <span class='ocrx_word' id='word_1_769' title='bbox 3382 4753 3671 4824; x_wconf 75' lang='lat' dir='ltr'><strong><em>apostolos</em></strong></span> 
     </span>
    </p>
   </div>
   <div class='ocr_carea' id='block_1_111' title="bbox 1971 4840 3667 4915">
    <p class='ocr_par' dir='ltr' id='par_1_111' title="bbox 1971 4840 3667 4915">
     <span class='ocr_line' id='line_1_111' title="bbox 1971 4840 3667 4915; baseline -0.008 -9"><span class='ocrx_word' id='word_1_770' title='bbox 1971 4851 2270 4906; x_wconf 82' lang='lat' dir='ltr'><strong><em>familiaris</em></strong></span> <span class='ocrx_word' id='word_1_771' title='bbox 2302 4850 2546 4905; x_wconf 89' lang='lat' dir='ltr'><strong><em>Domino</em></strong></span> <span class='ocrx_word' id='word_1_772' title='bbox 2578 4848 2704 4913; x_wconf 85' lang='lat' dir='ltr'><strong><em>fuit,</em></strong></span> <span class='ocrx_word' id='word_1_773' title='bbox 2738 4846 2833 4900; x_wconf 88' lang='lat' dir='ltr'><strong><em>sed</em></strong></span> <span class='ocrx_word' id='word_1_774' title='bbox 2864 4850 3057 4915; x_wconf 91' lang='lat' dir='ltr'><strong><em>postea</em></strong></span> <span class='ocrx_word' id='word_1_775' title='bbox 3083 4860 3212 4896; x_wconf 91' lang='lat' dir='ltr'><strong><em>cum</em></strong></span> <span class='ocrx_word' id='word_1_776' title='bbox 3242 4843 3452 4895; x_wconf 71' lang='lat' dir='ltr'><strong><em>Iudaeis</em></strong></span> <span class='ocrx_word' id='word_1_777' title='bbox 3482 4840 3667 4894; x_wconf 87' lang='lat' dir='ltr'><strong><em>avari-</em></strong></span> 
     </span>
    </p>
   </div>
   <div class='ocr_carea' id='block_1_112' title="bbox 1974 4932 3670 5010">
    <p class='ocr_par' dir='ltr' id='par_1_112' title="bbox 1974 4932 3670 5010">
     <span class='ocr_line' id='line_1_112' title="bbox 1974 4932 3670 5010; baseline -0.009 -14"><span class='ocrx_word' id='word_1_778' title='bbox 1974 4941 2053 4995; x_wconf 88' lang='lat' dir='ltr'><strong><em>tia</em></strong></span> <span class='ocrx_word' id='word_1_779' title='bbox 2106 4944 2407 5010; x_wconf 88' lang='lat' dir='ltr'><strong><em>corruptus</em></strong></span> <span class='ocrx_word' id='word_1_780' title='bbox 2461 4939 2530 4992; x_wconf 91' lang='lat' dir='ltr'><strong><em>de</em></strong></span> <span class='ocrx_word' id='word_1_781' title='bbox 2605 4941 2784 4990; x_wconf 86' lang='lat' dir='ltr'><strong><em>morte</em></strong></span> <span class='ocrx_word' id='word_1_782' title='bbox 2842 4935 2961 5003; x_wconf 83' lang='lat' dir='ltr'><strong><em>ejus</em></strong></span> <span class='ocrx_word' id='word_1_783' title='bbox 3011 4932 3325 4997; x_wconf 86' lang='lat' dir='ltr'><strong><em>tractando,</em></strong></span> <span class='ocrx_word' id='word_1_784' title='bbox 3378 4934 3670 5000; x_wconf 68' lang='lat' dir='ltr'><strong><em>perpetua:</em></strong></span> 
     </span>
    </p>
   </div>
   <div class='ocr_carea' id='block_1_113' title="bbox 1975 5019 3666 5093">
    <p class='ocr_par' dir='ltr' id='par_1_113' title="bbox 1975 5019 3666 5093">
     <span class='ocr_line' id='line_1_113' title="bbox 1975 5019 3666 5093; baseline -0.007 -10"><span class='ocrx_word' id='word_1_785' title='bbox 1975 5029 2173 5083; x_wconf 87' lang='lat' dir='ltr'><strong><em>mortis</em></strong></span> <span class='ocrx_word' id='word_1_786' title='bbox 2226 5028 2451 5081; x_wconf 88' lang='lat' dir='ltr'><strong><em>ruinam</em></strong></span> <span class='ocrx_word' id='word_1_787' title='bbox 2483 5024 2711 5089; x_wconf 88' lang='lat' dir='ltr'><strong><em>meruit,</em></strong></span> <span class='ocrx_word' id='word_1_788' title='bbox 2763 5023 2860 5093; x_wconf 88' lang='lat' dir='ltr'><strong><em>qui</em></strong></span> <span class='ocrx_word' id='word_1_789' title='bbox 2891 5021 3083 5087; x_wconf 89' lang='lat' dir='ltr'><strong><em>etiam,</em></strong></span> <span class='ocrx_word' id='word_1_790' title='bbox 3113 5019 3422 5073; x_wconf 78' lang='lat' dir='ltr'><strong><em>secundum</em></strong></span> <span class='ocrx_word' id='word_1_791' title='bbox 3458 5019 3666 5071; x_wconf 90' lang='lat' dir='ltr'><strong><em>librum</em></strong></span> 
     </span>
    </p>
   </div>
   <div class='ocr_carea' id='block_1_114' title="bbox 1975 5108 3673 5188">
    <p class='ocr_par' dir='ltr' id='par_1_114' title="bbox 1975 5108 3673 5188">
     <span class='ocr_line' id='line_1_114' title="bbox 1975 5108 3673 5188; baseline -0.008 -15"><span class='ocrx_word' id='word_1_792' title='bbox 1975 5120 2219 5188; x_wconf 83' lang='lat' dir='ltr'><strong><em>Regum,</em></strong></span> <span class='ocrx_word' id='word_1_793' title='bbox 2280 5117 2483 5185; x_wconf 88' lang='lat' dir='ltr'><strong><em>laqueo</em></strong></span> <span class='ocrx_word' id='word_1_794' title='bbox 2545 5130 2604 5166; x_wconf 90' lang='lat' dir='ltr'><strong><em>se</em></strong></span> <span class='ocrx_word' id='word_1_795' title='bbox 2663 5110 2977 5180; x_wconf 90' lang='lat' dir='ltr'><strong><em>suspendit.</em></strong></span> <span class='ocrx_word' id='word_1_796' title='bbox 3039 5111 3282 5164; x_wconf 84' lang='lat' dir='ltr'><strong><em>Possunt</em></strong></span> <span class='ocrx_word' id='word_1_797' title='bbox 3340 5108 3513 5161; x_wconf 86' lang='lat' dir='ltr'><strong><em>etiam</em></strong></span> <span class='ocrx_word' id='word_1_798' title='bbox 3572 5123 3673 5177; x_wconf 91' lang='lat' dir='ltr'><strong><em>per</em></strong></span> 
     </span>
    </p>
   </div>
   <div class='ocr_carea' id='block_1_115' title="bbox 1975 5196 3670 5275">
    <p class='ocr_par' dir='ltr' id='par_1_115' title="bbox 1975 5196 3670 5275">
     <span class='ocr_line' id='line_1_115' title="bbox 1975 5196 3670 5275; baseline -0.007 -15"><span class='ocrx_word' id='word_1_799' title='bbox 1975 5205 2311 5275; x_wconf 81' lang='lat' dir='ltr'><strong><em>Achitophel</em></strong></span> <span class='ocrx_word' id='word_1_800' title='bbox 2354 5200 2534 5257; x_wconf 70' lang='lat' dir='ltr'><strong><em>Judaei</em></strong></span> <span class='ocrx_word' id='word_1_801' title='bbox 2593 5198 2925 5270; x_wconf 88' lang='lat' dir='ltr'><strong><em>signiﬁcari,</em></strong></span> <span class='ocrx_word' id='word_1_802' title='bbox 2977 5196 3077 5267; x_wconf 89' lang='lat' dir='ltr'><strong><em>qui</em></strong></span> <span class='ocrx_word' id='word_1_803' title='bbox 3110 5198 3333 5250; x_wconf 87' lang='lat' dir='ltr'><strong><em>Patrem</em></strong></span> <span class='ocrx_word' id='word_1_804' title='bbox 3380 5211 3670 5264; x_wconf 81' lang='lat' dir='ltr'><strong><em>praeroga-</em></strong></span> 
     </span>
    </p>
   </div>
   <div class='ocr_carea' id='block_1_116' title="bbox 1975 5282 3670 5361">
    <p class='ocr_par' dir='ltr' id='par_1_116' title="bbox 1975 5282 3670 5361">
     <span class='ocr_line' id='line_1_116' title="bbox 1975 5282 3670 5361; baseline -0.008 -14"><span class='ocrx_word' id='word_1_805' title='bbox 1975 5294 2089 5347; x_wconf 85' lang='lat' dir='ltr'><strong><em>tiva</em></strong></span> <span class='ocrx_word' id='word_1_806' title='bbox 2144 5290 2451 5361; x_wconf 89' lang='lat' dir='ltr'><strong><em>aliquando</em></strong></span> <span class='ocrx_word' id='word_1_807' title='bbox 2483 5285 2800 5342; x_wconf 89' lang='lat' dir='ltr'><strong><em>charissimi</em></strong></span> <span class='ocrx_word' id='word_1_808' title='bbox 2832 5291 2888 5339; x_wconf 90' lang='lat' dir='ltr'><strong><em>et</em></strong></span> <span class='ocrx_word' id='word_1_809' title='bbox 2938 5284 3309 5338; x_wconf 88' lang='lat' dir='ltr'><strong><em>collocutione</em></strong></span> <span class='ocrx_word' id='word_1_810' title='bbox 3359 5282 3457 5335; x_wconf 92' lang='lat' dir='ltr'><strong><em>Dei</em></strong></span> <span class='ocrx_word' id='word_1_811' title='bbox 3512 5282 3670 5335; x_wconf 85' lang='lat' dir='ltr'><strong><em>fuere</em></strong></span> 
     </span>
    </p>
   </div>
   <div class='ocr_carea' id='block_1_117' title="bbox 1976 5371 3667 5446">
    <p class='ocr_par' dir='ltr' id='par_1_117' title="bbox 1976 5371 3667 5446">
     <span class='ocr_line' id='line_1_117' title="bbox 1976 5371 3667 5446; baseline -0.007 -12"><span class='ocrx_word' id='word_1_812' title='bbox 1976 5378 2273 5434; x_wconf 90' lang='lat' dir='ltr'><strong><em>clarissimi</em></strong></span> <span class='ocrx_word' id='word_1_813' title='bbox 2324 5377 2467 5431; x_wconf 90' lang='lat' dir='ltr'><strong><em>:sed</em></strong></span> <span class='ocrx_word' id='word_1_814' title='bbox 2521 5379 2718 5446; x_wconf 87' lang='lat' dir='ltr'><strong><em>postea</em></strong></span> <span class='ocrx_word' id='word_1_815' title='bbox 2772 5380 2970 5428; x_wconf 90' lang='lat' dir='ltr'><strong><em>contra</em></strong></span> <span class='ocrx_word' id='word_1_816' title='bbox 3023 5372 3311 5427; x_wconf 87' lang='lat' dir='ltr'><strong><em>Christum</em></strong></span> <span class='ocrx_word' id='word_1_817' title='bbox 3368 5371 3667 5424; x_wconf 88' lang='lat' dir='ltr'><strong><em>consilium</em></strong></span> 
     </span>
    </p>
   </div>
   <div class='ocr_carea' id='block_1_118' title="bbox 1978 5459 3676 5532">
    <p class='ocr_par' dir='ltr' id='par_1_118' title="bbox 1978 5459 3676 5532">
     <span class='ocr_line' id='line_1_118' title="bbox 1978 5459 3676 5532; baseline -0.006 -8"><span class='ocrx_word' id='word_1_818' title='bbox 1978 5467 2175 5523; x_wconf 87' lang='lat' dir='ltr'><strong><em>mortis</em></strong></span> <span class='ocrx_word' id='word_1_819' title='bbox 2226 5467 2518 5530; x_wconf 78' lang='lat' dir='ltr'><strong><em>facientes,</em></strong></span> <span class='ocrx_word' id='word_1_820' title='bbox 2550 5481 2583 5517; x_wconf 85' lang='lat' dir='ltr'><strong><em>a</em></strong></span> <span class='ocrx_word' id='word_1_821' title='bbox 2615 5463 2884 5519; x_wconf 84' lang='lat' dir='ltr'><strong><em>Romanis</em></strong></span> <span class='ocrx_word' id='word_1_822' title='bbox 2932 5462 2992 5516; x_wconf 90' lang='lat' dir='ltr'><strong><em>in</em></strong></span> <span class='ocrx_word' id='word_1_823' title='bbox 3045 5460 3280 5532; x_wconf 82' lang='lat' dir='ltr'><strong><em>propria</em></strong></span> <span class='ocrx_word' id='word_1_824' title='bbox 3327 5460 3498 5514; x_wconf 91' lang='lat' dir='ltr'><strong><em>domo</em></strong></span> <span class='ocrx_word' id='word_1_825' title='bbox 3531 5459 3676 5513; x_wconf 88' lang='lat' dir='ltr'><strong><em>sicut</em></strong></span> 
     </span>
    </p>
   </div>
   <div class='ocr_carea' id='block_1_119' title="bbox 1978 5549 3458 5628">
    <p class='ocr_par' dir='ltr' id='par_1_119' title="bbox 1978 5549 3458 5628">
     <span class='ocr_line' id='line_1_119' title="bbox 1978 5549 3458 5628; baseline -0.007 -15"><span class='ocrx_word' id='word_1_826' title='bbox 1978 5555 2336 5628; x_wconf 80' lang='lat' dir='ltr'><strong><em>Achitophel,</em></strong></span> <span class='ocrx_word' id='word_1_827' title='bbox 2366 5552 2425 5609; x_wconf 91' lang='lat' dir='ltr'><strong><em>id</em></strong></span> <span class='ocrx_word' id='word_1_828' title='bbox 2454 5558 2559 5617; x_wconf 89' lang='lat' dir='ltr'><strong><em>est,</em></strong></span> <span class='ocrx_word' id='word_1_829' title='bbox 2587 5552 2645 5607; x_wconf 92' lang='lat' dir='ltr'><strong><em>in</em></strong></span> <span class='ocrx_word' id='word_1_830' title='bbox 2674 5551 2987 5607; x_wconf 80' lang='lat' dir='ltr'><strong><em>Jerusalem</em></strong></span> <span class='ocrx_word' id='word_1_831' title='bbox 3019 5549 3279 5605; x_wconf 86' lang='lat' dir='ltr'><strong><em>exstincti</em></strong></span> <span class='ocrx_word' id='word_1_832' title='bbox 3308 5552 3458 5604; x_wconf 90' lang='lat' dir='ltr'><strong><em>sunt.</em></strong></span> 
     </span>
    </p>
   </div>
  </div>
