4062 6180
425 345 528 399 663

1041 347 1438 404 WALAFRIDI
1475 351 1724 406 STRABI
1762 352 1960 408 FULD.
2001 353 2178 412 MON.
2222 353 2375 410 OPP.
2421 354 2594 409 PARS
2633 353 2676 409 Ι.
2717 382 2786 392 -
2825 353 3284 409 THEOLOGICA.

3815 358 3907 412 664

499 465 659 520 Vens.
720 467 806 520 33.
850 498 917 506 —-
965 469 1185 524 Chusai.
1241 468 1301 523 Id
1356 473 1458 538 est,
1521 470 1774 543 Ethiops
1835 477 1892 528 et
1950 473 2125 530 David
2153 475 2198 528 A
2236 473 2374 529 Mosi
2398 473 2458 529 in
2487 479 2684 530 monte
2714 475 3011 530 monstrati
3042 475 3110 530 ad
3139 476 3332 533 Iesum
3352 475 3696 546 pervenisse,
3716 476 3897 532 deinde

428 552 636 620 ﬁdelis,
671 570 772 625 per
805 555 996 609 omnia
1029 556 1268 627 gentiles
1293 556 1500 628 signat,
1536 559 1605 614 de
1641 561 1849 632 quibus
1871 561 2121 618 dicitur:

426 642 664 711 Populus
701 659 856 712 quem
885 659 990 698 non
1029 648 1252 713 cognovi
1287 649 1488 701 servivi
1532 650 1672 703 mihi
1711 652 1770 704 in
1797 652 1994 706 auditu
2023 669 2122 708 au-

426 731 506 784 ris
532 729 766 784 obedivit
793 733 930 785 mihi
961 733 1129 799 (Psal.
1152 733 1303 805 xvn).

501 817 660 871 Vens.
711 819 797 873 34η.
843 849 912 860 -
958 823 1084 876 Post
1122 822 1446 893 Achitophel
1493 827 1608 892 fuit
1649 828 1864 883 Joiada.
1896 831 2124 886 Praeva-

428 905 644 960 ricante
664 907 811 962 Juda
839 923 954 962 non
984 913 1259 966 remansit
1287 929 1495 969 vacuus
1524 915 1896 972 duodecimus
1925 918 2082 972 locus
2107 935 2120 973 :

427 992 528 1047 sed
588 996 851 1050 successit
882 1014 1228 1069 cognoscens
1279 1002 1524 1072 gratiam
1569 1004 1669 1058 Dei
1717 1005 1977 1060 Matthias
2015 1007 2121 1062 hu.

429 1081 587 1136 milis
639 1088 695 1136 et
725 1084 909 1139 ﬁdelis
941 1103 954 1140 :
989 1087 1088 1158 qui
1120 1089 1361 1160 gratiam
1408 1107 1581 1162 quam
1610 1093 1757 1148 dono
1797 1095 1896 1148 Dei
1927 1111 2124 1166 perce-

429 1169 538 1240 pit,
590 1170 887 1227 humiliter
945 1177 1205 1231 servavit.
1265 1179 1680 1250 Interpretatur
1731 1182 1885 1237 enim
1931 1183 2128 1239 Joiada

431 1259 614 1313 sciens
669 1261 756 1316 vel
820 1278 1204 1335 cognoscens;
1259 1268 1462 1321 Banias
1511 1269 1822 1325 aediﬁcator
1875 1273 2125 1328 Domini.

432 1349 613 1412 Quem
653 1349 808 1404 enim
861 1353 1041 1420 gratia
1071 1354 1172 1408 Dei
1206 1354 1266 1409 in
1311 1358 1633 1426 apostolum
1673 1360 1866 1429 elegit,
1911 1360 2127 1431 agnitio

432 1452 585 1491 sanae
632 1437 766 1492 ﬁdei
811 1439 870 1494 in
918 1441 1042 1511 ipsa
1072 1442 1351 1513 dignitate
1383 1446 1657 1501 solidavit.
1702 1449 1995 1519 Abiathar,
2028 1446 2129 1521 qui

435 1525 505 1579 ad
552 1530 777 1596 tempus
808 1532 895 1582 est
931 1529 1082 1584 inter
1111 1531 1464 1586 consiliarios
1500 1535 1696 1600 David,
1751 1536 1846 1590 sed
1896 1537 1954 1590 in
2007 1539 2128 1592 ele-

434 1613 620 1668 ctione
649 1630 682 1668 a
733 1616 974 1672 Domino
1031 1635 1161 1673 cum
1213 1621 1350 1675 Joab
1403 1627 1599 1676 contra
1628 1623 1989 1680 Salomonem
2036 1627 2130 1681 de-

2230 563 2303 618 ad
2331 562 2544 632 iudices
2576 568 2632 618 et
2659 564 2726 618 ad
2758 564 2886 618 Heli
2932 569 2987 618 et
3019 564 3088 618 ad
3119 564 3346 619 Samuel
3379 570 3436 620 et
3467 565 3535 618 ad
3571 565 3757 632 David,
3784 570 3896 620 tan-

2232 651 2363 706 dem
2395 651 2466 706 ad
2509 651 2895 708 Salomonem.
2951 653 3047 707 Vel
3075 669 3303 707 -manus
3358 652 3606 719 Domini,
3640 652 3780 707 ﬁlius
3809 660 3900 720 est,

2231 755 2334 811 per
2374 741 2536 810 cujus
2583 741 2818 795 domum
2852 741 3030 796 David
3080 746 3135 796 et
3191 741 3287 796 alii
3338 741 3519 796 sancti
3551 748 3904 813 perceperunt

2232 828 2472 900 quiquid
2514 829 2584 884 de
2636 836 2844 883 sancta:
2898 831 2935 883 li
2970 829 3156 884 clesiaz
3213 835 3501 885 structura
3548 833 3901 901 protulerunt.

2861 972 3088 1027 CAPUT
3126 971 3305 1028 XXIX.

2303 1096 2470 1150 Vens.
2523 1098 2576 1150 6.
2628 1126 2696 1137 —
2745 1097 2982 1152 Polliciti
3025 1103 3152 1152 sunt
3196 1099 3402 1168 itaque,
3453 1100 3557 1151 etc.
3610 1097 3788 1168 (ΗΑΒ.)
3813 1097 3905 1161 Qui

2233 1183 2342 1239 sibi
2389 1190 2445 1238 et
2486 1185 2612 1239 aliis
2659 1185 2805 1240 bene
2846 1186 3155 1258 principari
3185 1185 3466 1252 didicerit,
3499 1190 3630 1256 etc.,
3662 1203 3821 1256 usque
3844 1187 3906 1240 ad

2234 1273 2479 1344 lignum,
2500 1275 2719 1341 fenum,
2745 1275 3013 1346 stipulam
3064 1275 3501 1346 supermdiﬁcat,
3527 1275 3906 1329 detrimentum

2235 1363 2500 1434 patietur.

2308 1452 2472 1506 Vnus.
2511 1454 2594 1506 l0.
2626 1481 2697 1491 —
2722 1454 2792 1506 Et
2845 1451 3118 1506 benedimit
3165 1454 3410 1520 Domino,
3459 1456 3563 1506 etc.
3613 1451 3756 1516 Quia
3791 1468 3908 1505 con-

2236 1539 2492 1611 gregatio
2538 1539 2797 1594 ﬁdelium
2837 1539 3058 1610 scriptis
3087 1541 3498 1610 prophetarum
3531 1540 3834 1605 admonita,
3863 1546 3914 1594 et

2236 1634 2560 1682 sanctorum
2619 1630 2846 1683 Patrum
2929 1628 3093 1682 dictis
3148 1634 3204 1682 et
3270 1628 3547 1699 exemplis
3606 1633 3911 1699 provocata,

435 1703 627 1767 viavit,
682 1705 962 1775 signiﬁcat
1025 1725 1119 1762 eos
1184 1711 1282 1781 qui
1339 1711 1633 1782 dignitatis
1690 1731 1806 1769 suae
1860 1717 2125 1787 gradum,
2157 1736 2198 1791 Β
2235 1718 2432 1772 laudes
2457 1720 2512 1770 et
2539 1717 2786 1787 hymnos
2832 1717 2948 1771 Deo
2979 1716 3242 1771 decantet
3269 1716 3623 1771 immolando
3657 1718 3767 1788 piae
3793 1733 3910 1770 con—

439 1807 613 1862 quem
669 1810 703 1847 a
755 1795 995 1850 Domino
1053 1804 1452 1870 perceperunt,
1513 1801 1822 1872 cupiditate
1878 1803 2130 1874 corrupti
2235 1805 2498 1861 fessionis
2571 1804 2785 1860 hostias
2858 1810 2916 1859 et
2986 1810 3195 1859 sanctae
3254 1805 3702 1859 conversationis
3759 1821 3914 1876 opera

439 1896 554 1934 non
600 1883 945 1939 custodiunt.
983 1885 1050 1939 Hi
1079 1887 1232 1940 enim
1262 1904 1294 1941 a
1337 1905 1471 1943 vero
1501 1889 1803 1945 Salomone
1842 1891 1888 1946 si
1917 1893 1978 1946 in
2005 1908 2128 1946 car-

440 1985 567 2023 cere
613 1971 968 2041 poenitentise
1009 1974 1174 2044 juxta
1205 1976 1468 2031 timorem
1519 1979 1856 2051 Achitophel
1901 1997 2129 2052 perma-

441 2074 577 2112 nere
602 2060 913 2129 noluerint,
940 2062 998 2116 in
1029 2069 1370 2138 perpetuum
1402 2066 1678 2137 puniendi
1710 2073 1863 2123 sunt.

511 2148 676 2202 Joab.
712 2149 790 2202 In.
825 2156 929 2219 est,
959 2142 1245 2219 inimicus,
1287 2155 1474 2224 signat
1502 2171 1598 2209 eos
1623 2173 1688 2210 ex
1720 2173 1966 2227 quorum
1997 2173 2131 2228 per-

440 2251 580 2289 sona
629 2236 835 2292 dicitur
868 2255 880 2292 :
934 2241 1028 2294 Ad
1070 2245 1252 2296 omnia
1285 2243 1549 2298 mandata
1581 2248 1676 2298 tua
1705 2245 1989 2313 dirigebar
2013 2262 2128 2301 om-

438 2339 558 2378 men
596 2327 744 2379 viam
772 2328 1083 2396 iniquitatis
1117 2331 1238 2385 odio
1271 2331 1438 2385 habui
1468 2332 1643 2401 (Psal.
1678 2335 1890 2403 cxvm),
1921 2334 2130 2405 quibus

438 2411 574 2466 alibi
606 2413 813 2470 dicitur
847 2432 858 2472 :
889 2419 1071 2472 Estote
1107 2422 1342 2488 perfecti
1370 2423 1511 2474 sicut
1559 2421 1731 2475 Pater
1776 2429 1950 2477 vester
1979 2425 2128 2479 ciete-

436 2503 539 2642 séis
570 2506 847 2572 perfectus
894 2511 972 2561 est
1001 2509 1220 2574 (Matth.
1256 2508 1330 2578 v).
1361 2509 1775 2580 Interpretatur
1804 2511 1958 2566 enim
1988 2513 2129 2568 Joab

436 2587 457 2642 i
499 2605 587 2642 em
619 2593 797 2642 pater.

435 2587 587 2644 idem
617 2593 797 2660 pater.

1037 2718 1258 2774 CAPUT
1293 2721 1520 2775 XXVIII.

437 2862 450 2876 ’
508 2859 672 2915 Vnus.
737 2863 786 2914 1.
834 2861 976 2915 Cum
1025 2862 1282 2916 eunuchis
1321 2868 1371 2917 et
1410 2867 1651 2931 potentes
1697 2868 1748 2918 et
1813 2863 2127 2919 robustissi-

436 2963 548 3003 mos
597 2964 833 3018 quosque
868 2951 928 3003 in
971 2953 1210 3004 exercitu
1235 2952 1563 3007 Jerusalem.
1624 2952 1810 3024 (ΗΔΒ.)
1857 2953 1963 3007 Lex
1996 2969 2127 3025 pro-

2238 1893 2549 1949 fructuosa.

2308 1983 2470 2036 Vnns.
2503 1985 2592 2036 22.
2625 2013 2692 2021 —
2721 1985 2792 2037 Et
2837 1982 3173 2036 comederunt
3219 1987 3268 2036 et
3298 1982 3548 2036 biberunt
3582 1998 3780 2042 coram,
3822 1985 3911 2034 etc.

2241 2071 2418 2140 (ΗΑΒ.)
2481 2070 2601 2124 Hoc
2646 2075 2728 2124 est
2755 2071 3030 2141 gaudium
3073 2074 3398 2124 sanctorum
3454 2077 3510 2124 et
3550 2070 3792 2124 intentio
3831 2086 3912 2122 eo-

2238 2175 2390 2225 rum,
2432 2165 2495 2213 ut
2523 2175 2554 2213 a
2610 2159 2760 2213 fame
2811 2159 3021 2224 futura,
3063 2159 3340 2213 virtutum
3387 2159 3662 2228 operibus
3700 2158 3807 2212 sibi
3833 2174 3915 2210 ca-

2237 2253 2427 2315 veant,
2460 2251 2516 2302 et
2564 2247 2886 2317 epulentur,
2921 2253 2977 2300 et
3022 2247 3302 2300 exsultent
3353 2246 3412 2299 in
3447 2252 3752 2317 conspectu
3806 2245 3913 2300 Dei.

2312 2339 2593 2392 Unweruut
2642 2336 2872 2390 secundo
2941 2336 3278 2391 Salomonem
3341 2337 3536 2404 ﬁlium,
3607 2342 3715 2389 etc.
3795 2334 3922 2398 Quia

2240 2425 2496 2480 Christus
2524 2425 2684 2495 regia
2711 2423 2883 2477 simul
2913 2429 2970 2478 et
3007 2421 3322 2493 pontiﬁcali
3351 2423 3626 2492 dignitate
3653 2424 3724 2477 ab
3756 2421 3922 2476 omni-

2237 2515 2344 2569 bus
2390 2513 2656 2568 ﬁdelibus
2712 2529 2851 2566 sana
2881 2512 3018 2578 ﬁde,
3062 2511 3159 2581 pia
3207 2511 3558 2565 confessione
3597 2511 3921 2566 celebratur.

2238 2601 2506 2657 Salomon
2549 2600 2838 2672 paciﬁcus,
2889 2599 3069 2655 Sadoc
3092 2601 3280 2670 justus
3308 2600 3740 2671 interpretatur.
3775 2599 3924 2655 Chri-

2239 2695 2360 2744 stus
2407 2705 2543 2744 vero
2599 2693 2686 2743 est
2736 2704 2848 2759 pax
2877 2693 3091 2755 nostra,
3127 2688 3228 2759 qui
3284 2688 3417 2742 fecit
3457 2694 3699 2759 utraque
3731 2703 3923 2751 unum,

2237 2777 2362 2848 ipse
2399 2782 2485 2831 est
2505 2777 2694 2847 justus
2747 2777 3020 2831 Dominus
3057 2782 3114 2830 et
3149 2777 3434 2847 justitiam
3477 2777 3667 2848 diligit
3699 2793 3713 2832 :
3743 2777 3924 2830 Judea:

2235 2868 2481 2921 vivorum
2503 2871 2554 2920 et
2598 2870 2931 2921 mortuorum
2962 2865 3184 2936 (Ephes.
3235 2869 3320 2934 ιι),
3352 2867 3506 2920 hunc
3548 2865 3743 2936 primo
3770 2863 3928 2936 ungit

2239 2955 2426 3010 omnis
2483 2954 2667 3010 ﬁdelis
2721 2955 2784 3008 in
2811 2970 3008 3025 regem
3053 2958 3109 3008 et
3137 2954 3512 3018 sacerdotem,
3545 2971 3678 3009 cum
3710 2955 3771 3008 in
3799 2971 3929 3026 pro-

432 3036 595 3091 hibet
651 3037 935 3092 lsraelitas
976 3039 1249 3107 abscindi,
1309 3045 1365 3093 et
1408 3040 1746 3112 alienigenae
1803 3057 1916 3096 non
1947 3043 2130 3096 solent
2161 3019 2200 3074 ί)
2237 3044 2481 3098 fessione
2531 3042 2824 3115 baptismi,
2854 3059 3054 3096 verum
3101 3058 3294 3114 regem
3326 3048 3384 3097 et
3421 3043 3772 3097 sacerdotem
3805 3058 3926 3096 cou-

435 3125 506 3179 ad
539 3131 752 3180 secreta
799 3126 1020 3181 consilii
1073 3128 1316 3182 admitti.
1367 3128 1475 3182 Sed
1513 3129 1747 3183 tradunt
1774 3129 1836 3183 in
1865 3130 1972 3184 hoc
2000 3130 2123 3184 loco

433 3213 727 3266 eunuchos
773 3214 981 3281 vocari,
1011 3214 1112 3285 qui
1157 3231 1186 3267 a
1221 3215 1412 3268 saeculi
1442 3215 1759 3269 actionibus
1785 3214 1981 3284 alieni,
2008 3233 2126 3270 ora-

434 3299 576 3353 tioni
625 3303 681 3353 et
709 3300 936 3355 lectioni
967 3302 1243 3356 vacabant
1276 3319 1289 3356 :
1322 3306 1378 3356 et
1409 3319 1615 3356 uxores
1643 3319 1761 3357 non
1791 3320 1962 3358 causa
1988 3303 2123 3358 libi-

436 3386 609 3453 dinis,
661 3387 759 3441 sed
811 3388 1187 3459 suscipiendae
1231 3391 1407 3460 prolis
1443 3390 1730 3445 habebant
1758 3408 1772 3446 :
1805 3407 1946 3463 quos
1973 3393 2123 3446 Jose-

432 3475 584 3546 phus
610 3476 852 3530 Essenos
881 3482 1062 3531 vocat.

503 3564 664 3618 Vens.
706 3567 787 3618 11.
823 3594 884 3604 -
913 3566 1075 3621 Dedit
1125 3571 1303 3622 autem
1335 3566 1541 3622 David.
1599 3567 1773 3622 David
1802 3568 2120 3636 Psalmista,

435 3656 492 3707 et
532 3651 721 3706 caeteri
767 3653 961 3707 Patres
1008 3654 1221 3708 Veteris
1268 3654 1613 3709 Testamenti
1655 3655 1857 3726 ﬁguris
1895 3661 1954 3711 et
1981 3655 2121 3710 aani-

435 3739 723 3811 gmatibus
771 3740 1146 3812 designabant
1189 3743 1453 3797 universa
1498 3759 1628 3815 quae
1659 3759 1826 3798 verus
1854 3743 2124 3815 paciﬁcus

435 3828 496 3884 in
542 3828 786 3884 Ecclesia
832 3829 1082 3884 facturus
1109 3836 1232 3884 erat
1264 3847 1277 3885 :
1314 3831 1600 3902 quomodo
1635 3847 1833 3886 omnes
1864 3832 2124 3887 nationes

434 3933 540 3988 per
583 3917 753 3972 ﬁdem
800 3917 1070 3988 baptismi
1125 3919 1422 3973 introitum
1471 3920 1532 3974 in
1563 3921 1867 3974 Ecclesiam
1913 3920 2125 3975 habue-

434 4011 589 4069 runt,
649 4005 832 4078 qualis
890 4007 1149 4061 Ecclesiae
1210 4012 1388 4062 status
1451 4013 1596 4062 esset
1629 4008 1874 4075 futurus,
1939 4008 2123 4079 qualis

436 4099 760 4147 sanctorum
792 4093 1064 4165 perfectio
1105 4099 1161 4148 et
1188 4093 1250 4148 in
1288 4110 1466 4165 regno
1491 4095 1707 4149 caalesti
1736 4096 2124 4150 remuneratio

435 4182 709 4254 cujusque
761 4199 866 4254 pro
923 4184 1144 4239 meritis
1186 4185 1474 4239 reddenda
1514 4201 1618 4255 per
1665 4184 1915 4239 diversas
1954 4185 2125 4240 cellas

2235 3133 2457 3187 ﬁtetur.
2508 3132 2682 3203 Ungit
2727 3135 2783 3186 et
2830 3131 3078 3186 secundo
3109 3147 3239 3185 cum
3266 3131 3523 3186 docendo
3555 3137 3610 3185 et
3641 3131 3925 3203 operando

2235 3221 2391 3275 idem
2436 3221 2563 3275 aliis
2607 3221 2900 3290 praedicat,
2952 3221 3104 3275 unde
3156 3237 3170 3274 :
3217 3221 3400 3276 Oleum
3463 3221 3697 3290 eﬂ’usum
3751 3236 3927 3274 nomen

2234 3311 2386 3362 tuum
2416 3307 2590 3378 (Cant.
2628 3307 2687 3379 ι).

2305 3396 2465 3450 Vens.
2513 3398 2602 3450 28.
2649 3424 2717 3436 —-
2749 3397 2816 3450 Et
2871 3399 3113 3449 mortuus
3161 3399 3239 3449 est
3289 3397 3347 3449 in
3394 3400 3660 3450 senectute
3701 3395 3857 3461 bona,
3887 3398 3930 3448 et

2226 3482 2424 3553 plenus
2449 3483 2660 3537 dierum
2702 3486 2752 3537 et
2780 3482 2992 3536 divitiis
3021 3486 3072 3535 et
3095 3483 3291 3550 gloria,
3322 3486 3430 3536 etc.
3485 3482 3784 3552 Signiﬁcat
3811 3497 3929 3536 cum

2232 3571 2398 3643 copia
2442 3570 2717 3625 virtutum
2748 3575 2806 3625 et
2834 3570 3103 3641 operibus
3151 3570 3291 3624 lucis
3321 3570 3498 3624 vitam
3551 3571 3749 3625 ﬁnisse
3787 3586 3925 3641 prae-

2233 3663 2472 3725 sentem,
2518 3659 2759 3730 dignum
2809 3659 3000 3730 quiete
3030 3659 3221 3712 futura
3257 3663 3315 3712 et
3343 3661 3586 3713 caelestis
3618 3660 3786 3730 regni
3816 3660 3928 3731 glo-

2231 3746 2336 3802 ria.
2390 3747 2677 3802 Abraham
2737 3747 3000 3802 similiter
3057 3754 3314 3802 mortuus
3377 3755 3465 3803 est
3521 3749 3580 3803 in
3639 3754 3925 3804 senectute

2232 3835 2383 3890 bona
2459 3836 2841 3907 perfectaeque
2895 3835 3077 3889 astatis
3106 3839 3161 3889 et
3215 3836 3418 3906 plenus
3485 3836 3734 3892 dierum.
3769 3837 3916 3891 Isaac

2235 3924 2528 3995 appositus
2593 3929 2679 3978 est
2728 3924 2944 3995 populo
2998 3940 3101 3978 suo
3158 3924 3365 3995 plenus
3420 3924 3668 3979 dierum.
3727 3925 3926 3994 Josepb

2233 4018 2495 4067 mortuus
2570 4016 2654 4066 est
2728 4012 2790 4066 in
2867 4017 3156 4067 senectute
3211 4012 3362 4067 bona
3408 4013 3646 4084 expletis
3705 4019 3928 4068 centum

2235 4101 2433 4156 decem
2489 4101 2618 4156 vita:
2684 4117 2803 4156 suae
2867 4101 3054 4168 annis,
3117 4105 3173 4155 et
3237 4100 3504 4156 conditus
3559 4102 3927 4156 aromatibus.

2235 4191 2451 4260 Moyses
2517 4193 2748 4244 centum
2800 4193 2857 4244 et
2906 4189 3108 4258 viginti
3165 4205 3450 4244 annorum
3507 4195 3772 4245 mortuus
3831 4193 3927 4254 est,

435 4275 492 4326 et
520 4272 772 4335 exedras,
808 4272 945 4344 quia
971 4273 1030 4326 in
1053 4289 1229 4343 regno
1253 4273 1354 4328 Dei
1385 4273 1707 4328 mansiones
1734 4275 1930 4329 multa;
1969 4279 2120 4330 sunt.
2151 4305 2196 4358 Β
2233 4279 2397 4348 cujus
2443 4294 2558 4332 non
2588 4277 2851 4347 caligavit
2879 4278 3098 4342 oculus,
3156 4294 3260 4332 nec
3311 4278 3509 4332 dentes
3576 4278 3728 4331 moti
3783 4283 3926 4332 sunt.

505 4361 668 4415 Vens.
705 4365 787 4416 l7.
819 4393 888 4401 —
928 4364 998 4417 Et
1045 4363 1332 4417 leunculos.
1383 4363 1568 4433 (ΗΑΒ.)
1615 4363 1809 4433 Neque
1847 4363 1908 4417 in
1938 4363 2124 4417 Exodo

432 4450 493 4505 in
549 4450 967 4505 constructione
1017 4450 1390 4519 tabernaculi,
1449 4455 1580 4519 etc.,
1640 4467 1809 4520 usque
1864 4451 1939 4506 ad
1991 4468 2128 4522 per-

433 4539 785 4598 strinximus.

506 4631 634 4702 (ln.)
671 4631 928 4686 Tradunt
970 4629 1189 4686 Hebraei
1220 4630 1513 4702 exemplar
1543 4629 1745 4701 templi
1777 4633 1834 4685 et
1861 4643 2127 4685 vasorum

2242 4367 2364 4423 Viri
2415 4371 2592 4421 autem
2641 4368 2969 4434 sanguinum
3041 4372 3092 4420 et
3160 4367 3336 4421 dolosi
3386 4382 3491 4420 non
3565 4366 3933 4421 dimidiabunt

2237 4454 2354 4511 dies
2397 4469 2522 4510 suos
2569 4455 2747 4524 (Psal.
2779 4456 2911 4524 Liv).
2968 4454 3073 4521 Qui
3117 4455 3226 4509 sibi
3269 4455 3524 4509 uidentur
3564 4457 3627 4508 in
3662 4455 3816 4510 bonis
3846 4454 3936 4508 du-

2237 4558 2353 4598 cere
2402 4543 2519 4598 dies
2563 4557 2708 4610 suos,
2762 4546 2812 4597 et
2865 4546 2924 4598 in
2977 4548 3174 4613 puncto
3222 4543 3296 4599 ad
3342 4545 3565 4612 inferna
3604 4544 3934 4600 descendunt

2239 4631 2356 4702 (Job
2395 4631 2532 4701 xxi).

1655 4833 2003 4920 LIBER
2085 4833 2711 4923 SECUNDUS.

1005 5051 1228 5107 CAPUT
1264 5051 1550 5108 PRIMUM.

503 5141 662 5194 Vnus.
724 5143 774 5194 1.
825 5169 898 5181 -
957 5140 1306 5207 Confortatus
1369 5145 1449 5196 est
1495 5156 1619 5209 ergo
1679 5141 1951 5203 Salomon,
2013 5146 2120 5196 etc.

433 5229 620 5300 (ΗΑΒ.)
666 5229 902 5294 Quando
951 5229 1011 5283 in
1057 5233 1242 5284 morte
1295 5229 1671 5301 triumphavit
1707 5245 1842 5284 eum
1893 5230 1994 5301 qui
2023 5230 2122 5285 ha-

430 5316 599 5371 bebat
640 5318 841 5372 mortis
871 5317 1200 5389 imperium,
1245 5323 1302 5372 et
1331 5318 1440 5372 sibi
1467 5333 1712 5389 regnum
1745 5317 2005 5373 omnium
2035 5334 2122 5373 ac-

431 5404 684 5477 quisivit.
719 5405 880 5460 Unde
921 5422 935 5459 :
971 5407 1121 5461 Data
1144 5412 1225 5464 est
1251 5408 1390 5462 mihi
1416 5410 1587 5462 omnis
1628 5411 1863 5477 potestas
1908 5409 1969 5461 in
1995 5409 2119 5463 calo

430 5497 481 5548 et
510 5495 570 5548 in
600 5498 746 5549 terra
775 5495 987 5564 (Matth.
1022 5497 1244 5565 xxviii).

500 5582 668 5638 Vxns.
726 5584 778 5638 3.
807 5611 877 5624 -
907 5583 1149 5650 Gabaon,
1201 5588 1306 5639 etc.
1355 5583 1492 5649 Quae
1537 5583 1646 5640 fuit
1675 5583 1872 5640 civitas
1914 5588 2120 5641 metro-

2232 5056 2382 5126 polis
2431 5057 2786 5123 Hevaeorum,
2842 5057 3159 5128 ceciditque
3208 5057 3268 5112 in
3327 5062 3541 5112 sortem
3608 5058 3930 5129 Benjamin,

2232 5149 2290 5199 et
2317 5145 2425 5200 fuit
2455 5151 2715 5218 separata
2771 5145 2997 5201 Levitis.
3057 5145 3259 5201 Mirum
3292 5161 3427 5216 ergo
3471 5152 3558 5200 est
3585 5147 3749 5217 quod
3781 5149 3928 5202 Jose-

2229 5234 2377 5304 phus
2406 5233 2565 5301 dicit,
2597 5234 2733 5306 quia
2783 5234 3052 5290 Salomon
3081 5234 3141 5288 in
3175 5234 3400 5288 Hebron
3427 5234 3586 5288 venit
3614 5239 3686 5289 ut
3715 5235 3926 5289 sacriﬁ-

2225 5326 2378 5377 caret
2405 5323 2466 5377 in
2497 5322 2665 5377 altari
2693 5338 2874 5387 aeneo,
2923 5323 3074 5394 quod
3105 5323 3314 5378 fecerat
3344 5323 3557 5393 Moyses
3588 5338 3603 5376 :
3637 5323 3758 5376 nisi
3789 5323 3927 5377 forte

2224 5409 2408 5480 ipsam
2460 5411 2685 5465 Hebron
2752 5411 3036 5466 excelsum
3092 5410 3321 5465 Gabaon
3364 5409 3605 5480 intelligi
3659 5409 3925 5480 voluerit,

2225 5514 2294 5552 eo
2343 5498 2494 5568 quod
2540 5498 2620 5552 ibi
2661 5498 2916 5568 primum
2981 5498 3261 5570 regnavit.
3309 5499 3732 5568 Interpretatur
3775 5496 3924 5551 enim

2226 5585 2458 5641 Gabaon
2484 5586 2823 5649 sublimitas,
2855 5587 2944 5642 vel
2975 5587 3133 5642 collis
3160 5587 3454 5658 patruelis.
