4062 6180
288 282 391 334 665

1387 287 1641 345 GLOSSA
1679 289 2081 347 0RDINABIA.
2122 319 2189 329 -—
2230 291 2369 346 LIB.
2415 291 2465 344 ΙΙ
2506 290 2757 345 PARAL.

3692 297 3795 349 666

356 404 519 458 Vens.
552 406 633 459 10.
659 435 729 446 -
774 409 854 461 Da
880 409 1020 461 mihi
1046 410 1393 477 sapientiam,
1429 416 1533 465 etc.
1596 414 1722 466 Non
1750 430 1979 480 aurum,
2014 418 2058 470 A
2168 415 2272 481 Qui
2300 417 2448 468 novit
2476 416 2695 483 operari
2722 417 2781 467 in
2800 429 2934 467 auro
2963 419 3014 469 et
3037 420 3277 481 argento.
3312 416 3377 469 In
3410 416 3497 469 his
3527 419 3796 473 omnibus

282 507 401 545 non
448 492 695 559 divitias,
735 510 855 548 non
886 501 1174 551 terrenam
1200 498 1444 568 gloriam
1475 516 1509 553 a
1540 502 1654 555 Deo
1686 504 1850 571 petit,
1884 506 1983 558 sed

281 588 351 634 ut
388 581 530 635 sciat
558 585 831 653 populum
867 585 966 639 Dei
996 601 1195 653 regere
1226 593 1280 641 et
1322 588 1601 657 judicare.
1637 590 1693 645 Si
1725 593 1831 645 hoc
1864 594 1981 646 ele-

284 670 367 739 git
394 675 583 723 rector
634 687 960 741 corporum,
1021 677 1200 729 multo
1242 677 1426 747 magis
1471 679 1575 731 hoc
1623 679 1835 749 eligere
1886 681 1982 734 de-

281 756 422 810 bent
469 763 717 813 rectores
747 760 1091 828 animarum,
1128 769 1190 817 ut
1230 763 1552 833 ingressum
1605 768 1677 821 ad
1725 768 1900 822 ﬁdem
1929 775 1986 824 et

284 860 579 914 egressum
598 847 669 899 ad
710 864 870 917 spem
900 852 1119 919 populo
1149 851 1250 905 Dei
1280 852 1691 908 demonstrent.

358 934 519 987 Vens.
585 938 668 989 13.
710 966 779 977 -
830 938 917 991 Ab
973 940 1195 1006 excelso,
1258 946 1359 994 etc.
1422 946 1625 995 Arcam
1683 944 1982 1013 signiﬁcat,

283 1022 347 1077 in
378 1039 493 1094 qua
520 1030 681 1078 erant
710 1026 920 1081 tabulae
961 1030 1334 1086 Testameuti.
1394 1032 1577 1103 Supra
1630 1034 1785 1087 enim
1845 1036 1983 1089 scri—

284 1118 449 1181 ptum
480 1119 596 1167 est:
635 1115 1058 1172 Tabernaculum
1086 1125 1264 1173 autem
1316 1123 1538 1174 Domini
1574 1122 1725 1189 quod
1784 1125 1987 1189 fecerat

285 1202 496 1271 Moyses
560 1205 618 1255 in
676 1204 882 1259 deserto
940 1213 990 1261 et
1063 1210 1239 1261 altare
1314 1211 1745 1265 holocaustorum
1800 1212 1985 1265 eadem

285 1294 599 1357 tempestate
645 1299 799 1346 erant
852 1297 911 1347 in
977 1298 1200 1350 excelsis
1250 1298 1490 1365 Gabaon,
1550 1304 1653 1353 etc.
1702 1302 1741 1369 (ι
1795 1302 1980 1354 Paral.

284 1384 433 1442 xxx).
489 1383 627 1433 Area
666 1388 859 1436 autem
910 1384 1138 1437 Domini
1178 1392 1481 1456 postquam
1514 1387 1832 1441 introduxit
1858 1405 1984 1442 eam

287 1465 464 1519 David
506 1467 568 1520 in
626 1470 861 1525 domum
920 1489 1102 1539 suam,
1153 1475 1362 1528 mansit
1411 1475 1625 1529 ibidem
1684 1492 1984 1548 usquequo

286 1553 674 1610 aediﬁcaretur
702 1560 1003 1629 templum.

355 1642 434 1705 Et
462 1645 742 1701 duodecim
770 1650 947 1703 millia
993 1652 1251 1718 equitum.
1288 1651 1388 1706 Hic
1444 1668 1721 1708 numerus
1758 1658 1983 1725 tempus

284 1739 487 1809 gratia:
521 1737 826 1807 signiﬁcat,
874 1736 933 1791 in
964 1755 1078 1809 quo
1138 1741 1449 1809 apostolica
1493 1742 1752 1796 doctrina
1798 1758 1981 1813 popu-

287 1830 408 1881 lum
434 1826 574 1881 Novi
594 1826 947 1880 Testamenti
978 1826 1265 1882 informat.
1300 1829 1448 1883 Bene
1479 1835 1670 1884 autem
1704 1847 1807 1902 per
1834 1848 1979 1902 qua-

284 1915 692 1985 dragenarium
735 1931 1039 1970 numerum
1085 1918 1170 1969 vel
1219 1917 1639 1973 duodenarium
1670 1935 1871 1974 currus
1927 1924 1985 1973 et

285 2005 507 2075 equites
545 2004 867 2058 Salomonis
907 2011 1313 2061 numerantur:
1369 2008 1506 2078 quia
1538 2025 1640 2078 per
1669 2014 1980 2079 utrumque

285 2097 713 2159 testamentum,
791 2093 972 2146 sancti
1041 2094 1147 2149 viri
1217 2096 1387 2151 sacris
1465 2097 1671 2151 litteris
1747 2098 1977 2163 eruditi,

286 2181 526 2234 sessioni
555 2181 653 2234 Dei
682 2186 971 2251 aptantur,
1004 2199 1147 2253 quos
1177 2183 1298 2254 ipse
1353 2201 1613 2240 summus
1645 2186 1845 2257 auriga
1875 2203 1980 2257 pro

288 2268 429 2323 mito
455 2285 560 2323 suo
582 2270 880 2340 gubernat.

358 2358 519 2412 Vens.
576 2362 659 2412 l7.
718 2388 786 2397 —
825 2360 1097 2414 Semcentis
1149 2365 1438 2428 argenteis.
1492 2363 1634 2427 Quia
1682 2366 1981 2419 doctorum

287 2451 690 2499 testamentum
748 2445 1155 2515 praadicatione
1216 2450 1283 2503 ad
1338 2452 1791 2519 cognoscendam
1847 2454 1980 2507 ﬁdei

284 2535 581 2587 veritatem
612 2548 717 2605 per
770 2535 1173 2604 praedicatores
1220 2538 1280 2591 in
1312 2555 1479 2593 usum
1516 2541 1635 2594 veri
1664 2542 1983 2596 Salomonis

285 2623 546 2676 homines
596 2622 971 2677 adducuntur.
1008 2624 1267 2679 Sexcenti
1306 2642 1461 2697 ergo,
1497 2628 1554 2683 id
1599 2634 1684 2683 est
1731 2630 1983 2699 sexagies

287 2711 423 2766 deni
472 2711 881 2781 perfectionem
929 2714 1269 2784 evangelica:
1312 2717 1585 2771 doctrinas
1635 2718 1979 2789 signiﬁcant.

287 2798 347 2851 in
396 2815 511 2869 qua
557 2800 829 2869 perfectio
877 2801 1018 2871 legis
1065 2803 1300 2857 omnino
1352 2806 1643 2860 consistit:
1694 2808 1982 2878 praecipue

287 2903 418 2940 cum
462 2888 808 2959 Redemptor
844 2895 1039 2944 noster
1067 2896 1223 2945 sexta
1262 2893 1352 2947 die
1379 2910 1599 2963 passus,
1631 2895 1823 2948 omnia
1855 2912 1983 2966 qua;

2096 502 2288 556 Hiram
2346 502 2657 572 spiritualis
2714 502 2874 555 novit
2904 503 3149 572 operari,
3191 508 3254 557 ut
3311 512 3545 557 ornatus
3590 505 3794 560 domus

2098 591 2196 644 Dei
2221 607 2413 644 coram
2472 591 2649 643 oculis
2683 590 2980 643 hominum
3013 591 3187 659 digno
3241 592 3445 646 decore
3474 593 3708 662 fulgeat,
3741 598 3798 647 et

2092 678 2259 733 bona:
2290 678 2577 750 Opinionis
2627 680 2801 732 odore
2833 681 2947 734 Deo
3004 681 3363 750 acceptabilis
3396 681 3514 735 ﬁat.

2165 768 2325 821 Vens.
2383 772 2465 821 16.
2538 799 2600 807 --
2648 770 2756 823 Nos
2828 774 3026 833 autem,
3080 774 3185 823 etc.
3241 770 3434 839 (ΗΑΒ.)
3500 770 3795 841 Signiﬁcat

2095 856 2247 925 quod
2294 861 2491 925 gentes
2520 857 2717 910 audita
2762 856 2913 910 fama
2959 858 3251 927 Evangelii
3300 858 3551 911 diversas
3598 876 3793 928 perso-

2094 960 2195 996 nas
2276 960 2379 1014 per
2429 944 2599 997 ﬁdem
2648 944 2719 997 ad
2789 944 3139 1012 baptismum
3200 946 3547 998 transmittit.
3606 946 3794 999 Solius

2092 1037 2285 1085 tamen
2325 1038 2411 1086 est
2472 1032 2591 1085 veri
2648 1033 2889 1102 pacifici,
2926 1038 2984 1086 ut
3040 1033 3383 1087 absolvendo
3430 1040 3657 1103 peccata
3690 1050 3794 1102 per

2091 1120 2362 1189 baptismi
2406 1127 2760 1175 sacramenta
2809 1120 3011 1174 unitati
3048 1122 3303 1175 Ecclesia:
3334 1122 3463 1175 illos
3512 1123 3787 1190 adunare,

2093 1209 2161 1263 de
2209 1226 2322 1279 quo
2373 1208 2608 1262 dicitur:
2661 1211 2834 1278 Super
2898 1226 3051 1279 quem
3094 1211 3342 1264 videritis
3396 1211 3670 1279 Spiritum
3695 1213 3794 1267 de-

2092 1298 2425 1352 scendentem
2472 1302 2521 1351 et
2550 1303 2851 1351 manentem
2901 1314 3063 1367 super
3110 1315 3248 1363 eum,
3291 1301 3377 1353 hic
3429 1303 3635 1368 estqui
3691 1302 3788 1354 ba-

2087 1387 2267 1454 ptizat
2290 1387 2507 1453 (Matth.
2542 1388 2644 1454 Ill).

2163 1474 2329 1527 Vens.
2409 1477 2493 1528 17.
2562 1504 2631 1514 -—-
2699 1477 3020 1530 Numeravit
3086 1476 3278 1541 igitur,
3357 1478 3462 1527 etc.
3540 1475 3793 1528 Fuerunt

2093 1562 2340 1632 operarii
2367 1562 2569 1616 domus
2601 1562 2829 1616 Domini
2870 1564 2938 1616 de
2978 1562 3109 1616 tiliis
3135 1562 3327 1627 Israel,
3361 1568 3463 1618 etc.
3490 1564 3669 1633 (ΗΑΒ.)
3706 1579 3791 1617 us-

2093 1667 2194 1719 que
2232 1652 2305 1705 ad
2336 1651 2639 1705 Ecclesiam
2695 1651 2901 1707 Christi
2960 1657 3111 1706 recte
3161 1652 3402 1705 vivendo
3448 1658 3505 1705 et
3535 1651 3793 1706 docendo

2096 1746 2454 1794 construunt.

2166 1828 2297 1882 Tria
2328 1830 2507 1883 millia
2553 1834 2603 1881 et
2632 1831 2888 1884 sexcenti.
2924 1829 2988 1883 In
3039 1828 3512 1897 Paralipomenon
3560 1843 3664 1897 pro
3693 1826 3793 1880 tri-

2089 1915 2195 1969 bus
2223 1916 2477 1970 millibus
2505 1917 2771 1970 trecentis
2800 1916 3144 1986 praepositis,
3194 1915 3291 1986 qui
3331 1915 3388 1969 in
3449 1916 3664 1985 Regum
3696 1931 3798 1968 nu-

2088 2010 2407 2069 merantur,
2441 2005 2547 2058 tria
2597 2005 2775 2059 millia
2811 2006 3062 2058 sexcenti
3115 2004 3446 2057 scribuntur
3480 2021 3581 2074 pro
3611 2004 3791 2074 perfe-

2089 2093 2277 2146 ctione
2334 2092 2669 2146 sublimium
2721 2093 2993 2146 virorum.
3045 2094 3108 2145 In
3166 2093 3392 2145 senario
3452 2094 3607 2146 enim
3649 2094 3797 2146 Deus

2089 2181 2290 2234 mundi
2320 2186 2584 2235 ornatum
2636 2181 2967 2251 complevit:
3002 2184 3058 2234 et
3103 2181 3238 2251 quia
3266 2187 3458 2235 sancta
3509 2182 3799 2252 Scriptura

2089 2270 2260 2324 ﬁdem
2304 2270 2595 2324 Trinitatis
2647 2271 2809 2324 docet
2867 2275 2923 2323 et
2969 2286 3145 2340 opera
3197 2271 3455 2340 justitiw,
3515 2278 3665 2327 recte
3686 2272 3799 2326 tria

2088 2359 2271 2414 millia
2301 2359 2550 2413 sexcenti
2574 2359 3153 2431 perhibenturfuisse.

2763 2447 2989 2501 CAPUT
3024 2448 3118 2500 III.

2166 2538 2330 2589 Vens.
2388 2540 2436 2590 1.
2480 2566 2548 2575 -
2602 2538 2664 2590 In
2720 2550 2851 2588 area
2902 2535 3104 2590 Ornan.
3156 2535 3336 2605 (ΗΑΒ.)
3397 2534 3643 2588 Ecclesia
3693 2551 3795 2605 per

2094 2641 2289 2679 aream
2351 2624 2631 2694 signatur,
2679 2629 2811 2688 etc.,
2867 2638 3037 2692 usque
3087 2622 3161 2676 ad
3211 2624 3307 2677 sed
3360 2639 3493 2677 cum
3536 2623 3795 2678 Christus

2092 2730 2218 2767 eam
2292 2713 2554 2783 respexit,
2616 2712 2770 2783 pacis
2839 2711 2899 2765 in
2956 2728 3013 2766 se
3080 2717 3136 2765 et
3189 2712 3378 2765 locum
3445 2712 3667 2767 invenit
3731 2717 3791 2766 et

2093 2820 2324 2857 nomen.

2164 2893 2326 2945 Vens.
2383 2895 2436 2945 2.
2507 2922 2574 2931 -—
2640 2892 2819 2946 Mense
2870 2890 3122 2949 secundo.
3185 2895 3289 2943 etc.
3352 2890 3415 2943 Id
3470 2895 3553 2943 est
3627 2890 3790 2949 Maio.

287 2975 358 3029 de
390 2991 448 3027 se
477 2976 536 3028 in
582 2975 705 3047 lege
739 2981 796 3030 et
831 2978 1125 3048 prophetis
1173 2981 1381 3051 scripta
1427 2987 1611 3049 erant,
1645 2983 1979 3053 complevit;
2012 2998 2051 3053 ο
2096 2994 2225 3032 mox
2269 2978 2484 3032 scilicet
2538 2982 2669 3047 post
2728 2977 2959 3047 pascha,
3021 2982 3087 3030 ut
3143 2981 3503 3030 consecratus
3560 2976 3795 3047 mystica

286 3064 442 3116 unde
502 3063 599 3117 ait.
668 3066 1105 3121 Consummatum
1168 3074 1266 3123 est.
1342 3073 1413 3124 Et
1467 3073 1727 3126 inclinato
1781 3076 1977 3141 capite,

288 3154 474 3205 emisit
504 3155 759 3221 spiritum
779 3156 948 3223 (Joan.
982 3162 1131 3222 xxx).

360 3242 612 3295 Centum.
645 3242 751 3306 Qui
803 3249 937 3298 sunt
974 3250 1062 3299 ter
1092 3246 1505 3318 quinquageni,
1556 3254 1612 3301 et
1641 3250 1857 3303 Veteris
1882 3252 1981 3303 Te-

286 3330 559 3383 stamenti
592 3336 828 3402 propter
863 3335 1232 3388 Pentecosten
1254 3340 1311 3389 et
1328 3336 1633 3405 jubilasum
1653 3342 1711 3391 et
1735 3338 1977 3409 triplicis

287 3417 595 3487 Scripturaa
644 3418 1089 3486 distinctionem,
1144 3423 1281 3493 quia
1336 3422 1570 3477 dicitur:
1631 3427 1850 3480 Necesse
1904 3432 1981 3483 est

284 3507 473 3559 omnia
505 3507 721 3575 impleri
750 3523 868 3575 quae
919 3511 1126 3577 scripta
1163 3516 1289 3564 sunt
1326 3514 1384 3564 in
1430 3514 1542 3578 lege
1570 3514 1741 3581 Moysi
1770 3519 1820 3567 et
1846 3532 1980 3584 pro-

278 3595 465 3662 phetis
491 3598 543 3647 et
583 3596 809 3663 psalmis
840 3596 906 3649 de
932 3613 1014 3650 me
1065 3600 1221 3661 (Luc.
1255 3600 1428 3670 xxrv),
1462 3601 1762 3656 manifeste
1805 3605 1981 3673 signi-

281 3682 479 3737 ﬁcaat.

973 3757 1198 3812 CAPUT
1232 3759 1296 3811 ΙΙ.

358 3858 525 3911 Vens.
572 3861 619 3912 1.
661 3887 732 3899 -
771 3862 1012 3914 Decrevit
1035 3862 1289 3916 Salomon
1314 3863 1588 3932 wdiﬁcare
1628 3865 1978 3929 domum,etc.

284 3946 472 4015 (830.,
533 3952 719 4016 quaest,
782 3949 841 4001 in
897 3949 1149 4016 lib.Reg.,
1200 3956 1337 4004 tom.
1401 3954 1496 4022 ΙΙ.)
1549 3955 1761 4008 Domus
1809 3971 1981 4025 quam

284 4033 592 4087 aediﬁcavit
626 4034 913 4101 Salomon,
947 4041 1079 4099 etc.,
1110 4054 1275 4107 usque
1339 4040 1413 4093 ad
1445 4044 1545 4110 qui
1591 4042 1806 4112 seipsos
1836 4042 1983 4095 aedi-

283 4120 419 4174 ﬁcio
452 4122 575 4189 Dei,
632 4124 939 4191 credendo,
972 4128 1285 4196 operando,
1339 4128 1479 4182 alios
1509 4130 1784 4197 docendo,
1832 4146 1982 4200 prai-

280 4215 509 4278 parant.

2091 3065 2450 3119 solemnitate
2503 3066 2755 3135 populus
2814 3065 2987 3134 digne
3042 3065 3450 3135 aggrederetur
3490 3064 3792 3135 mysticum

2093 3170 2257 3223 opus

2160 3248 2324 3297 Anno
2360 3247 2555 3311 quarto
2610 3244 2767 3310 regni
2817 3245 2922 3295 sui.
2989 3242 3117 3295 Post
3165 3242 3449 3312 expletam
3495 3241 3790 3309 dispensa-

2088 3330 2307 3385 tionem
2354 3330 2563 3385 divinaa
2592 3330 3023 3395 incarnationis,
3052 3347 3179 3401 quae
3210 3329 3271 3383 in
3304 3334 3552 3400 quatuor
3603 3331 3789 3383 Evan-

2088 3419 2252 3489 geliis
2303 3420 2514 3489 scripta
2564 3426 2667 3485 est,
2727 3418 2900 3473 misso
2961 3418 3177 3487 Spiritu
3234 3418 3304 3472 de
3356 3419 3498 3472 coelo
3544 3419 3791 3472 Ecclesia

2087 3507 2360 3563 fabricata
2403 3512 2507 3561 est.
2565 3509 2703 3572 Qua:
2733 3507 2793 3561 in
2845 3507 3004 3561 libris
3061 3508 3283 3577 Regum
3310 3506 3698 3575 exposuimus,
3732 3506 3791 3561 in

2089 3597 2565 3667 Paralipomenon
2596 3598 2701 3651 sub
2734 3596 3007 3650 brevitate
3044 3594 3503 3666 perstringimus.

2162 3685 2480 3754 Longitudo
2552 3685 2755 3738 domus
2812 3685 3040 3754 longam
3128 3684 3386 3738 Ecclesiae
3451 3683 3789 3753 patientiam

2090 3772 2391 3842 signiﬁcat.
2459 3772 2719 3826 Latitudo
2791 3771 3122 3825 charitatem
3200 3788 3313 3841 qua
3371 3772 3544 3826 etiam
3604 3772 3790 3842 diligit

2089 3860 2377 3928 inimicos,
2428 3860 2611 3914 donec
2659 3876 2789 3913 cum
2840 3859 2975 3913 solis
3019 3860 3216 3913 amicis
3255 3860 3317 3913 in
3373 3862 3485 3914 Deo
3521 3862 3783 3928 gaudeat.

2089 3948 2341 4002 Altitudo
2399 3965 2533 4002 vero
2603 3964 2762 4018 spem
2813 3948 3022 4001 futurae.
3072 3948 3202 4001 vitae
3259 3953 3315 4001 et
3374 3948 3784 4013 retributionis,

2091 4037 2225 4107 quia
2284 4036 2478 4091 omnia
2529 4038 2763 4091 adversa
2808 4036 3153 4091 contemnit:
3211 4036 3392 4090 donec
3422 4037 3611 4090 videat
3640 4037 3787 4091 bona

2092 4126 2321 4179 Domini
2362 4127 2422 4180 in
2452 4131 2604 4180 terra
2630 4124 2965 4179 viventium.
3002 4125 3327 4179 Notandum
3367 4126 3522 4196 quod
3551 4126 3786 4196 triginta

2090 4214 2265 4268 cubiti
2295 4214 2632 4276 altitudinis,
2666 4214 2765 4285 qui
2794 4215 2854 4267 in
2878 4214 3098 4284 Regum
3130 4215 3417 4285 leguntur,
3461 4231 3576 4268 non
3608 4215 3675 4268 ad
3710 4220 3789 4268 te-

357 4298 635 4354 Salomon.
688 4303 752 4355 Et
794 4303 1030 4357 nomine
1086 4309 1144 4357 et
1190 4320 1369 4373 regno
1416 4306 1777 4375 pacatissimo
1816 4308 1979 4361 illum
2007 4336 2051 4389 Β
2088 4308 2243 4356 ctum
2274 4302 2496 4373 templi.
2532 4304 2631 4357 sed
2688 4318 2868 4373 usque
2899 4303 2967 4357 ad
2998 4303 3355 4357 cmuaculum
3387 4302 3626 4357 inferius
3657 4319 3786 4373 per-

280 4386 594 4456 signiﬁcat,
645 4393 775 4449 etc.,
808 4405 976 4460 usque
1026 4391 1101 4444 ad
1141 4396 1196 4444 et
1242 4392 1686 4447 illuminationis
1734 4394 1980 4465 Spiritus

279 4487 490 4531 3811011.

356 4564 516 4619 Vens.
568 4567 620 4621 8.
660 4567 839 4620 —Et
884 4574 1041 4622 erunt
1094 4571 1253 4623 servi.
1316 4570 1491 4639 (ΗΑΒ.)
1551 4571 1809 4641 Apostoli
1866 4571 1982 4626 mei

274 4658 336 4707 et
376 4654 641 4708 doctores
692 4654 894 4726 primi,
922 4661 1053 4723 etc.,
1099 4672 1267 4727 usque
1306 4659 1381 4712 ad
1429 4662 1484 4711 et
1538 4659 1668 4713 ideo
1712 4659 1980 4714 subtilius

272 4748 774 4812 expugnaverunt.

346 4832 511 4885 Vens.
568 4833 652 4886 14.
703 4861 775 4873 -
818 4834 1019 4887 Filium
1064 4835 1324 4889 mulieris.
1367 4836 1627 4890 Ostendit
1681 4852 1813 4890 eum
1859 4852 1980 4891 esse

270 4920 347 4974 de
387 4920 669 4990 progenie
692 4921 1005 4988 Salomith;
1032 4923 1101 4977 de
1132 4923 1282 4977 tribu
1318 4924 1457 4992 Dan,
1491 4926 1560 4978 de
1585 4941 1699 4996 quo
1729 4924 1787 4978 in
1834 4925 1979 4981 libro

271 5011 669 5065 Numerorum
724 5011 955 5080 legitur.
1001 5013 1226 5065 Patrem
1275 5013 1399 5082 ejus
1464 5013 1696 5067 tradunt
1751 5014 1979 5068 Hebraei

266 5098 452 5152 fuisse
489 5098 815 5164 Hebraeum,
848 5100 917 5153 de
948 5100 1125 5170 stirpe
1174 5100 1356 5167 Oliad,
1390 5102 1459 5155 de
1490 5101 1643 5155 tribu
1684 5103 1826 5168 Dan,
1877 5103 1978 5173 qui

264 5200 404 5238 cum
440 5186 691 5239 Beseleel
725 5186 786 5240 in
827 5203 1022 5241 eremo
1053 5194 1320 5259 operatus
1359 5195 1460 5244 est.
1514 5190 1677 5255 Quod
1706 5207 1839 5245 vero
1869 5192 1975 5262 Ty-

266 5272 429 5327 rium
490 5278 666 5339 vocat,
704 5275 867 5329 aiunt
904 5276 1126 5330 Hebraei
1181 5277 1289 5330 hoc
1339 5279 1713 5333 translatione
1764 5280 1974 5335 factum

264 5360 470 5416 fuisse.
526 5362 681 5416 Zocri
728 5363 882 5418 enim
939 5364 1135 5435 lingua
1188 5381 1388 5420 eorum
1440 5368 1742 5437 psalnatio
1791 5369 1975 5423 inter-

266 5455 555 5518 pretatur.
607 5451 821 5521 Chyros
870 5452 1025 5507 enim
1073 5470 1245 5525 quam
1308 5454 1391 5508 illi
1440 5458 1544 5511 Zor
1598 5462 1821 5522 vocant,
1869 5458 1971 5511 ali-

270 5536 513 5606 quando
565 5539 910 5609 angustiam,
945 5542 1253 5613 aliquando
1300 5544 1738 5614 plasmationem
1786 5551 1968 5599 sonat.

2091 4397 2388 4448 venerunt.
2452 4392 2549 4446 Hic
2604 4391 2759 4445 enim
2812 4391 2965 4461 quod
3025 4391 3269 4445 altitudo
3326 4396 3558 4445 centum
3584 4391 3787 4461 viginti

2088 4480 2410 4535 cubitorum
2468 4485 2607 4535 erat.
2676 4480 2787 4534 Alii
2843 4480 3080 4551 triginta
3141 4481 3210 4535 ad
3284 4480 3540 4535 medium
3597 4496 3786 4534 coena-

2086 4569 2430 4634 culnm,alii
2487 4585 2620 4624 vero
2669 4569 2742 4623 ad
2797 4570 3052 4635 tertium,
3098 4569 3303 4624 deinde
3337 4585 3514 4640 usque
3553 4569 3627 4624 ad
3685 4585 3782 4622 su-

2086 4675 2355 4729 premum
2403 4659 2606 4729 templi
2632 4663 2846 4713 tectum
2879 4658 3361 4727 numerabuntur,
3403 4658 3501 4711 alii
3549 4657 3789 4727 triginta

2087 4752 2145 4802 et
2174 4750 2253 4801 sic
2306 4752 2429 4802 tota
2482 4747 2723 4801 altitudo
2763 4746 2967 4800 domus
3000 4746 3059 4799 in
3088 4751 3321 4799 centum
3352 4745 3554 4815 viginti
3580 4746 3787 4799 cubitis

2083 4842 2545 4891 consummatur:
2591 4851 2706 4905 quo
2763 4850 3003 4888 numero
3062 4834 3317 4887 virorum
3364 4833 3655 4903 primitiva
3685 4835 3785 4887 Ec-

2087 4926 2257 4979 clesia
2296 4924 2355 4978 in
2397 4923 2712 4979 Jerusalem
2763 4922 3007 4993 gratiam
3054 4921 3297 4990 Spiritus
3337 4922 3516 4976 sancti
3545 4922 3782 4992 accepit.

2085 5011 2424 5076 Quindecim
2461 5028 2712 5082 namque
2744 5010 2842 5081 qui
2874 5027 2936 5064 ex
2991 5016 3209 5079 septem
3237 5015 3294 5063 et
3324 5015 3451 5063 octo
3500 5016 3782 5077 constant,

2084 5102 2337 5155 futuram
2396 5102 2566 5154 vitam
2620 5101 2869 5169 signant,
2914 5114 3041 5169 qua:
3089 5114 3237 5151 nunc
3285 5098 3472 5168 agitur
3500 5099 3558 5153 in
3592 5100 3783 5169 quiete

2086 5190 2409 5244 animarum
2435 5195 2491 5243 et
2530 5189 2858 5258 perﬁcietur
2895 5187 2953 5241 in
2983 5187 3401 5242 resurrectione
3443 5204 3778 5258 corporum:

2084 5279 2412 5351 quindecim
2434 5294 2565 5331 vero
2590 5277 2649 5330 in
2674 5277 2965 5346 trigonum
3001 5275 3188 5337 ducta,
3214 5275 3272 5329 id
3304 5282 3406 5343 est,
3441 5293 3570 5330 cum
3603 5277 3785 5331 omni-

2083 5370 2191 5423 bus
2256 5367 2511 5438 partibus
2563 5365 2679 5418 suis
2744 5370 3044 5418 numerata
3090 5368 3319 5418 centum
3374 5366 3578 5435 viginti
3611 5366 3779 5431 ﬁunt,

2083 5458 2292 5529 quibus
2336 5456 2668 5525 designatur
2704 5453 2897 5508 futura
2931 5453 3225 5507 beatitudo
3265 5454 3598 5511 electorum.
3635 5458 3781 5512 Bene

2087 5550 2282 5600 autem
2317 5546 2423 5599 hoc
2460 5559 2702 5598 numero
2746 5542 2981 5597 tertium
3013 5543 3369 5597 ccenaculum
3420 5544 3624 5599 domus
3644 5560 3776 5599 con-
