3998 6178
228 244 328 295 667
855 239 1243 294 WALAFRIDI
1281 239 1528 294 STRABI
1567 237 1764 294 FULD.
1807 237 1970 292 MON.
2011 237 2164 294 OPP.
2210 239 2383 294 PARS
2432 239 2473 294 ι.
2516 268 2585 278 -
2623 237 3084 296 THEOLOGICA.

3628 245 3731 296 668

225 368 567 428 summatur,
635 378 764 434 qum
803 363 930 432 post
979 364 1289 432 praesentes
1345 361 1585 426 labores,
1635 366 1762 431 post
1791 362 1920 416 ani-
1951 364 1998 416 Α
2034 360 2297 416 interiori
2351 361 2522 416 domo
2575 360 2787 416 factum
2838 367 2940 427 est,
2988 361 3128 435 quia
3162 363 3224 419 in
3275 379 3525 435 superna
3555 365 3737 435 patria

228 468 453 507 marum
489 451 768 522 requiem,
801 450 972 520 plena
1012 448 1292 503 felicitatis
1343 448 1524 520 gloria
1552 449 1611 503 in
1661 465 1924 504 resurre-

227 542 416 595 ctione
447 541 786 610 completur.

296 631 457 684 Vsns.
512 629 564 681 4.
623 658 693 668 -
749 629 1020 682 Porticum
1077 641 1216 690 vero,
1273 630 1380 678 etc.
1457 627 1650 696 Ipsum
1705 627 1924 682 scilicet

229 719 508 788 templum
560 716 711 787 quod
761 720 882 768 erat
911 731 1016 784 pro
1070 713 1289 768 foribus
1335 715 1582 768 oraculi:
1635 715 1924 786 tripartita

229 807 383 859 enim
436 805 545 858 fuit
585 804 812 858 fabrica:
869 802 1187 856 distinctio:
1225 803 1332 856 hoc
1371 809 1456 857 est
1512 804 1762 872 porticus
1789 811 1923 860 ante

225 894 546 964 templum:
595 899 649 945 et
680 893 869 961 ipsum
904 893 1186 960 templum
1219 892 1278 944 iu
1311 909 1424 962 quo
1467 893 1646 945 altare
1674 894 1918 963 thymia-

222 981 410 1044 matis,
470 996 668 1034 mensa
716 981 1138 1050 propositionis,
1199 985 1255 1034 et
1311 980 1718 1035 candelabrum
1747 980 1922 1035 lumi-

223 1069 312 1123 nis
343 1075 543 1123 erant:
587 1075 643 1122 et
667 1071 985 1133 oraculum,
1019 1069 1077 1121 id
1127 1073 1231 1132 est,
1276 1069 1544 1123 Sanctum
1593 1075 1922 1125 sanctorum

227 1158 328 1214 ubi
357 1175 486 1212 arca
541 1157 868 1212 testamenti
915 1163 970 1211 et
1013 1157 1310 1212 cherubim
1362 1163 1490 1228 post
1533 1159 1724 1212 velum
1756 1160 1924 1213 collo-

226 1252 370 1304 cata.
417 1247 676 1302 Porticus
701 1263 834 1301 vero
866 1253 996 1300 ante
1036 1248 1318 1317 templum
1356 1251 1730 1314 antiquorum
1779 1248 1924 1316 ﬁgu-

224 1352 346 1391 ram
381 1340 564 1407 gestat
615 1335 891 1390 ﬁdelium.
945 1336 1135 1405 Ipsum
1190 1351 1324 1389 vero
1381 1336 1661 1406 templum
1720 1353 1922 1392 eorum

227 1425 328 1496 qui
372 1428 501 1496 post
552 1423 1005 1478 incarnationem
1050 1423 1280 1478 Domini
1323 1423 1383 1478 in
1445 1424 1725 1478 mundum
1754 1441 1922 1480 vene-

223 1516 375 1564 runt.
443 1512 657 1565 Domus
713 1517 905 1566 autem
955 1511 1194 1566 interior
1244 1512 1406 1584 regni
1445 1511 1687 1566 ccelestis
1717 1515 1924 1584 gaudia

224 1599 481 1670 utrisque
515 1600 666 1654 data.

297 1688 618 1742 Notandum
680 1705 816 1760 ergo
866 1689 1019 1760 quod
1071 1689 1318 1759 parietes
1382 1690 1588 1744 domus
1635 1690 1922 1761 lapidibus

224 1777 490 1846 pretiosis
523 1777 655 1832 facti
693 1778 926 1831 fuerunt
976 1777 1186 1831 tabulis
1225 1778 1565 1850 cypressinis
1620 1781 1706 1832 vel
1747 1780 1922 1834 cedri-

224 1865 314 1920 nis
343 1867 550 1934 operti,
599 1866 830 1920 laminis
871 1866 1061 1920 aureis
1097 1866 1305 1920 vestiti.
1365 1867 1520 1922 Unde
1551 1868 1611 1921 in
1660 1868 1918 1939 Regum:

224 1955 296 2008 Et
321 1954 477 2008 cedro
535 1957 707 2008 omnis
764 1953 952 2008 domus
1005 1956 1356 2021 vestiebatur,
1405 1960 1512 2010 etc.
1559 1956 1797 2026 Lapides
1826 1972 1921 2026 pa-

225 2041 383 2095 rietis
413 2042 498 2096 vel
557 2042 866 2111 pavimenti
896 2047 952 2096 et
999 2043 1209 2097 tabulae
1256 2048 1312 2096 et
1340 2059 1544 2097 aurum
1595 2047 1921 2098 sanctorum

225 2129 401 2183 vitam
450 2129 509 2182 in
541 2130 783 2183 Ecclesia
831 2116 1171 2201 signiﬁcant.
1202 2130 1436 2201 Lapides
1483 2131 1596 2185 vivi
1627 2136 1761 2185 sunt
1787 2147 1921 2184 san-

225 2217 301 2272 cti
366 2217 698 2272 fortitudine
754 2219 890 2272 ﬁdei
938 2218 997 2273 in
1057 2235 1234 2273 unam
1304 2221 1562 2290 regulam
1606 2219 1916 2290 conjuncti.

223 2306 455 2361 Tabulas
503 2323 730 2378 quoque
769 2308 1015 2362 cedrinas
1047 2309 1133 2362 vel
1164 2309 1507 2379 cypressiuae
1557 2313 1694 2362 sunt
1740 2307 1920 2362 sancti

222 2395 525 2450 latitudine
594 2397 878 2450 variarum
937 2397 1210 2450 virtutum
1282 2397 1599 2451 secundum
1658 2397 1914 2451 donatio-

224 2499 356 2538 nem
393 2484 638 2556 Spiritus
684 2485 864 2538 sancti
892 2485 950 2538 in
991 2486 1193 2540 eadem
1251 2485 1362 2539 ﬁde
1401 2485 1770 2555 sibimetipsis
1788 2502 1920 2539 con-

225 2572 374 2626 nexi.
445 2572 584 2626 Auri
661 2574 888 2626 laminas
956 2577 1088 2627 sunt
1151 2573 1332 2627 sancti
1395 2574 1917 2644 supereminentem

224 2661 474 2716 scientiae
510 2661 844 2716 charitatem
906 2662 1201 2727 habentes,
1233 2667 1290 2716 et
1337 2663 1507 2733 hujus
1537 2663 1755 2734 fulgore
1785 2679 1915 2734 gra-

223 2750 445 2805 tissimo
476 2751 548 2805 ad
578 2751 819 2805 invicem
854 2752 1301 2822 congaudentes.

294 2839 457 2893 Vens.
489 2843 540 2894 6.
573 2870 642 2881 —
686 2841 898 2896 Stravit
925 2855 1134 2911 quoque
1173 2843 1562 2910 pavimentum,
1600 2845 1706 2896 etc.
1759 2842 1918 2896 Sicut

2031 453 2371 522 angelorum
2424 450 2564 505 visio
2622 456 2680 505 et
2707 451 2974 505 allocutio
3003 457 3060 506 et
3113 451 3236 523 ipsa
3271 453 3369 507 Dei
3427 454 3732 523 praesentia

2032 540 2394 595 revelabitur.
2452 540 2611 605 Quod
2667 540 2807 594 dicit
2855 540 3057 610 viginti
3115 541 3337 595 cubitos
3389 542 3731 607 altitudinis,

2030 628 2309 698 parietem
2358 628 2654 683 cedrinum
2685 627 2989 700 signiﬁcat,
3023 629 3123 700 qui
3170 631 3466 685 oraculum
3500 631 3572 684 ab
3602 631 3724 686 aede

2033 717 2300 772 exteriori
2330 723 2614 788 segregat.

2103 806 2335 859 Calavit
2365 805 2658 859 cherubim.
2690 804 2874 859 Habet
2906 805 3029 858 haec
3077 806 3300 874 domus,
3334 807 3482 861 sicut
3520 807 3580 861 in
3615 809 3728 862 Re-

2032 910 2171 964 gum
2204 894 2432 964 legitur,
2468 894 2765 948 celaturas
2805 893 3143 956 eminentes,
3176 911 3306 948 cum
3339 895 3520 948 sancti
3552 913 3730 966 opera

2031 982 2307 1036 virtutum
2341 998 2453 1036 non
2487 981 2547 1035 iu
2566 984 2788 1036 occulto
2811 986 3001 1053 agant,
3053 983 3150 1037 sed
3171 984 3498 1054 exemplum
3540 985 3730 1038 omni-

2032 1070 2140 1124 bus
2170 1071 2503 1141 praeferunt.

2106 1160 2263 1214 Vens.
2297 1161 2351 1214 8.
2397 1189 2468 1200 —
2507 1159 2659 1213 Fecit
2698 1175 2910 1229 quoque
2961 1159 3200 1226 domum,
3254 1164 3357 1214 etc.
3421 1161 3733 1216 Oraculum

2029 1246 2128 1301 ubi
2159 1253 2280 1302 erat
2326 1264 2456 1302 arca
2485 1247 2685 1318 viginti
2713 1247 2934 1302 cubitos
2963 1248 3213 1302 habebat
3243 1249 3303 1302 in
3336 1249 3728 1319 longitudine,

2031 1336 2356 1401 latitudine,
2389 1335 2713 1402 altitudine,
2764 1336 2822 1390 id
2853 1341 2938 1389 est
2967 1352 3070 1406 per
3121 1335 3404 1408 quadrum
3431 1356 3447 1391 :
3480 1337 3620 1408 quia
3670 1339 3732 1392 in

2031 1441 2277 1496 superna
2307 1424 2490 1496 patria
2530 1424 2627 1478 ubi
2670 1440 2868 1494 regem
2904 1424 2964 1478 in
2996 1425 3202 1479 decore
3231 1442 3334 1479 suo
3374 1425 3570 1480 vident
3600 1443 3732 1480 san-

2029 1513 2125 1586 cti,
2185 1514 2304 1566 sola
2357 1513 2602 1567 charitas
2657 1513 2866 1566 divinae
2918 1519 2974 1568 et
3030 1529 3296 1584 superna:
3364 1515 3563 1584 gratia
3629 1530 3735 1586 per

2033 1601 2227 1656 omnia
2256 1601 2462 1672 fulget.
2515 1601 2672 1657 Unde
2730 1601 2792 1655 in
2824 1602 3221 1673 sequentibus:
3273 1605 3519 1658 Laminis
3548 1605 3733 1657 aureis

2033 1694 2169 1746 tea-it
2199 1707 2315 1745 eam
2372 1691 2473 1758 (Ill
2503 1691 2640 1760 Reg.
2681 1690 2778 1762 v1),
2840 1691 2897 1745 id
2946 1695 3048 1757 est,
3082 1691 3295 1746 moenia
3331 1707 3599 1762 superna:
3655 1691 3732 1746 ci-

2031 1779 2222 1833 vitatis
2251 1778 2432 1849 gratia
2451 1779 2745 1833 charitatis
2773 1778 3050 1850 implevit.

2104 1869 2340 1922 Talentis
2369 1871 2654 1933 sexcentis,
2707 1873 2814 1923 etc.
2849 1869 2915 1922 In
2943 1866 3173 1922 talentis
3226 1867 3495 1938 ponderis
3535 1868 3726 1938 perfe-

2029 1955 2141 2010 ctio
2170 1971 2299 2026 qua;
2329 1955 2620 2010 charitatis
2652 1955 3058 2026 perfectionem
3089 1956 3376 2026 exprimit,
3419 1955 3567 2010 sicut
3598 1973 3730 2026 per-

2030 2041 2200 2096 fectio
2229 2042 2440 2096 senarii
2498 2059 2601 2113 per
2655 2059 2827 2114 quem
2881 2044 3244 2098 centenarius
3290 2043 3726 2114 multiplicatur,

2029 2135 2095 2184 ut
2124 2131 2267 2184 ﬁant
2296 2130 2563 2185 sexcenti.

2101 2219 2271 2272 Vens.
2322 2223 2373 2274 9.
2410 2249 2474 2258 -——
2523 2218 2630 2274 Sed
2682 2223 2732 2272 et
2761 2219 2958 2274 clavos.
2994 2219 3182 2289 (ΗΑΒ.)
3218 2219 3724 2290 Quiuquagenarto

2028 2322 2272 2360 numero
2340 2311 2700 2376 peccatorum
2751 2305 3030 2373 remissio,
3088 2313 3222 2371 etc.,
3276 2323 3446 2375 usque
3498 2307 3572 2360 ad
3627 2307 3728 2378 qui

2029 2396 2095 2449 ad
2140 2395 2480 2465 perfectiora
2512 2396 2848 2465 perveniens
2877 2395 2947 2448 de
2995 2395 3165 2450 clavis
3201 2395 3585 2466 perfectionis,
3615 2397 3724 2450 ait:

2028 2485 2168 2539 Mihi
2199 2489 2379 2539 autem
2407 2483 2682 2540 adhaerere
2715 2487 2837 2549 Deo,
2870 2485 3071 2540 bonum
3099 2489 3177 2538 est
3205 2485 3368 2552 (Psal.
3403 2492 3598 2550 uxu).

2100 2574 2381 2629 Camacula
2447 2589 2673 2642 quoque.
2734 2573 2890 2627 Sicut
2945 2573 3146 2627 Sancta
3217 2577 3564 2638 sanctorum,
3631 2573 3726 2627 ubi

2027 2667 2150 2716 erat
2197 2677 2347 2727 arca,
2410 2660 2696 2715 iuternam
2742 2666 3066 2715 sanctorum
3126 2661 3299 2714 vitam
3361 2660 3420 2713 in
3479 2677 3725 2730 conspe-

2025 2755 2120 2804 ctu
2191 2749 2591 2820 Redemptoris
2637 2749 2942 2818 signiﬁcat,
3006 2750 3186 2804 unde:
3247 2749 3558 2804 Abscondes
3637 2766 3725 2804 eos

2025 2840 2085 2892 in
2137 2837 2449 2892 abscondito
2503 2839 2672 2903 faciei
2729 2843 2852 2903 tua,
2894 2855 2929 2891 a
2983 2837 3385 2892 conturbatione
3454 2838 3730 2891 hominum

222 2926 467 2981 latitudo
498 2928 734 2998 parietis
763 2928 822 2982 in
869 2928 1047 2982 altum
1077 2945 1402 3000 exsurgens,
1437 2934 1493 2984 et
1528 2930 1595 2984 ad
1629 2931 1918 3001 laquearia
1950 2925 1990 2980 C
2030 2926 2195 2996 (Psal.
2223 2928 2370 2994 xxx).
2407 2927 2488 2980 Ita
2538 2942 2765 2980 cmnacu
2796 2927 2851 2980 la
2879 2927 2940 2980 in
2979 2927 3093 2980 alto
3125 2927 3384 2982 eamdem
3440 2926 3636 2991 vitam,
3666 2926 3727 2980 id

222 3015 582 3086 perveniens,
656 3022 958 3087 provectus
1018 3017 1292 3071 virtutum
1361 3017 1572 3089 quibus
1633 3019 1808 3073 sancti
1845 3020 1914 3074 ad

222 3103 429 3157 cmlum
485 3103 845 3174 perveniunt,
897 3104 984 3157 vel
1043 3109 1371 3158 sanctorum
1431 3105 1632 3159 choros
1674 3106 1781 3160 sibi
1815 3123 1918 3175 per

223 3189 378 3243 varia
411 3194 674 3260 tempora
704 3191 1069 3245 succedentes
1099 3191 1453 3262 signiﬁcant:
1503 3191 1582 3245 ita
1620 3193 1917 3264 aequalitas

223 3278 533 3348 pavimenti
588 3280 922 3333 concordem
973 3295 1172 3334 eorum
1218 3281 1623 3348 humilitatem,
1683 3298 1796 3352 qua
1856 3282 1914 3336 iu

221 3363 328 3417 hac
355 3364 470 3418 vita
500 3366 669 3435 positi
717 3367 912 3420 sociali
955 3367 1226 3421 charitate
1281 3374 1705 3423 conversantur.
1753 3370 1916 3423 Pavi-

222 3458 484 3507 mentum
530 3455 780 3525 pretioso
837 3473 1125 3511 marmore
1175 3463 1417 3511 stratum
1463 3459 1643 3512 multo
1686 3457 1914 3524 decore,

223 3545 280 3595 et
306 3557 560 3596 marmor
590 3548 799 3598 tectum
858 3546 1068 3600 tabulis
1098 3546 1376 3616 abiegnis,
1411 3547 1549 3617 quia
1602 3546 1701 3601 viti
1724 3547 1914 3617 justo-

223 3645 353 3683 rum
385 3629 569 3700 primo
624 3633 755 3687 ﬁdei
810 3634 1081 3688 ﬁrmitate
1136 3633 1450 3689 munienda
1481 3638 1562 3688 est
1613 3633 1674 3688 in
1703 3634 1911 3688 corde:

224 3719 641 3788 postvirtutum
673 3722 972 3777 latitudine
993 3723 1253 3778 ornanda
1282 3723 1340 3778 in
1363 3739 1556 3794 opere.
1589 3723 1732 3788 Quid
1762 3724 1916 3778 enim

221 3807 456 3878 prodest
503 3809 674 3864 decor
728 3813 1031 3866 marmoris
1075 3811 1283 3866 tabulis
1339 3812 1596 3877 obtectis,
1656 3811 1762 3866 nisi
1811 3813 1913 3865 ali-

225 3895 364 3967 quid
421 3899 723 3968 mysticum
777 3900 1081 3954 ostendat?
1112 3901 1206 3955 sed
1266 3901 1549 3955 bonorum
1586 3901 1918 3971 amplitudi-

223 3999 358 4039 nem
392 4002 632 4058 operum
671 3989 1008 4043 fortitudine
1048 3989 1181 4044 ﬁdei
1211 3988 1556 4044 fulciendam
1589 4005 1708 4043 esse
1735 3989 1915 4060 signi-

221 4075 377 4128 ﬁcat.
409 4075 572 4129 Abies
607 4093 738 4130 vero
761 4079 873 4130 alta
902 4083 960 4131 et
985 4077 1262 4132 durabilis
1303 4082 1555 4132 mentem
1604 4078 1916 4132 electorum

223 4163 424 4217 inﬁma
471 4171 854 4235 spernentem,
906 4166 1230 4220 coelestibus
1267 4166 1668 4232 inhaerentem,
1725 4171 1782 4219 et
1806 4166 1917 4219 vir-

2027 3021 2113 3069 est
2143 3015 2202 3069 in
2254 3015 2409 3069 caelis
2437 3030 2557 3069 esse
2587 3019 2644 3068 et
2669 3031 2783 3068 non
2813 3031 2872 3069 in
2915 3015 3024 3069 hoc
3077 3016 3312 3070 mundo:
3369 3015 3522 3070 unde
3561 3016 3730 3080 :Quz

2025 3119 2238 3158 sursum
2293 3107 2422 3157 sunt
2481 3106 2706 3172 querite
2763 3105 2896 3173 (Col.
2951 3106 3065 3172 ιιι),
3126 3105 3222 3158 ubi
3262 3104 3517 3158 Christus
3554 3104 3726 3158 estin

2027 3194 2258 3248 dextera
2291 3191 2388 3245 Dei
2419 3193 2642 3246 sedens.

2100 3283 2255 3335 Vens.
2317 3284 2400 3335 tO.
2455 3311 2524 3320 --
2573 3282 2718 3335 Fecit
2767 3282 2951 3335 etiam.
3020 3280 3201 3350 (ΗΑΒ.)
3237 3281 3346 3334 Hoc
3391 3279 3450 3333 in
3500 3280 3725 3350 Regum

2025 3369 2253 3440 plenius
2278 3369 2508 3439 legitur,
2556 3374 2684 3436 etc.,
2729 3384 2897 3438 usque
2927 3369 3002 3423 ad
3051 3368 3286 3423 denario
3335 3369 3597 3440 perpetui
3628 3385 3729 3422 re-

2025 3459 2124 3530 gui
2147 3459 2649 3513 remunerandam.

2097 3549 2260 3600 Vens.
2318 3550 2400 3600 tl.
2430 3575 2500 3588 —
2557 3547 2651 3600 Ita
2697 3550 2755 3600 ut
2783 3547 2900 3600 ala.
2945 3545 3210 3616 Quinque
3241 3545 3569 3599 cubitorum
3602 3551 3731 3600 erat

2025 3635 2116 3690 ala
2144 3635 2358 3688 cherub
2389 3651 2523 3699 una,
2557 3639 2688 3703 etc.,
2719 3635 2854 3705 quia
2905 3634 3095 3704 angeli
3153 3635 3339 3704 legem
3377 3633 3474 3688 Dei
3519 3635 3730 3687 descri-

2025 3727 2183 3794 ptam
2214 3722 2274 3776 in
2332 3722 2586 3794 quinque
2646 3723 2805 3777 libris
2843 3723 3124 3777 indefessa
3175 3723 3476 3778 devotione
3528 3727 3726 3776 custo-

2026 3811 2208 3872 diunt,
2267 3810 2561 3881 diligendo
2602 3811 2816 3865 scilicet
2873 3812 3051 3865 Deum
3091 3827 3152 3864 ex
3206 3810 3478 3864 omnibus
3511 3810 3730 3864 viribus

2026 3898 2162 3963 suis,
2194 3903 2250 3952 et
2280 3899 2567 3969 proximos
2594 3904 2870 3968 tanquam
2899 3899 3134 3968 seipsos.
3202 3898 3493 3953 Plenitudo
3542 3903 3728 3952 autem

2026 3990 2157 4055 legis
2189 3993 2266 4043 est
2295 3989 2535 4042 charitas
2573 3990 2750 4049 (Rom.
2783 3988 2942 4050 xm).
3001 3986 3249 4040 Proximi
3303 4002 3534 4056 quoque
3565 3986 3728 4040 adiu-

2028 4075 2206 4130 vicem
2253 4082 2388 4130 sunt
2413 4075 2650 4146 spiritus
2688 4076 2932 4146 angelici
2965 4080 3021 4129 et
3049 4077 3314 4129 homines
3340 4073 3526 4128 electi.
3563 4074 3725 4128 Unde

2027 4171 2268 4236 utraque
2333 4166 2422 4218 ala
2477 4164 2692 4218 cherub
2749 4164 3002 4234 ejusdem
3061 4179 3343 4216 mensurae
3401 4167 3516 4216 est:
3589 4163 3724 4232 quia

218 4256 400 4306 tutem
461 4254 752 4323 patientiae
808 4255 1172 4308 excellentem
1205 4254 1576 4308 demonstrat.
1638 4253 1778 4308 Auri
1835 4254 1916 4306 la-
1948 4254 1990 4307 D
2029 4252 2227 4307 eadem
2269 4251 2568 4306 devotione
2621 4268 2736 4322 qua
2790 4267 2910 4305 sese
2949 4251 3288 4305 alterutrum
3321 4249 3382 4303 in
3442 4251 3557 4304 Deo
3589 4251 3721 4304 dili-

223 4340 394 4395 minae
421 4343 694 4396 marmori
725 4343 794 4398 de
825 4342 1033 4397 tabulis
1067 4342 1326 4413 abiegnis
1356 4341 1732 4413 superposita:
1784 4341 1913 4395 lati-

221 4428 362 4482 tudo
393 4433 479 4482 est
519 4428 812 4483 charitatis
839 4429 909 4484 de
939 4429 1107 4484 corde
1137 4445 1284 4499 puro
1309 4433 1366 4483 et
1397 4428 1740 4484 conscientia
1768 4430 1916 4485 bona

223 4520 280 4570 et
307 4516 418 4571 ﬁde
451 4533 562 4571 non
587 4517 736 4580 ﬁcta,
785 4534 915 4589 quae
948 4517 1093 4573 sicut
1133 4534 1337 4573 aurum
1367 4518 1492 4572 aliis
1531 4519 1796 4585 metallis,
1836 4519 1916 4572 ita

223 4605 445 4659 caeteris
465 4605 771 4661 virtutibus
799 4606 857 4660 in
887 4607 1104 4676 templo
1145 4606 1242 4661 Dei
1274 4606 1592 4678 praefulget.

297 4695 454 4748 Vens.
489 4698 536 4748 7.
575 4725 640 4736 —
689 4697 870 4750 Postes
902 4700 953 4748 et
995 4697 1249 4764 parietes,
1301 4699 1405 4748 etc.
1439 4693 1618 4761 Texit,
1643 4695 1783 4749 ‘cum
1816 4695 1914 4749 ad-

221 4781 366 4835 itum
391 4783 524 4837 ﬁdei
547 4781 670 4853 ipso
701 4782 944 4837 Domino
976 4783 1390 4854 pandentequa
1408 4782 1645 4838 veritate
1668 4785 1918 4838 reluceat

222 4869 485 4924 omnibus
518 4871 824 4925 Ecclesiam
863 4871 1206 4926 intrantibus
1235 4871 1498 4926 ostendit.
1531 4872 1751 4927 Ostium
1777 4877 1919 4926 tem-

223 4958 304 5027 pli
362 4958 618 5014 Christus
666 4964 769 5024 est,
826 4976 931 5030 per
960 4976 1130 5030 quem
1162 4960 1387 5014 venitur
1416 4959 1484 5014 ad
1535 4961 1783 5025 Patrem,
1816 4959 1917 5030 qui

224 5046 338 5101 ait:
372 5048 494 5114 Ego
547 5063 667 5103 sum
696 5052 914 5112 ostium,
972 5055 1079 5104 etc.
1112 5050 1294 5118 {Joan.
1351 5049 1426 5118 x.)
1459 5050 1522 5103 In
1572 5049 1790 5118 Regum
1835 5049 1917 5103 ita

225 5133 498 5203 scriptum
539 5139 654 5188 est:
691 5137 980 5192 Oraculum
1019 5136 1248 5190 habebat
1275 5139 1477 5205 viginti
1505 5136 1711 5191 cubitus
1742 5137 1917 5202 longi-

224 5221 450 5286 tudinis,
485 5234 536 5276 et
571 5225 773 5288 viginti
793 5223 1104 5279 latitudinis
1145 5229 1196 5278 et
1240 5226 1441 5292 viginti
1479 5224 1793 5280 altitudinis
1813 5225 1916 5294 (III

223 5311 350 5374 Reg.
408 5311 510 5380 ιιι).
579 5311 881 5365 Oraculum
958 5312 1167 5366 dicitur
1227 5313 1496 5368 Sanctum
1565 5319 1913 5380 sanctorum,

222 5397 358 5468 quia
379 5397 459 5452 ibi
510 5399 702 5454 divina
743 5406 800 5454 et
845 5401 1102 5472 angelica
1134 5402 1417 5456 locutione
1464 5401 1793 5456 hominibus
1823 5418 1914 5456 se-

221 5492 376 5541 creta
419 5489 765 5543 revelantur.
814 5490 1004 5546 Unde:
1039 5491 1330 5546 Oraculum
1382 5494 1439 5544 in
1467 5491 1674 5546 abditis
1720 5491 1775 5546 id
1807 5496 1912 5556 est,

2024 4347 2186 4412 gunt,
2217 4347 2468 4395 nostram
2517 4356 2748 4412 quoque
2791 4341 2863 4394 ad
2891 4356 2951 4394 se
3007 4339 3435 4394 ascendentium
3484 4341 3720 4394 societa-

2023 4433 2136 4482 tem
2194 4427 2539 4482 desiderant.
2590 4427 2864 4481 Similiter
2919 4443 3054 4496 ergo
3111 4428 3212 4480 alte
3253 4426 3454 4481 decem
3501 4429 3722 4483 cubitus

2023 4517 2334 4588 complent,
2367 4531 2498 4570 cum
2529 4516 2588 4570 in
2635 4515 2868 4586 gemina
2896 4515 3190 4570 charitatis
3236 4515 3591 4572 exhibitione
3619 4534 3718 4571 an-

2023 4606 2159 4677 geli,
2191 4604 2500 4660 conditoris
2531 4604 2617 4658 sui
2637 4604 2942 4674 praesentia
2970 4605 3254 4658 laetantur.

2095 4694 2257 4747 Vaas.
2296 4695 2378 4746 l2.
2431 4722 2500 4733 —
2559 4692 2833 4759 Tangebat
2871 4694 3152 4762 parietem.
3203 4694 3357 4747 Duos
3407 4708 3575 4763 aeque
3631 4709 3724 4764 pa-

2023 4780 2192 4835 rietes
2243 4781 2346 4835 alis
2404 4781 2522 4835 suis
2568 4787 2830 4851 tangunt,
2898 4781 3032 4852 quia
3083 4781 3308 4836 Judasos
3356 4786 3416 4836 et
3479 4782 3721 4853 gentiles

2025 4885 2214 4924 secum
2243 4869 2455 4924 habent
2508 4869 2749 4925 caelestis
2777 4871 2925 4925 aulae
2957 4885 3337 4941 possessores:
3392 4886 3512 4925 non
3565 4869 3718 4941 quod

2027 4957 2107 5011 ibi
2161 4958 2232 5012 sit
2282 4957 2476 5012 localis
2517 4957 2804 5014 distinctio
2861 4957 3012 5012 inter
3070 4963 3380 5029 utrumque
3440 4959 3718 5028 populum

2027 5045 2126 5099 sed
2183 5047 2320 5117 quia
2364 5047 2549 5117 major
2599 5053 2686 5101 est
2716 5047 2993 5101 festivitas
3037 5047 3280 5101 interna:
3325 5045 3716 5106 beatitudinis,

2025 5135 2094 5188 de
2127 5135 2412 5190 consortio
2462 5136 2728 5190 adunataa
2776 5135 2835 5188 in
2890 5137 3004 5190 Deo
3060 5135 3457 5190 fraternitatis.
3517 5135 3714 5188 Exten-

2025 5223 2170 5278 dunt
2207 5239 2346 5294 ergo
2395 5223 2463 5278 ad
2495 5229 2806 5294 utrumque
2836 5225 3114 5293 parietem
3163 5225 3310 5290 alas;
3350 5224 3486 5294 quia
3513 5224 3712 5277 laetan-

2023 5318 2110 5368 tes
2138 5312 2200 5366 in
2246 5313 2458 5367 cmlesti
2490 5312 2674 5383 patria
2703 5313 2882 5384 iustos
2938 5312 3234 5384 utriusque
3259 5313 3458 5384 populi
3488 5313 3556 5367 ad
3604 5313 3711 5364 lau-

2024 5403 2155 5458 dem
2187 5403 2429 5458 excitant
2478 5402 2780 5457 Creatoris.
2837 5403 2970 5457 Alas
3020 5406 3195 5457 tectas
3222 5416 3362 5456 auro
3392 5401 3467 5456 ad
3502 5398 3705 5456 oraculi

2023 5491 2269 5563 parietes
2322 5490 2655 5557 extendunt,
2707 5490 2855 5546 sicut
2898 5490 3110 5547 habent
3172 5489 3342 5544 facies
3397 5504 3585 5544 versas
3639 5484 3700 5539 ad
