3998 6178
220 314 323 365 669

1287 315 1542 372 GLOSSA
1583 317 1993 374 ORDINARIA.
2035 350 2103 359 ——
2146 322 2274 375 LIB.
2321 322 2366 376 ΙΙ
2408 323 2659 377 PARAL.

3634 340 3736 392 670

216 448 558 504 exteriorem
608 449 889 505 domum;
936 452 1071 523 quia
1120 452 1311 524 auge”
1357 453 1503 507 sicut
1532 470 1694 508 suam
1748 454 1921 508 iuno-
1955 441 1998 494 Α
2037 441 2346 510 perfectam
2394 443 2711 510 scientiam,
2759 446 2956 501 unde:
3025 450 3187 505 Vobis
3240 451 3429 506 datum
3474 459 3553 509 est
3584 471 3736 512 nosse

214 539 466 592 centiam
521 544 878 606 conservant,
936 541 1013 595 sic
1065 541 1136 595 de
1192 546 1520 596 sanctorum
1570 543 1922 597 beatitudine

214 628 490 697 gaudent,
542 632 605 682 ut
663 628 744 682 eis
798 645 941 699 quos
989 630 1173 683 adhuc
1218 630 1279 684 iu
1330 631 1496 685 terris
1542 632 1920 702 conspiciunt,

215 731 392 785 opem
424 716 611 770 ferant
640 717 819 771 donec
849 717 980 771 illos
1024 718 1092 772 ad
1133 718 1418 772 caelestem
1460 720 1701 790 patriam
1744 720 1925 774 intro-

213 804 450 858 ducant.
502 805 692 859 Omnes
730 808 871 859 enim
917 812 1043 860 sunt
1091 807 1553 862 administratorii
1598 810 1827 878 spiritus
1865 812 1924 863 in

213 894 582 947 ministerium
630 895 804 957 missi,
848 900 1075 963 propter
1122 910 1206 949 eos
1256 898 1353 965 qui
1408 896 1773 951 hereditatem
1831 914 1922 952 ca-

209 982 378 1049 piunt
426 982 625 1035 salutis
671 982 858 1049 (Hebr.
911 986 967 1049 1).
1010 983 1129 1037 Alis
1178 984 1555 1039 exterioribus
1589 985 1692 1039 iste
1742 1002 1923 1039 unum

212 1068 518 1138 parietem,
566 1069 662 1123 ille
696 1072 940 1124 alterum
989 1072 1267 1142 contingit
1300 1088 1312 1127 :
1346 1074 1479 1144 quia
1516 1074 1682 1127 Vetus
1723 1075 1922 1128 Testa-

214 1163 485 1211 mentum
537 1158 776 1229 antiquo
820 1159 1035 1230 populo
1092 1160 1302 1231 scripto
1352 1178 1560 1216 novum
1613 1162 1776 1217 nobis
1822 1163 1922 1234 qui

212 1251 350 1316 post
397 1246 855 1301 incarnationem
910 1248 1138 1303 Domini
1194 1250 1261 1303 ad
1322 1250 1494 1305 ﬁdem
1536 1251 1819 1320 venimus,
1866 1256 1925 1307 et

211 1335 469 1389 secundo
517 1336 744 1405 parieti,
778 1336 836 1390 id
867 1341 971 1403 est,
1024 1338 1458 1408 septentrionali
1510 1345 1659 1394 recte
1690 1357 1921 1411 compa-

210 1440 435 1491 ramur,
488 1425 588 1496 qui
639 1431 768 1496 post
814 1424 1030 1497 frigora
1061 1433 1119 1482 et
1145 1428 1406 1481 tenebras
1454 1428 1793 1485 idololatria:
1832 1431 1920 1484 lu-

210 1528 337 1566 cem
374 1512 627 1566 veritatis
655 1514 1049 1584 cognovimus.

283 1602 400 1658 Ala
437 1602 576 1671 ejus.
622 1603 945 1657 Extendunt
970 1604 1086 1657 alas
1118 1604 1188 1658 ad
1227 1604 1471 1659 invicem
1511 1622 1684 1676 super
1708 1622 1918 1674 arcam,

208 1702 345 1740 cum
395 1688 469 1741 ad
518 1688 743 1743 laudem
803 1691 1113 1745 Salvatoris
1169 1693 1423 1747 referunt
1475 1710 1643 1748 omne
1699 1694 1916 1749 bonum
1948 1719 1988 1774 Β

209 1776 368 1846 quod
402 1783 758 1848 acceperant.
814 1780 1141 1835 Extendunt
1185 1781 1393 1836 alteras
1422 1783 1541 1836 alas
1570 1783 1642 1837 ad
1674 1783 1919 1854 parietes

210 1866 455 1931 oraculi,
552 1881 683 1920 cum
777 1874 1002 1922 sanctos
1098 1886 1291 1924 secum
1366 1870 1554 1925 videre
1630 1872 1914 1939 laetantur,

208 1968 430 2023 eosque
476 1956 630 2009 velut
685 1956 905 2011 alarum
972 1958 1399 2014 summitatibus
1443 1964 1705 2030 tangunt,
1774 1977 1917 2032 quos

208 2040 535 2096 imitatores
585 2059 702 2097 suae
748 2045 1015 2114 puritatis
1057 2047 1119 2100 in
1161 2048 1267 2101 hac
1324 2049 1441 2103 vita
1492 2048 1665 2103 fuisse
1730 2050 1915 2104 exsul-

210 2134 358 2183 tant.

277 2220 353 2272 Et
394 2220 567 2284 facies
615 2234 794 2274 eorum
840 2236 1025 2275 versae.
1074 2221 1219 2286 Quia
1247 2223 1423 2277 nostri
1462 2224 1647 2294 gratia
1684 2224 1784 2296 qui
1816 2226 1913 2280 ad-

208 2305 318 2359 huc
364 2305 506 2360 foris
550 2311 784 2375 stamus,
836 2309 931 2362 sed
972 2326 1070 2379 spe
1123 2310 1262 2364 salvi
1308 2312 1441 2366 facti
1471 2328 1686 2379 sumus,
1737 2314 1916 2369 divini

210 2394 343 2449 libri
395 2400 533 2449 sunt
577 2397 811 2463 conditi,
859 2414 1107 2468 quorum
1151 2399 1456 2470 scriptores
1480 2402 1601 2470 jam
1644 2417 1772 2456 cum
1802 2404 1914 2457 Do-

210 2484 369 2537 mino
419 2490 748 2553 regnantes,
812 2491 1021 2539 nostra:
1079 2487 1276 2541 salutis
1326 2504 1521 2541 curam
1573 2494 1798 2560 gerunt,
1858 2495 1915 2546 et

210 2588 313 2642 pro
347 2571 519 2625 nobis
548 2571 915 2643 interpellant
944 2575 1099 2644 apud
1127 2576 1325 2631 Deum.

279 2661 442 2715 Vens.
493 2662 576 2715 14.
620 2691 690 2702 -
720 2664 862 2717 Fecit
916 2678 1143 2733 quoque.
1196 2665 1381 2735 (ΗΑΒ.)
1431 2665 1545 2719 Hoc
1592 2665 1650 2717 in
1693 2667 1914 2736 Regum

205 2751 604 2821 praemittitur.
649 2756 776 2817 etc.,
834 2769 1005 2822 usque
1046 2755 1121 2808 ad
1172 2760 1231 2810 et
1287 2756 1491 2811 veritas
1542 2757 1831 2828 Evangelii
1858 2763 1915 2812 et

209 2840 508 2909 ingressus
540 2842 704 2911 regni
736 2841 861 2911 ipsa
891 2844 1126 2898 veritate
1158 2846 1429 2915 aperitur.

277 2932 350 2983 Et
406 2931 662 2983 intexuit.
745 2932 1082 2986 Intexuntur
1152 2933 1447 2989 cherubim
1522 2935 1611 2989 his
1666 2941 1912 3007 quatuor

2031 534 2346 598 mysterium
2394 537 2549 600 regni
2576 537 2673 589 Dei
2720 537 2905 602 (Marc.
2952 539 3046 605 IV.)
3082 539 3149 592 Et
3178 540 3318 594 alibi
3356 543 3589 610 Aperuit
3619 546 3731 599 illis

2030 633 2262 682 sensum,
2292 626 2351 674 ut
2381 623 2742 690 intelligerent
2771 625 3088 694 Scripturas
3120 629 3273 695 (Luc.
3314 630 3478 700 xxiv).

2101 708 2270 773 Quasi
2308 714 2601 766 catenatas.
2646 712 2828 782 (ΗΑΒ.)
2876 715 3165 785 Multiplex
3205 721 3536 774 catenarum
3593 737 3730 776 con-

2031 795 2203 849 textio
2250 802 2308 851 et
2346 798 2502 860 retis,
2534 801 2848 855 secundum
2898 818 3101 872 regum
3131 806 3400 876 expansio
3433 807 3545 877 (sic)
3578 812 3732 864 mul-

2032 883 2244 937 tifarias
2290 886 2599 941 electorum
2654 906 2924 958 personas
2971 891 3240 960 insinuat,
3286 911 3415 964 quae
3447 912 3574 951 cum
3608 916 3731 952 ver-

2030 971 2117 1025 bis
2146 974 2587 1042 prasdicatorum
2636 977 2881 1031 ﬁdeliter
2925 980 3293 1035 auscultando
3326 989 3378 1035 et
3407 985 3730 1041 obediendo

2030 1061 2346 1127 adhasreut,
2382 1064 2545 1134 quasi
2592 1066 2871 1136 capitibus
2918 1070 3316 1123 columnarum
3368 1073 3730 1143 superposita

2030 1150 2174 1203 retia
2202 1156 2256 1204 et
2313 1155 2590 1206 catenulae
2639 1155 2979 1210 miraculum
3027 1173 3143 1211 suae
3185 1159 3548 1213 connexionis
3597 1178 3729 1231 spe—

2032 1238 2316 1293 ctantibus
2348 1241 2627 1310 praebent.

2104 1328 2267 1382 Vens.
2320 1331 2404 1382 16.
2460 1360 2526 1369 ο-
2578 1331 2860 1399 Capitibus
2908 1334 3297 1387 columnarum.
3342 1335 3537 1406 Capita
3566 1337 3734 1391 colu-

2031 1430 2321 1484 mnarum,
2353 1416 2410 1470 id
2451 1422 2535 1470 est
2578 1435 2847 1488 suprema
2886 1437 3040 1491 pars,
3092 1424 3407 1491 praecordia
3453 1431 3587 1479 sunt
3629 1426 3730 1480 do-

2029 1508 2275 1570 ctorum,
2336 1521 2583 1575 quorum
2646 1508 2758 1561 Deo
2818 1509 3036 1564 devotis
3093 1511 3529 1581 cogitationibus
3585 1514 3732 1567 sicut

2029 1592 2213 1662 capite
2251 1594 2525 1662 membra,
2558 1595 2637 1649 ita
2681 1595 2940 1667 ipsorum
2971 1600 3167 1655 omnia
3204 1617 3377 1672 opera
3408 1602 3730 1672 dirigantur

2029 1686 2085 1734 et
2116 1682 2306 1735 verba.

2097 1772 2498 1838 Mulogranata.
2584 1774 2701 1829 Uno
2775 1774 2910 1829 foris
2980 1776 3184 1830 cortice
3250 1780 3427 1833 multa
3486 1779 3728 1834 interius

2027 1874 2206 1929 grana
2245 1860 2617 1925 circumdant,
2662 1863 2813 1917 unde
2861 1864 3166 1918 Ecclesium
3207 1866 3552 1937 signiﬁcant,
3592 1866 3730 1937 quia

2026 1948 2199 2000 unius
2238 1948 2374 2002 ﬁdei
2416 1950 2736 2004 munimine
2782 1951 3086 2007 innumera
3133 1954 3445 2009 electorum
3495 1956 3729 2027 agmina

2026 2035 2356 2102 circumdat,
2414 2038 2498 2090 vel
2548 2039 2825 2111 cujusque
2866 2042 3007 2111 justi
3058 2043 3231 2096 vitam
3279 2050 3331 2097 et
3378 2060 3585 2110 mores,
3628 2044 3729 2114 qui

2026 2123 2206 2176 multa
2252 2124 2668 2194 cogitationum
2717 2127 3112 2200 virtutumque
3158 2130 3430 2201 insignia,
3470 2148 3542 2186 ne
3580 2131 3727 2187 forte

2026 2211 2301 2278 deﬁuant,
2344 2213 2511 2267 ﬁrma
2550 2214 2685 2269 ﬁdei
2724 2220 2780 2269 et
2818 2217 3157 2272 humilitatis
3196 2221 3409 2275 vallant
3446 2221 3724 2275 custodia.

2023 2302 2169 2370 Apte
2207 2316 2340 2355 vero
2379 2302 2566 2371 capita
2603 2304 3000 2359 columnarum
3033 2307 3247 2360 malum
3282 2308 3534 2377 grauatis
3565 2313 3731 2364 erant

2024 2388 2085 2442 in
2142 2405 2282 2459 gyro
2328 2390 2697 2460 circumdata,
2752 2392 2885 2463 quia
2932 2394 3111 2447 sancti
3166 2394 3421 2449 doctores
3468 2396 3727 2465 priorum

2024 2477 2196 2532 vitam
2248 2478 2506 2534 ﬁdelium
2550 2480 2619 2534 ad
2669 2482 3007 2536 memoriam
3063 2489 3365 2549 revocant;
3406 2500 3725 2556 eorumque

2024 2567 2299 2638 exemplis
2337 2573 2395 2622 et
2438 2586 2731 2623 sermones
2784 2586 2917 2624 suos
2966 2571 3123 2624 omni
3170 2576 3328 2640 parte
3354 2573 3719 2636 conﬁrmant,

2024 2671 2097 2709 ne
2122 2655 2168 2708 si
2200 2656 2365 2710 aliter
2401 2674 2576 2728 quam
2620 2658 2852 2713 illorum
2883 2658 3054 2713 habet
3084 2660 3300 2729 regula,
3346 2660 3605 2715 vixerunt
3634 2662 3721 2715 vel

2023 2744 2342 2813 docuerint,
2375 2751 2584 2801 errent.

2095 2834 2253 2887 Vens.
2310 2838 2392 2889 t7.
2439 2865 2508 2876 —
2554 2838 2709 2906 Ipsas
2750 2852 2978 2908 quoque.
3034 2838 3165 2892 Ideo
3214 2839 3343 2893 dua:
3386 2838 3545 2893 factae
3590 2842 3725 2893 sunt

2022 2920 2302 2975 columna:
2344 2930 2401 2976 et
2447 2922 2528 2977 ita
2570 2923 2876 2995 dispositae,
2930 2930 2993 2980 ut
3035 2926 3202 2980 nobis
3248 2926 3308 2979 in
3349 2928 3639 2998 prosperis
3670 2933 3725 2983 et

206 3018 518 3085 coloribus,
570 3034 698 3072 cum
751 3019 810 3073 in
857 3021 1125 3075 omnibus
1177 3039 1305 3093 quae
1358 3023 1451 3093 pie
1501 3006 1725 3095 agimus
1756 3042 1912 3080 ave-
1943 3006 1985 3062 C
2025 3010 2085 3063 in
2141 3010 2390 3066 adversis
2446 3012 2767 3083 ingressum
2822 3014 2987 3085 regni
3043 3014 3285 3069 caelestis
3342 3020 3472 3069 ante
3529 3018 3725 3070 oculos

205 3105 439 3160 nenatis
467 3106 793 3162 daemonum
838 3109 967 3163 telis
1000 3127 1102 3179 per
1132 3111 1388 3181 angelica
1430 3113 1695 3183 praesidia
1725 3119 1914 3184 prote-

204 3196 425 3265 gimur,
459 3201 517 3249 et
546 3196 914 3251 multitudine
945 3199 1194 3253 scientiae
1238 3200 1627 3255 indesinenter
1674 3202 1913 3269 utimur,

203 3283 580 3355 respicientes
624 3300 850 3355 semper
899 3287 968 3341 ad
1007 3288 1239 3359 eloquia
1286 3288 1499 3358 divina,
1546 3306 1616 3344 ne
1647 3308 1680 3345 a
1730 3291 1915 3347 virtu-

203 3375 331 3424 tum
368 3371 512 3424 calle
542 3370 901 3427 aberremus.

276 3459 444 3513 Vens.
480 3462 562 3513 15.
595 3489 667 3498 -
695 3461 838 3514 Ante
867 3462 1011 3526 fores
1035 3463 1197 3516 etiam
1238 3464 1423 3532 templi
1457 3463 1596 3519 duas
1620 3466 1911 3520 columnas.

202 3546 453 3602 Stabant
490 3548 551 3601 in
590 3549 814 3619 porticu
858 3554 991 3604 ante
1036 3550 1185 3604 fores
1233 3552 1452 3622 templi,
1497 3557 1553 3607 et
1595 3553 1915 3624 ingressum

202 3635 415 3705 templi
482 3651 587 3689 suo
662 3637 866 3690 decore
926 3654 992 3691 ex
1050 3643 1296 3709 utraque
1380 3644 1540 3709 parte
1612 3643 1913 3698 ornabant.

204 3724 438 3779 Ostium
489 3724 687 3795 templi
743 3726 1019 3780 Dominus
1057 3732 1161 3794 est,
1193 3728 1292 3799 qui
1325 3729 1403 3783 ait
1436 3746 1449 3785 :
1484 3731 1643 3784 Nemo
1671 3734 1814 3785 venit
1843 3732 1918 3786 ad

202 3815 456 3879 Patrem,
504 3815 617 3869 nisi
658 3830 751 3883 per
784 3830 885 3879 me,
927 3820 1033 3870 etc.
1090 3817 1261 3885 (Joun.
1318 3818 1452 3887 xiv).
1506 3818 1724 3873 Ostium
1756 3821 1914 3874 colu-

188 3910 361 3955 mna“:
416 3902 489 3956 ab
539 3906 782 3973 utroque
828 3903 1005 3958 latere
1055 3904 1443 3974 circumstant,
1491 3923 1621 3961 cum
1670 3908 1915 3964 ministri

201 3990 498 4044 sermonis
553 3989 782 4061 utrique
832 3992 1045 4061 populo
1096 3991 1395 4046 introitum
1456 3995 1618 4064 regni
1672 3996 1917 4051 caelestis

202 4077 545 4142 ostendunt,
594 4082 656 4131 ut
705 4078 1032 4149 quicunque
1064 4095 1097 4132 a
1127 4080 1253 4134 luce
1282 4080 1477 4149 legalis
1523 4082 1774 4136 scientias
1827 4083 1915 4137 vel

200 4166 551 4236 gentilitatis
602 4182 793 4221 errore
844 4168 910 4221 ad
958 4168 1132 4222 ﬁdem
1182 4168 1467 4237 Evangelii
1515 4169 1753 4235 venerit,
1812 4172 1914 4225 ha-

200 4255 337 4309 beat
375 4270 473 4308 eos
505 4261 730 4325 paratos
759 4255 859 4326 qui
890 4255 997 4310 sibi
1026 4256 1134 4310 iter
1163 4257 1359 4310 salutis
1388 4257 1560 4310 verb‘o
1592 4264 1915 4314 monstrent

200 4349 259 4398 et
326 4344 617 4414 exemplo.
674 4345 736 4397 ln
788 4345 1009 4414 Regum
1059 4345 1127 4399 de
1184 4344 1272 4399 bis
1327 4345 1607 4399 columnis
1650 4348 1906 4417 legitur:
1941 4374 1986 4428 ι)

200 4432 312 4498 Qui
362 4446 485 4485 cum
531 4433 760 4486 venisset
815 4431 888 4485 ad
944 4448 1121 4501 regem
1177 4433 1529 4500 Salomonem,
1578 4436 1707 4500 fecit
1763 4450 1913 4491 omne

200 4534 341 4588 opus
398 4520 535 4587 ejus,
582 4525 630 4574 et
676 4523 839 4589 ﬁnxit
886 4521 1023 4576 duas
1072 4522 1364 4587 columnas,
1414 4538 1600 4589 aereas,
1651 4528 1756 4578 etc.
1812 4525 1917 4594 (ΙΙΙ

198 4608 348 4676 Reg.
387 4606 509 4677 vn.)

276 4698 540 4764 Triginta
586 4701 641 4751 et
680 4698 934 4766 quinque.
994 4697 1094 4752 Hic
1150 4714 1423 4752 numerus
1480 4699 1910 4769 perfectionem,

199 4785 499 4856 signiﬁcat
549 4784 972 4855 magistrorum.
1028 4786 1393 4857 Septenarius
1436 4787 1589 4841 enim
1638 4804 1915 4843 numerus

199 4891 309 4945 per
383 4873 739 4944 quinarium,
811 4876 897 4928 vel
974 4875 1274 4946 quinarius
1349 4892 1453 4945 per
1524 4878 1909 4946 septenarium

199 4962 650 5033 multiplicatus,
702 4962 936 5034 triginta
984 4963 1239 5034 quinque
1288 4964 1554 5018 reddunt.
1604 4965 1911 5029 Quinarius

198 5068 342 5107 vero
382 5051 594 5121 legem,
638 5050 995 5120 septenarius
1050 5057 1287 5123 propter
1327 5052 1601 5123 Spiritum
1650 5054 1913 5123 septifor-

199 5157 363 5196 mem
406 5140 467 5193 in
519 5140 661 5193 ﬁore
710 5139 913 5194 radicis
944 5142 1095 5194 Jesse
1140 5146 1492 5202 manentem,
1546 5140 1911 5210 Evangelium

200 5228 518 5301 exprimit;
597 5229 746 5283 unde
803 5228 941 5282 alibi
1008 5228 1283 5283 Dominus
1360 5229 1615 5300 quinque
1667 5228 1912 5298 panibus

200 5317 470 5387 quinque
502 5316 682 5369 millia
736 5316 1055 5384 hominum,
1105 5323 1163 5372 et
1210 5318 1347 5371 alibi
1393 5324 1609 5387 septem
1664 5316 1910 5387 panibus

202 5409 463 5474 quatuor
491 5403 672 5458 millia
700 5404 1003 5459 hominum
1035 5405 1251 5476 pavisse
1276 5411 1560 5459 narratur.
1596 5406 1909 5461 Colummte

201 5492 390 5563 igitur
445 5492 682 5563 triginta
735 5493 989 5565 quinque
1041 5494 1367 5549 cubitorum
1421 5493 1747 5565 signiﬁcant
1804 5494 1908 5548 do-

202 5586 398 5635 ctores
454 5581 744 5651 Evangelii
822 5582 1070 5638 duorum
1144 5585 1637 5638 Testamentorum
1693 5582 1907 5639 habere

2026 3098 2351 3154 habendum
2399 3100 2659 3156 doceant.
2713 3103 3041 3157 Notandum
3092 3119 3227 3172 vero
3275 3105 3428 3175 quod
3475 3106 3725 3174 porticus

2023 3188 2227 3257 templi
2264 3189 2439 3243 etiam
2484 3190 2828 3245 vestibulum
2866 3197 3116 3256 vocatur,
3168 3196 3227 3246 et
3282 3193 3435 3262 quod
3482 3193 3726 3263 legimus

2025 3276 2175 3329 inter
2222 3278 2569 3332 vestibulum
2612 3284 2670 3333 et
2718 3280 2918 3346 altare,
2951 3280 3101 3334 inter
3152 3281 3432 3352 porticum
3469 3287 3523 3333 et
3548 3282 3725 3340 altare

2026 3365 2271 3437 intelligi
2319 3367 2539 3422 debeat.
2594 3369 2852 3423 Secunda
2894 3370 3162 3423 columna
3201 3370 3485 3440 signiﬁcat
3515 3371 3725 3439 praedi-

2026 3458 2243 3509 catores
2287 3456 2386 3525 qui
2444 3456 2712 3527 gentibus
2757 3457 2827 3512 ad
2879 3458 3306 3528 praedicandum
3362 3458 3519 3511 missi
3571 3464 3721 3513 sunt.

2029 3543 2123 3596 Vel
2168 3544 2367 3599 dextra
2412 3546 2679 3600 columna
2721 3563 2816 3600 eos
2868 3547 3152 3618 signiﬁcat
3198 3549 3297 3619 qui
3332 3554 3633 3602 venturum
3667 3548 3725 3602 in

2026 3648 2196 3687 carne
2236 3634 2727 3704 prophetaverunt
2771 3636 3097 3691 Dominum.
3145 3637 3404 3692 Secunda
3432 3654 3565 3691 vero
3597 3638 3725 3691 illos

2025 3721 2126 3792 qui
2147 3721 2266 3791 jam
2308 3723 2525 3777 venisse
2557 3728 2614 3777 et
2652 3724 2932 3778 mundum
2965 3741 3067 3779 suo
3099 3726 3377 3796 sanguine
3417 3726 3724 3780 redemisse

2026 3812 2325 3865 testantur.
2377 3810 2571 3866 Ambae
2619 3813 2899 3866 columnae
2956 3812 3129 3866 simili
3173 3813 3446 3867 vocabulo
3494 3831 3726 3869 censen-

2024 3900 2136 3964 tur,
2184 3915 2314 3952 cum
2364 3915 2481 3953 una
2527 3900 2768 3954 ﬁrmitas
2812 3905 2866 3954 et
2914 3902 3089 3954 altera
3135 3901 3195 3955 in
3243 3902 3445 3955 robore
3495 3902 3721 3968 dicitur,

2026 3991 2089 4040 ut
2119 4004 2233 4041 una
2279 3988 2433 4055 ﬁdei,
2482 3993 2540 4041 et
2578 3990 2766 4059 operis
2815 3988 3089 4042 fortitudo
3139 3989 3357 4042 cunctis
3404 3989 3587 4043 inesse
3620 3991 3723 4044 do—

2024 4076 2275 4130 ctoribus
2294 4082 2665 4142 monstretur,
2691 4082 2747 4131 et
2767 4077 2949 4130 nostri
2970 4076 3244 4147 temporis
3267 4077 3527 4131 doctores
3555 4079 3722 4132 tacite

2023 4168 2315 4233 notentur,
2366 4165 2465 4235 qui
2510 4166 2793 4219 columna:
2843 4167 3046 4219 domus
3090 4165 3188 4220 Dei
3241 4165 3420 4219 videri
3447 4169 3502 4219 et
3526 4168 3721 4236 appel-

2024 4253 2131 4307 lari
2179 4254 2389 4315 volunt,
2440 4271 2567 4308 cum
2614 4254 2675 4308 in
2706 4270 2763 4308 se
2794 4255 2974 4309 ﬁrmas
3017 4254 3149 4309 ﬁdei
3179 4255 3249 4309 ad
3280 4256 3723 4308 contemnendas

2025 4343 2216 4397 seculi
2248 4359 2510 4415 pompas,
2542 4344 2613 4398 ad
2652 4343 3026 4398 desideranda
3068 4344 3220 4399 bona
3276 4344 3599 4410 invisibilia,
3634 4345 3719 4399 ni-

2024 4430 2104 4484 hil
2152 4431 2401 4486 habeant
2466 4431 2685 4486 roboris
2731 4432 2799 4485 ad
2848 4433 3235 4504 corrigendos,
3285 4434 3373 4488 vel
3422 4433 3721 4488 industriae

2024 4518 2095 4573 ad
2126 4518 2533 4591 intelligendos
2562 4537 2759 4576 eorum
2792 4520 3000 4593 quibus
3026 4526 3283 4591 praesunt
3311 4538 3552 4578 errores.

2692 4663 2916 4718 CAPUT
2964 4664 3053 4717 IV.

2096 4790 2261 4843 Vens.
2322 4793 2370 4844 l.
2424 4819 2495 4829 -—
2538 4790 2679 4843 Fecit
2724 4802 2950 4857 quoque.
2985 4791 3087 4842 etc.
3128 4789 3314 4857 (ΗΑΒ.)
3346 4788 3534 4841 Altare
3567 4788 3723 4841 holo-

2024 4876 2204 4931 causti
2259 4875 2541 4946 signiﬁcat
2594 4892 2688 4930 eos
2738 4876 2837 4946 qui
2893 4892 3097 4945 corpus
3155 4891 3321 4929 suum
3376 4880 3431 4929 et
3469 4875 3719 4930 animam

2026 4966 2140 5020 Deo
2170 4965 2302 5035 igne
2330 4965 2542 5019 amoris
2567 4968 2899 5018 consecrant
2924 4980 2935 5017 :
2970 4980 3215 5034 quorum
3238 4964 3719 5035 perseverantiam

2023 5053 2085 5107 in
2130 5053 2283 5107 bono
2337 5070 2507 5123 opere
2562 5052 2859 5122 longitudo
2906 5052 3101 5105 altaris
3150 5052 3435 5122 exprimit,
3478 5052 3719 5107 latitudo

2023 5142 2461 5212 amplitudinem
2509 5141 2568 5194 in
2616 5140 2888 5194 charitate
2942 5139 3041 5193 Dei
3084 5145 3141 5193 et
3170 5140 3433 5211 proximi,
3469 5156 3627 5211 spem
3658 5140 3719 5193 in

2022 5230 2437 5301 exspectatione
2466 5229 2805 5283 visitationis
2836 5228 3073 5282 altitudo
3100 5229 3421 5301 praetendit.

2100 5320 2310 5387 Viginti
2384 5319 2702 5373 cubitorum.
2786 5316 3115 5371 Viceuarius
3203 5334 3472 5387 magnam
3525 5318 3718 5389 perfe—

2020 5405 2268 5461 ctionem
2323 5404 2620 5459 indefessa:
2674 5404 3129 5475 longanimitatis
3189 5410 3243 5459 et
3279 5407 3513 5460 sincerae
3576 5406 3716 5460 dile-

2018 5495 2223 5549 ctionis
2290 5493 2595 5565 signiﬁcat,
2656 5509 2788 5565 quas
2862 5509 2966 5564 per
3020 5494 3319 5566 utriusque
3373 5494 3718 5549 Testamenti

2018 5582 2437 5638 observantiam
2488 5582 2650 5637 nobis
2680 5582 2974 5637 tribuitur.
3012 5584 3223 5649 Quater
3260 5583 3412 5637 enim
3454 5582 3616 5655 quini
3647 5582 3722 5636 vi-
