4062 6180
328 323 423 376 67t
988 321 1390 376 WALAFRIDI
1427 323 1671 378 STRABI
1705 323 1910 379 FULD.
1936 323 2104 380 MON.
2127 323 2279 380 OPP.
2316 323 2494 379 PARS
2523 324 2564 378 Ι.
2605 351 2674 361 -—-
2703 318 3167 378 THEOLOGICA.
3731 321 3834 373 672

328 443 473 513 ginti
521 447 674 508 sunt,
715 443 971 514 quinque
1017 449 1208 496 autem
1256 448 1390 496 sunt
1434 443 1563 497 libri
1595 444 1758 514 legis,
1790 450 1846 498 et
1873 461 2022 516 qua-
2052 449 2099 500 A
2138 446 2450 500 electorum
2478 443 2703 500 animus
2726 444 2883 497 nulla
2904 442 3220 497 tentatioue
3247 444 3449 495 astatu
3478 440 3832 494 rectitudinis

326 535 458 586 tuor
510 531 836 601 Evangelia.
888 531 1028 585 Cum
1080 547 1212 584 vero
1243 531 1312 585 ad
1361 531 1802 602 intelligentiam
1833 538 1890 587 et
1919 549 2024 588 cu-

327 620 570 675 stodiam
619 621 761 690 legis
793 621 1110 673 illustrante
1154 620 1341 689 gratia
1371 621 1759 691 pervenimus,
1799 622 2022 677 vicena-

327 710 478 763 rium
510 724 815 762 numerum
865 710 1218 778 perﬁcimus;
1262 709 1439 781 ﬁtque
1470 708 1620 764 idem
1653 727 1924 765 numerus
1963 712 2021 765 iu

329 797 685 866 longitudine
727 802 782 849 et
816 797 1117 850 latitudine
1165 798 1378 864 altaris,
1435 814 1564 851 cum
1597 801 1766 854 corda
1817 801 2023 854 electo-

327 901 452 938 rum
515 886 749 939 docente
822 891 1061 956 utroque
1126 888 1486 940 Testamento
1540 888 2020 957 perseverantiam

323 973 652 1042 hujusmodi
702 975 890 1043 operis
940 974 1108 1028 etiam
1153 976 1212 1028 in
1241 977 1732 1046 persecutionibus
1772 981 2017 1044 servant,

319 1066 376 1114 et
423 1061 770 1115 hilaritatem
851 1063 1175 1117 dilectionis
1243 1065 1416 1118 etiam
1475 1065 1534 1118 in
1593 1081 1687 1118 eos
1739 1067 1837 1136 qui
1893 1081 2021 1136 per-

317 1155 657 1218 sequuntur.

390 1239 462 1293 Et
503 1238 679 1292 decem
709 1239 919 1292 cubitis.
959 1240 1020 1292 In
1075 1240 1309 1294 denario
1360 1258 1488 1310 spes
1528 1243 1841 1296 caelestium
1871 1259 2016 1314 pra:-

319 1323 570 1378 miorum
620 1325 994 1394 significatur.
1047 1328 1200 1380 Unde
1249 1329 1348 1398 qui
1399 1329 1457 1380 in
1505 1330 1666 1381 vinea
1721 1329 1897 1397 patris
1936 1328 2016 1382 fa-

319 1411 507 1466 milias
548 1413 826 1477 laborant,
863 1415 1098 1468 denario
1133 1421 1593 1470 remunerantur.
1630 1417 1786 1470 Unde
1818 1417 2012 1479 altare,

319 1500 470 1571 quod
526 1502 735 1554 electos
789 1502 1090 1570 signiﬁcat,
1158 1519 1261 1574 pro
1315 1503 1591 1574 signanda
1649 1520 1844 1558 eorum
1904 1505 2016 1558 vita

315 1595 596 1659 perpetua
625 1590 821 1643 decem
853 1591 1056 1645 cubitis
1083 1592 1378 1645 exaltatur.

389 1678 545 1732 Vens.
600 1681 652 1734 2.
700 1710 768 1718 —
822 1681 974 1734 Mare
1024 1684 1202 1734 etiam.
1263 1680 1448 1751 (ΗΑΒ.)
1511 1681 1818 1734 Lavacrum
1867 1681 2016 1734 salu-

317 1769 454 1831 tare,
506 1771 630 1834 etc.,
684 1783 853 1838 usque
901 1769 976 1822 ad
1029 1774 1088 1824 et
1137 1785 1504 1824 communem
1554 1787 1586 1823 a
1647 1770 1886 1824 Domino
1928 1786 2016 1824 co-

314 1868 518 1908 ronam
543 1855 782 1925 justitim
813 1873 1044 1926 sperare
1075 1858 1268 1913 debet.

387 1943 634 2011 Quinque
680 1945 883 1998 cubitos
929 1945 1176 1999 habebat.
1231 1945 1375 2009 Quia
1413 1945 1692 2016 quidquid
1743 1945 1886 2010 visu,
1919 1962 2017 1999 au-

314 2029 458 2095 ditu,
517 2031 751 2098 olfactu,
815 2036 1008 2102 gustu,
1075 2039 1298 2088 tactuve
1359 2035 1768 2104 delinquimus,
1832 2040 2012 2088 totum

314 2118 373 2172 in
415 2119 701 2189 baptismo
754 2122 1056 2176 relaxatur.
1105 2123 1211 2177 Sed
1271 2139 1386 2176 non
1433 2123 1639 2177 sufﬁcit
1690 2124 2016 2194 prasterito-

314 2222 444 2260 rum
511 2208 771 2262 remissio
840 2216 1224 2278 peccatorum,
1281 2211 1392 2264 nisi
1457 2212 1698 2282 quisque
1749 2211 2017 2282 deinceps

312 2294 475 2349 bouis
548 2296 816 2365 operibus
889 2297 1180 2352 institerit.
1257 2299 1524 2369 Alioquin
1595 2299 1856 2353 diabolus
1916 2301 2014 2370 qui

314 2383 527 2438 exierat
583 2387 956 2456 multiplicius
1014 2389 1180 2454 redit,
1243 2392 1298 2441 et
1350 2389 1500 2442 ﬁunt
1550 2389 1800 2443 hominis
1830 2389 2017 2444 novis-

315 2471 460 2526 sima
485 2474 681 2544 pejora
712 2476 1020 2544 prioribus.
1054 2477 1208 2530 Unde
1249 2477 1404 2531 audit
1435 2492 1449 2530 :

383 2562 672 2617 Funiculus
727 2566 958 2630 triginta
1011 2566 1334 2618 cubitorum.
1395 2567 1506 2618 Hoc
1557 2569 1660 2630 est,
1715 2565 2014 2636 disciplina

313 2649 626 2704 cmlestium
672 2658 1112 2723 praeceptorum,
1161 2669 1275 2722 qua
1315 2670 1346 2706 a
1375 2653 1584 2707 nostris
1623 2654 2013 2708 voluntatibus

313 2737 645 2808 rcligamur,
700 2741 851 2794 unde
905 2757 918 2793 :
967 2739 1262 2795 Funiculus
1318 2743 1519 2810 triplex
1579 2742 1807 2808 difﬁcile
1855 2759 2013 2796 rum-

308 2826 464 2893 pitur
523 2827 713 2894 (Eccle.
788 2829 904 2896 1v);
983 2827 1117 2897 quia
1171 2827 1532 2882 observantia
1607 2829 2012 2884 mandatorum

317 2912 414 2966 Dei
461 2912 520 2965 in
549 2913 818 2967 cordibus
872 2920 1214 2980 sanctorum,
1275 2916 1408 2984 ﬁde,
1468 2932 1566 2987 spe
1597 2923 1655 2971 et
1707 2917 2011 2972 dilectione

311 3015 571 3070 supernae
619 3002 1012 3056 retributionis
1069 3004 1316 3073 ﬁrmata,
1367 3007 1523 3059 nulla
1570 3011 1761 3077 potest
1811 3007 2009 3061 adver-
2041 3024 2082 3078 ρ

313 3087 478 3141 sitate
508 3089 758 3144 dissolvi.

384 3177 548 3232 Vaas.
605 3179 655 3231 3.
716 3208 782 3217 —
835 3181 907 3233 Et
961 3179 1137 3234 decem
1189 3180 1404 3236 cubitis.
1466 3180 1656 3252 (ΗΑΒ.)
1713 3183 2015 3253 Sculptura

313 3265 509 3319 subter
569 3265 805 3330 labium,
865 3273 996 3333 etc.,
1066 3284 1234 3336 usque
1291 3269 1365 3322 ad
1420 3275 1630 3339 quanta
1683 3270 2012 3326 infelicitate

313 3355 548 3420 propter
578 3352 790 3406 scelera
815 3353 1108 3422 perierunt
1135 3356 1380 3424 reprobi.

387 3440 556 3496 Vens.
595 3441 646 3493 4.
680 3470 748 3480 -
798 3444 1124 3496 Posteriora.
1177 3443 1319 3507 Quia
1349 3459 1464 3514 qua
1511 3445 1769 3498 mercede
1802 3446 2012 3514 praedi-

313 3530 530 3580 catores
576 3527 636 3580 in
666 3533 1005 3599 perpetuum
1055 3531 1361 3595 donentur,
1399 3531 1497 3585 Dei
1526 3531 1787 3586 examine
1817 3534 2015 3604 dispo-

313 3613 487 3668 situm
543 3622 646 3681 est,
707 3618 804 3670 sed
858 3618 1020 3672 nobis
1070 3619 1256 3673 adhuc
1308 3621 1592 3674 occultum
1643 3626 1746 3688 est,
1806 3622 2014 3692 quibus

312 3703 422 3757 hoc
464 3706 749 3760 occultum
781 3723 904 3760 esse
934 3723 1048 3761 non
1097 3713 1308 3778 potest,
1341 3709 1494 3778 quod
1535 3709 1723 3764 omnis
1770 3712 1871 3782 qui
1914 3713 2010 3767 ba-

312 3791 589 3861 ptismum
644 3795 713 3848 ad
761 3796 999 3849 salutem
1051 3797 1278 3867 accipit,
1329 3798 1522 3864 ﬁdem,
1575 3814 1756 3867 spem,
1789 3805 1847 3852 et
1877 3800 2011 3854 eba-

312 3880 536 3934 ritatem
587 3883 757 3937 debet
793 3884 1041 3952 habere;
1079 3902 1180 3939 nec
1227 3887 1350 3940 sine
1376 3886 1464 3940 his
1499 3886 1682 3940 tribus
1707 3887 2013 3942 virtutibus

312 3969 560 4037 operari,
612 3972 699 4024 vel
745 3975 812 4025 ad
861 3973 1104 4028 salutem
1157 3973 1372 4028 intrare
1411 3974 1577 4037 valet,
1630 3975 1781 4028 unde
1813 3975 1874 4028 in
1906 3977 2012 4031 Re-

311 4071 450 4126 gum
495 4058 702 4112 dicitur
735 4079 753 4114 :
806 4061 1123 4116 Grossitudo
1169 4069 1348 4118 autem
1396 4064 1586 4118 tuteris
1627 4066 1794 4116 trium
1821 4067 2012 4118 uncia-

309 4161 433 4200 rum
479 4149 577 4214 (ιιι
622 4151 756 4216 Reg.
814 4150 928 4216 vn).
977 4151 1306 4206 Grossitudo
1361 4153 1579 4221 luteris,
1632 4151 1874 4206 ﬁrmitas
1929 4160 2012 4208 est

310 4233 556 4288 virtutis.
624 4235 809 4290 Trium
865 4241 1165 4307 unciarum,
1230 4241 1366 4310 quia
1414 4241 1615 4294 robore
1671 4240 1827 4308 ﬁdei,
1889 4242 2010 4312 spei

311 4327 369 4375 et
396 4323 734 4390 dilectionis,
764 4327 1053 4396 perceptio
1081 4327 1349 4397 baptismi
1375 4329 1652 4383 munitur.

384 4411 544 4466 Vens.
578 4415 630 4466 5.
672 4443 741 4453 —
789 4416 953 4468 Porro
999 4418 1248 4470 vastitas.
1302 4417 1635 4472 Grossitudo
1685 4435 1861 4489 quam
1915 4421 2008 4474 Jo-

310 4499 522 4568 sephus
567 4506 818 4570 quatuor
867 4501 1179 4572 digitorum
1232 4520 1353 4558 esse
1393 4505 1552 4571 dixit,
1613 4506 2012 4562 demonstrans

311 4602 440 4658 quae
469 4587 579 4641 fuit
609 4589 944 4658 magnitudo
984 4591 1184 4660 palmi.
1227 4592 1384 4647 Idem
1418 4599 1610 4648 autem
1640 4595 1762 4649 haec
1791 4595 2010 4666 signiﬁ-

308 4681 456 4729 cant.
509 4675 776 4747 Quisquis
824 4678 977 4732 enim
1032 4679 1164 4746 ﬁde,
1216 4696 1336 4750 spe,
1387 4687 1443 4734 et
1490 4682 1764 4738 cbaritate
1817 4700 2013 4737 secun-

307 4764 447 4818 dum
502 4771 749 4834 quatuor
797 4766 1237 4837 Evangeliorum
1287 4769 1608 4824 doctrinam
1658 4787 1835 4842 opera
1880 4773 2012 4826 facit

301 4853 563 4924 justitiaz,
585 4855 828 4925 percipit
856 4860 913 4909 et
935 4857 1256 4911 mercedem
1287 4861 1517 4912 aeternas
1546 4859 1696 4914 vitae.

385 4944 515 4996 Tria
560 4944 737 4997 millia
772 4949 1043 5000 metretas.
1094 4945 1443 5000 Millenarius
1491 4947 1904 5016 perfectionem
1934 4948 2010 5002 si-

319 5029 573 5098 gniﬁcat,
635 5032 770 5102 quia
821 5033 1092 5087 denarius
1158 5036 1501 5106 quadratum
1556 5037 1803 5091 solidum
1853 5038 2008 5093 facit.

310 5118 505 5172 Decies
553 5121 704 5174 enim
756 5123 973 5188 decem,
1021 5130 1251 5178 centum
1307 5125 1542 5189 faciunt,
1596 5125 1694 5196 qui
1725 5131 1810 5180 est
1847 5126 2010 5197 quasi

309 5207 585 5277 quadrata
635 5209 838 5279 ﬁgura,
901 5212 993 5265 sed
1042 5213 1212 5282 plana
1252 5229 1265 5266 :
1321 5214 1416 5267 sed
1450 5218 1512 5266 ut
1556 5213 1618 5268 in
1648 5214 2010 5268 altitudinem

307 5301 504 5364 surgat
534 5301 591 5350 et
617 5298 798 5351 solida
825 5299 1127 5366 efﬁciatur,
1163 5300 1482 5372 multiplica
1517 5308 1746 5356 centum
1786 5319 1889 5373 per
1918 5304 2012 5357 de-

309 5397 454 5445 cem,
487 5388 542 5436 et
571 5384 718 5438 ﬁunt
765 5387 940 5441 mille.
987 5388 1111 5452 Quo
1162 5405 1402 5444 numero
1449 5390 1668 5445 stabilis
1698 5396 1750 5446 et
1783 5391 2012 5463 insupe-

308 5471 524 5536 rabilis,
565 5477 621 5526 et
651 5475 806 5529 velut
839 5478 1118 5546 quadrata
1142 5479 1428 5545 justorum
1458 5480 1804 5534 conscientia
1833 5481 2012 5552 signa-

308 5563 420 5616 tur.
472 5561 828 5633 Quocuuque
875 5565 1031 5619 enim
1075 5567 1422 5636 quadratum
1467 5568 1660 5634 vertis,
1692 5569 1882 5624 stabit.
1919 5570 2012 5624 Sic

2131 521 2479 590 inclinatur.
2501 533 2664 604 Capit
2693 549 2850 587 mare
2885 531 2991 585 tria
3022 530 3198 584 millia
3229 535 3532 594 metretas;
3563 544 3694 582 cum
3732 528 3830 582 ba-

2133 624 2333 694 ptismi
2381 628 2800 678 sacramentum
2833 621 2892 674 in
2937 621 3050 674 ﬁde
3091 617 3380 673 Trinitatis
3429 617 3648 680 datum,
3682 617 3742 669 in
3773 633 3832 670 se

2132 714 2340 768 ablutis
2369 712 2590 766 confert
2619 711 2879 766 omnium
2911 709 3303 764 remissionem
3338 711 3720 778 peccatorum.

2201 821 2362 874 Vens.
2410 823 2463 872 6.
2507 851 2578 860 —
2607 821 2751 873 Fecit
2796 833 3004 886 quoque
3053 816 3300 870 conchas.
3334 815 3398 868 In
3446 814 3670 883 Regum
3699 811 3826 865 ita:

2128 909 2278 963 Fecit
2325 924 2534 977 quoque
2571 909 2746 962 decem
2795 909 2988 961 luteres
3030 921 3216 961 aeneas.
3267 904 3647 971 Quadraginta
3678 902 3829 955 batos

2127 998 2374 1067 capiebat
2421 999 2560 1051 tuter
2588 1011 2746 1050 unus.
2777 999 3019 1064 Eratque
3065 1001 3300 1064 quatuor
3346 993 3664 1046 cubito-rum.
3701 991 3829 1045 Sin-

2125 1087 2278 1152 gulos
2313 1101 2521 1154 quoque
2564 1087 2757 1140 lateres
2785 1100 2883 1154 per
2923 1085 3168 1151 singulas
3201 1084 3377 1137 decem
3422 1083 3571 1135 bases
3619 1081 3828 1149 posuit,

2126 1179 2232 1226 etc.
2279 1172 2534 1243 Apostoli
2564 1178 2620 1226 et
2665 1172 2961 1243 apostolici
3011 1171 3137 1238 viri,
3187 1169 3288 1241 qui
3331 1185 3433 1240 per
3469 1169 3641 1222 boves
3670 1181 3831 1220 mare

2126 1266 2417 1332 portantes
2466 1262 2784 1331 signantur,
2828 1277 2932 1330 per
2960 1261 3123 1314 bases
3156 1275 3387 1330 quoque
3419 1257 3716 1328 portandis
3749 1256 3832 1308 lu-

2125 1351 2342 1404 teribus
2388 1355 2736 1421 praeparatas
2787 1350 3207 1419 exprimuntur,
3259 1347 3406 1401 sicut
3447 1347 3556 1417 ipsi
3619 1347 3828 1399 luteres

2125 1440 2474 1510 baptismum
2527 1438 2778 1510 signant,
2842 1454 3014 1508 quem
3067 1437 3350 1506 ﬁgurabat
3395 1451 3570 1489 mare.
3622 1433 3828 1488 Omnia

2125 1529 2277 1582 enim
2309 1528 2389 1581 eis
2418 1545 2547 1598 quae
2590 1527 2649 1580 in
2679 1527 3027 1581 holocaustis
3077 1525 3325 1580 oblaturi
3354 1530 3536 1589 erant,
3570 1524 3830 1577 sacerdo-

2124 1622 2208 1671 tes
2266 1616 2549 1670 lavabant.
2607 1616 3014 1669 Holocaustum
3072 1620 3267 1668 autem
3326 1612 3575 1676 Domini,
3635 1611 3830 1665 omnis

2125 1703 2379 1758 ﬁdelium
2413 1703 2720 1758 multitudo
2751 1707 2934 1773 potest
2967 1701 3210 1772 intelligi
3241 1717 3254 1754 :
3312 1717 3441 1772 quae
3471 1700 3542 1754 ab
3573 1699 3697 1770 ipso
3728 1699 3831 1752 ba-

2125 1793 2373 1863 ptizatur
2421 1791 2480 1845 in
2509 1808 2656 1862 aqua
2701 1796 2758 1844 et
2800 1791 2941 1862 igni.
2985 1790 3140 1845 Sicut
3187 1805 3323 1859 ergo
3367 1787 3686 1842 sacerdotes
3729 1785 3837 1856 qui

2122 1881 2182 1934 in
2215 1880 2361 1934 mari
2402 1880 2685 1944 lavantur,
2737 1894 2833 1932 eos
2879 1877 3114 1948 signant
3169 1877 3270 1947 qui
3319 1891 3423 1946 per
3478 1874 3837 1945 baptismum

2123 1972 2415 2022 consortes
2473 1967 2685 2022 summi
2741 1965 3477 2021 sacerdotis‘efﬁciuutur:
3531 1964 3614 2017 ita
3667 1963 3837 2018 holo-

2122 2061 2314 2109 causta
2385 2057 2617 2109 eosdem
2674 2056 3027 2125 exprimunt,
3096 2070 3227 2108 cum
3285 2058 3414 2124 post
3471 2051 3834 2106 ablutionem

2122 2143 2392 2214 baptismi
2423 2144 2606 2214 gratia
2635 2145 2949 2214 implentur
2970 2142 3274 2212 spirituali.
3309 2143 3547 2196 Lavatur
3574 2141 3732 2193 enim
3772 2140 3836 2194 in

2121 2231 2305 2286 lutere
2353 2233 2556 2302 hostia,
2599 2249 2729 2286 cum
2777 2233 2964 2286 ﬁdelis
3007 2230 3372 2302 perfunditur
3419 2245 3568 2299 aqua
3617 2229 3834 2298 baptis-

2122 2321 2221 2375 mi.
2254 2321 2500 2376 Olfertur
2529 2321 2584 2374 in
2635 2321 3052 2386 holocaustum,
3086 2336 3216 2373 cum
3260 2335 3361 2390 per
3392 2318 3833 2388 impositionem

2121 2425 2326 2464 manus
2356 2409 2629 2481 episcopi,
2661 2409 2864 2478 accipit
2893 2409 3108 2463 donum
3137 2407 3381 2478 Spiritus
3411 2405 3608 2460 sancti.

2193 2517 2356 2570 Vens.
2403 2519 2452 2570 8.
2506 2547 2573 2554 —
2622 2518 2690 2570 Et
2736 2517 2920 2585 posuit
2969 2517 3224 2583 quinque.
3280 2515 3344 2567 In
3396 2513 3623 2583 utrique
3661 2517 3829 2582 parte

2120 2603 2319 2674 templi
2353 2604 2553 2674 positae
2587 2609 2719 2657 sunt
2749 2603 2910 2656 bases
2936 2604 3207 2667 luterum,
3242 2608 3305 2656 ut
3338 2606 3576 2671 utraque
3608 2601 3829 2670 populo

2121 2693 2264 2746 sacri
2318 2693 2487 2746 fontis
2537 2685 2717 2762 gratia
2765 2692 3166 2762 designaretur
3223 2707 3343 2744 esse
3388 2690 3715 2760 pandenda.
3763 2690 3832 2742 Et

2121 2781 2377 2852 quinque
2422 2787 2554 2834 sunt
2600 2782 2659 2834 in
2693 2785 2933 2851 utraque
2976 2787 3158 2851 parte,
3203 2786 3290 2847 ut,
3337 2779 3481 2833 sicut
3512 2779 3571 2831 in
3599 2778 3829 2848 exposi-

2120 2870 2276 2923 tione
2323 2870 2496 2923 maris
2550 2870 2699 2940 quod
2746 2870 3003 2940 quinque
3050 2869 3256 2922 cubitis
3303 2869 3480 2922 altum
3539 2883 3660 2920 esse
3703 2868 3832 2936 jam

2120 2956 2386 3025 diximus,
2437 2958 2926 3012 demonstraretur
2970 2958 3179 3028 typice,
3239 2956 3499 3011 universa
3551 2972 3681 3026 quae
3725 2972 3834 3025 per

2124 3047 2378 3118 quinque
2425 3063 2621 3100 sensus
2668 3047 2926 3117 corporis
2985 3047 3321 3116 deliquerat,
3379 3061 3483 3116 per
3538 3046 3831 3098 lavacrum

2122 3134 2391 3205 baptismi
2437 3151 2556 3188 esse
2603 3135 2962 3189 remittenda.
3018 3135 3173 3190 Sicut
3215 3151 3354 3205 ergo
3397 3134 3455 3187 in
3505 3149 3622 3186 uno
3679 3135 3833 3188 mari

2123 3222 2422 3276 duodecim
2471 3223 2652 3276 bobus
2699 3222 3060 3293 superposito
3105 3223 3294 3275 unitas
3342 3221 3681 3292 exprimitur
3726 3222 3834 3275 ba-

2124 3311 2422 3380 ptismatis,
2473 3327 2602 3381 quas
2654 3327 2756 3382 per
2793 3311 3083 3382 apostolos
3130 3315 3249 3364 toto
3277 3315 3397 3363 erat
3427 3310 3564 3363 orbe
3611 3310 3836 3379 praedi-

2123 3398 2303 3451 canda
2337 3416 2349 3452 :
2382 3399 2460 3451 ita
2500 3399 2669 3452 etiam
2700 3415 2805 3469 per
2838 3401 2978 3453 duos
3018 3399 3249 3452 ordines
3287 3399 3537 3452 Iutorum
3589 3398 3834 3468 mystice

2123 3487 2463 3553 ostenditur,
2513 3488 2648 3559 quia
2681 3488 2968 3558 gentilitas
2994 3504 3122 3541 cum
3153 3488 3344 3542 Iudaea
3375 3487 3434 3540 in
3468 3503 3646 3540 unum
3690 3487 3834 3541 ﬁdei

2121 3576 2470 3630 consortium
2506 3592 2611 3646 per
2647 3577 3005 3646 baptismatis
3039 3576 3250 3630 undam
3283 3581 3404 3630 erat
3432 3577 3819 3646 procreanda.

2192 3684 2533 3740 Candelabra
2561 3701 2746 3738 aurea.
2800 3685 2999 3738 Divina
3047 3685 3293 3754 eloquia,
3328 3701 3457 3756 quae
3504 3686 3687 3739 lucem
3738 3703 3830 3738 sa-

2123 3772 2353 3844 pientize
2384 3773 2699 3844 proferunt,
2734 3774 2887 3828 unde
2939 3790 2951 3827 :
2995 3775 3238 3828 Lucerna
3280 3775 3508 3843 pedibus
3538 3777 3670 3828 meis
3698 3790 3826 3828 ver-

2123 3863 2247 3916 bum
2279 3867 2449 3924 tuum,
2478 3867 2528 3916 et
2553 3863 2748 3927 lumen,
2784 3867 2893 3915 etc.
2925 3861 3097 3932 (Psal.
3133 3862 3336 3932 cxvm).
3375 3863 3514 3917 Hinc
3552 3863 3830 3917 Salomon

2121 3951 2246 4004 ait:
2299 3950 2440 4014 Quia
2478 3950 2797 4003 mandatum
2847 3951 3065 4004 lucerna
3112 3957 3212 4017 est,
3263 3955 3313 4004 et
3359 3952 3447 4004 lea:
3496 3953 3592 4005 tum
3646 3953 3825 4019 (Prov.

2121 4037 2220 4105 v1).
2260 4037 2350 4090 Bis
2393 4035 2571 4106 quina
2610 4041 2744 4090 sunt
2801 4037 3158 4103 candelabra,
3209 4039 3345 4108 quia
3395 4039 3650 4109 quinque
3692 4045 3834 4092 sunt

2121 4124 2461 4193 legislatoris
2511 4125 2822 4193 volumina,
2867 4126 2926 4179 in
2975 4125 3183 4196 quibus
3232 4132 3290 4180 et
3335 4132 3454 4180 tota
3488 4127 3699 4180 Veteris
3727 4128 3834 4181 Te-

2121 4211 2389 4266 stameuti
2431 4213 2606 4267 series
2653 4214 3050 4284 complectitur
3097 4216 3352 4286 quinque
3386 4216 3826 4270 saeculizetates.

2121 4299 2385 4370 Quinque
2417 4317 2450 4354 a
2479 4301 2688 4355 dextris
2738 4307 2795 4356 et
2838 4303 3092 4373 quinque
3118 4319 3150 4355 a
3181 4303 3424 4356 sinistris
3468 4309 3769 4373 ponuntur
3811 4321 3825 4358 :

2121 4402 2250 4441 cum
2303 4393 2428 4459 post
2478 4389 2933 4443 incarnationem
2992 4391 3242 4457 Domini,
3290 4392 3490 4445 eadem
3530 4391 3830 4462 Scriptura

2123 4476 2348 4547 utrique
2397 4478 2611 4547 populo
2667 4478 3076 4546 committitur;
3129 4480 3214 4532 vel
3257 4479 3597 4549 evangelicis
3652 4481 3828 4550 plena

2121 4565 2321 4635 ﬁguris
2369 4565 2712 4631 ostenditur,
2764 4583 2891 4637 qua:
2923 4568 3213 4637 quondam
3249 4568 3408 4638 juxta
3449 4567 3696 4622 litteram
3730 4587 3826 4623 so-

2123 4655 2240 4706 lum
2272 4653 2642 4722 intelligenda
2673 4670 2794 4708 esse
2828 4656 3156 4724 putabatur.

2189 4761 2401 4815 Necnon
2444 4766 2494 4814 et
2537 4777 2766 4816 mensas.
2821 4762 3004 4832 (ΗΑΒ.)
3048 4763 3158 4817 Has
3211 4779 3453 4831 mensas,
3487 4767 3618 4828 etc.,
3652 4779 3828 4835 usque

2119 4847 2194 4901 ad
2252 4863 2500 4918 quorum
2554 4865 2730 4919 opera
2788 4851 2954 4904 nobis
2999 4852 3154 4905 velut
3208 4851 3385 4906 ubera
3439 4852 3710 4907 salutaria
3752 4855 3824 4910 ad

2119 4937 2378 5006 exempla
2408 4937 2535 4991 vitae
2565 4939 2878 5010 proposita.

2191 5043 2352 5098 Vaas.
2411 5047 2464 5098 9.
2518 5075 2588 5085 —
2647 5048 2798 5101 Fecit
2854 5048 3018 5100 etiam
3074 5049 3298 5102 atrium.
3358 5047 3541 5118 (ΗΑΒ.)
3597 5050 3824 5106 Atrium

2118 5132 2476 5186 sacerdotum
2547 5133 2607 5186 in
2677 5134 2934 5200 ecclesia,
3009 5141 3141 5202 etc.,
3220 5151 3390 5204 usque
3436 5137 3512 5190 ad
3562 5137 3620 5191 in
3675 5139 3823 5194 libro

2119 5219 2341 5287 Regum
2374 5221 2689 5274 secundum
2727 5221 2932 5275 Bedam
2962 5223 3190 5292 plenius
3221 5223 3620 5294 expressimus.

2188 5308 2257 5361 Et
2303 5307 2582 5362 basilicam
2619 5311 2904 5375 grandem.
2956 5310 3090 5374 Qua
3131 5316 3254 5364 erat
3289 5316 3447 5365 extra
3486 5312 3696 5368 atrium
3737 5332 3824 5368 sa-

2119 5395 2436 5462 cerdotum,
2487 5396 2546 5449 iu
2595 5413 2767 5467 quam
2807 5399 2994 5452 omnis
3027 5401 3274 5469 populus
3304 5400 3376 5454 ad
3418 5401 3702 5456 orandum
3730 5406 3818 5458 vel

2119 5482 2188 5536 ad
2228 5484 2463 5538 verbum
2511 5485 2861 5540 audiendum
2904 5487 3246 5541 confluebat.
3306 5489 3434 5542 Htec
3470 5487 3531 5542 in
3573 5489 3819 5544 Ecclesia

2116 5573 2289 5626 vitam
2339 5589 2643 5645 moresque
2695 5576 3013 5630 carnalium
3059 5576 3359 5648 signiﬁcat,
3409 5576 3620 5648 quibus
3668 5578 3808 5632 dici-
