4062 6180
309 288 417 340 673

304 412 404 461 tur
424 422 438 459 :

302 499 471 563 quasi
508 495 841 561 carnalibus,
878 499 984 547 etc.

396 587 465 638 Et
504 585 804 636 basilicam.
859 585 1002 635 Bene
1050 598 1152 651 per
1201 582 1491 635 basilicam
1550 584 1829 647 grandem
1880 599 2008 636 car-

302 673 467 725 nales
496 671 909 740 siguiﬁcantur,
943 670 1078 741 quia
1100 671 1281 723 multo
1326 670 1509 740 major
1538 675 1623 723 est
1673 671 1733 724 in
1769 670 2009 724 Ecclesia

300 777 580 814 numerus
638 760 835 813 talium
898 775 1072 830 quam
1137 760 1539 828 perfectorum.
1564 760 1671 813 Sed
1726 766 2007 829 quantum

298 854 582 917 praestant
613 863 872 911 numero,
908 852 1133 900 tantum
1163 849 1545 901 succumbunt
1584 849 1809 901 merito.
1853 848 2006 901 Unde

297 939 426 990 hac
477 937 709 990 basilica
766 935 998 1005 grandis
1037 941 1094 989 et
1141 936 1187 988 si
1242 936 1522 1007 plurimos
1566 937 1739 1006 capit,
1788 953 1904 990 non
1933 937 2003 990 ad

302 1025 564 1078 ofﬁcium
636 1024 847 1088 altaris,
934 1040 1049 1076 non
1131 1024 1193 1077 in
1250 1030 1438 1094 ipsum
1514 1041 1743 1096 quoque
1798 1026 2003 1079 atrium

295 1115 662 1167 sacerdotum
741 1114 938 1165 saltem
1005 1112 1358 1180 intromittit,
1416 1113 1553 1184 quia
1636 1115 1894 1167 carnales
1952 1118 2007 1167 et

298 1202 599 1257 inﬁrmiet
630 1201 675 1253 si
703 1202 776 1254 ob
837 1201 1105 1254 meritum
1167 1206 1334 1255 castae
1389 1202 1524 1255 ﬁdei
1585 1208 1641 1255 et
1667 1203 1895 1271 pietatis
1932 1203 2004 1257 ad

298 1293 615 1345 electorum
668 1294 881 1342 sortem
942 1288 1249 1357 pertinent,
1316 1289 1482 1359 longe
1539 1295 1729 1343 tamen
1789 1291 1859 1343 ab
1916 1291 2005 1343 his

298 1384 440 1431 sunt
469 1378 568 1447 qui
609 1377 853 1445 dicunt;
909 1377 1035 1428 Non
1082 1376 1264 1429 audeo
1318 1376 1474 1446 loqui
1534 1377 1749 1447 aliquid
1802 1394 2004 1432 eorum

299 1482 433 1536 quae
460 1482 566 1536 per
588 1481 681 1518 me
720 1481 835 1517 non
874 1464 1048 1518 efﬁcit
1090 1465 1364 1531 Christus,
1423 1465 1483 1518 in
1514 1465 1835 1519 obedientia
1862 1482 2002 1537 gen-

298 1555 451 1609 tium
482 1555 652 1607 verbo
685 1558 742 1606 et
770 1553 948 1607 lactis.

372 1647 442 1698 Et
474 1645 614 1697 osiia
668 1642 726 1694 in
771 1642 1017 1694 basilica.
1079 1643 1204 1695 Haec
1259 1642 1486 1711 signant
1531 1642 1833 1696 introitum
1866 1643 1999 1697 ﬁdei

299 1748 569 1786 sermone
626 1730 1049 1800 praedicationis
1104 1731 1438 1800 praeparari,
1498 1736 1560 1783 ut
1591 1731 1882 1784 venientes
1913 1731 1997 1784 di-

300 1826 464 1874 scant
494 1821 786 1890 quomodo
839 1834 942 1889 per
987 1819 1160 1872 ﬁdem
1210 1819 1417 1872 Christi
1474 1820 1560 1872 vel
1616 1820 1887 1873 salutaria
1914 1838 2001 1874 sa-

297 1914 592 1964 cramenta
616 1908 860 1962 debeant
887 1908 1099 1960 intrare
1126 1908 1426 1961 Ecclesium
1452 1907 1573 1973 Dei,
1610 1914 1668 1961 et
1696 1916 2003 1979 postquam

298 1999 660 2063 intraverint,
696 2014 867 2067 quam
912 1997 1175 2066 religiose
1207 1997 1453 2050 debeant
1488 1996 1828 2051 conversari.

370 2090 531 2142 Vens.
571 2091 652 2140 Η.
684 2117 751 2124 -
779 2088 925 2140 Fecit
973 2095 1151 2139 autem
1206 2086 1433 2140 Hiram.
1494 2087 1726 2139 Lebetes
1786 2086 2004 2140 cineres

298 2194 489 2230 sacros
537 2175 873 2244 suscipiunt,
935 2190 1063 2227 cum
1116 2174 1312 2227 ﬁdeles
1390 2176 1650 2244 exempla
1707 2180 1763 2229 et
1817 2192 2003 2229 sacra-

299 2271 496 2320 menta
547 2264 857 2318 Dominicee
924 2262 1203 2333 passionis
1260 2263 1330 2316 ad
1399 2263 1713 2316 custodiam
1770 2264 1855 2317 sui
1909 2264 2005 2333 pia

298 2360 492 2406 mente
554 2357 883 2418 retractant,
944 2353 1028 2405 vel
1077 2351 1294 2405 exitum
1345 2351 1633 2421 justorum
1693 2352 2004 2423 diligenter

300 2442 608 2511 aspiciunt,
644 2442 743 2511 qui
782 2441 1004 2509 magnis
1058 2440 1360 2493 elaboratis
1414 2440 1715 2509 agonibus,
1774 2441 1842 2494 de
1872 2457 2001 2510 per-

299 2534 464 2599 cepto
494 2529 686 2583 bravio
718 2529 840 2582 sine
875 2528 986 2581 ﬁne
1039 2528 1328 2594 lmtentur,
1379 2532 1441 2580 ut
1479 2528 1846 2581 consideratis
1880 2544 2001 2582 ma-

294 2620 491 2687 jorum
523 2617 827 2670 virtutibus
886 2624 942 2669 et
998 2617 1105 2687 ipsi
1160 2616 1354 2684 magni
1412 2615 1775 2683 efﬁciantur;
1811 2618 2000 2671 unde:

302 2705 540 2769 Quorum
590 2706 853 2756 intuentes
917 2705 1125 2758 exitum
1207 2704 1625 2756 conversationis
1684 2706 2006 2757 intueamini

301 2800 349 2846 et

403 2885 472 2938 Et
527 2897 799 2949 creagras.
859 2881 1116 2950 Creagrae
1170 2879 1575 2951 praedicatores
1628 2880 1860 2950 signant
1904 2881 2003 2952 qui

1404 286 1660 342 GLOSSA
1698 287 2106 342 OﬁDlNARIA.
2145 315 2218 328 —
2256 287 2389 342 LIB.
2430 287 2479 344 II
2521 290 2767 345 PARAL.

495 408 611 460 Non
653 408 808 473 potui
842 404 991 458 vobis
1045 406 1194 474 loqui
1246 408 1407 474 quasi
1461 405 1865 475 spiritualibus,
1919 407 2083 462 sedA
2122 405 2182 459 in
2239 406 2407 461 domo
2461 409 2693 463 Domini
2745 427 2877 464 vasa
2928 413 3176 481 pretiosa
3210 432 3331 469 esse
3384 418 3699 488 cupiamus.
3733 425 3824 479 {Es

3722 305 3826 357 674

2120 501 2311 549 autem
2344 496 2712 565 liquefactum
2744 499 2876 567 igne
2906 502 3121 569 argillze
3154 504 3363 558 formas
3395 506 3731 576 ingreditur.
3759 517 3820 565 ut

2117 585 2404 653 possitvas
2447 592 2643 654 aptum
2704 588 3036 641 ministeriis
3087 593 3408 647 caelestibus
3466 596 3654 661 efﬁci;
3689 614 3819 652 cum

2117 672 2227 741 ipsi
2259 674 2562 728 salubriter
2587 676 2948 744 humilitatis,
2980 684 3034 731 et
3062 680 3295 735 ﬂamma
3343 684 3551 739 divinas
3577 687 3824 741 charita—

2117 760 2189 811 tis
2226 762 2313 814 vel
2362 762 2627 816 humanae
2689 764 3045 818 adversitatis
3117 769 3359 823 emolliti
3412 772 3560 825 viam
3589 775 3822 827 Patrum

2115 848 2261 902 bene
2292 851 2578 919 operando
2604 851 2906 917 intramus,
2935 860 2996 907 ut
3025 856 3090 908 ad
3132 860 3369 925 praemia
3409 860 3640 915 illorum
3675 863 3819 915 bene

2113 938 2396 990 currendo
2430 938 2845 1007 perveniamus.
2883 943 2993 994 Nec
3023 942 3176 996 enim
3208 961 3434 1015 semper
3469 962 3570 1000 nos
3604 950 3817 1018 regulis

2116 1024 2261 1077 bene
2292 1026 2581 1093 operando
2608 1043 2835 1082 necesse
2869 1035 2955 1082 est
2983 1032 3207 1095 arctari,
3242 1034 3342 1086 sed
3371 1035 3653 1104 completa
3681 1053 3817 1107 ope-

2114 1111 2333 1164 ratione
2364 1113 2534 1178 bona,
2594 1115 2787 1183 palma
2842 1116 3021 1171 beatae
3082 1118 3411 1175 tributionis
3458 1128 3542 1176 est
3588 1140 3817 1193 speran-

2115 1200 2205 1254 da.
2250 1201 2394 1264 Quia
2446 1218 2561 1255 non
2605 1219 2832 1272 semper
2883 1222 3013 1259 vasa
3042 1207 3099 1260 iu
3156 1208 3357 1262 formis
3406 1211 3623 1280 argillae
3655 1219 3819 1266 tene-

2114 1289 2326 1343 bantur
2354 1290 2606 1345 inclusa:
2660 1293 2757 1346 ubi
2788 1295 2855 1348 ad
2909 1295 3316 1364 perfectionem
3369 1304 3659 1364 venerant,
3702 1301 3820 1354 fra—

2113 1378 2217 1431 ctis
2263 1380 2577 1433 formarum
2627 1383 2886 1435 claustris
2934 1385 3396 1452 producebantur
3416 1387 3475 1440 in
3514 1388 3723 1455 lucem,
3757 1394 3815 1443 et

2114 1468 2174 1520 in
2202 1468 2413 1536 templo
2464 1468 2705 1521 Domino
2756 1487 2857 1539 pro
2909 1475 3025 1523 suis
3065 1489 3309 1543 quaeque
3361 1475 3496 1528 locis
3555 1476 3818 1547 dispone-

2112 1555 2340 1608 bantur.
2374 1556 2497 1609 Non
2526 1558 2677 1626 quod
2708 1573 2879 1627 opera
2939 1566 3266 1613 sanctorum
3315 1561 3621 1616 interitura
3680 1565 3814 1629 sint,

2114 1643 2208 1696 sed
2244 1643 2343 1696 ubi
2374 1660 2642 1698 coronam
2695 1646 2935 1715 justitiaz
2989 1650 3328 1718 acceperint,
3371 1651 3671 1706 cessabunt
3697 1654 3820 1707 ofﬁ-

2113 1733 2199 1786 cia
2237 1734 2534 1787 laboriosae
2568 1736 2935 1803 operationis.

2208 1823 2271 1875 In
2315 1824 2531 1888 regione
2582 1823 2857 1877 Jordanis.
2895 1824 2957 1877 In
3017 1841 3131 1894 quo
3185 1825 3438 1880 Christus
3495 1828 3815 1899 baptizatus

2113 1916 2217 1974 est,
2253 1912 2418 1980 cujus
2448 1911 2658 1964 tinctus
2728 1913 2894 1965 undis
2958 1930 3240 1983 aquarum
3293 1915 3457 1968 nobis
3512 1919 3677 1971 vertit
3708 1920 3818 1972 ele-

2111 2004 2370 2052 mentum
2399 1998 2460 2051 in
2512 1999 2867 2054 ablutionem
2921 2008 3305 2070 peccatorum.
3359 2005 3425 2057 Et
3470 2005 3606 2075 quia
3647 2023 3817 2061 omne

2112 2086 2365 2141 ﬁdelium
2390 2087 2670 2157 baptisma
2698 2104 2812 2157 quo
2842 2089 3082 2144 Domino
3113 2108 3510 2146 consecramus
3540 2094 3599 2147 in
3620 2111 3816 2149 exem-

2111 2175 2274 2243 plum
2299 2174 2455 2227 illius
2486 2175 2755 2244 baptismi
2784 2177 3122 2242 celebratur,
3158 2185 3306 2232 recte
3339 2181 3397 2233 in
3418 2182 3654 2250 regione
3683 2183 3809 2236 Jor-

2111 2262 2273 2316 danis
2312 2262 2457 2315 facta
2483 2267 2617 2316 sunt
2642 2279 2773 2316 vasa
2804 2264 3025 2319 domus.
3062 2266 3309 2320 Domini.
3347 2269 3470 2321 Non
3508 2271 3661 2323 enim
3718 2271 3818 2323 ali-

2111 2355 2199 2404 ter
2229 2368 2360 2404 vasa
2389 2351 2684 2405 electionis
2738 2352 2862 2405 ﬁeri
2911 2369 3237 2422 possumus,
3298 2356 3409 2409 nisi
3440 2358 3507 2411 ad
3532 2358 3819 2428 baptisma

2112 2438 2235 2507 ejus
2266 2438 2630 2508 respicientes
2660 2440 2816 2493 vitali
2849 2440 3085 2494 flumine
3123 2441 3279 2495 ablui
3328 2447 3671 2511 satagamus.
3712 2444 3818 2496 No-

2110 2527 2348 2580 tandum
2381 2531 2594 2593 autem,
2627 2528 2778 2597 quod
2824 2545 2937 2582 non
2992 2533 3214 2583 tantum
3250 2530 3307 2582 in
3350 2530 3587 2599 regione
3616 2531 3813 2585 Jorda-

2112 2615 2218 2679 nis,
2248 2615 2344 2669 sed
2374 2615 2434 2668 in
2482 2617 2785 2685 campestri
2834 2617 3068 2687 regione
3113 2618 3265 2671 illius
3309 2618 3449 2671 facta
3499 2635 3629 2672 vasa
3658 2619 3815 2679 dicit,

2112 2702 2439 2772 signiﬁcans
2472 2704 3010 2773 multiplicationem
3069 2706 3348 2772 ﬁdelium,
3402 2723 3532 2777 quae
3583 2724 3699 2761 non
3732 2724 3814 2762 so-

2112 2790 2229 2843 lum
2260 2790 2321 2843 in
2350 2792 2567 2855 Judma,
2601 2793 2698 2846 sed
2722 2793 2777 2845 in
2807 2794 3065 2863 gentium
3092 2793 3391 2848 latitudine
3433 2795 3626 2849 futura
3658 2800 3811 2861 erat;

2112 2880 2308 2932 unde:
2370 2880 2697 2934 Gaudebant
2741 2884 2920 2950 campi
2966 2887 3016 2935 et
3064 2884 3243 2936 omnia
3298 2899 3416 2950 quae
3472 2886 3531 2937 in
3575 2887 3649 2939 eis
3681 2891 3816 2941 sunt

296 2970 518 3023 animas
576 2967 833 3021 ﬁdelium
896 2970 1065 3022 verbo
1123 2968 1221 3021 Dei
1280 2968 1545 3021 reliciunt
1603 2968 1995 3038 spiritualibus
2028 2968 2069 3022 C
2109 2967 2284 3037 (Psal.
2342 2969 2479 3037 xcv).
2531 2969 2594 3022 Et
2640 2969 2813 3023 alibi:
2871 2970 3200 3025 Audiuimus
3259 2988 3376 3025 eam
3422 2974 3480 3024 in
3534 2974 3807 3042 Ephrata,

296 3059 617 3130 spiritualia
669 3064 1082 3128 comparantes,
1146 3057 1468 3111 carnalibus
1523 3074 1654 3110 vero
1719 3058 1802 3110 lac
1861 3058 1997 3112 sim-

296 3150 459 3218 plicis
492 3148 764 3202 doctrinte
804 3146 1229 3200 ministrantes:
1265 3146 1365 3216 qui
1407 3150 1597 3197 autem
1648 3152 2001 3200 sacramenta

296 3236 507 3290 Christi
529 3236 857 3288 summatim
896 3249 1234 3303 cognoscere
1265 3239 1318 3286 et
1359 3233 1429 3286 ad
1476 3232 1854 3287 imitationem
1884 3252 2001 3288 sus-

294 3326 485 3396 cipere
513 3327 731 3389 volunt,
795 3324 956 3393 quasi
1008 3322 1331 3376 carnalibus
1356 3322 1557 3375 hostiae
1606 3322 1868 3375 salutaris
1907 3339 1998 3377 sa-

296 3416 517 3467 tiantur
549 3430 563 3478 ;
596 3419 651 3466 et
703 3412 837 3482 quia
885 3413 1181 3465 doctorum
1241 3415 1326 3464 est
1377 3410 1582 3481 cuique
1634 3426 1887 3480 congrua
1911 3411 1998 3465 di-

295 3504 514 3568 videre,
566 3508 716 3555 recte
771 3502 921 3555 ﬁunt
969 3500 1355 3554 sacerdotibus
1438 3498 1757 3568 fuscinulaa,
1789 3500 1999 3570 quibus

295 3609 496 3647 carnes
529 3592 846 3646 hostiarum
896 3596 1064 3661 prout
1122 3594 1350 3659 oportet
1400 3593 1768 3658 componant,
1801 3592 1856 3642 et
1887 3589 1998 3642 alia

294 3682 631 3736 hominibus
680 3680 909 3734 mundis
968 3680 1232 3749 quaedam
1302 3678 1560 3742 afferant,
1633 3675 1744 3730 alia
1807 3678 1997 3731 altaris

289 3771 526 3841 ignibus
555 3770 943 3824 consumenda
980 3768 1307 3837 relinquant
1339 3783 1352 3833 ;
1390 3767 1653 3836 quaedam
1708 3766 1861 3820 enim
1892 3782 1995 3821 no-

290 3866 428 3913 strae
459 3858 768 3912 humilitati
797 3857 869 3911 ad
907 3856 1273 3910 refectionem
1330 3855 1675 3916 revelantur,
1731 3854 1997 3925 quaedam

287 3947 656 4001 solummodo
688 3950 885 4016 patent
914 3946 1166 3998 scientia:
1192 3943 1369 3996 sancti
1406 3943 1649 4012 Spiritus
1684 3960 1696 4009 ;
1734 3943 1995 4013 quaedam

286 4036 353 4091 in
416 4034 863 4104 Paralipomenis
920 4049 1049 4103 qua:
1081 4032 1140 4085 in
1193 4033 1416 4101 Regum
1475 4032 1728 4100 exposita
1770 4036 1999 4101 praster-

284 4125 465 4188 imus,
524 4122 791 4194 quzedim
850 4121 1108 4191 exposita
1164 4136 1284 4173 non
1331 4119 1655 4172 invenimus
1701 4125 1759 4173 et
1787 4124 1997 4172 nostrae

288 4214 591 4285 parvitatis
639 4210 1112 4265 consuetudinem
1170 4208 1440 4262 excedere
1499 4207 1785 4261 nolumus.
1854 4207 1997 4261 Nus-

288 4318 469 4374 quam
502 4302 656 4355 enim
682 4316 782 4370 per
808 4316 911 4352 nos
944 4298 1158 4368 aliquid
1182 4295 1567 4366 exposuimus.

361 4394 434 4445 Et
458 4390 699 4459 phialas.
749 4386 962 4442 Phiala:
1021 4386 1283 4439 latiorem
1314 4390 1370 4439 et
1398 4384 1740 4455 apertiorem
1785 4387 1991 4438 sanctae

287 4479 569 4535 doctrinae
609 4476 935 4547 significant
963 4491 1309 4540 sermonem,
1343 4475 1444 4545 qui
1466 4475 1735 4528 haustum
1766 4473 1991 4543 sapien-

287 4569 385 4623 tia3
426 4569 523 4638 pie
550 4565 873 4619 sitientibus
906 4563 1207 4633 impendit,
1241 4568 1296 4616 et
1328 4562 1419 4632 pie
1480 4562 1871 4617 laborantibus
1902 4578 1991 4616 re-

286 4655 700 4709 focillationem
732 4668 1043 4723 congruam
1064 4667 1169 4721 per
1189 4650 1629 4721 praedicatorum
1676 4648 1992 4703 ministeria

286 4745 513 4810 tribuit,
536 4749 600 4797 ut
626 4743 697 4796 ad
720 4742 938 4795 fontem
968 4742 1101 4795 vitae
1133 4746 1363 4794 aeternas
1420 4739 1719 4809 pervenire
1748 4738 1988 4810 possint,

286 4851 353 4889 ex
387 4850 503 4903 quo
533 4831 793 4886 bibentes
818 4848 932 4885 non
963 4830 1154 4883 sitient
1180 4830 1241 4883 in
1266 4834 1564 4883 aeternum.

358 4924 522 4975 Vens.
590 4926 674 4973 t7.
707 4949 776 4961 -—
812 4921 875 4973 In
923 4920 1201 4988 argiltosa.
1264 4918 1546 4988 Argillosa
1600 4922 1751 4971 terra
1780 4916 1849 4971 de
1879 4932 1992 4987 qua

282 5013 447 5066 facta:
533 5014 666 5062 sunt
696 5009 893 5062 formze
924 5008 994 5062 ad
1042 5007 1331 5061 fundenda
1362 5023 1516 5073 vasa,
1571 5022 1791 5059 sacram
1841 5004 1989 5059 Scri-

283 5106 520 5171 pturam
555 5099 649 5167 (de
703 5114 817 5168 qua
872 5098 1017 5151 bene
1074 5097 1300 5151 vivendi
1351 5096 1610 5165 regulam
1658 5092 1988 5163 accipimus)

284 5187 589 5259 signiﬁcat.
625 5186 795 5251 Quasi
833 5186 989 5239 enim
1047 5185 1249 5254 argilla
1300 5184 1433 5254 igne
1487 5185 1708 5248 durata,
1744 5183 1988 5236 formam

286 5278 433 5331 vasis
467 5276 718 5342 Domini,
754 5279 969 5345 quanta
1000 5278 1054 5328 et
1085 5274 1278 5344 qualia
1306 5273 1433 5326 ﬁeri
1468 5273 1679 5327 debent
1707 5271 1943 5326 exhibet
1970 5286 1985 5323 :

284 5383 417 5420 cum
443 5365 607 5418 nobis
646 5365 939 5434 Scriptura
963 5364 1221 5432 regulam
1252 5377 1425 5432 quam
1458 5376 1768 5431 sequamur
1818 5358 1988 5429 justi-

286 5455 400 5516 tiaz,
442 5460 500 5507 et
528 5459 855 5507 sanctorum
887 5452 1134 5505 ostendit
1173 5452 1455 5520 exempla,
1503 5450 1604 5520 qui
1636 5449 1767 5519 igne
1804 5447 1989 5502 tribu-

288 5543 519 5598 lationis
551 5542 910 5595 invincibiles
930 5541 992 5594 in
1048 5540 1316 5594 omnibus
1343 5539 1736 5609 perstiterunt,
1787 5541 1852 5591 ut
1881 5551 1987 5590 nos

2107 3058 2409 3109 invenimus
2461 3072 2577 3110 eam
2625 3059 2683 3110 in
2722 3060 2926 3126 campis
2972 3059 3120 3112 silva:
3173 3060 3344 3124 (Ibid.
3392 3062 3593 3130 cxxxi).
3645 3062 3815 3116 Fudit

2109 3160 2245 3214 ergo
2276 3161 2374 3197 rex
2429 3161 2561 3197 vasa
2612 3146 2814 3199 domus
2858 3147 3084 3200 Domini
3132 3148 3190 3200 in
3236 3151 3541 3218 campestri
3579 3150 3815 3220 regione

2105 3232 2385 3297 Jordanis,
2413 3232 2548 3302 quia
2579 3233 2854 3287 Dominus
2882 3233 3168 3304 baptismo
3208 3237 3405 3289 salutis
3464 3237 3532 3291 de
3564 3254 3677 3308 quo
3712 3254 3805 3291 va-

2109 3336 2169 3373 sa
2218 3320 2621 3375 misericordiae
2678 3321 2908 3388 faceret,
2958 3329 3139 3377 totam
3192 3325 3394 3378 mundi
3445 3326 3806 3380 latitudinem

2106 3409 2385 3479 implevit.

2223 3500 2384 3553 Vens.
2442 3501 2525 3553 18.
2564 3528 2637 3540 —
2701 3500 2956 3567 Fecitque
3025 3502 3295 3557 Salomon.
3361 3502 3597 3556 Dictavit
3656 3503 3813 3573 quod

2106 3587 2298 3642 Hiram
2328 3588 2450 3658 ipso
2476 3605 2649 3658 opera
2679 3589 3004 3658 complevit.
3030 3590 3349 3660 Allegorice
3383 3607 3515 3645 vero
3574 3593 3813 3645 Redem—

2104 3682 2237 3747 ptor
2264 3683 2460 3730 noster
2488 3676 2549 3729 in
2592 3678 2797 3730 sanctis
2846 3678 3315 3746 praedicatoribus
3352 3684 3409 3732 et
3446 3680 3713 3733 omnibus
3742 3681 3809 3734 ﬁ-

2105 3765 2326 3819 delibus
2362 3771 2630 3818 ornatum
2679 3764 2936 3818 Ecclesiae
2990 3772 3173 3834 parat,
3203 3772 3259 3820 et
3313 3767 3591 3821 virtutum
3632 3769 3808 3822 efﬁcit

2106 3870 2301 3923 opera,
2333 3852 2434 3923 qui
2476 3853 2600 3906 ait:
2648 3854 2803 3907 Nihil
2858 3855 2972 3906 sine
2999 3870 3085 3907 me
3143 3858 3368 3922 potestis
3421 3857 3600 3921 facere
3628 3859 3805 3924 (Joan.

2104 3942 2231 4010 xv);
2260 3946 2315 3995 et
2369 3940 2543 3995 alibi:
2596 3941 2759 3996 Omne
2814 3940 2960 3996 enim
2988 3941 3197 3995 ‘datum
3264 3942 3530 4010 optimum
3580 3950 3630 3998 et
3659 3960 3810 3999 omne

2104 4030 2303 4083 donum
2328 4030 2626 4098 perfectum
2655 4029 2956 4095 desursum,
2981 4034 3085 4082 etc.
3122 4029 3268 4099 (Jac.
3312 4030 3372 4099 1).

2204 4119 2363 4171 Vens.
2428 4120 2511 4171 19.
2558 4148 2629 4157 —
2660 4118 2853 4172 Altare
2899 4134 3140 4171 aureum.
3176 4118 3361 4172 Corda
3418 4119 3806 4188 perfectorum

2103 4206 2344 4260 internae
2373 4206 2662 4260 charitatis
2680 4212 2735 4260 et
2759 4206 3030 4260 castitatis
3078 4208 3202 4260 luce
3252 4206 3617 4277 fulgentium,
3653 4226 3805 4280 quo-

2022 4335 2066 4389 Β
2108 4313 2233 4352 rum
2256 4296 2666 4351 sublimitatem
2700 4295 2983 4366 signiﬁcat
3028 4296 3201 4350 etiam
3230 4297 3385 4350 locus
3437 4298 3649 4352 altaris.
3683 4300 3805 4354 Sta-

2103 4386 2200 4439 bat
2231 4385 2386 4440 enim
2415 4389 2544 4439 ante
2578 4385 2788 4438 ostium
2810 4386 2989 4439 sancti
3031 4390 3378 4453 sanctorum,
3412 4390 3473 4440 ut
3495 4387 3554 4440 in
3586 4388 3806 4442 factura

2103 4473 2453 4527 tabernaculi
2483 4473 2747 4542 legimus,
2788 4472 2847 4526 in
2873 4490 2987 4544 quo
3049 4491 3163 4528 non
3204 4475 3519 4529 hostiarum
3569 4478 3802 4547 sanguis

2100 4577 2289 4632 neque
2338 4562 2631 4627 libamina,
2682 4562 2781 4616 sed
2837 4554 3210 4632 thym'iamata
3253 4568 3475 4619 tantum
3534 4565 3801 4619 incende-

2100 4651 2327 4716 bantur,
2388 4665 2634 4721 quorum
2695 4650 2989 4719 superiosa
3017 4652 3326 4706 ascendens
3374 4653 3668 4722 operiebat
3706 4670 3797 4707 ar-

2100 4755 2245 4803 cam,
2273 4745 2445 4809 atque
2475 4739 2770 4792 oraculum
2822 4739 2996 4793 odore
3051 4741 3347 4794 suavitatis
3404 4742 3699 4812 implebat.
3735 4744 3799 4796 In

2101 4843 2215 4897 quo
2247 4826 2427 4880 sancti
2468 4826 2809 4896 ﬁgurantur,
2852 4827 2953 4897 qui
2982 4828 3120 4881 dum
3178 4829 3448 4898 neglectis
3504 4835 3798 4901 tempora-

2099 4914 2242 4968 lium
2270 4914 2678 4983 cupiditatibus
2706 4919 2827 4967 tota
2872 4916 3192 4969 intentione
3232 4917 3479 4970 caelestia
3507 4922 3796 4988 qmerunt,

2099 5003 2263 5073 quasi
2310 5002 2465 5056 intus
2511 5003 2673 5072 juxta
2724 5004 3017 5057 oraculum
3061 5005 3231 5073 positi
3261 5009 3428 5071 sunt;
3472 5023 3577 5059 nec
3628 5008 3800 5077 longe

2098 5091 2307 5146 remoti
2344 5110 2377 5146 a
2433 5092 2557 5145 velo
2613 5094 2892 5161 templum
2951 5098 3008 5146 et
3071 5100 3265 5148 sancta
3321 5099 3646 5150 sanctorum
3717 5099 3801 5153 di-

2100 5181 2429 5247 rimuntur;
2479 5179 2614 5249 quia
2664 5196 2904 5249 corpore
2964 5186 3186 5235 tantum
3254 5186 3464 5237 terram
3521 5184 3795 5250 incolunt,

2100 5270 2198 5323 sed
2240 5273 2356 5323 tota
2414 5272 2604 5321 mente
2656 5268 2716 5320 in
2766 5269 2906 5322 caelo
2966 5274 3112 5323 sunt.
3173 5271 3436 5325 Ascendit
3490 5279 3679 5328 autem
3728 5275 3799 5329 ab

2098 5360 2205 5413 hoc
2259 5358 2422 5412 altari
2478 5357 2669 5411 fumus
2723 5358 3085 5413 incensorum
3138 5359 3289 5414 intra
3349 5368 3542 5416 sancta
3574 5370 3801 5419 sancto--

2098 5463 2226 5501 rum
2270 5446 2364 5499 ubi
2395 5461 2523 5498 arca
2553 5450 2637 5497 est
2664 5446 2957 5499 recondita
2989 5463 3002 5511 ;
3038 5451 3099 5499 ut
3127 5447 3415 5502 orationes
3471 5456 3797 5506 sanctorum

2100 5536 2332 5589 ﬂamma
2388 5532 2677 5587 charitatis
2734 5532 2990 5587 excitatae
3035 5533 3107 5588 ad
3163 5537 3370 5590 coelum
3434 5540 3795 5608 perveniant,
