4062 6180
278 295 380 344 675

1028 291 1430 346 \VALAFltlDI
1472 290 1717 344 STRABI
1757 288 1960 344 FULD.
2006 289 2164 344 MON.
2209 291 2382 345 PARS
2423 291 2463 343 1.
2507 318 2574 328 ~—-
2613 287 3079 344 THEOLOGICA.

3685 288 3788 337 676

283 414 382 468 ubi
409 413 666 468 Christus
687 416 772 466 est
797 412 866 466 ad
918 412 1206 466 dexteram
1257 411 1356 465 Dei
1386 411 1606 465 sedens.
1671 411 1795 465 Non
1829 411 1982 465 enim
2015 417 2058 468 A
2098 410 2324 466 Christi.
2387 411 2588 466 Unde:
2641 413 2808 480 Cupio
2864 409 3091 464 dissolvi
3143 412 3194 462 et
3249 422 3359 462 esse
3406 422 3524 461 cum
3581 407 3792 462 Christo

284 503 344 556 in
372 503 476 556 hoc
504 500 668 555 altari
713 499 943 570 sanguis
994 498 1311 553 hostiarum
1362 499 1458 553 sed
1514 499 1830 570 thymiama
1856 503 1982 552 tan-

285 597 406 644 tum
447 589 796 655 incenditur,
857 587 992 657 quia
1040 588 1182 642 tales
1234 588 1340 641 viri
1389 604 1503 641 non
1556 587 1768 642 habent
1807 603 1982 659 opera

285 679 472 733 carnis
500 684 555 732 et
580 677 876 748 sanguinis
905 692 1034 747 quae
1066 681 1312 730 mactent
1348 677 1588 731 Domino
1618 677 1677 730 in
1709 693 1806 730 ara
1854 693 1983 730 cor-

285 769 390 832 dis,
425 767 520 821 sed
557 768 934 836 lacrymarum
961 770 1017 818 et
1059 765 1384 819 orationum
1439 770 1570 818 vota
1600 781 1706 835 pro
1759 764 1980 819 deside-

287 856 372 909 rio
390 855 548 925 regni
578 853 816 908 cmlestis
841 853 1104 907 offerunt.

356 944 516 996 Vens.
544 944 632 997 2t.
685 944 843 996 —Et
884 943 1142 1010 forcipes,
1174 945 1278 995 etc.
1334 941 1598 1012 Forcipes
1643 941 1703 994 in
1745 957 1850 995 usu
1899 941 1982 995 al-

283 1032 422 1085 taris
452 1031 585 1085 facti
617 1035 749 1084 sunt
777 1030 941 1084 aenei.
967 1030 1077 1085 Sed
1099 1035 1156 1085 et
1170 1029 1229 1084 hi
1260 1031 1470 1102 quibus
1518 1030 1986 1085 emundabantur

287 1122 555 1186 lucernae,
587 1119 1117 1190 interpretationem
1138 1119 1454 1190 spiritualis
1483 1135 1680 1172 sensus
1733 1136 1837 1189 per
1880 1119 1983 1174 do-

287 1214 505 1263 ctorum
537 1208 724 1262 ofﬁcia
751 1207 1097 1278 signiﬁcant.
1140 1208 1254 1278 Ipsi
1311 1208 1465 1262 enim
1495 1209 1666 1262 verba
1695 1208 1837 1262 sacri
1867 1209 1986 1262 elo-

287 1298 408 1370 quii
438 1300 508 1352 ab
539 1298 779 1352 historia
806 1297 866 1351 in
910 1297 1262 1367 allegoriam,
1299 1297 1367 1351 ab
1428 1297 1632 1350 umbra
1681 1296 1739 1350 in
1772 1296 1986 1351 verita—

287 1393 404 1442 tem
463 1387 887 1452 transferentes,
938 1385 1101 1457 quasi
1162 1387 1346 1440 lucem
1385 1385 1637 1439 scientiae
1692 1385 1752 1438 in
1807 1385 1987 1440 Eccleo

286 1475 428 1529 siam
475 1491 649 1546 super
685 1475 1088 1530 candelabrum
1137 1475 1433 1546 mysticum
1477 1474 1650 1545 positi
1708 1474 1988 1545 multipli-

288 1571 437 1619 cant.
517 1573 520 1576 ’

359 1654 520 1708 Vens.
553 1655 640 1707 22.
672 1683 740 1694 -—
771 1656 836 1708 Et
877 1655 1018 1708 ostia
1063 1653 1291 1706 caelavit.
1347 1651 1413 1705 Hi
1449 1656 1584 1705 sunt
1639 1652 1900 1706 doctores
1931 1656 1988 1704 et

288 1742 627 1809 sacerdotes,
687 1741 786 1811 qui
830 1740 1183 1799 instruendo.
1244 1740 1610 1809 baptizando,
1673 1738 1991 1793 communi-

288 1830 465 1883 cando
495 1830 748 1900 corporis
773 1833 830 1882 et
874 1828 1171 1899 sanguinis
1207 1828 1430 1882 Domini
1484 1829 1773 1900 mysteria,
1801 1827 1988 1898 prima

290 1919 453 1972 nobis
486 1919 744 1972 Ecclesiae
777 1918 978 1972 limina
1002 1918 1279 1989 pandunt.

363 2010 557 2076 Sicque
584 2009 898 2076 completum
953 2012 1030 2061 est
1074 2022 1242 2061 omne.
1308 2007 1450 2060 Cum
1504 2021 1673 2059 verus
1721 2004 1991 2075 paciﬁcus

290 2097 350 2149 in
377 2096 467 2150 die
490 2094 793 2149 novissima
823 2110 1021 2148 omnes
1046 2095 1255 2149 electos
1283 2093 1718 2148 resurrectionis
1747 2094 1990 2147 immor-

289 2184 504 2255 talitate
533 2183 832 2254 gloriticat.
857 2183 1119 2248 Quandiu
1149 2189 1340 2237 autem
1374 2188 1552 2238 status
1583 2183 1753 2253 hujus
1798 2179 1992 2236 saeculi

289 2274 525 2341 geritur,
552 2272 686 2326 facit
741 2271 974 2343 quidem
1022 2271 1287 2326 Salomon
1324 2272 1528 2325 domus
1574 2270 1798 2324 Domini
1826 2285 1990 2340 opus,

289 2363 384 2414 sed
414 2377 530 2414 non
554 2360 810 2430 perlicit:
846 2360 981 2430 quia
1010 2360 1184 2414 corda
1228 2361 1542 2414 electorum
1600 2360 1887 2426 Dominus,
1931 2364 1995 2411 ut

289 2449 437 2503 bona
492 2454 803 2520 operentur
859 2447 1107 2519 inspirat
1164 2452 1220 2502 et
1272 2449 1524 2519 adjuvat,
1595 2447 1739 2501 nulli
1800 2451 1994 2501 tamen

294 2539 505 2609 absque
535 2543 765 2609 peccato
805 2554 925 2591 esse
957 2537 1149 2603 donat,
1202 2537 1358 2607 quod
1388 2537 1448 2590 in
1499 2537 1692 2591 futuro
1731 2535 1995 2590 ﬁdelibus

290 2630 555 2680 reservat.
585 2625 811 2679 Perﬁcit
840 2640 972 2678 vero
1004 2640 1173 2678 omne
1201 2640 1342 2695 opus
1389 2625 1588 2694 templi
1639 2624 1727 2678 sui
1756 2628 1811 2678 et
1837 2621 1997 2677 dedi-

295 2715 502 2769 cationi
558 2720 753 2783 aptum
814 2713 1019 2779 reddit,
1071 2729 1199 2767 cum
1257 2713 1562 2767 translatos
1621 2714 1690 2767 de
1728 2714 1833 2767 hac
1883 2712 1996 2765 vita

296 2805 518 2864 electos,
553 2807 835 2878 aeternum
862 2801 1122 2872 perducit
1151 2801 1224 2856 ad
1264 2817 1508 2872 regnum
1542 2818 1555 2856 :
1591 2802 1743 2856 unde
1775 2806 1996 2870 septem

295 2891 458 2946 annis
488 2891 820 2957 aediﬁcatur,
861 2897 1057 2945 octavo
1111 2891 1426 2961 perfectum
1483 2891 1798 2946 dedicatur.
1857 2889 1994 2959 Sep-

295 2986 410 3034 tem
439 2981 593 3034 enim
627 2980 827 3034 diebus
859 2996 1030 3034 omne
1054 2984 1282 3050 tempus
1332 2979 1598 3047 volvitur,
1655 2983 1884 3033 octavus
1913 2982 2000 3032 est
2029 2993 2070 3048 ο

298 3070 419 3124 dies
468 3069 672 3139 judicii
723 3073 780 3122 et
835 3069 1292 3136 resurrectionis,
1352 3069 1444 3124 cui
1504 3070 1774 3124 convenit
1842 3067 1996 3138 quod

298 3159 584 3230 sequitur.

1009 3282 1235 3336 CAPUT
1295 3280 1356 3335 V.

401 3424 560 3476 Vens.
624 3424 664 3474 1.
720 3449 789 3459 -
845 3420 1037 3474 Intulit
1091 3420 1270 3486 igitur
1316 3419 1568 3474 Salomon
1626 3421 1827 3485 omnia,
1891 3423 1995 3473 etc.

303 3513 486 3582 (ΗΑΒ.)
521 3511 634 3564 Hoc
661 3509 726 3562 ﬁt
745 3524 875 3561 cum
903 3507 1180 3572 Christus,
1215 3513 1361 3574 etc.,
1416 3521 1585 3575 usque
1608 3507 1683 3560 ad
1735 3506 1835 3560 sed
1865 3507 2004 3560 mul-

305 3607 378 3655 tae
425 3599 484 3652 in
551 3614 617 3652 ea
687 3596 1013 3650 mansiones
1072 3596 1145 3650 ad
1192 3594 1552 3666 recipiendos
1615 3611 1815 3649 omnes
1859 3611 2002 3666 quos

305 3689 571 3743 timentes
596 3701 654 3740 se
718 3690 776 3739 et
837 3685 1138 3756 diligentes
1195 3684 1458 3740 benedicit
1494 3686 1749 3740 Dominus
1782 3686 2002 3755 pusillis

309 3792 427 3831 cum
446 3775 766 3844 majoribus.
899 3774 903 3778 ’

381 3865 542 3919 Vaas.
576 3866 626 3919 9.
660 3893 728 3904 —-
763 3865 1004 3919 Vectium
1061 3867 1262 3918 autem.
1310 3863 1435 3934 (10.)
1485 3863 1806 3918 Notandum
1847 3862 2002 3934 quia,

309 3957 440 4020 etc.,
471 3968 641 4022 usque
666 3951 739 4006 ad
777 3955 935 4006 tanto
964 3952 1187 4005 interna
1218 3951 1426 4021 gaudia
1445 3951 1661 4007 vident.

381 4043 551 4096 Vnus.
580 4043 663 4094 10.
695 4071 763 4080 -
789 4039 1080 4110 Nihilquid
1107 4039 1266 4095 aliud
1288 4045 1424 4095 erat.
1473 4039 1735 4095 Ostendit
1766 4055 2004 4110 genera-

309 4129 458 4197 liter,
483 4128 637 4200 quod
669 4128 729 4181 in
757 4143 884 4181 arca
910 4127 1051 4181 nihil
1073 4127 1182 4181 fuit
1227 4127 1577 4182 contrarium
1638 4126 1748 4198 legi
1779 4125 2008 4181 Domini

2091 501 2250 569 (Phil.
2289 501 2354 566 ι).

2167 589 2322 643 Vens.
2365 592 2446 644 12.
2500 620 2566 628 —
2606 590 2804 643 Vestiti
2841 587 3099 655 byssinis.
3141 587 3246 640 Per
3303 585 3477 639 stolas
3536 583 3796 654 byssinas

2091 678 2328 732 candida
2362 677 2662 732 munditiae
2693 676 3005 748 corporalis
3035 675 3263 730 castitas
3283 673 3653 745 designatur:
3689 673 3797 727 hac

2094 765 2414 820 induuntur
2442 782 2642 820 omnes
2672 765 2773 837 qui
2817 765 2916 820 Dei
2945 765 3133 820 ofﬁcio
3163 764 3464 833 assistunt,
3517 769 3573 817 et
3600 763 3796 817 laudes

2093 857 2143 908 ci
2185 872 2303 922 ore,
2340 856 2616 921 moribus,
2658 860 2715 910 et
2743 861 2872 909 actu
2925 859 3288 925 concrepant.
3341 853 3612 923 Cymbala
3636 853 3792 907 enim

2092 944 2206 999 oris
2246 943 2682 1009 confessionem,
2741 944 3012 1015 psalteria
3067 943 3498 1010 mortalitatem,
3557 943 3794 996 cithara:

2091 1033 2277 1087 carnis
2329 1033 2848 1099 mortificationem,
2895 1036 2952 1086 et
2988 1031 3156 1086 bona;
3209 1029 3447 1085 actionis
3495 1029 3797 1083 strenuita-

2093 1125 2229 1188 tem,
2264 1121 2466 1192 viginti
2524 1126 2769 1192 quatuor
2814 1120 3065 1188 chordis,
3122 1120 3180 1174 id
3231 1124 3318 1173 est
3368 1117 3723 1190 propheticis
3743 1121 3801 1171 et

2093 1211 2418 1281 apostolicis
2447 1209 2718 1264 doctrinis
2743 1209 3033 1264 instructae
3062 1208 3412 1278 signiﬁcant.

2164 1299 2493 1355 Sacerdotes.
2554 1298 2650 1352 Vel
2687 1298 2948 1352 doctores
2999 1297 3216 1352 scilicet
3243 1313 3346 1368 per
3400 1295 3797 1351 centenarium

2094 1392 2150 1442 et
2177 1386 2528 1441 vicenarium
2579 1386 2850 1457 expressi,
2909 1385 3046 1457 quia
3096 1385 3385 1457 legislator
3417 1385 3523 1440 hoc
3555 1399 3796 1438 numero

2096 1491 2332 1530 suorum
2363 1491 2648 1529 summam
2681 1490 2966 1528 annorum
2996 1474 3321 1546 complevit,
3353 1478 3411 1528 et
3457 1474 3516 1527 in
3545 1473 3640 1528 die
3663 1475 3804 1527 Pen-

2094 1569 2337 1620 tecostes
2369 1564 2570 1618 eodem
2591 1579 2835 1618 numero
2887 1563 3182 1618 credentes
3237 1562 3482 1634 Spiritus
3529 1561 3806 1633 paracleti

2021 1705 2062 1759 Β
2101 1655 2343 1725 gratiam
2374 1657 2736 1724 acceperunt.

2173 1743 2328 1796 Vens.
2373 1745 2457 1797 13.
2488 1771 2555 1780 -
2592 1743 2779 1808 Igitur
2832 1742 3062 1797 cunctis.
3119 1740 3303 1811 (ΗΑΒ.)
3333 1739 3563 1796 Cunctis
3609 1755 3804 1793 sacer-

2102 1834 2330 1889 dotibus
2389 1839 2446 1888 et
2483 1833 2712 1902 Levitis,
2773 1838 2904 1900 etc.,
2961 1848 3130 1902 usque
3185 1833 3260 1887 ad
3317 1832 3436 1887 veri
3496 1830 3806 1886 sacerdotii

2101 1922 2483 1976 ministerium
2515 1921 2910 1993 perdiderunt.

2188 2012 2346 2066 Vans.
2408 2012 2493 2067 14.
2558 2042 2625 2052 -
2682 2011 3046 2081 Compleverat
3099 2011 3258 2064 enim.
3327 2009 3471 2074 Quia
3529 2008 3807 2079 mysteria

2103 2117 2232 2170 qua:
2281 2100 2385 2154 sub
2431 2100 2713 2154 velamine
2767 2100 3020 2154 latebant
3093 2114 3198 2168 per
3241 2098 3546 2152 adventum
3595 2096 3811 2152 Christi

2104 2189 2506 2260 aperiebantur
2572 2188 2953 2253 credentibus,
3023 2192 3080 2241 et
3131 2187 3302 2257 digne
3369 2185 3808 2256 accipientibus.

2105 2277 2332 2333 Ceteris
2358 2293 2494 2332 vero
2535 2277 2606 2332 ad
2657 2277 2828 2332 ﬁdem
2874 2277 3141 2331 accedere
3197 2276 3523 2330 nolentibus
3563 2273 3813 2346 pristina

2104 2366 2326 2422 caecitas
2378 2366 2732 2420 remanebat.
2804 2365 2962 2420 Unde
3004 2381 3016 2418 :
3075 2365 3234 2420 Vobis
3291 2364 3480 2420 datum
3533 2368 3615 2418 est
3650 2376 3811 2417 nosse

2103 2457 2422 2526 mysterium
2445 2456 2599 2523 regni
2624 2455 2738 2522 Dei,
2773 2459 2878 2508 etc.
2914 2453 3130 2522 (Matth.
3165 2453 3310 2523 xm.)

2771 2567 2995 2621 CAPUT
3049 2567 3138 2621 VI.

2206 2675 2368 2728 Vnus.
2469 2676 2515 2726 l.
2585 2701 2652 2713 -—-
2718 2675 2783 2726 In
2844 2673 3088 2739 caligine.
3177 2669 3336 2725 Unde
3419 2669 3572 2726 Job:
3633 2671 3820 2726 Nubes

2108 2763 2396 2818 latibulum
2461 2761 2578 2829 ejus
2636 2760 2790 2828 (Job.
2844 2759 2990 2822 xxu).
3075 2761 3140 2814 Et
3213 2759 3554 2814 Psalmista:
3626 2760 3819 2827 Caligo

2107 2851 2204 2905 sub
2231 2848 2462 2920 pedibus
2497 2849 2647 2917 ejus:
2690 2853 2740 2902 et
2771 2851 2959 2918 posuit
3003 2847 3249 2903 tenebras
3309 2848 3595 2902 latibulum
3626 2848 3814 2918 (Psal.

2109 2940 2267 3008 xvn).
2323 2935 2646 2991 Latibulum
2709 2936 2940 2991 Domini
2989 2953 3145 2990 sacra
3174 2937 3465 3007 Scriptura
3496 2953 3508 2991 :
3543 2953 3678 3007 qua:
3710 2936 3818 2990 sub

2108 3026 2396 3096 parabolis
2451 3030 2507 3079 et
2564 3025 2767 3094 ﬁguris
2850 3026 3098 3079 ccelestia
3175 3030 3358 3096 gestat
3437 3031 3820 3079 sacramenta.

2111 3115 2312 3170 Unde:
2354 3115 2660 3184 Conﬁtebor
2725 3115 2846 3183 tibi,
2896 3116 3144 3181 Domine,
3166 3119 3326 3183 pater
3380 3116 3497 3169 caeli
3541 3119 3591 3169 et
3653 3119 3816 3169 terrae

2108 3206 2363 3274 quoniam
2410 3203 2742 3258 abscondisti
2789 3204 2896 3258 haec
2921 3220 2955 3257 a
2983 3204 3316 3273 sapientibus
3358 3211 3408 3257 et
3425 3202 3820 3274 prudentibus,

2108 3298 2159 3347 et
2187 3294 2439 3348 revelasti
2467 3309 2529 3347 ea
2542 3293 2795 3363 parvulis
2823 3292 3041 3363 (Matth.
3070 3292 3163 3363 v)).

2783 3408 3008 3463 CAPUT
3066 3408 3180 3462 νη.

2181 3512 2422 3566 Vens.
2458 3541 2520 3551 -
2579 3511 2881 3567 Dedicavit.
2941 3511 3119 3581 (Ras)
3175 3509 3466 3580 Sanguine
3518 3527 3624 3565 suo
3655 3527 3825 3566 mun-

2110 3599 2284 3667 davit,
2339 3605 2396 3655 et
2453 3601 2736 3672 spirituali
2767 3600 2952 3671 gratia
3013 3599 3384 3654 sanctiﬁcavit
3441 3599 3705 3656 Christus
3761 3605 3819 3655 et

2111 3688 2350 3743 diversis
2377 3689 2541 3744 donis
2580 3689 2855 3743 virtutum
2887 3688 3304 3759 multiplicavit.
3357 3688 3628 3759 Hancque
3660 3689 3826 3744 dedi-

2112 3783 2243 3832 cant
2275 3777 2379 3832 ﬁlii
2429 3779 2621 3844 Israel,
2653 3777 2788 3849 quia
2832 3778 3075 3849 quisque
3115 3776 3298 3831 ﬁdelis
3338 3777 3656 3831 secundum
3713 3778 3824 3832 do-

2115 3881 2252 3920 num
2283 3865 2391 3920 sibi
2420 3882 2453 3919 a
2501 3866 2612 3920 Deo
2667 3867 2936 3920 collatum
2995 3859 3165 3920 verbo
3214 3871 3273 3920 et
3309 3865 3570 3937 exemplo
3621 3867 3823 3938 proxi-

2115 3970 2240 4008 mos
2267 3953 2334 4008 ad
2381 3953 2622 4008 meliora
2673 3958 2731 4008 et
2770 3953 3114 4025 perfectiora
3166 3953 3446 4007 convertit
3512 3956 3569 4009 et
3621 3970 3825 4026 prove-

2114 4042 2210 4097 hit.

2187 4132 2346 4187 Vens.
2410 4136 2470 4186 7.
2529 4159 2600 4172 —
2643 4130 3040 4200 Sancti/icavit.
3105 4129 3247 4194 Quia
3279 4129 3533 4185 Christus
3577 4146 3647 4185 ea
3696 4146 3827 4201 quas

311 4218 737 4289 comprehensas
769 4217 829 4270 in
869 4216 1092 4271 duabus
1143 4216 1392 4283 tabulis;
1440 4217 1534 4270 sed
1569 4231 1638 4270 ea
1664 4220 1889 4270 tantum
1927 4214 2008 4270 ibi
2033 4286 2070 4292 _
2115 4219 2176 4274 in
2224 4220 2348 4292 lege
2387 4223 2621 4290 propter
2667 4219 3060 4273 inﬁrmitatem
3117 4217 3240 4288 ejus
3269 4218 3467 4289 perﬁci
3523 4234 3640 4273 non
3669 4221 3830 4291 pote-

311 4286 485 4361 fuisse
533 4305 760 4360 condita
809 4320 938 4375 quae
967 4305 1124 4374 juxta
1161 4304 1300 4374 legis
1339 4304 1607 4358 mandata
1658 4304 1728 4358 ad
1787 4304 2005 4358 cultum
2033 4286 2080 4342 Ῑ)
2120 4312 2265 4375 rant,
2282 4286 2368 4361 vin
2388 4286 2657 4361 Ecclesia
2686 4307 2925 4377 perﬁcit.
2978 4307 3109 4377 Ipsa
3149 4286 3240 4360 est
3269 4286 3450 4361 _enim
3479 4286 3697 4362 atrium
3730 4308 3829 4362 do-

315 4395 485 4449 unius
515 4394 612 4449 Dei
640 4399 697 4448 et
748 4393 1306 4448 commendationem
1357 4397 1563 4446 nostrae
1592 4391 1727 4447 ﬁdei
1757 4398 1888 4447 sunt
1920 4399 2012 4463 ty-

318 4485 441 4555 pice
481 4483 642 4548 facta,
682 4487 746 4536 ut
791 4481 998 4536 umbra
1038 4482 1362 4536 futurorum
1415 4497 1521 4553 per
1579 4481 1775 4535 omnia
1802 4481 2012 4536 futura:

314 4573 541 4628 veritati
587 4571 981 4625 testimonium
1015 4571 1317 4641 praeberet,
1354 4575 1410 4624 et
1443 4586 1509 4623 ea
1553 4569 1612 4623 in
1670 4569 1886 4624 mundo
1911 4587 2012 4641 ap-

315 4666 553 4733 parente
582 4659 755 4715 ﬁnem
802 4658 1100 4729 acciperet.
1149 4659 1276 4713 Erat
1305 4662 1495 4712 autem
1556 4657 1616 4710 in
1646 4674 1776 4713 arca
1807 4674 2010 4712 secun-

317 4751 456 4805 dum
488 4749 726 4803 Paulum
755 4764 901 4802 urna
931 4763 1104 4802 aurea
1161 4747 1376 4801 habens
1399 4762 1631 4812 manna,
1661 4747 1793 4818 quia
1827 4746 1886 4800 in
1908 4747 2012 4801 ho-

319 4838 475 4894 mine
528 4837 744 4892 Christo
826 4835 1045 4890 habitat
1097 4836 1283 4890 omnis
1339 4836 1637 4906 plenitudo
1704 4835 2016 4890 divinitatis

319 4927 710 4998 corporaliter.
743 4926 875 4980 Erat
899 4929 956 4980 et
983 4924 1143 4996 virgo
1182 4927 1393 4991 Aaron,
1427 4941 1557 4995 quae
1611 4923 1796 4978 excisa
1826 4924 2015 4977 denuo

321 5017 620 5070 ﬂoruerat:
654 5015 788 5086 quia
848 5019 1095 5084 potestas
1123 5013 1309 5068 omnis
1342 5012 1643 5083 judicandi
1680 5027 1856 5082 penes
1883 5027 2016 5066 eum

322 5109 424 5170 est,
457 5105 617 5175 cujus
661 5103 944 5174 judicium
992 5103 1050 5156 in
1086 5102 1411 5156 humilitate
1448 5101 1730 5172 passionis
1786 5099 2015 5154 videba-

321 5197 418 5245 tur
445 5208 564 5245 esse
593 5192 901 5246 sublatum.
943 5191 1118 5246 Erant
1158 5195 1212 5246 et
1236 5190 1446 5245 tabulae
1501 5188 1850 5255 testamenti,
1883 5189 2020 5260 quia

321 5281 383 5335 in
412 5279 512 5334 illo
567 5285 700 5334 sunt
755 5296 954 5335 omnes
995 5279 1250 5334 thesauri
1311 5279 1606 5350 sapientiae
1654 5281 1708 5332 et
1766 5277 2019 5332 scientiae

322 5368 659 5423 absconditi.
690 5369 1076 5423 Adhmrebant
1106 5373 1162 5423 et
1190 5373 1375 5423 vectes
1401 5368 1610 5438 quibus
1623 5367 2018 5438 portabantur,

326 5456 461 5529 quia
520 5456 776 5511 doctores
827 5457 928 5528 qui
984 5457 1275 5528 quondam
1331 5456 1670 5511 laborabant
1724 5454 1786 5509 in
1842 5454 2018 5508 verbo

327 5545 555 5612 Christi,
613 5561 765 5600 nunc
802 5545 1072 5615 praesenti
1126 5544 1342 5598 visione
1403 5543 1769 5613 congaudent
1825 5541 2022 5612 gloriae

2119 4413 2248 4450 mus
2280 4395 2528 4463 Domini,
2561 4411 2666 4465 per
2708 4411 2881 4466 quam
2913 4394 3202 4466 ingressus
3230 4399 3388 4465 patet
3441 4395 3501 4448 in
3531 4395 3831 4450 caelestem

2117 4485 2430 4539 Jerusalem
2463 4499 2478 4537 :
2510 4482 2647 4554 quia
2675 4498 2815 4552 ergo
2848 4483 3180 4537 holocausta
3218 4487 3275 4536 et
3327 4482 3602 4538 sacriﬁcia
3655 4484 3719 4538 in
3750 4484 3832 4537 al-

2119 4571 2228 4626 tari
2260 4570 2475 4625 Veteris
2531 4571 2882 4625 Testamenti
2908 4587 3026 4625 non
3082 4575 3398 4642 potuerunt
3425 4571 3662 4638 offerri;
3696 4571 3835 4643 quia

2121 4660 2315 4715 omnia
2343 4659 2664 4730 ﬁguraliter
2701 4659 2918 4714 ﬁebant
2969 4658 3072 4726 ibi,
3111 4674 3208 4713 rex
3235 4665 3426 4713 noster
3455 4665 3514 4714 et
3563 4663 3835 4716 sacerdos

2121 4749 2304 4805 erexit
2331 4764 2546 4803 novum
2574 4749 2749 4802 altare
2798 4747 2933 4802 ﬁdei
2968 4749 3026 4803 in
3060 4747 3325 4815 Ecclesia,
3373 4747 3435 4802 in
3492 4765 3607 4820 quo
3635 4751 3834 4821 quoti-

2121 4837 2476 4893 dieoﬁ‘erunt
2529 4836 2772 4907 pinguia
2817 4837 3150 4890 holocausta
3195 4841 3254 4890 et
3304 4842 3533 4908 accepta
3592 4837 3715 4893 Deo
3744 4855 3834 4892 sa-

2122 4925 2357 4981 criﬁcia.
2409 4924 2602 4980 Unde:
2659 4925 3004 4994 Sacrificium
3069 4925 3250 4980 laudis
3303 4925 3684 4996 honoriﬁcabit
3730 4942 3832 4993 me,

2123 5019 2174 5068 et
2203 5015 2317 5068 illic
2346 5015 2471 5082 iter,
2502 5017 2608 5067 etc.

2197 5101 2360 5154 Vaas.
2394 5104 2446 5155 8.
2475 5103 2713 5156 -—-Fecit
2741 5117 2886 5170 ergo.
2942 5101 3120 5172 (ΗΑΒ.)
3155 5102 3278 5156 Non
3331 5107 3472 5174 puto
3517 5103 3627 5157 hoc
3676 5101 3836 5157 aliud

2124 5189 2591 5260 intelligendum,
2635 5193 2780 5257 etc.,
2833 5205 3004 5259 usque
3024 5190 3100 5244 ad
3128 5189 3188 5244 in
3244 5190 3439 5245 futura
3502 5191 3838 5246 animarum

2127 5278 2346 5349 requie,
2370 5278 2551 5348 ipsius
2583 5279 2836 5333 veritatis
2864 5279 3234 5350 perceptione
3253 5279 3314 5334 in
3352 5296 3440 5338 re.

2201 5367 2359 5421 Vsus.
2394 5368 2477 5420 10.
2509 5395 2581 5408 -
2602 5368 2786 5439 Igitur
2813 5370 2874 5422 in
2902 5367 3012 5435 die,
3041 5373 3149 5423 etc.
3181 5369 3296 5423 Hoc
3321 5373 3550 5438 estpost
3569 5373 3838 5424 octavum

2128 5455 2523 5528 scenophegim
2552 5455 2930 5512 solemuitatis
2951 5456 3104 5512 diem
3137 5457 3310 5512 :sicut
3328 5458 3388 5512 in
3406 5458 3627 5528 Regum
3649 5458 3838 5513 conti-

2129 5549 2318 5598 netur.
2351 5544 2653 5614 Signiﬁcat
2680 5551 2872 5601 autem
2900 5550 3035 5617 post
3067 5546 3220 5602 illius
3245 5546 3374 5601 vita:
3397 5545 3593 5614 ﬁnem,
3624 5551 3683 5602 et
3713 5550 3840 5618 post
