4062 6180
298 282 401 332 677

1369 285 1625 341 GLOSSA
1664 287 2070 345 ORDINARIA.
2117 318 2178 331 —.
2224 292 2354 346 LIB.
2401 292 2446 344 ιι
2492 253 2734 346 PARAL.

3700 306 3805 356 678

296 397 707 452 sabbatismum
757 398 1101 463 animarum,
1151 404 1501 466 sanctorum,
1537 418 1650 472 quo
1680 410 1811 458 ante
1835 406 1989 475 judi-
2024 412 2071 464 Α
2180 410 2339 464 Vens.
2393 412 2477 464 14.
2528 440 2596 451 -
2650 412 2971 467 Secundum
3022 416 3485 473 convenientiam
3530 422 3805 493 cujusque

292 486 447 539 cium
479 488 577 557 qui
600 492 825 553 escunt;
848 488 906 540 in
930 494 1125 541 octava
1142 494 1331 553 atate,
1354 489 1409 541 id
1434 493 1535 555 est,
1562 495 1996 549 resurrectionis

290 575 386 629 die
421 582 645 629 sanctos
678 582 1006 646 recepturos
1038 592 1278 646 corpora
1302 577 1672 644 immortalia,
1708 586 1765 635 et
1794 582 1853 636 in
1885 600 1994 638 ca-

291 665 527 718 lestibus
582 665 973 718 mansionibus
1004 667 1317 719 secundum
1366 668 1706 722 meritorum
1750 672 1995 739 qualita-

292 759 381 807 tes
410 754 697 821 locandos,
746 753 843 806 ubi
900 770 1125 823 semper
1157 754 1444 817 latantur.
1483 756 1779 811 laudantes
1816 760 1993 813 Deum

290 842 353 894 in
394 842 663 896 omnibus
699 843 861 895 bonis
893 858 1022 912 qua
1072 842 1133 896 in
1163 843 1384 897 Christo
1418 845 1585 899 Pater
1612 847 1855 901 contulit
1886 864 1995 917 po-

291 931 433 1001 pulo
463 930 806 986 Christiano.

952 1001 1181 1056 CAPUT
1215 1003 1356 1057 VllI.

375 1108 532 1161 Vens.
571 1111 720 1161 t.—
774 1109 1028 1177 Empletis
1082 1114 1260 1163 autem
1305 1112 1523 1178 viginti,
1584 1117 1717 1181 etc.,
1775 1113 1999 1168 dederat

295 1198 514 1263 Hiram,
578 1202 681 1250 etc.
744 1198 900 1265 (Ras.
934 1199 993 1249 in
1055 1198 1242 1251 Parui.
1295 1214 1361 1251 ex
1395 1199 1649 1269 Hieron.)
1704 1202 1997 1256 Reddide-

292 1290 388 1339 rat
416 1285 646 1345 scilicet.
702 1285 835 1355 quia
866 1300 998 1339 cum
1030 1285 1299 1339 Salomon
1333 1287 1580 1342 dedisset
1615 1306 1729 1343 non
1770 1292 1997 1361 placue-

293 1379 436 1428 runt
469 1374 572 1428 illi.
609 1375 743 1429 Ideo
773 1374 1040 1429 Salomon
1092 1376 1344 1444 propriis
1374 1376 1716 1432 utilitatibus
1765 1396 1859 1433 eas
1900 1380 1996 1434 de-

294 1463 540 1533 putavit.

370 1551 530 1605 Veas.
566 1555 619 1604 5.
650 1581 719 1591 —
752 1552 1032 1605 Bethoron.
1087 1552 1271 1622 (ΗΑΒ.)
1328 1553 1533 1608 Civitas
1564 1559 1667 1621 est,
1714 1555 1782 1609 ad
1823 1572 1994 1626 quam

292 1656 480 1710 usque
539 1639 701 1693 Jesus
740 1646 1075 1710 persecutus
1123 1647 1207 1695 est
1245 1642 1507 1696 inimicos
1540 1660 1701 1714 reges
1757 1645 1815 1698 in
1844 1645 1993 1699 tribu

294 1728 590 1798 Ephraim,
633 1734 765 1793 etc.,
797 1743 965 1797 usque
1006 1729 1081 1781 ad
1132 1735 1187 1783 et
1241 1732 1385 1784 alius
1434 1732 1718 1787 Bethoron
1764 1734 1998 1788 inferior

292 1817 445 1873 datis
478 1817 681 1871 Levitis
714 1816 773 1870 in
805 1817 1246 1886 possessionem.

369 1907 528 1959 Vens.
562 1935 632 1945 —
663 1908 713 1959 6.
746 1934 819 1945 —
848 1905 927 1959 Et
982 1920 1179 1960 omnes.
1244 1908 1380 1960 Ezer
1438 1908 1672 1977 scilicet,
1725 1910 1996 1980 Mageddo

295 1999 358 2049 et
429 1995 604 2048 Gazer
671 1998 729 2045 et
805 1994 987 2055 Melle,
1052 2010 1180 2064 qua
1241 2011 1440 2049 omnes
1512 1997 1772 2051 Ecclesia
1833 2014 1995 2052 mon-

294 2087 483 2137 strant
516 2083 805 2136 decorem:
841 2081 975 2151 quia
1023 2099 1187 2135 verus
1235 2084 1503 2138 Salomon
1533 2086 1589 2139 in
1637 2086 1997 2155 jucunditate

294 2172 465 2243 regni
496 2172 584 2225 sui
615 2170 685 2224 ad
718 2170 941 2224 laudem
984 2177 1039 2224 et
1070 2171 1324 2227 latitiam
1361 2174 1467 2227 sibi
1516 2176 1875 2245 praparavit.
1912 2178 1998 2230 ln-

292 2265 646 2332 terpretatur
698 2264 888 2312 autem
943 2260 1106 2314 Mella
1162 2262 1521 2333 adimpletio;
1575 2266 1713 2318 Ezer
1768 2282 1995 2335 separa-

294 2354 391 2403 tus
421 2354 479 2403 et
533 2348 956 2413 sanctiﬁcatus;
990 2348 1275 2417 Mageddo
1304 2352 1658 2404 canaculum
1689 2353 1837 2421 ejus;
1890 2354 1996 2406 Ga-

295 2454 397 2491 zer
465 2436 726 2507 praecisio
786 2435 876 2488 vel
933 2436 1162 2503 divisio;
1226 2439 1511 2494 Bethoron
1579 2441 1781 2494 domus
1835 2457 1995 2495 mon-

292 2527 477 2591 tium;
536 2526 769 2579 Balaath
840 2524 1169 2579 ascendens.
1240 2526 1443 2581 Sancta
1495 2534 1688 2583 autem
1750 2529 1996 2583 Ecclesia

293 2615 495 2669 civitas
525 2620 611 2667 est
661 2614 760 2667 Dei
800 2612 932 2678 vivi,
966 2613 1064 2667 ubi
1119 2614 1393 2685 impletur
1446 2618 1700 2687 quotidie
1732 2620 1997 2673 voluntas

297 2704 421 2771 Dei,
454 2707 511 2757 et
540 2707 800 2773 separata
854 2701 922 2755 ab
982 2703 1142 2756 omni
1174 2721 1367 2759 errore
1400 2706 1742 2772 inﬁdelium,
1786 2707 1995 2760 sancti-

295 2793 502 2846 ﬁcatur
556 2791 669 2845 ﬁde
724 2796 782 2844 et.
837 2790 987 2845 bono
1054 2809 1245 2862 opere.
1302 2794 1382 2847 lbi
1422 2799 1506 2847 est
1551 2794 1782 2848 refectio
1828 2795 1996 2849 virtu-

295 2886 443 2934 tum.
498 2882 620 2950 Ipsa
655 2879 927 2935 discernit
983 2883 1263 2935 mundum
1304 2888 1361 2935 et
1418 2882 1805 2946 immundum,
1869 2888 1925 2937 et
1964 2898 1997 2935 a

2102 500 2382 569 temporis
2422 501 2615 553 omnia
2667 502 2725 553 in
2788 502 3029 555 Ecclesia
3077 505 3354 575 disponit,
3399 516 3460 560 ut
3493 511 3806 581 unusquis-

2104 599 2216 653 que
2248 585 2386 638 ordo
2416 585 2601 638 ofﬁcio
2632 602 2734 638 suo
2768 586 2990 640 functus
3022 589 3193 659 digne
3225 592 3530 649 ministret.

2177 672 2333 726 Vens.
2410 678 2490 728 l7.
2532 706 2600 715 —
2664 677 2735 729 In
2781 677 3139 743 Asiongaber.
3196 680 3381 732 lnsula
3431 680 3638 734 dicitur
3684 698 3806 735 esse

2105 760 2257 815 haud
2306 764 2503 831 procul
2554 764 2623 816 ab
2668 764 2832 818 Ahila
2880 765 2935 818 in
2999 766 3190 819 Rubro
3246 768 3407 829 mari,
3467 769 3564 823 ubi
3614 772 3806 825 classis

2102 848 2371 919 Josapbat
2400 852 2587 920 periit.

2178 938 2361 1007 (ΗΑΒ.)
2409 940 2611 993 Classis
2656 956 2827 1011 quam
2880 942 3014 995 fecit
3042 942 3314 997 Salomon
3356 948 3486 1011 etc.,
3519 962 3687 1015 usque
3732 948 3807 1001 ad

2105 1039 2207 1093 per
2255 1026 2495 1094 gratiam
2544 1027 2784 1098 Spiritus
2830 1030 3004 1085 sancti
3059 1032 3376 1100 inveniunt,
3429 1039 3485 1088 et
3536 1051 3667 1089 eum
3716 1054 3803 1090 sa-

2104 1113 2335 1182 pientia
2368 1121 2423 1168 et
2445 1117 2682 1170 consilio
2716 1118 2908 1171 divina
2936 1119 3282 1174 ascribentes
3311 1123 3587 1176 tribuunt.

2178 1202 2337 1257 Vens.
2394 1207 2473 1259 18.
2527 1235 2595 1244 —
2634 1207 2697 1259 In
2735 1207 2925 1274 Ophir.
2982 1208 3196 1262 Nomen
3248 1210 3558 1278 provincia
3603 1212 3798 1282 Opbir,

2104 1288 2175 1341 ab
2224 1306 2339 1343 uno
2390 1292 2772 1359 posteriorum
2828 1294 3012 1347 Heber
3053 1302 3266 1363 vocata,
3316 1314 3383 1352 ex
3427 1300 3589 1368 cujus
3629 1299 3801 1369 stirpe

2104 1378 2417 1445 venientes,
2455 1397 2485 1433 a
2518 1380 2690 1435 ﬂuvio
2724 1382 2992 1453 Cophene
3042 1401 3219 1455 usque
3266 1386 3337 1439 ad
3378 1388 3672 1458 regionem
3705 1389 3804 1442 In-

2107 1467 2217 1521 dia
2248 1484 2377 1539 qua
2408 1475 2641 1523 vocatur
2671 1471 2834 1524 Geria
2865 1472 3149 1527 habitasse
3178 1474 3455 1545 Josephus
3486 1476 3677 1531 refert.

2781 1612 3004 1666 CAPUT
3045 1615 3128 1668 IX.

2180 1734 2339 1785 Vens.
2406 1738 2453 1788 t.
2522 1764 2590 1772 ~-—
2666 1736 2871 1801 Regina
2936 1752 3161 1804 quoque.
3232 1738 3391 1806 (Rau.
3463 1743 3519 1795 in
3593 1745 3802 1810 Paral.,

2107 1825 2245 1875 tom.
2296 1820 2414 1889 Ill.)
2465 1821 2681 1891 Regina
2738 1822 2914 1876 austri
2963 1840 3091 1893 qua
3143 1825 3210 1879 ab
3270 1828 3538 1881 extremis
3595 1830 3805 1886 ﬁnibus

2106 1909 2343 1962 excitata
2390 1911 2543 1963 venit
2586 1911 2784 1963 audire
2838 1911 3179 1981 sapientiam
3243 1916 3566 1970 Salomonis
3614 1921 3806 1974 Eccle-

2108 1998 2251 2051 siam
2308 1997 2375 2051 de
2433 1998 2699 2067 gentibus
2751 1999 2820 2052 ad
2885 2000 3171 2054 Christum
3226 2008 3523 2058 venturam
3591 2007 3805 2076 figura-

2106 2086 2243 2140 bat:
2290 2103 2417 2157 qua
2467 2087 2888 2141 circumamicta
2942 2088 3210 2143 varietate
3264 2092 3321 2145 in
3371 2094 3571 2147 vestitu
3626 2096 3807 2149 deau-

2106 2180 2252 2243 rato,
2323 2175 2661 2229 obliviscens
2722 2177 2998 2246 p0pulum
3058 2184 3115 2231 et
3166 2178 3399 2233 domum
3458 2184 3636 2252 patris
3693 2185 3804 2253 sui,

2107 2264 2349 2318 barbara
2395 2270 2585 2333 gente,
2640 2280 2757 2317 non
2804 2265 2997 2319 animo
3052 2266 3178 2330 fuit,
3228 2268 3363 2338 quia
3407 2272 3642 2339 optabat
3672 2290 3805 2327 san-

2107 2358 2327 2407 ctorum
2375 2352 2499 2406 ﬁeri
2563 2352 2831 2418 concivis,
2888 2354 3086 2407 unde:
3149 2356 3342 2421 Surget
3398 2361 3588 2425 regina
3626 2362 3807 2414 austri

2106 2444 2165 2496 in
2182 2442 2458 2510 judicium
2487 2458 2605 2495 cum
2633 2444 2972 2509 generatione
3001 2445 3109 2496 ista
3136 2445 3355 2511 (Matth.
3391 2446 3504 2515 xu).

2177 2531 2339 2583 Vens.
2372 2533 2424 2584 3.
2468 2561 2532 2569 —
2575 2530 2731 2596 Quod
2769 2536 3076 2599 postquam,
3127 2537 3229 2585 etc.
3276 2533 3639 2589 Conveniunt
3682 2537 3804 2590 hac

2109 2619 2367 2671 Ecclesia
2439 2634 2567 2689 qua
2656 2618 2867 2672 auditis
2942 2619 3231 2674 miraculis
3315 2621 3519 2675 Christi
3594 2640 3804 2693 provo-

2106 2712 2229 2760 cata
2258 2712 2343 2759 est
2390 2706 2461 2759 ad
2507 2707 2883 2776 quarendum
2934 2724 3087 2761 eum.
3136 2709 3244 2763 Sed
3280 2716 3584 2780 postquam
3620 2713 3689 2765 ad
3721 2713 3807 2782 ip-

2107 2812 2233 2848 sum
2264 2795 2419 2848 venit
2450 2812 2551 2865 per
2580 2795 2929 2865 baptismum
2960 2802 3017 2849 et
3045 2796 3217 2850 ﬁdem
3252 2799 3623 2853 consideratis
3655 2802 3803 2854 Scri-

2105 2890 2288 2955 ptura
2360 2884 2707 2937 testimoniis
2759 2884 2995 2955 agnovit
3046 2885 3360 2939 divinitatis
3413 2890 3803 2959 praesentiam,

295 2970 509 3023 virtute
540 2970 771 3024 vitium:
807 2974 861 3022 et
914 2974 997 3023 est
1050 2970 1252 3023 domus
1301 2972 1608 3038 montium,
1639 2970 1699 3025 id
1737 2977 1841 3037 est,
1894 2972 1993 3025 ha-
2026 2976 2066 3031 C
2106 2976 2160 3024 et
2188 2987 2391 3041 parum
2436 2975 2491 3024 et
2530 2970 2714 3025 visum
2763 2977 2848 3025 est
2890 2972 3042 3041 quod
3073 2978 3204 3026 ante
3244 2974 3313 3026 de
3341 2990 3408 3027 eo
3443 2976 3699 3029 audierat
3743 2978 3803 3029 in

294 3057 502 3111 bitatio
550 3065 899 3129 sanctorum,
969 3064 1025 3113 et
1074 3059 1262 3113 fructu
1307 3059 1545 3129 justitia
1616 3062 1754 3113 sicut
1806 3061 1996 3129 palma

295 3149 493 3215 ﬂorens
524 3148 764 3202 ascendit
786 3150 851 3203 de
874 3152 1075 3203 virtute
1093 3151 1151 3201 in
1176 3150 1445 3215 virtutem,
1488 3153 1547 3201 ut
1584 3148 1768 3202 videat
1823 3150 1996 3203 Deum

295 3236 522 3290 deorum
553 3238 611 3289 in
638 3238 765 3291 Sion
819 3240 985 3305 (Psat.
1019 3238 1263 3302 Lxxxm).
1298 3238 1505 3291 Omnes
1535 3238 1687 3290 vicos
1716 3254 1848 3291 suos
1876 3254 1997 3291 mu-

293 3325 445 3379 nivit
471 3325 762 3391 Salomon,
813 3326 948 3396 quia
980 3326 1236 3380 Christus
1262 3331 1438 3379 catus
1469 3325 1724 3379 ﬁdelium
1758 3342 1992 3379 suorum

295 3414 503 3486 gratia
551 3431 666 3468 sua
720 3416 1071 3484 protectione
1102 3414 1181 3468 ita
1215 3415 1422 3481 munit,
1457 3420 1518 3468 ut
1558 3414 1819 3469 hostibus
1880 3415 1996 3468 suis

294 3504 692 3574 spiritualibus
713 3504 976 3557 resistere
1007 3504 1245 3573 possint.

366 3594 432 3646 In
486 3592 712 3646 Libano.
775 3592 1056 3661 (HIBRON.)
1113 3593 1177 3645 ln
1230 3592 1468 3661 templo,
1525 3591 1782 3659 scillicet,
1836 3592 1988 3663 quod

293 3680 601 3733 cedrorum
662 3679 865 3733 decore
936 3680 1201 3734 vestitum
1260 3685 1398 3743 erat,
1463 3680 1612 3734 unde
1669 3680 1991 3734 Zacharias:

290 3768 493 3836 Aperi,
530 3768 747 3833 Libane,
780 3772 969 3836 portas
999 3774 1121 3822 tuas
1153 3769 1335 3833 (Zach.
1368 3767 1482 3839 x1);
1508 3768 1595 3821 vel
1627 3768 1798 3838 regiis
1814 3768 1994 3823 aditi-

290 3857 400 3912 ciis
430 3872 559 3926 qua
588 3855 735 3909 facta
766 3862 928 3910 erant
958 3857 1026 3910 de
1049 3856 1221 3925 lignis
1254 3856 1470 3909 Libani.

360 3945 525 3997 Vens.
580 3945 664 3997 10.
707 3974 777 3983 -
828 3945 1079 3998 Ducenti.
1122 3944 1515 4007 Centenarius,
1578 3943 1678 4015 qui
1730 3944 1792 3998 in
1841 3960 1994 3998 com-

288 4038 437 4102 putu
486 4031 822 4102 digitorum,
885 4033 955 4087 de
984 4033 1152 4086 lavat
1182 4032 1386 4086 transit
1424 4032 1483 4086 in
1543 4032 1853 4099 dexteram,
1912 4033 1995 4087 vi-

288 4125 414 4174 tam
447 4120 729 4190 signiﬁcat
771 4128 1064 4175 atcrnam.
1102 4120 1639 4192 Quinquagenarius
1676 4138 1831 4190 vero,
1866 4139 1997 4193 pec-

289 4216 557 4264 catorum
608 4210 1025 4277 remissionem,
1059 4216 1115 4264 et
1144 4216 1416 4264 aternam
1451 4211 1709 4282 requiem
1767 4216 1823 4265 et
1863 4227 1992 4282 gra-

288 4300 437 4354 tiam
469 4300 647 4352 sancti
679 4299 920 4369 Spiritus
951 4300 1259 4369 signiﬁcat:
1292 4300 1429 4371 quia
1489 4301 1547 4355 in
1580 4302 1799 4372 psalmo
1838 4300 1995 4371 ejus-

290 4386 430 4441 dem
502 4386 729 4439 numeri
804 4387 1166 4456 panitentia,
1232 4387 1536 4453 confessio,
1606 4392 1662 4442 et
1735 4387 1995 4442 remissio

288 4480 664 4545 peccatorum
738 4475 1115 4539 describitur;
1168 4480 1224 4529 et
1275 4491 1378 4545 per
1413 4476 1714 4545 jubilaum
1769 4476 1996 4547 requies

288 4565 511 4620 futura.
572 4564 681 4617 Per
736 4569 1109 4634 pentecosten
1167 4580 1301 4617 vero
1351 4564 1409 4619 in
1459 4565 1705 4619 adventu
1751 4564 1996 4636 Spiritus

288 4653 476 4706 sancti
507 4652 856 4722 septiformis
885 4653 1068 4723 gratia
1106 4668 1387 4723 expressa.

366 4742 473 4807 Qui
534 4740 869 4796 erudiebant.
931 4740 1069 4804 Qvia
1126 4756 1190 4793 ex
1252 4746 1495 4811 utroque
1550 4742 1766 4812 populo
1823 4741 1997 4812 elegit

292 4829 565 4884 Ecclesia
591 4834 857 4894 rectores,
890 4830 987 4899 qui
1029 4830 1311 4900 spirituali
1351 4829 1535 4899 gratia
1565 4830 1896 4897 illuminati,
1939 4835 1997 4885 et

284 4918 463 4988 plene
533 4918 738 4984 edocti,
798 4917 1194 4972 remissionem
1263 4924 1645 4988 peccatorum,
1703 4919 1994 4989 vitamque

286 5012 527 5061 aeterna
574 5006 790 5071 salutis,
842 5011 899 5060 et
946 5006 1361 5060 beatitudinem
1418 5013 1753 5078 perpetuam
1822 5022 1992 5079 appe-

283 5096 549 5162 tendam,
582 5111 684 5149 suo
713 5094 985 5149 docerent
1014 5096 1292 5164 exemplo.

365 5184 534 5238 Vens.
571 5186 655 5237 t2.
721 5213 787 5223 —
839 5184 1184 5238 Holocausta.
1238 5184 1415 5252 (ΗΑΒ.)
1451 5184 1855 5237 Holocaustum
1906 5188 1992 5239 to-

283 5278 419 5325 tum
482 5272 783 5325 incensum
856 5272 1083 5337 dicitur,
1156 5272 1264 5325 hoc
1326 5272 1387 5325 in
1454 5272 1619 5326 altari
1680 5278 1991 5343 crematur,

283 5377 424 5415 cum
485 5360 547 5414 in
617 5361 787 5415 corde
844 5363 1122 5432 cujusque
1183 5360 1347 5414 electi
1416 5361 1517 5431 qui
1588 5360 1839 5431 seipsum
1905 5366 1991 5415 to-

282 5456 439 5513 tum,
500 5450 731 5517 scilicet,
790 5466 959 5504 carne
993 5454 1051 5503 et
1092 5449 1261 5505 corde
1292 5449 1406 5503 Deo
1465 5449 1639 5518 vovit,
1692 5465 1836 5519 opus
1888 5449 1989 5505 bo-

280 5555 434 5594 num
473 5538 728 5593 fervente
744 5539 1035 5593 charitatis
1064 5540 1199 5610 igne
1230 5538 1607 5593 succenditur.

2104 3057 2526 3128 comparatione
2574 3064 2857 3128 percepta
2906 3059 3124 3129 gratia.
3175 3060 3331 3113 Unde
3363 3066 3419 3115 et
3465 3063 3803 3117 admirando

2102 3146 2164 3200 in
2193 3147 2418 3200 laudem
2458 3147 2581 3216 ejus
2610 3146 2937 3217 prorumpit
2960 3147 3154 3201 dicens
3186 3164 3200 3201 :
3244 3151 3397 3203 Beati
3425 3152 3536 3203 viri
3566 3154 3664 3218 tui,
3693 3157 3799 3206 etc.

2178 3236 2334 3288 Vens.
2364 3237 2446 3288 t2.
2469 3264 2537 3272 -—-
2560 3237 2633 3288 De
2656 3236 2841 3301 lignis.
2866 3234 3120 3289 Christus
3140 3234 3296 3305 ligna
3318 3236 3586 3305 pretiosa,
3617 3238 3674 3291 id
3695 3244 3801 3308 est,

2102 3330 2324 3377 sanctos
2366 3323 2646 3390 doctores,
2697 3339 2942 3394 quorum
2996 3323 3151 3377 viror
3190 3324 3322 3378 ﬁdei
3349 3340 3646 3395 nunquam
3680 3343 3803 3380 are-

2102 3410 2226 3477 scit,
2279 3426 2384 3465 nec
2448 3410 2582 3464 folia
2642 3411 2949 3464 verborum
3021 3410 3313 3477 decidunt,
3389 3414 3487 3466 sed
3555 3413 3804 3468 fructum

2103 3501 2388 3554 bonorum
2419 3516 2655 3570 operum
2689 3500 3045 3569 temporibus
3075 3500 3191 3554 suis
3230 3500 3478 3555 reddunt
3508 3519 3521 3556 :
3552 3503 3715 3573 ponit
3744 3503 3804 3556 in

2103 3588 2531 3643 munimentum
2561 3588 2765 3641 domus
2799 3588 3025 3641 Domini
3056 3592 3115 3642 et
3143 3588 3347 3642 domus
3379 3590 3575 3660 regia,
3610 3591 3668 3645 id
3699 3596 3803 3658 est,

2103 3675 2163 3729 in
2212 3674 2705 3729 conﬁrmationem
2746 3676 3025 3744 Ecclesia,
3074 3682 3134 3730 ut
3164 3693 3363 3731 eorum
3407 3680 3662 3749 undique
3704 3680 3805 3734 do-

2103 3764 2298 3818 ctrinis
2342 3769 2400 3818 et
2447 3765 2721 3835 exemplis
2768 3766 2974 3819 vallata
3020 3767 3248 3819 ruinam
3296 3782 3415 3820 non
3461 3769 3687 3823 sentiat.
3738 3768 3806 3823 Hi

2103 3851 2267 3923 quasi
2312 3852 2542 3906 cithara
2590 3858 2647 3906 et
2676 3854 2815 3923 lyra
2865 3853 2935 3907 ad
2981 3853 3333 3908 laudandum
3386 3855 3690 3910 Dominum
3729 3858 3807 3911 fa-

2102 3941 2305 3996 bricati
2348 3941 2636 4009 dicuntur,
2698 3941 2830 4012 quia
2881 3941 3074 3994 omnia
3132 3958 3490 4013 quacunque
3542 3945 3802 4012 fecerint,

2103 4030 2615 4101 prosperabuntur,
2689 4035 2746 4083 et
2802 4030 3029 4084 laudem
3109 4031 3333 4085 Domini
3389 4031 3449 4085 in
3519 4034 3806 4104 prosperis

2104 4125 2161 4173 et
2216 4119 2467 4173 adversis
2522 4118 2691 4173 corde
2722 4123 2779 4172 et
2840 4135 2936 4172 ore
2969 4123 3025 4172 et
3063 4135 3234 4189 opere
3291 4120 3692 4190 pronuntiant,
3750 4126 3807 4177 et

2109 4208 2303 4263 omnia
2352 4209 2412 4262 in
2473 4208 2714 4278 gloriam
2762 4207 2859 4262 Dei
2910 4208 3146 4273 faciunt,
3196 4213 3317 4262 tota
3374 4208 3467 4264 die
3526 4214 3585 4264 et
3641 4216 3807 4265 nocte

2110 4314 2227 4352 non
2256 4301 2444 4351 tacent
2473 4297 2705 4351 laudare
2738 4313 2951 4351 nomen
2988 4296 3234 4352 Domini.

2179 4386 2335 4440 Vens.
2389 4389 2472 4440 t3.
2534 4415 2602 4426 —
2679 4386 2963 4441 Sescenta.
3035 4385 3301 4440 Senarius
3354 4402 3458 4456 per
3516 4387 3805 4442 senarium

2106 4474 2541 4543 multiplicatus,
2598 4474 2890 4545 sexaginta
2932 4474 3085 4528 facit.
3146 4474 3520 4529 Centenarius
3576 4492 3807 4547 quoque

2107 4562 2288 4617 sexies
2333 4562 2534 4617 ductus
2564 4569 2793 4618 centum
2836 4568 2892 4617 et
2920 4580 3014 4617 sex
3058 4563 3264 4618 reddit.
3325 4564 3602 4619 Denarius
3638 4582 3807 4620 man-

2107 4652 2368 4706 datorum
2401 4652 2687 4722 signiﬁcat
2716 4651 3151 4723 perfectionem,
3184 4654 3548 4707 centenarius
3577 4659 3807 4709 aterna

2106 4740 2477 4795 beatitudinis
2536 4740 3085 4795 remunerationem.
3150 4740 3442 4795 Desiderat
3497 4742 3650 4795 enim
3708 4757 3807 4795 rex

2108 4834 2359 4882 nostram
2431 4829 2862 4900 perfectionem,
2940 4834 3003 4883 ut
3052 4830 3257 4883 habeat
3326 4830 3537 4901 quibus
3607 4830 3809 4884 reddat

2106 4918 2415 4988 perfectam
2487 4918 2828 4984 mercedem,
2892 4918 3041 4971 unde
3084 4935 3096 4971 :
3152 4920 3333 4972 Estote
3386 4921 3615 4987 perfecti
3669 4922 3811 4974 sicut

2107 5012 2157 5061 et
2186 5009 2345 5062 Pater
2384 5012 2556 5062 vester
2605 5008 2826 5061 catestis
2870 5008 3141 5075 perfectus
3187 5013 3281 5061 est.
3326 5008 3387 5062 Si
3424 5010 3507 5061 vis
3536 5008 3611 5061 ad
3638 5011 3810 5063 vitam

2108 5095 2326 5163 ingredi
2354 5111 2514 5150 serva
2538 5095 2804 5149 mandata
2826 5094 3046 5165 (Matth.
3081 5112 3132 5158 ν,
3167 5095 3300 5166 xix).
3338 5097 3401 5149 Et
3429 5101 3559 5166 post
3583 5112 3765 5166 pauca
3794 5115 3805 5151 :

2108 5188 2174 5241 Si
2223 5188 2307 5239 vis
2357 5187 2630 5254 perfectus
2678 5198 2807 5249 esse,
2862 5184 3000 5237 vade
3042 5188 3091 5237 et
3133 5184 3301 5238 vende
3344 5187 3525 5238 omnia
3567 5200 3687 5253 qua
3716 5186 3811 5240 ha-

2108 5274 2214 5334 bes,
2267 5279 2399 5340 etc.,
2449 5278 2506 5326 et
2550 5275 2722 5327 omnis
2772 5274 2871 5340 qui
2896 5273 3179 5340 reliquerit
3204 5272 3441 5341 domum,
3473 5280 3602 5342 etc.,
3632 5280 3809 5330 centu-

2102 5364 2257 5431 plum
2287 5363 2517 5429 accipiet
2545 5366 2596 5414 et
2621 5363 2790 5415 vitam
2817 5366 3073 5415 aeternam
3099 5362 3414 5430 possidebit.

2179 5450 2477 5518 Omnesque
2536 5464 2686 5516 reges
2742 5450 2983 5504 Arabia.
3054 5449 3317 5504 Otferunt
3372 5451 3667 5507 Salomoni
3716 5453 3808 5508 di-

2104 5553 2283 5591 versa
2324 5542 2522 5609 gentes
2580 5543 2640 5591 et
2678 5538 3061 5607 negotiatores
3108 5544 3165 5592 et
3213 5553 3413 5592 omnes
3453 5554 3618 5609 reges
3672 5543 3808 5593 Ara-
