4062 6180
281 255 384 306 679

897 245 1288 300 WALAFRIDI
1327 241 1573 298 STRABI
1615 239 1820 296 FULD.
1864 239 1986 295 MOI‘

2163 239 2218 292 P.
2261 238 2436 293 PARS
2474 239 2514 292 1.
2556 268 2625 277 -
2664 229 3119 296 ΤΗΕΟΕΟΕΙΟᾸ.
3675 245 3772 298 680

284 375 394 430 bia
425 378 482 428 et
529 376 770 442 satrapa
812 375 1094 436 terrarum
1125 381 1330 420 aurum
1361 369 1418 418 et
1447 368 1751 433 argentum
1784 379 1796 416 :
1845 362 1980 432 quia
2007 362 2056 415 Α
2094 376 2212 430 quae
2239 363 2302 429 ﬁt
2353 361 2412 414 in
2439 364 2516 416 eis
2552 363 2676 428 fons
2731 377 2886 431 aqua
2909 363 3156 417 salientis
3213 367 3273 417 in
3329 367 3500 419 vitam
3526 371 3775 420 aternam

285 477 528 533 quaque
580 476 719 530 gens
767 463 825 512 et
859 455 1132 527 qualibet
1175 470 1420 524 persona
1464 452 1723 505 certatim
1755 468 1860 522 pro
1909 451 1986 504 vi-

286 551 441 603 ribus
486 554 676 602 nostro
729 546 964 616 paciﬁco
1006 543 1166 596 offert
1202 547 1368 594 recta
1396 541 1529 594 ﬁdei
1562 556 1790 604 munus,
1823 539 1982 610 puri-

286 645 461 692 tatem
504 651 718 697 sensus,
767 648 939 685 sacra
986 629 1357 684 confessionis
1387 627 1827 699 plenitudinem,
1861 627 1981 679 elo-

285 725 535 797 quentia
594 723 861 785 nitorem,
923 720 1075 772 unde
1121 737 1134 772 :
1193 721 1359 783 Reges
1416 717 1641 772 Tharsis
1693 721 1742 769 et
1795 716 1984 769 insula:

287 827 479 869 munus
527 811 774 879 offerent,
822 815 928 862 etc.
980 809 1050 862 Et
1094 806 1398 860 adorabunt
1439 821 1557 859 eum
1604 819 1781 859 omnes
1813 821 1980 872 reges,

285 917 463 957 omnes
494 904 674 968 gentes
703 901 936 952 servient
965 899 1016 950 ei
1036 897 1207 966 (Psat.
1250 897 1416 966 Lxxi).

356 991 514 1042 Vens.
571 991 654 1041 15.
707 1016 775 1025 -
824 987 966 1039 Fecit
1007 987 1198 1051 igitur.
1244 984 1388 1048 Quia
1439 988 1630 1053 patres
1685 981 1984 1052 utriusque

284 1077 629 1132 Testamenti
673 1075 931 1129 doctrina
957 1081 1013 1128 et
1062 1075 1388 1143 operatione
1417 1070 1671 1142 perfecti,
1709 1068 1985 1141 quidquid

284 1182 548 1222 sermone
579 1165 918 1226 docuerunt,
953 1179 1126 1232 opere
1159 1161 1564 1232 probaverunt.

358 1257 558 1308 Hastas
611 1266 826 1305 aureas.
879 1251 1009 1303 Hac
1055 1254 1141 1302 est
1193 1252 1482 1302 armatura
1528 1246 1649 1312 Dei,
1691 1263 1804 1315 qua
1851 1243 1989 1299 resi-

288 1343 488 1396 stimus
535 1346 733 1394 contra
785 1337 1021 1392 insidias
1066 1336 1280 1391 diaboli
1324 1351 1338 1389 :
1386 1337 1531 1388 hanc
1575 1333 1790 1388 habent
1832 1349 1986 1404 pra-

288 1433 565 1486 dicatores
616 1428 813 1489 sancti,
866 1427 965 1497 qui
1009 1426 1339 1480 custodiunt
1367 1425 1604 1478 domum
1646 1424 1769 1490 Dei,
1803 1428 1857 1476 et
1887 1439 1984 1476 ex-

287 1522 496 1575 cubant
556 1518 625 1571 ad
686 1517 891 1570 ostium
955 1515 1098 1584 ejus,
1157 1529 1228 1566 ne
1286 1513 1571 1566 subintret
1622 1511 1801 1565 hostis
1838 1510 1984 1563 anti-

289 1626 455 1678 quus,
508 1608 656 1660 unde
691 1622 702 1658 :
737 1605 1012 1659 Lectulum
1057 1604 1357 1658 Salomonis
1405 1601 1650 1654 ambiunt
1697 1601 1986 1665 sea-aginta

286 1702 454 1765 fortes
488 1698 668 1768 (Prov.
705 1694 807 1761 ιιι).

359 1788 516 1839 Vens.
567 1786 647 1838 16.
678 1811 748 1823 -
782 1784 1036 1836 Trecenta
1083 1794 1311 1847 quoque.
1361 1776 1674 1831 Perfectum
1712 1775 1882 1828 ﬁdem
1917 1773 1988 1826 si-

289 1875 522 1946 gniﬁcat
594 1873 656 1925 in
725 1875 933 1924 sancta
1007 1867 1299 1922 Trinitatis
1376 1864 1749 1920 confessione.
1839 1864 1984 1917 Bene

290 1963 552 2016 custodes
625 1961 829 2013 domus
901 1957 1001 2012 Dei
1057 1957 1247 2010 hastas
1305 1959 1361 2008 et
1415 1959 1574 2007 scuta
1638 1969 1811 2006 aurea
1861 1967 1988 2021 por-

290 2057 456 2106 tant:
504 2050 640 2120 quia
682 2047 1104 2118 praedicatores,
1155 2044 1254 2115 qui
1303 2047 1434 2097 sunt
1483 2042 1742 2096 Ecclesia
1793 2045 1986 2094 custo--

292 2141 413 2206 des,
449 2137 702 2192 claritate
747 2135 1042 2204 sapientia
1075 2133 1460 2205 splendentes,
1491 2131 1794 2184 verborum
1820 2129 1986 2199 jacu—

293 2230 358 2282 Iis
403 2227 664 2280 inimicos
720 2223 1073 2289 confodiunt,
1131 2227 1187 2276 et
1249 2227 1406 2274 scuto
1463 2220 1596 2274 ﬁdei
1652 2219 1819 2289 ignea
1875 2217 1988 2270 tela

292 2317 642 2388 nequissima
671 2314 1057 2383 exstinguunt.

359 2406 466 2460 Sea:
518 2418 726 2472 quoque
769 2401 1061 2455 brachiola.
1117 2401 1180 2454 In
1230 2398 1455 2452 senario
1505 2396 1791 2450 bonorum
1850 2410 1988 2464 ope-

289 2509 419 2547 rum
493 2490 784 2564 perfectio.
862 2491 970 2544 Sex
1039 2487 1193 2542 enim
1255 2487 1455 2541 diebus
1510 2485 1641 2539 fecit
1707 2484 1987 2538 mundum

294 2584 462 2644 Deus,
516 2584 572 2634 et
623 2577 882 2632 senarius
937 2581 1022 2629 est
1076 2575 1298 2644 primus
1351 2573 1634 2642 perfectus
1690 2587 1984 2625 numerus.

293 2669 459 2722 Bonis
505 2683 637 2721 vero
686 2671 742 2720 et
787 2665 1053 2735 perfectis
1108 2663 1380 2732 operibus
1427 2661 1496 2716 ad
1542 2661 1748 2716 calum
1800 2675 1989 2714 ascen-

291 2758 659 2900 dltsnctdbellum
731 2857 972 2897 aureum.
1039 2840 1274 2895 Sanctos
1339 2839 1613 2894 virtutum
1687 2837 1990 2908 splendore

2097 451 2277 518 (Joan.
2303 452 2396 519 ιν).

2159 537 2480 603 Argentum.
2535 538 2661 591 Non
2723 543 2807 592 est
2855 539 2916 592 in
2945 554 3208 593 sermone
3247 540 3484 594 verbum
3518 541 3635 610 Dei,
3691 543 3780 596 sed

2091 624 2152 679 in
2212 626 2442 694 virtute,
2500 632 2564 680 ut
2619 627 2678 680 in
2724 628 3131 698 pradicatione
3190 629 3514 699 Evangelii;
3577 646 3691 684 non
3725 631 3778 684 in

2089 715 2554 786 persualibilibus
2612 715 2880 770 humana
2931 717 3226 787 sapientia
3297 719 3505 785 verbis,
3563 719 3661 773 sed
3725 720 3777 774 in

2093 802 2418 859 ostensione
2449 803 2682 872 spiritus
2721 808 2778 856 et
2817 803 3060 859 virtutis.

2163 893 2320 946 Vens.
2352 894 2439 945 21.
2491 921 2559 930 -—
2590 890 2878 960 Siquidem
2905 908 3069 947 naves
3119 895 3268 962 regis
3319 894 3474 948 ibant
3502 896 3562 947 in
3620 897 3784 950 Thar-

2091 985 2188 1046 sis,
2220 985 2322 1035 etc.
2361 980 2542 1051 (ΗΑΒ.)
2575 981 2831 1036 Christus
2880 982 3167 1051 apostolos
3223 983 3482 1036 doctores
3544 984 3787 1055 Evange-

2092 1070 2173 1136 lii,
2235 1086 2381 1140 quos
2413 1070 2483 1123 de
2527 1069 2738 1124 Judais
2789 1070 2981 1140 elegit,
3027 1087 3154 1124 cum
3197 1072 3666 1141 pradicatoribus
3719 1074 3783 1128 de

2093 1159 2360 1230 gentibus
2411 1158 2603 1211 electis
2657 1158 2810 1212 trina
2847 1159 3222 1226 confessione,
3279 1160 3374 1214 sed
3421 1176 3539 1214 una
3566 1160 3680 1214 ﬁde
3729 1162 3784 1216 in

2093 1246 2377 1300 mundum
2423 1245 2618 1312 mittit,
2650 1251 2712 1301 ut
2767 1247 2829 1301 in
2861 1247 3218 1302 credentibus
3251 1248 3491 1303 afferant
3547 1249 3658 1303 sibi
3687 1266 3780 1303 au-

2092 1350 2224 1388 rum
2271 1334 2586 1404 sapientia,
2621 1340 2926 1406 argentum
2958 1337 3322 1407 eloquentia,
3353 1341 3410 1391 et
3451 1337 3593 1391 ebur
3623 1338 3785 1392 casti-

2094 1423 2245 1477 tatis.
2305 1423 2484 1478 Simia
2525 1429 2717 1478 autem
2772 1430 2855 1478 est
2909 1424 3120 1478 animal
3173 1425 3563 1495 ingeniosum,
3601 1431 3661 1479 et
3687 1427 3786 1480 ho-

2096 1513 2266 1566 minis
2323 1512 2718 1582 imitatorium,
2780 1519 2836 1567 et
2885 1513 3257 1584 philosophos
3314 1515 3635 1586 signiﬁcare
3689 1533 3786 1586 po-

2099 1605 2224 1666 test,
2293 1601 2394 1671 qui
2466 1618 2615 1656 vera
2677 1602 2975 1673 sapientia
3039 1618 3238 1657 sensus
3292 1602 3602 1675 aliquando
3668 1621 3789 1658 mu-

2097 1694 2239 1754 tant,
2273 1696 2330 1743 et
2379 1690 2438 1743 in
2470 1691 2785 1760 disciplinis
2815 1691 3050 1746 moralis
3081 1692 3211 1745 vita
3260 1692 3582 1746 edisserunt
3611 1700 3789 1748 actus.

2097 1779 2265 1845 Pavo,
2329 1777 2430 1849 qui
2468 1779 2723 1832 laudatas
2780 1780 3028 1834 ostendit
3073 1795 3308 1849 pennas,
3368 1797 3466 1834 eos
3513 1780 3795 1852 signiﬁcat

2097 1865 2196 1936 qui
2265 1871 2501 1936 propter
2559 1867 2756 1921 laudes
2813 1867 3118 1922 hominum
3172 1867 3460 1922 variarum
3517 1869 3793 1923 virtutum

2096 1953 2309 2024 species
2338 1959 2652 2009 ostentant:
2689 1956 2785 2010 sed
2817 1957 3259 2027 pradicatorum
3289 1957 3546 2012 doctrina
3575 1959 3792 2012 instru-

2095 2043 2169 2096 cti
2218 2043 2445 2098 discunt
2490 2044 2824 2098 benefacere
2881 2045 3097 2100 intuitu
3160 2047 3338 2100 solius
3413 2045 3530 2115 Dei,
3582 2051 3645 2101 et
3701 2063 3792 2117 ap-

2096 2136 2291 2184 tantur
2319 2131 2518 2185 aterni
2553 2132 2702 2202 regis
2725 2131 2959 2186 deliciis.

2167 2221 2328 2274 Vens.
2362 2223 2452 2273 25.
2489 2251 2552 2259 —-
2596 2221 3001 2289 Quadraginta.
3057 2221 3558 2292 Quadragenarius
3585 2222 3785 2292 prisca

2096 2307 2240 2377 legis
2290 2314 2552 2379 tempora
2597 2308 2896 2380 signiﬁcat.
2946 2311 3122 2364 Moses
3176 2310 3332 2364 enim
3364 2310 3548 2381 legem
3599 2327 3792 2381 accep-

2097 2398 2261 2448 turus
2290 2395 2670 2465 quadraginta
2715 2395 2913 2450 diebus
2958 2397 3258 2466 jejunavit,
3311 2401 3368 2451 et
3413 2398 3668 2468 populus
3696 2413 3794 2468 per

2098 2499 2230 2537 eum
2268 2483 2579 2538 instructus
2639 2484 3020 2554 quadraginta
3047 2485 3212 2538 annis
3250 2501 3506 2540 eremum
3543 2485 3792 2540 circum-

2097 2571 2214 2626 ivit.
2275 2572 2542 2626 Senarius
2588 2589 2722 2627 vero
2779 2589 3032 2644 prasens
3087 2579 3316 2644 tempus
3372 2573 3680 2645 signiﬁcat,
3735 2574 3794 2627 in

2100 2677 2214 2731 quo
2274 2662 2582 2731 apostolica
2639 2662 2895 2716 doctrina
2951 2661 3467 2717 Novi'I‘estamenti
3508 2664 3791 2734 populum

2100 2749 2298 2803 nutrit.
2336 2751 2483 2803 Bene
2541 2766 2676 2820 ergo
2706 2767 2811 2820 per
2856 2751 3376 2822 quadragenarium
3408 2757 3790 2807 numerantur

2099 2838 2234 2910 equi
2290 2839 2609 2892 Salomonis
2648 2839 2711 2892 in
2741 2839 2978 2893 stabulis
3032 2840 3314 2906 collocati,
3365 2841 3501 2912 quia
3549 2857 3657 2911 per
3699 2841 3799 2895 du-

288 2934 554 3004 fulgidos,
605 2933 663 2984 in
711 2932 920 3000 quibus
967 2930 1186 2984 habitat
1233 2930 1404 2983 Deus.
1470 2929 1713 2982 Possunt
1757 2941 1988 2997 quoque
2023 2933 2061 2988 C
2099 2927 2292 2981 ritiam
2344 2927 2486 2997 legis
2543 2928 2764 2993 veteris,
2826 2927 3070 2982 coercita
3109 2934 3194 2983 est
3230 2929 3531 2983 insolentia
3587 2929 3796 3001 prioris

288 3039 392 3092 per
448 3021 756 3074 scabellum
809 3019 998 3073 notari
1042 3018 1142 3088 qui
1189 3015 1404 3071 inﬁrmi
1461 3021 1595 3070 sunt
1637 3031 1698 3068 1n
1749 3030 1988 3084 corpore

290 3112 518 3170 Christi.
561 3109 706 3162 sicut
743 3108 1105 3178 panitentes,
1141 3107 1228 3160 vel
1269 3105 1369 3176 qui
1412 3103 1705 3159 novissimi
1752 3119 1985 3157 conver-

288 3203 499 3264 tentur,
548 3199 711 3268 juxta
767 3196 942 3249 ﬁnem
1001 3196 1212 3252 scilicet
1241 3191 1462 3259 mundi,
1495 3192 1595 3262 qui
1631 3196 1825 3245 tamen
1856 3195 1988 3244 sunt

288 3287 448 3340 aurei
504 3286 637 3356 igne
683 3283 1114 3338 tribulationem
1163 3281 1317 3335 illius
1364 3280 1641 3351 temporis
1689 3279 1902 3333 excocti
1932 3281 1988 3332 et

287 3375 532 3446 probati.

360 3464 574 3518 Stantes
595 3461 765 3528 juxta
794 3458 1072 3511 brachiola
1104 3473 1117 3510 :
1150 3457 1246 3510 sed
1273 3461 1324 3510 et
1359 3457 1496 3510 alios
1528 3456 1806 3510 duodecim
1836 3456 1986 3510 leun-

289 3553 453 3618 culos,
509 3555 614 3603 etc.
663 3547 807 3612 Quia
853 3546 1035 3599 sancti
1070 3546 1265 3599 Patres
1319 3544 1597 3615 quidquid
1629 3544 1688 3598 in
1728 3545 1988 3614 Evange-

287 3640 364 3693 lio
411 3637 546 3692 boni
588 3637 866 3701 fecerunt,
922 3650 1039 3687 non
1086 3632 1196 3686 sibi
1232 3633 1330 3686 sed
1381 3633 1493 3686 Deo
1546 3634 1982 3703 deputaverunt,

288 3728 484 3782 unde:
542 3727 660 3781 Non
714 3724 889 3786 nobis,
949 3724 1187 3790 Domine,
1245 3736 1352 3776 non
1402 3722 1579 3791 nobis,
1637 3721 1731 3776 sed
1779 3724 1988 3776 nomini

289 3821 378 3870 tuo
405 3815 478 3869 da
505 3815 738 3881 gloriam
769 3813 931 3883 (Psal.
965 3812 1136 3879 cxni).

360 3904 666 3969 Brachiola,
729 3908 830 3956 etc.
913 3902 978 3954 In
1028 3901 1249 3969 Regum
1307 3899 1387 3952 ita
1431 3913 1444 3952 :
1495 3901 1566 3953 Et
1621 3897 1741 3953 dua
1792 3913 1986 3953 manus

289 3995 412 4048 hinc
437 3997 487 4046 et
515 3992 648 4047 inde
679 3995 907 4044 tenentes
936 3989 1101 4043 sedile
1127 3988 1236 4058 (ΙΙΙ
1258 3990 1385 4054 Reg.
1419 3987 1494 4057 x).
1525 3988 1655 4041 Hac
1683 3998 1814 4041 sunt
1843 3990 1987 4042 sola-

287 4083 364 4135 tia
431 4081 638 4135 divina
698 4079 915 4148 gratia.
975 4093 1104 4147 qua
1162 4077 1462 4130 Ecclesiam
1531 4077 1860 4146 provehunt
1913 4077 1985 4131 ad

288 4185 533 4240 regnum
583 4170 826 4222 caeleste.
880 4168 977 4220 Vel
1026 4165 1136 4220 hoc
1165 4182 1268 4236 per
1298 4165 1585 4219 binarium
1628 4164 1979 4235 designatur,

288 4260 423 4329 quia
454 4259 515 4312 in
563 4264 804 4327 utroque
851 4256 1212 4309 Testamento
1254 4255 1364 4307 hoc
1405 4254 1648 4307 maxime
1696 4269 1984 4308 commen-

290 4347 476 4415 datur,
529 4345 684 4417 quod
715 4361 833 4398 non
865 4344 973 4396 nisi
1015 4359 1116 4414 per
1159 4342 1416 4397 divinum
1470 4342 1823 4411 adjutorium
1873 4343 1982 4396 ali-

286 4435 427 4507 quid
475 4435 613 4489 boni
659 4438 842 4504 potest
883 4431 1099 4502 perﬁci.
1151 4430 1353 4486 Unde:
1398 4431 1527 4486 Sine
1571 4446 1653 4485 me
1696 4433 1840 4485 nihil
1878 4447 1984 4501 po-

287 4527 439 4579 testis
468 4525 649 4590 facere
679 4521 868 4591 (Joan.
900 4522 972 4589 v).

356 4613 520 4666 Vnus.
574 4614 655 4666 19.
687 4640 754 4648 —-
784 4610 891 4664 Sea:
940 4607 1165 4677 gradus.
1219 4607 1364 4672 Quia
1411 4607 1668 4662 doctrina
1697 4612 1753 4661 et
1799 4624 1986 4662 exem-

286 4702 380 4771 plo
429 4704 667 4764 certant,
713 4715 783 4752 ne
824 4697 985 4751 labor
1031 4694 1427 4766 insipientium
1457 4694 1516 4748 in
1557 4696 1851 4764 operando
1888 4713 1983 4749 va-

287 4790 462 4855 cillet,
511 4788 609 4842 sed
653 4785 1055 4840 rectitudinem
1100 4784 1160 4838 in
1207 4799 1509 4855 progressu
1559 4783 1838 4839 virtutum
1877 4785 1987 4839 for-

285 4877 420 4930 titer
445 4878 756 4930 conservet.

360 4967 478 5021 Non
521 4965 635 5029 fuit
669 4963 774 5016 tale
818 4962 1030 5028 solium,
1087 4965 1192 5015 etc.
1243 4960 1388 5024 Quia
1442 4960 1512 5014 de
1561 4961 1808 5015 Ecclesia
1855 4962 1986 5017 scri-

286 5059 450 5125 ptum
482 5057 608 5106 est:
662 5050 943 5106 Fortitudo
990 5054 1042 5103 et
1065 5049 1222 5104 decor
1267 5049 1640 5103 indumentum
1687 5050 1824 5117 ejus,
1875 5055 1980 5105 etc.

289 5144 393 5213 (III
442 5142 579 5207 Reg.
635 5139 712 5210 x.)
765 5140 831 5193 Et
882 5154 895 5192 :
953 5138 1136 5192 Multa:
1203 5138 1331 5206 ﬁlia
1391 5144 1848 5206 congregaverant
1903 5140 1988 5194 di-

285 5232 452 5285 vitias
485 5246 501 5282 :
531 5233 589 5281 tu
617 5241 966 5296 supergressa
993 5239 1046 5279 es
1075 5227 1358 5279 universas
1394 5227 1567 5292 (Prov.
1601 5226 1767 5293 xxxx).

359 5319 517 5371 Vens.
568 5318 657 5369 20.
705 5344 775 5353 —
834 5312 1029 5370 Omnia
1082 5330 1308 5383 quoque.
1360 5314 1579 5368 Anima
1637 5319 1982 5382 sanctorum,

288 5422 418 5479 qua
472 5402 753 5457 voluntati
795 5401 894 5456 Dei
937 5401 1285 5468 deserviunt,
1342 5403 1639 5473 splendore
1693 5403 1984 5474 sapientia

289 5500 347 5551 et
391 5490 684 5549 charitatis
727 5489 996 5558 nitentes,
1048 5489 1341 5544 continent
1380 5495 1584 5560 potum
1627 5506 1792 5562 aqua
1827 5491 1982 5554 viva,

2095 3015 2312 3084 populi.
2373 3015 2766 3070 Duodenarius
2819 3032 2953 3070 vero
3003 3031 3256 3087 praesens
3319 3021 3548 3087 tempus
3612 3018 3794 3089 signi-

2094 3102 2245 3169 ﬁcat,
2311 3102 2371 3156 in
2415 3119 2528 3174 quo
2585 3104 2896 3174 apostolica
2961 3105 3265 3159 auctoritas
3320 3107 3600 3177 populum
3669 3122 3800 3177 gen-

2094 3191 2240 3246 tium
2271 3191 2451 3245 nutrit
2480 3192 2622 3246 Novi
2647 3193 2994 3247 Testamenti
3020 3194 3296 3248 doctrina.

2164 3281 2238 3334 In
2284 3281 2613 3335 Jerusalem.
2670 3282 2898 3336 Visione
2953 3282 3127 3353 pacis.
3201 3283 3474 3338 Distanlia
3530 3284 3794 3339 locorum

2095 3368 2493 3424 discretionem
2549 3371 2801 3426 ostendit
2847 3371 3133 3426 affectum.
3169 3371 3277 3435 Qui
3330 3373 3486 3426 enim
3539 3379 3680 3428 sunt
3738 3373 3794 3427 in

2099 3458 2333 3512 urbibus
2385 3460 2817 3529 quadrigarum,
2875 3460 3005 3514 illos
3053 3460 3378 3530 signiﬁcant
3409 3461 3510 3532 qui
3554 3461 3794 3516 diversis

2097 3546 2348 3600 ecclesia
2401 3547 2718 3617 disciplinis
2774 3564 2877 3618 per
2923 3549 3244 3619 spirituales
3299 3549 3609 3621 magistros
3668 3566 3794 3605 eru-

2095 3634 2349 3689 diuntur.
2408 3636 2521 3690 Alii
2550 3653 2684 3692 vero
2734 3638 2856 3708 jam
2915 3637 3144 3707 eruditi,
3209 3638 3339 3692 usui
3405 3639 3558 3709 regis
3624 3641 3793 3695 coele-

2097 3724 2199 3776 stis
2229 3724 2408 3795 aptati
2437 3725 2802 3794 prasentiam
2856 3727 2978 3796 ejus
3006 3726 3214 3780 habere
3250 3732 3565 3782 merentur.
3601 3729 3791 3783 Unde:

2096 3814 2297 3868 Currus
2344 3815 2443 3866 Dei
2499 3813 2675 3867 decem
2730 3815 2989 3880 millibus,
3027 3814 3144 3885 |etc.
3207 3815 3370 3885 (Psal.
3434 3819 3675 3886 Lxxw.)
3737 3817 3798 3870 Et

2095 3901 2260 3955 alibi:
2297 3902 2605 3956 Ascendens
2622 3907 2672 3956 et
2701 3917 2864 3971 super
2915 3918 3076 3972 equos
3107 3909 3245 3971 tuos,
3277 3910 3326 3958 et
3359 3907 3640 3974 equitatus
3667 3910 3792 3960 tuus

2094 3993 2304 4044 sanitas
2336 3989 2560 4060 (Habac.
2597 3989 2699 4060 ιιι).

2164 4079 2633 4134 Philisthinorum.
2682 4079 2997 4150 Dupliciter
3049 4080 3398 4135 cadentium.
3435 4083 3792 4138 Philisthiim

2094 4167 2250 4221 enim
2306 4167 2718 4236 interpretatur
2765 4167 2944 4223 ruina
2979 4169 3207 4239 duplex.
3266 4171 3382 4224 Hoc
3409 4169 3475 4224 ﬁt
3511 4186 3647 4226 cum
3687 4187 3796 4242 per

2093 4257 2509 4312 absolutionem
2577 4263 2939 4327 peccatorum
2998 4259 3068 4314 ab
3132 4259 3500 4314 inchoatione
3575 4263 3668 4316 sui
3737 4263 3795 4316 in

2092 4347 2334 4400 Jordaue
2355 4346 2716 4416 baptismatis
2749 4364 2926 4418 usque
2959 4349 3030 4403 ad
3061 4349 3496 4404 conversionem
3527 4351 3794 4405 omnium

2093 4433 2352 4504 gentium
2381 4434 2450 4487 ad
2481 4433 2654 4488 ﬁdem
2685 4434 2893 4490 Christi
2923 4435 3205 4490 redundat
3243 4437 3424 4506 gratia
3468 4439 3792 4507 potestatis,

2093 4527 2158 4576 ut
2211 4521 2313 4575 ubi
2366 4521 2622 4576 deﬂuxus
2684 4522 2795 4577 fuit
2843 4524 3158 4578 carnalium
3217 4525 3663 4594 desideriorum,
3716 4527 3794 4580 ibi

2093 4609 2415 4664 stabiliatur
2434 4625 2674 4680 germen
2699 4611 3006 4678 virtutum;
3031 4616 3088 4665 et
3119 4612 3557 4667 ubiidololatria
3577 4621 3638 4669 et
3668 4631 3796 4670 con-

2092 4698 2332 4752 versatio
2381 4699 2664 4769 ﬁagitiosa
2692 4701 3042 4770 populorum
3072 4701 3180 4755 fuit
3237 4701 3448 4772 duplex
3478 4703 3673 4766 ruina,
3715 4703 3794 4758 ibi

2093 4801 2196 4856 per
2233 4786 2648 4842 confessionem
2681 4792 2848 4843 recta
2877 4788 3013 4843 ﬁdei
3065 4795 3121 4843 et
3166 4791 3385 4844 cultum
3441 4790 3674 4860 pietatis
3723 4791 3794 4846 ad

2093 4875 2319 4930 caleste
2349 4891 2592 4946 regnum
2623 4882 2819 4947 surgat
2847 4877 2961 4930 vita
2989 4877 3268 4932 ﬁdelium.
3325 4879 3609 4949 Pertingit
3636 4881 3790 4934 enim

2094 4967 2345 5033 potestas
2375 4964 2497 5034 ejus
2523 4981 2704 5035 usque
2730 4966 2800 5019 ad
2831 4965 3108 5019 terminos
3144 4966 3392 5036 Egypti,
3435 4967 3491 5020 id
3521 4973 3613 5021 est
3643 4974 3794 5023 tene-

2094 5052 2291 5105 brosas
2342 5057 2564 5107 mentes
2631 5053 2975 5120 inﬁdelium,
3036 5070 3178 5125 quas
3246 5055 3498 5126 complet
3570 5056 3793 5112 lumine

2095 5140 2256 5206 ﬁdei;
2325 5141 2510 5196 unde:
2575 5142 2775 5196 Coram
2837 5141 2935 5197 illo
2984 5142 3265 5211 procident
3319 5144 3636 5214 Ethiopes,
3685 5153 3790 5202 etc.

2165 5230 2322 5282 Vsus.
2380 5232 2469 5284 27.
2502 5259 2571 5268 -—
2626 5233 2978 5299 Tantamque.
3014 5231 3238 5286 Prabet
3293 5247 3462 5286 verus
3519 5233 3793 5290 Salomon

2094 5316 2155 5371 in
2177 5317 2419 5371 Ecclesia
2433 5317 2657 5389 copiam
2687 5319 2910 5390 argenti
2935 5319 3100 5391 quasi
3134 5320 3408 5391 lapidum,
3451 5338 3582 5377 cum
3614 5323 3790 5377 corda

2097 5405 2398 5475 gentilium
2427 5406 2801 5474 insensibilia,
2832 5407 2904 5462 ad
2956 5408 3076 5463 veri
3106 5409 3207 5463 Dei
3243 5409 3597 5466 intellectum
3645 5427 3788 5482 quos

2095 5493 2311 5565 lapides
2355 5510 2461 5565 pro
2504 5497 2618 5551 Deo
2670 5496 2995 5564 coluerunt,
3021 5497 3096 5552 ad
3152 5497 3582 5553 meditationem
3617 5498 3784 5570 legis,
