4062 6180
174 243 265 294 68!

1267 240 1527 298 GLOSSA
1553 240 1957 297 ORDINARIA.
1998 272 2066 283 —
2104 243 2235 298 LIB.
2277 242 2328 299 II
2366 244 2614 300 PARAL.

3572 248 3677 302 682

172 363 226 413 et
300 361 765 431 pradicationem
826 362 1114 433 Evangelii
1175 364 1469 418 convertit.
1526 366 1603 419 De
1652 365 1859 436 quibus
1887 369 1929 423 A
1969 367 2174 422 domus
2218 385 2336 423 sua
2378 368 2634 434 tradidit,
2663 383 2794 423 cum
2823 367 3079 424 Christus
3103 367 3463 439 spiritualem
3494 370 3672 425 scien-

171 448 381 503 dicitur
413 466 424 503 :
459 451 671 506 Similes
710 452 821 504 illis
858 454 997 518 ﬁunt
1024 454 1120 519 qui
1156 454 1372 519 faciunt
1425 468 1507 514 ea,
1554 458 1660 507 etc.
1686 454 1862 524 (Psal.

168 538 345 605 exin).
400 540 463 591 Et
512 538 693 592 alibi:
743 540 939 593 Potens
989 544 1067 594 est
1118 541 1262 595 Deus
1322 541 1387 595 de
1436 542 1712 610 lapidibus
1742 544 1870 595 istis

165 629 431 681 suscitare
444 630 586 696 ﬁlios
602 628 841 683 Abraha
860 630 1080 697 (Matth.
1106 630 1210 699 Ill.)
1240 630 1463 684 Prabet
1483 631 1656 684 etiam
1680 631 1869 684 multi-

166 716 430 770 tudinem
455 717 757 771 cedrorum
779 718 940 788 quasi
966 734 1414 787 sycomororum,
1443 719 1578 790 quia
1609 720 1870 773 sterilita-

167 808 286 857 tem
316 805 572 875 gentium
624 822 753 876 qua
786 806 844 859 in
875 806 1053 859 altum
1086 822 1143 859 se
1183 808 1401 877 erigere
1430 824 1546 861 non
1578 808 1865 872 volebant,

165 894 430 961 provexit
443 894 512 947 ad
530 894 932 948 fecunditatem
949 894 1234 949 bonorum
1249 912 1484 966 Operum
1501 897 1864 951 etvirtutum.

236 982 402 1036 Vsus.
454 986 544 1036 27.
597 1014 667 1023 —
726 986 794 1037 Et
840 983 1140 1038 cedrorum.
1202 985 1413 1039 Cedrus
1473 991 1557 1040 est
1607 984 1869 1056 imputri-

166 1070 300 1123 bilis
364 1076 587 1135 natura,
638 1072 808 1126 odore
833 1072 1109 1139 jucunda,
1171 1080 1408 1144 aspectu
1478 1074 1679 1144 nitida,
1738 1090 1869 1146 qua

164 1176 403 1213 accensa
435 1160 622 1214 nitore
651 1167 943 1230 serpentes
975 1161 1134 1232 fugat
1164 1167 1219 1216 et
1248 1163 1497 1232 perimit.

233 1251 470 1317 Reliqua
523 1265 665 1303 vero.
725 1251 862 1313 Qua
931 1250 1063 1305 fecit
1134 1258 1436 1323 postquam
1507 1253 1693 1323 legem
1768 1252 1868 1306 Dei

140 1343 557 1407 transgressus
606 1344 711 1407 est,
772 1354 899 1392 cum
952 1339 1290 1409 alienigena
1339 1358 1545 1395 uxores
1588 1358 1769 1413 usque
1799 1342 1865 1396 ad

166 1426 551 1480 idololatriam
608 1443 739 1480 eum
788 1432 1186 1498 pertraxerunt
1231 1445 1243 1482 :
1297 1430 1475 1483 multi
1516 1430 1748 1501 quidem
1805 1435 1869 1484 ut

164 1515 434 1569 Salomon
472 1516 618 1568 bene
667 1516 952 1586 incipiunt
995 1521 1049 1571 et
1100 1518 1248 1571 male
1303 1519 1594 1582 desinunt,
1640 1519 1865 1590 dicique

166 1605 368 1657 beatus
400 1610 529 1658 ante
560 1605 783 1658 obitum
813 1620 983 1659 nemo
1031 1621 1412 1678 supremaque
1443 1608 1647 1661 funera
1676 1606 1860 1661 debet.

855 1694 1082 1749 CAPUT
1122 1696 1182 1751 X.

232 1783 397 1836 Vens.
452 1786 601 1836 8.—-
656 1783 905 1851 Reliquit
964 1786 1246 1838 consilium
1299 1800 1502 1851 senum,
1564 1790 1668 1838 etc.
1729 1785 1870 1855 (His-

165 1872 322 1939 nox.)
371 1873 486 1925 Hoc
532 1871 694 1925 aiunt
724 1872 949 1925 chrai
982 1890 1100 1926 esse
1147 1874 1413 1927 Bauaiam
1442 1874 1626 1927 ﬁlium
1655 1875 1867 1927 Joiada

164 1966 218 2014 et
242 1960 470 2014 Jaliihel
504 1960 685 2013 ﬁlium
720 1960 1055 2027 Achemoni,
1112 1962 1210 2031 qui
1259 1968 1313 2015 et
1362 1963 1544 2016 Chilla
1589 1966 1818 2015 vocatur
1850 1978 1864 2015 :

165 2065 414 2119 quorum
490 2048 727 2101 consilio
805 2049 1022 2111 relicto,
1092 2055 1332 2103 tractare
1387 2050 1557 2120 coepit
1612 2050 1867 2104 Roboam

163 2154 293 2191 cum
319 2138 649 2206 juvenibus,
702 2137 760 2190 id
793 2142 895 2201 est,
926 2138 1201 2203 Aduram,
1248 2139 1347 2208 qui
1396 2139 1455 2191 in
1495 2139 1867 2209 sequentibus

163 2226 450 2296 lapidatus
487 2226 713 2289 dicitur,
755 2231 813 2279 et
841 2225 1142 2279 similibus.
1201 2228 1475 2281 Juvenem
1531 2232 1721 2281 autem
1749 2244 1866 2282 non

164 2319 354 2380 atate,
405 2315 503 2368 sed
558 2315 751 2368 animo
782 2330 935 2384 sape
968 2314 1230 2369 dicimus.
1266 2317 1387 2369 Non
1420 2317 1572 2370 enim
1603 2320 1723 2370 erat
1752 2318 1866 2371 Ro-

164 2404 332 2457 boam
375 2402 601 2472 juvenis
652 2408 837 2468 atate,
889 2403 988 2457 sed
1037 2420 1203 2457 sensu
1238 2420 1250 2457 :
1284 2404 1382 2474 qui
1431 2404 1867 2475 quadragesimo

164 2493 354 2560 primo
379 2491 561 2544 atatis
591 2508 701 2544 sua
735 2508 885 2545 anno
915 2492 1085 2562 capit
1108 2484 1368 2562 regnare.

234 2581 399 2633 Vens.
438 2582 521 2633 l3.
550 2611 619 2619 -—
665 2581 1062 2649 Responditque
1107 2598 1224 2649 rex,
1274 2589 1384 2636 etc.
1443 2582 1545 2635 Hic
1585 2581 1869 2651 signiﬁcat

166 2669 349 2721 malos
383 2673 627 2721 rectores
658 2669 717 2721 in
760 2670 1021 2737 Ecclesia,
1056 2670 1159 2741 qui
1189 2672 1429 2724 terrenis
1460 2671 1868 2741 cupiditatibus

165 2756 369 2826 dediti,
413 2773 609 2811 curam
657 2758 1016 2811 subditorum
1068 2759 1390 2827 negliguut,
1438 2763 1495 2812 et
1523 2760 1777 2826 gaudent
1808 2760 1867 2813 in

168 2846 540 2901 multitudine
594 2846 701 2899 sibi
748 2846 1206 2916 obsequentium.
1276 2848 1691 2917 Interpretatur
1732 2864 1866 2902 vero

1977 456 2117 510 tiam
2184 474 2305 528 per
2353 458 2466 512 duo
2521 459 2883 512 Testamenta
2906 458 3231 512 doctoribus
3287 458 3547 512 Ecclesia
3605 460 3676 513 ad

1978 546 2203 614 plebem
2235 547 2507 601 tuendam
2538 546 2982 601 commendavit.
3016 546 3168 599 Hanc
3197 546 3468 616 antiquus
3495 546 3678 600 hostis

1978 648 2082 702 per
2133 634 2413 689 incuriam
2463 640 2778 689 retrorsum
2830 634 3122 690 abstrahit.
3180 634 3323 690 Cum
3375 634 3529 689 enim
3586 635 3675 689 in-

1977 723 2222 776 tendunt
2276 724 2519 778 terrenis
2578 725 2768 790 rebus,
2822 724 3127 794 minusque
3184 727 3386 776 curant
3442 723 3511 777 de
3564 738 3676 778 cce-

1977 810 2235 878 lestibus,
2290 812 2477 866 ofﬁcio
2525 812 2768 883 pristino
2798 817 2853 867 et
2891 812 3126 866 scientia
3153 812 3394 866 nudatos
3425 811 3586 881 quasi
3614 812 3676 865 in

1977 899 2147 953 domo
2192 901 2425 971 propria
2472 901 2675 971 opibus
2722 901 2994 971 spoliatos
3025 900 3315 970 relinquit.
3348 900 3510 955 Tales
3539 915 3676 954 vero

1977 1003 2107 1041 cum
2140 1005 2198 1042 se
2230 1006 2400 1043 sensu
2448 990 2732 1060 spirituali
2777 990 3023 1061 privatos
3066 989 3369 1059 aspiciunt,
3419 1004 3524 1059 per
3555 989 3675 1043 elo-

1978 1077 2275 1147 quentiam
2306 1078 2607 1132 verborum
2638 1078 2863 1149 copiam
2907 1083 3191 1149 quarunt,
3225 1093 3473 1148 quorum
3504 1093 3678 1131 sono-

1975 1166 2206 1220 ritatem
2246 1168 2401 1221 velut
2442 1172 2731 1221 scutorum
2782 1182 3065 1221 areorum
3112 1167 3445 1220 ﬁrmitatem
3478 1170 3676 1220 contra

1978 1256 2169 1308 hostes
2217 1271 2321 1325 pro
2376 1256 2640 1325 subjectis
2689 1260 3012 1326 opponunt.
3044 1256 3152 1309 Sed
3181 1258 3395 1326 quanto
3424 1270 3500 1309 as
3538 1270 3676 1309 auro

1979 1342 2167 1411 vilius,
2215 1348 2372 1397 tanto
2418 1343 2658 1398 inferior
2702 1350 2787 1398 est
2816 1344 3143 1415 eloquentia
3184 1356 3332 1397 vera
3378 1343 3675 1413 sapientia

1978 1431 2185 1485 fructu.
2246 1432 2399 1485 Unde
2457 1448 2470 1486 :
2528 1433 2629 1487 Ubi
2678 1433 2923 1501 plurima
2986 1433 3168 1499 verba,
3224 1432 3304 1485 ibi
3359 1432 3672 1499 frequenter

1978 1524 2184 1588 egestas
2212 1521 2391 1588 (Prov.
2425 1522 2559 1589 xvx).

2051 1610 2208 1662 Vens.
2265 1612 2347 1662 l5.
2380 1639 2441 1648 —
2475 1610 2709 1664 Semeia.
2743 1608 2850 1672 Qui
2871 1608 3132 1679 superius
3156 1606 3407 1662 Roboam
3438 1613 3496 1662 et
3523 1606 3674 1661 ﬁlios

1977 1698 2005 1751 Ι
2012 1696 2122 1750 uda
2152 1698 2220 1751 de
2251 1697 2493 1768 peccatis
2520 1697 2813 1768 arguebat.

2047 1785 2221 1838 Addo.
2254 1785 2361 1849 Qui
2393 1790 2448 1839 et
2471 1785 2655 1854 Abdo,
2712 1786 2803 1839 hic
2848 1789 2931 1839 est
2959 1785 3058 1856 qui
3088 1784 3159 1839 ad
3193 1784 3554 1851 arguendum
3580 1784 3671 1838 Je-

1976 1873 2211 1926 roboam
2272 1891 2374 1944 pro
2442 1875 2605 1928 altari
2664 1875 2818 1945 quod
2875 1875 3102 1941 fecerat,
3173 1872 3411 1927 Domino
3470 1872 3675 1925 missus

1977 1961 2151 2016 estin
2184 1962 2519 2016 Samariam.
2565 1963 2664 2034 qui
2722 1963 2779 2016 in
2840 1963 2929 2017 via
2986 1962 3314 2017 interfectus
3371 1965 3475 2029 est,
3538 1960 3675 2031 quia

1975 2055 2171 2104 contra
2208 2056 2558 2121 praceptum
2596 2052 2821 2106 Domini
2872 2068 2903 2106 a
2953 2051 3456 2123 pseudopropheta
3493 2050 3672 2105 sedu-

1976 2144 2097 2193 ctus
2121 2138 2334 2194 ibidem
2366 2140 2749 2194 manducavit.

2624 2230 2847 2284 CAPUT
2884 2231 3028 2283 XIII.

2045 2319 2206 2372 Vens.
2263 2319 2316 2372 4.
2364 2348 2434 2356 —-
2483 2318 2752 2372 Semeron.
2809 2318 2969 2389 (ΗΑΒ.
3024 2333 3088 2371 ex
3142 2317 3412 2388 HIERON.)
3468 2315 3675 2373 Civitas

1976 2411 2062 2459 est
2102 2423 2275 2478 quam
2328 2406 2476 2476 cepit
2521 2408 2683 2460 Jesus
2739 2421 2875 2475 rege
2917 2405 3069 2460 illius
3123 2406 3439 2471 interfecto,
3497 2418 3672 2475 quam

1975 2494 2174 2549 dicunt
2238 2495 2427 2549 vocari
2481 2511 2635 2548 nunc
2689 2495 2957 2549 Sebasten
3019 2494 3295 2565 oppidum
3348 2493 3670 2558 Palestina,

1977 2584 2076 2636 ubi
2105 2583 2341 2637 Joannis
2364 2584 2631 2653 Baptista
2660 2583 2902 2637 condita
2924 2586 3055 2637 sunt
3085 2583 3361 2653 reliquia.
3405 2581 3672 2651 Legimus

1978 2676 2169 2725 autem
2193 2673 2249 2725 in
2272 2672 2512 2742 Regum,
2540 2673 2690 2743 quod
2707 2671 2865 2725 Amri
2890 2686 2983 2724 rex
3002 2672 3171 2723 Israel
3194 2670 3395 2723 emerit
3416 2675 3669 2723 montem

1975 2760 2244 2814 Semeron
2272 2775 2306 2812 a
2356 2759 2603 2829 quodam
2636 2760 2849 2824 Semer,
2888 2766 2944 2812 et
2985 2757 3347 2811 adiﬁcaverit
3376 2757 3436 2811 in
3464 2756 3673 2810 vertice

1975 2848 2131 2901 illius
2177 2847 2482 2913 civitatem,
2536 2863 2710 2918 quam
2782 2863 2846 2901 ex
2893 2847 3127 2901 nomine
3173 2844 3409 2912 domini,
3460 2843 3673 2898 scilicet

167 2937 426 2991 Roboam
483 2935 722 2989 latitudo
769 2935 990 3005 populi.
1049 2935 1112 2988 Hi
1156 2940 1289 2988 sunt
1338 2936 1437 3005 qui
1468 2935 1641 2989 latam
1667 2936 1864 3007 ingre-
1897 2930 1938 2985 C
1975 2935 2189 3001 Semer,
2224 2934 2495 2988 Semeron
2525 2935 2850 3005 appellavit.

165 3025 405 3079 diuntur
433 3024 583 3077 viam
634 3039 763 3093 qua
795 3023 951 3076 ducit
977 3024 1047 3076 ad
1094 3028 1358 3092 mortem,
1392 3040 1508 3078 non
1538 3030 1863 3093 angustam,

163 3129 298 3182 qua
352 3110 513 3165 ducit
559 3110 629 3163 ad
688 3111 897 3177 vitam;
956 3114 1011 3163 et
1064 3110 1262 3164 relicto
1326 3116 1554 3181 patrum
1628 3112 1868 3166 consilio

162 3217 422 3272 quorum
482 3200 631 3253 dicta
684 3204 739 3252 et
789 3200 936 3252 facta
988 3199 1055 3252 ad
1088 3198 1448 3253 altitudinem
1500 3200 1868 3270 perfectionis

159 3290 436 3354 tendunt,
480 3288 714 3342 consilio
757 3287 1036 3357 juvenum
1061 3288 1457 3358 obtemperare
1496 3289 1734 3359 eligunt,
1769 3290 1871 3361 qui

158 3378 438 3433 laudibus
464 3381 521 3431 et
562 3375 988 3431 adulationibus
1016 3392 1114 3429 eos
1145 3381 1407 3446 gravant,
1441 3376 1541 3447 qui
1572 3377 1707 3431 caci
1739 3384 1873 3433 sunt

158 3471 215 3519 et
267 3466 444 3519 duces
490 3480 793 3529 cacorum,
841 3469 971 3529 etc.,
1006 3464 1160 3518 unde
1196 3481 1208 3518 :
1263 3466 1353 3519 Va
1382 3466 1504 3533 tibi,
1540 3471 1687 3520 terra
1715 3468 1870 3536 cujus

154 3570 269 3609 rex
292 3570 438 3624 puer
459 3558 556 3620 est,
585 3558 690 3608 etc.
717 3552 880 3624 (Eccl.
914 3552 992 3622 x.)

845 3640 1071 3694 CAPUT
1109 3639 1196 3693 XI.

232 3731 410 3783 Vens.
441 3731 529 3782 2t.
563 3759 629 3767 —
665 3729 903 3794 Amavit,
963 3732 1068 3781 etc.
1102 3726 1310 3780 Habuit
1356 3730 1546 3781 autem
1597 3727 1722 3798 lege
1766 3728 1870 3782 sibi

152 3821 509 3890 conjunctas
552 3832 758 3870 uxores
805 3816 1002 3871 decem
1051 3820 1105 3869 et
1161 3820 1307 3881 octo,
1359 3816 1701 3870 concubinas
1740 3833 1872 3870 vero

152 3908 430 3979 triginta.
484 3908 551 3961 Et
577 3906 685 3960 ﬁlii
732 3905 964 3975 quidem
998 3904 1049 3959 ei
1093 3904 1216 3959 nati
1253 3910 1386 3959 sunt
1413 3905 1611 3959 decem
1640 3910 1697 3959 et
1724 3910 1871 3972 octo,

154 3999 303 4054 ﬁlia
332 4012 475 4051 vero
508 3996 818 4067 sexaginta.

839 4084 1062 4139 CAPUT
1099 4083 1210 4137 XII.
1534 4096 1561 4120 ο

228 4176 409 4228 Vsus.
474 4176 525 4226 2.
588 4204 656 4212 —
709 4174 869 4227 Anno
941 4178 1121 4228 autem
1195 4174 1386 4243 quinto
1438 4175 1595 4239 regni
1650 4172 1880 4227 Roboam

2044 3024 2208 3076 Vens.
2288 3025 2372 3076 19.
2438 3050 2508 3062 -
2552 3023 2751 3076 Bethel.
2795 3022 2976 3089 (ΗΑΒ.)
3030 3021 3239 3076 Civitas
3288 3020 3350 3074 in
3402 3018 3664 3089 proximo

1973 3111 2163 3181 lapide
2196 3109 2265 3163 ab
2298 3109 2419 3163 Elia
2450 3110 2517 3164 ad
2557 3110 2847 3164 dexteram
2883 3110 3150 3164 euntibus
3195 3108 3508 3180 Neopolim,
3543 3124 3672 3179 qua

1974 3203 2136 3275 prius
2159 3202 2324 3268 Luza,
2374 3200 2431 3254 id
2483 3204 2569 3254 est
2597 3199 2935 3270 Amigdalon
2978 3198 3348 3264 vocabantur,
3381 3202 3437 3250 et
3465 3195 3669 3251 cecidit

1976 3292 2035 3345 in
2066 3294 2275 3344 sortem
2326 3287 2625 3359 Benjamin
2671 3288 2833 3357 juxta
2882 3287 3098 3341 Bethan
3129 3290 3189 3345 et
3213 3285 3336 3353 Hai,
3372 3300 3544 3357 quam
3575 3301 3670 3340 ex-

1975 3377 2255 3449 pugnavit
2282 3379 2444 3433 Jesus
2472 3391 2607 3445 rege
2636 3375 2789 3430 illius
2812 3374 3129 3430 interfecto.

2047 3466 2288 3534 Ephron.
2334 3463 2542 3517 Civitas
2600 3468 2686 3517 est
2732 3462 2794 3516 in
2844 3463 2999 3516 tribu
3045 3461 3209 3516 Juda.
3273 3461 3432 3516 Unde
3460 3464 3517 3515 et
3542 3459 3677 3513 villa

1978 3552 2318 3624 pergrandis
2359 3552 2583 3622 Ephrea
2634 3556 2830 3605 contra
2880 3550 3330 3621 septentrionem
3374 3548 3435 3603 in
3478 3547 3677 3603 vicesi-

1980 3657 2075 3694 mo
2105 3641 2175 3694 ab
2206 3640 2325 3694 Elia
2350 3638 2615 3694 milliario
2648 3639 2923 3692 hactenus
2952 3642 3204 3692 vocatur.

2056 3728 2218 3780 Vens.
2250 3729 2339 3781 20.
2372 3758 2441 3765 —
2492 3728 2555 3780 In
2598 3727 2806 3780 diebus.
2869 3726 2993 3778 Non
3045 3724 3370 3792 Jeroboam,
3422 3724 3483 3779 in
3516 3724 3680 3795 cujus

1980 3814 2250 3869 vicesimo
2298 3829 2451 3867 anno
2484 3812 2800 3866 secundum
2853 3811 3065 3865 librum
3108 3813 3328 3881 Regum
3378 3812 3683 3882 imperavit

1984 3904 2094 3955 Asa
2144 3900 2297 3954 ﬁlius
2352 3900 2496 3955 Abia
2568 3915 2739 3970 super
2801 3898 3005 3952 Judam
3082 3902 3140 3951 et
3188 3899 3523 3965 Jerusalem,
3582 3897 3684 3953 sed

1984 3992 2206 4059 Abiam,
2242 3991 2340 4062 qui
2370 3995 2599 4060 accepta
2644 3989 2841 4044 Bethel
2872 3988 3026 4042 idola
3058 3987 3360 4042 reservavit
3402 3986 3595 4042 Israeli
3624 3986 3685 4040 in

1985 4080 2337 4146 scandalum,
2371 4085 2436 4133 ut
2458 4078 2679 4133 Hebrai
2712 4081 2992 4131 asserunt.

2638 4166 2860 4221 CAPUT
2898 4166 3032 4219 XIV.

152 4263 438 4319 ascendit.
476 4262 664 4330 (ΗΑΒ.)
701 4262 827 4316 Mali
850 4268 1100 4316 rectores
1130 4277 1236 4332 per
1279 4260 1690 4331 negligentiam
1719 4264 1950 4318 suamD
2061 4260 2221 4313 Vens.
2249 4260 2304 4312 2.
2361 4288 2432 4297 —
2460 4260 2723 4325 Egressus
2776 4260 2873 4321 est,
2936 4260 3041 4309 etc.
3106 4256 3248 4310 Cum
3300 4254 3528 4309 Azarias
3587 4254 3689 4309 de-

151 4350 501 4422 principem
552 4348 916 4403 tenebrarum
961 4351 1272 4418 provocant
1311 4348 1370 4401 in
1420 4347 1744 4411 Ecclesiam,
1782 4348 1881 4417 qui

150 4440 480 4493 thesauros
526 4437 729 4490 domus
780 4436 1004 4489 Domini
1047 4439 1104 4489 et
1144 4435 1443 4489 thesauros
1482 4435 1632 4504 regis
1674 4434 1878 4501 aufert,

151 4543 300 4582 cum
387 4524 691 4578 scientiam
745 4524 1170 4594 Scripturarum
1241 4528 1296 4577 et
1373 4538 1549 4593 opera
1605 4522 1881 4577 virtutum

150 4612 466 4670 subtrahit
496 4612 763 4667 incaustis
789 4617 842 4667 et
872 4612 1191 4667 desidiosis.

229 4706 419 4757 Vrsas.
454 4704 504 4755 9.
538 4731 607 4740 —-
654 4702 812 4755 Sesac
874 4717 987 4754 rex.
1024 4702 1231 4771 Byssus
1278 4698 1448 4753 cilicii
1489 4700 1579 4754 vel
1609 4700 1884 4770 gaudium

148 4791 375 4848 cilicii.
407 4792 612 4859 Byssus
626 4790 861 4860 quidem
882 4790 1254 4843 subtilitatem
1270 4788 1549 4859 signiﬁcat
1577 4806 1589 4842 :
1612 4788 1882 4856 cilicium,

150 4882 334 4954 quod
368 4881 435 4933 tit
474 4880 540 4933 de
570 4879 702 4949 pilis
722 4894 1046 4948 caprarum,
1075 4883 1323 4948 peccata.
1360 4878 1422 4931 In
1452 4877 1619 4948 bysso
1643 4894 1779 4948 ergo
1805 4878 1885 4931 ci-

1990 4361 2113 4401 cem
2161 4349 2454 4416 regnasset
2496 4343 2683 4406 annis,
2713 4348 2896 4398 castra
2944 4348 3144 4399 contra
3181 4360 3313 4398 eum
3354 4344 3531 4398 movit
3559 4359 3690 4397 cum

1993 4450 2202 4504 magno
2232 4434 2404 4488 nimis
2452 4435 2701 4489 exercitu
2748 4437 2947 4489 Zareas
2988 4450 3087 4488 rex
3117 4433 3446 4505 Ethiopia,
3480 4434 3691 4488 ducens

1992 4522 2341 4593 pedestrium
2409 4522 2640 4592 quidem
2694 4520 3007 4592 nonaginta
3074 4520 3275 4587 millia,
3335 4520 3691 4591 equestrium

1992 4626 2126 4664 vero
2158 4610 2353 4663 decem
2384 4609 2583 4677 millia,
2632 4612 2688 4662 et
2734 4624 2933 4662 currus
2979 4610 3279 4661 trecentos.
3312 4606 3523 4661 Castris
3554 4622 3690 4659 con-

1993 4702 2083 4751 tra
2130 4713 2262 4750 eum
2308 4695 2533 4766 positis,
2583 4711 2712 4748 cum
2760 4695 3125 4753 vidissetAsa
3153 4694 3486 4763 zEthiopum
3543 4693 3692 4746 mul-

1995 4785 2324 4849 titudinem,
2356 4784 2621 4855 poscebat
2650 4800 2683 4836 a
2716 4784 2827 4837 Deo
2857 4799 2988 4837 cum
3013 4784 3260 4837 clamore
3293 4799 3500 4854 magno
3526 4781 3697 4835 victo-

1995 4874 2161 4940 riam,
2191 4877 2331 4926 etut
2359 4877 2475 4925 tam
2502 4872 2682 4925 multa
2711 4872 3016 4926 hominum
3040 4872 3356 4942 milliaipse
3386 4871 3698 4942 perimeret

150 4970 313 5036 licii,
345 4967 598 5022 versutia
628 4967 926 5021 diabolica
947 4966 1161 5021 fraudis
1177 4966 1238 5019 in
1258 4965 1628 5036 persuasione
1652 4966 1886 5035 peccati.
1916 4960 1975 5011 ε’
2000 4964 2194 5034 Neque
2222 4960 2374 5015 enim
2406 4960 2463 5014 in
2515 4960 2627 5013 alio
2657 4960 3063 5014 conﬁdendum
3098 4975 3217 5014 esse
3250 4959 3491 5027 dicebat,
3523 4975 3695 5029 quam

152 5060 346 5114 Sesac
396 5056 901 5127 Jerosolymitanas
931 5070 1074 5126 opes
1103 5055 1304 5120 aufert,
1337 5070 1469 5108 cum
1501 5053 1761 5108 diabolus
1789 5054 1889 5125 qui
1997 5052 2056 5106 in
2102 5067 2169 5105 eo
2215 5048 2314 5120 qui
2344 5052 2538 5120 posset
2597 5049 2768 5103 etiam
2820 5064 3029 5118 paucos
3080 5049 3391 5102 multorum
3444 5047 3696 5118 potiores

156 5145 394 5203 callide
424 5145 637 5216 decipit
667 5149 723 5199 et
750 5144 961 5215 gaudet
988 5143 1051 5198 in
1099 5142 1468 5197 multitudine
1500 5146 1886 5213 peccatorum,

158 5234 600 5292 ecclesiasticos
676 5233 910 5287 scientia
975 5231 1262 5304 spirituali
1327 5236 1385 5286 et
1441 5247 1614 5302 opere
1664 5230 1891 5285 virtutis

160 5326 395 5380 snoliat
447 5340 461 5377 :

160 5344 395 5397 spouat
447 5344 461 5377 Ζ
510 5344 569 5376 CI.
616 5344 712 5376 COS
759 5344 860 5393 qui
911 5344 1251 5376 V'lQBDﬂIlI-UI'
1292 5344 1348 5374 lu
1400 5344 1645 5375 DCCIBSIH.
1675 5344 1775 5374 UBC

159 5413 466 5485 spoliatos
497 5426 692 5465 secum
718 5410 778 5465 in
810 5410 1145 5464 barathrum
1182 5407 1523 5480 perditionis
1555 5407 1780 5477 mergit.

510 5327 569 5376 et
616 5336 712 5376 eos
759 5321 860 5393 qui
907 5322 1251 5376 videbantur
1292 5320 1348 5374 in
1398 5320 1645 5375 Ecclesia
1675 5319 1887 5374 decori.

1998 5139 2320 5208 ostendere,
2369 5142 2425 5192 et
2449 5136 2632 5191 facere
2677 5136 2939 5191 inﬁrmos
3002 5136 3329 5191 fortissimis
3362 5136 3692 5207 pravalere.

2663 5225 2886 5281 CAPUT
2923 5227 3030 5281 XV.

2070 5319 2231 5371 Vens.
2299 5318 2383 5369 l5.
2442 5345 2511 5354 —
2585 5315 2821 5369 Azarias
2877 5319 3075 5381 autem,
3135 5318 3240 5368 etc.
3294 5314 3523 5368 Azarias
3572 5330 3702 5384 pro-

2001 5407 2174 5479 pheta
2203 5420 2501 5460 occurrens
2552 5404 2823 5474 praecepit
2878 5409 2937 5457 ut
2964 5404 3261 5474 paululum
3324 5422 3355 5457 a
3403 5403 3496 5457 via
3541 5419 3702 5473 gres-

240 5502 509 5571 Clypeos.
553 5499 821 5554 Salomon
871 5503 1030 5553 scuta
1075 5514 1250 5553 aurea
1293 5497 1444 5562 fecit,
1477 5501 1533 5550 et
1563 5495 1894 5551 custodibus
2002 5513 2127 5550 sum
2210 5492 2433 5547 itineris
2509 5493 2874 5556 sustinerent,
2948 5499 3003 5545 et
3064 5498 3198 5546 tunc
3250 5491 3424 5561 coepit
3477 5493 3547 5545 ad
3608 5508 3703 5544 eos

552 5608 828 5673 PATROL.
877 5607 1094 5674 CXIII.

3203 5604 3283 5660 22
