4062 6180
433 214 536 266 683

1070 213 1472 268 WALAFRIDI
1509 215 1756 269 STRABI
1801 214 1997 270 FULD.
2041 215 2202 270 ΜΟΝ.
2245 216 2395 272 OPP.
2438 217 2616 271 PARS
2653 217 2695 270 I.
2736 246 2802 256 —-
2841 217 3309 275 THEOIDGICA.
3787 223 3871 274 684

431 339 640 404 dicere,
669 340 823 410 quod
859 340 958 394 illa
986 339 1223 394 victoria
1263 339 1463 392 fuisset
1492 338 1574 392 eis
1621 355 1651 392 a
1685 340 1800 392 Deo
1831 355 2116 406 concessa,
2149 343 2195 395 Α
2233 339 2468 393 nionem
2521 355 2634 393 non
2683 339 2953 394 devitant.
2991 341 3199 394 Contra
3243 354 3387 409 quos
3415 338 3658 392 dicitur:
3687 342 3872 395 Hareti-

430 445 498 482 eo
529 429 682 500 quod
731 430 914 498 justus
957 446 1016 482 se
1074 431 1410 496 sanctosque
1441 432 1779 492 servassent,
1841 433 1897 479 et
1927 427 2122 479 omnia

433 517 534 570 Dei
563 519 850 570 voluntate
906 516 1184 569 fecissent.
1235 515 1386 578 Quos
1416 515 1475 567 in
1520 515 1646 584 ejus
1685 515 1968 568 mandatis
1995 531 2119 584 per-

430 610 745 668 manentes,
803 605 945 658 dixit
996 621 1166 674 super
1217 604 1476 657 hostibus
1513 605 1843 673 prmvalere,
1889 608 1946 656 et
1969 601 2126 655 habi-

431 698 589 746 turos
642 691 828 745 divina
900 693 1106 745 virtute
1165 693 1493 746 felicitatem
1542 698 1597 746 et
1640 691 2118 761 prosperitatein;

419 781 814 848 relinquentes
869 786 1058 834 autem
1118 781 1482 850 religionem,
1534 780 1593 833 in
1645 778 1930 834 contraria
1962 779 2125 832 deve-

429 869 572 936 nire,
613 870 986 939 futurumque
1033 875 1261 939 tempus
1310 869 1370 922 in
1421 885 1535 938 quo
1589 869 1783 922 nullus
1844 867 2125 920 invenire-

426 961 521 1009 tur
549 972 710 1009 verax
746 958 1026 1026 propheta
1083 957 1142 1009 in
1186 973 1252 1010 eo
1301 957 1535 1026 populo,
1586 971 1775 1027 neque
1835 955 2117 1018 sacerdos,

429 1045 500 1098 ob
553 1061 727 1114 quam
782 1062 904 1098 rem
954 1051 1010 1099 et
1037 1045 1292 1098 civitates
1339 1045 1773 1112 subvertendas,
1808 1049 1865 1097 et
1893 1048 2122 1113 gentem

426 1133 489 1186 in
519 1134 674 1187 omni
705 1139 855 1188 terra
886 1133 1395 1199 disseminandam,
1447 1139 1501 1188 et
1533 1134 1704 1188 vitam
1735 1133 2121 1187 miserabilem

429 1225 485 1275 et
509 1222 740 1293 inopem
769 1223 1084 1278 habituros.

1077 1312 1298 1365 CAPUT
1338 1311 1474 1365 XVI.

499 1401 659 1456 Vens.
695 1401 775 1454 14.
806 1431 874 1438 -
924 1401 1298 1464 Aromatibus,
1349 1402 1453 1451 etc.
1497 1427 1570 1438 —
1620 1398 1747 1451 Haec
1776 1412 1923 1450 vana
1955 1396 2124 1450 fama:

424 1489 714 1559 jactantia,
747 1505 921 1560 quam
965 1488 1293 1559 phi1050phi
1342 1488 1428 1540 vel
1477 1491 1658 1556 poeta:
1709 1491 1834 1557 post
1879 1492 2122 1540 mortem

426 1594 630 1648 regum
679 1594 930 1644 suorum,
973 1578 1061 1630 vel
1113 1577 1285 1630 etiam
1326 1575 1453 1629 falsi
1503 1576 1808 1629 Christiani
1854 1575 2120 1629 obeunti-

427 1667 533 1720 bus
565 1667 850 1737 magistris
875 1666 1240 1735 impendunt,
1290 1671 1347 1718 et
1377 1666 1498 1718 haec
1531 1666 1590 1718 in
1621 1665 1814 1734 ignem
1842 1665 2071 1718 mittunt
2105 1681 2117 1717 :

429 1755 566 1826 quia
595 1755 787 1808 omnia
826 1755 1104 1824 gehennae
1137 1754 1365 1823 ignibus
1397 1753 1642 1806 obnoxia
1663 1770 1783 1807 esse
1813 1753 2123 1807 ostendun-

428 1850 541 1908 tur,
595 1860 723 1914 qua'.
769 1843 861 1897 hic
908 1842 1030 1897 sine
1089 1843 1329 1896 utilitate
1376 1846 1432 1895 et
1477 1841 1852 1896 aediﬁcatione
1880 1841 2118 1896 fratrum

429 1933 814 2002 protulerunt.

499 2021 909 2077 Combusserunt
960 2036 1122 2089 super
1164 2035 1304 2085 eum,
1356 2024 1464 2073 etc.
1499 2019 1638 2072 Nota
1687 2019 1841 2090 quod
1871 2018 2121 2089 regibus,

426 2115 490 2163 ut
535 2109 755 2165 Hebraei
804 2109 1056 2175 tradunt,
1107 2109 1443 2170 reverentiae
1487 2124 1674 2175 causa,
1701 2107 2125 2162 combustiones

425 2197 803 2267 pretiosarum
854 2195 1097 2249 vestium
1130 2195 1301 2248 simul
1339 2211 1470 2248 cum
1500 2195 1854 2259 aromatibus
1886 2194 2118 2248 ﬁebant.

429 2286 586 2339 Unde
633 2285 768 2338 alibi
798 2301 810 2338 :
838 2285 1006 2353 juxta
1035 2273 1416 2338 combustiones
1460 2286 1729 2353 majorum
1761 2285 1966 2350 facient
2000 2283 2120 2337 tibi.

427 2375 543 2427 Mos
597 2374 751 2427 enim
801 2373 909 2426 fuit
934 2373 1085 2443 apud
1132 2378 1368 2439 veteres,
1421 2379 1485 2426 ut
1515 2372 1762 2442 pretiosa
1788 2377 2126 2426 ornamenta

425 2479 626 2533 regum
655 2467 786 2533 post
813 2463 1037 2516 obitum
1064 2477 1262 2515 eorum
1292 2477 1396 2530 pro
1425 2460 1710 2531 exsequiis
1738 2461 1796 2514 in
1823 2477 1966 2532 pyra
1993 2476 2126 2514 ure-

427 2557 640 2616 rentur,
675 2553 772 2606 sed
807 2551 928 2605 sine
957 2550 1347 2605 cadaveribus.

1065 2639 1289 2694 CAPUT
1327 2639 1482 2693 XVII.

495 2732 658 2785 Vens.
706 2731 754 2783 3.
807 2760 874 2767 —
920 2728 1237 2782 Ambulavit
1279 2729 1337 2781 in
1399 2729 1504 2781 viis
1543 2727 1741 2795 David,
1790 2729 1894 2779 etc.
1941 2726 2123 2794 (ΗΑΒ.)

425 2819 684 2874 Ostendit
712 2834 845 2872 eum
873 2822 1263 2870 exsecutorem
1318 2816 1490 2869 fuisse
1543 2814 1688 2869 sicut
1741 2814 1920 2869 David
1974 2813 2123 2868 divi-

2233 445 2350 482 cum
2383 431 2644 482 hominem
2697 432 2822 497 post
2862 430 3101 497 primam
3144 433 3195 482 et
3241 427 3530 482 secundam
3559 431 3873 483 correctionem

2233 518 2418 571 devita
2445 519 2579 587 (Tit.
2627 517 2727 584 ιιι).
2779 516 2936 570 Unde
2979 516 3251 587 Josapbat
3293 532 3398 586 per
3444 516 3587 570 Jehu
3637 516 3877 569 videntem

2233 605 2419 659 ﬁlium
2459 603 2664 670 Anani,
2715 604 2868 656 illius
2908 603 3121 656 scilicet
3159 602 3452 673 prophetae
3479 602 3578 672 qui
3606 606 3704 656 Asa
3729 603 3876 656 incre-

2233 697 2466 764 paverat
2495 691 2782 762 arguitur,
2818 691 2918 761 qui
2965 691 3144 760 impio
3195 691 3522 762 prmbuerat
3549 690 3812 758 auxilium,
3839 696 3882 744 et

2233 781 2322 835 his
2352 781 2450 851 qui
2481 780 2723 834 oderunt
2747 779 3051 832 Dominum
3085 779 3334 832 amicitia
3356 779 3705 849 jungeretur.

2305 868 2519 938 (Gnec.,
2551 868 2648 922 lib.
2685 884 2722 920 ιι
2753 868 2980 933 Moral.,
3017 883 3140 936 cap.
3179 870 3264 934 15,
3298 872 3439 920 tom.
3473 868 3544 933 Ι.)
3574 867 3771 921 Solium
3796 867 3882 920 Duo

2235 956 2379 1010 mini
2397 956 2669 1026 angelicas
2693 959 3024 1026 potestates,
3052 961 3180 1024 etc.,
3196 971 3365 1024 usque
3378 956 3452 1010 ad
3476 961 3534 1010 et
3551 961 3702 1010 tanto
3721 955 3883 1009 durius

2232 1049 2531 1115 raperetur
2551 1045 2619 1098 ad
2645 1060 2892 1115 poenam,
2920 1049 3136 1114 quanto
3159 1045 3410 1098 securius
3429 1045 3643 1098 viveret
3658 1045 3711 1098 in
3731 1045 3880 1114 culpa.

2883 1135 3107 1189 CAPUT
3146 1136 3277 1188 XIX.

2305 1224 2474 1278 Vens.
2520 1225 2609 1278 tO.
2639 1255 2704 1264 —
2736 1224 2952 1279 Omnem
2972 1239 3192 1277 causam
3213 1239 3332 1292 quae
3349 1225 3556 1278 venerit
3587 1223 3659 1276 ad
3676 1237 3772 1288 vos,
3800 1227 3881 1274 etc.

2235 1314 2422 1379 (AUG.,
2455 1310 2552 1365 lib.
2605 1328 2657 1364 xv
2711 1312 2777 1365 de
2806 1311 2946 1379 Civ.,
2978 1328 3102 1382 cap.
3139 1313 3217 1379 3.)
3247 1313 3484 1367 Remota
3517 1311 3747 1381 justitia,
3775 1309 3884 1380 quid

2235 1406 2372 1454 sunt
2417 1416 2618 1470 regna,
2658 1401 2769 1454 nisi
2827 1417 3036 1471 magna
3083 1401 3422 1456 latrocinia?
3451 1402 3553 1472 qui
3601 1407 3656 1455 et
3693 1401 3800 1470 ipsa
3822 1399 3887 1451 la-

2233 1488 2479 1543 trocinia
2505 1489 2644 1560 quid
2675 1495 2826 1556 sunt,
2858 1489 2967 1543 nisi
2999 1507 3173 1560 parva
3200 1491 3420 1561 regna?

2890 1579 3114 1633 CAPUT
3153 1580 3256 1632 XX.

2308 1667 2467 1721 Vens.
2508 1671 2556 1720 1.
2593 1697 2660 1706 -—-
2689 1669 2767 1721 De
2808 1669 3150 1721 Ammonitis.
3186 1668 3468 1720 Idummos
3499 1665 3782 1737 signiﬁcat,
3814 1661 3888 1715 sed

2233 1755 2477 1824 scriptor
2531 1755 2788 1808 historiae
2835 1754 3040 1808 maluit
3090 1755 3245 1825 quod
3293 1755 3599 1826 gerebatur
3628 1753 3888 1810 associato—

2232 1861 2364 1897 rum
2394 1848 2593 1898 notare
2613 1843 2909 1908 vocabulo,
2931 1860 3104 1914 quam
3127 1844 3484 1915 impietatem
3507 1840 3890 1915 impudentiam

2231 1931 2458 2002 publice
2490 1931 2802 2000 divulgare.

2305 2021 2466 2073 Vens.
2510 2022 2562 2073 2.
2614 2051 2678 2058 —
2710 2022 2784 2074 De
2838 2020 2921 2073 his
2971 2021 3120 2086 locis,
3181 2024 3286 2074 etc.
3349 2021 3453 2074 Illa
3485 2021 3610 2074 loca
3651 2017 3894 2090 signiﬁcat

2234 2124 2363 2179 quae
2392 2107 2544 2160 ultra
2573 2124 2730 2160 mare
2759 2108 3082 2162 Salinarum
3103 2113 3257 2175 sunt,
3295 2109 3445 2179 quod
3477 2108 3621 2163 alias
3663 2114 3891 2178 stagnum

2233 2195 2513 2265 Asphaliti
2536 2196 2622 2249 vel
2654 2212 2810 2249 mare
2843 2197 3129 2250 Mortuum
3162 2197 3513 2251 nominatur.

2303 2284 2580 2352 Engaddi.
2639 2285 2884 2338 Vocatur
2930 2301 3113 2355 usque
3166 2286 3355 2353 hodie,
3407 2287 3564 2340 vicus
3594 2282 3895 2357 pergrandis

2233 2373 2573 2427 Judaaorum
2598 2374 2764 2443 juxta
2792 2390 2950 2428 mare
2981 2375 3286 2440 Mortuum,
3321 2375 3472 2428 unde
3501 2375 3894 2445 opobalsamum

2233 2462 2388 2515 venit
2420 2478 2432 2514 :
2467 2478 2606 2531 quas
2635 2462 2905 2516 Salomon
2936 2468 3232 2532 nuncupat
3261 2462 3454 2516 vineas
3483 2463 3759 2534 Engaddi.

2303 2551 2467 2603 Vens.
2522 2552 2605 2615 16,
2655 2580 2722 2590 —-
2777 2552 3074 2605 Ascensuri
3120 2554 3261 2605 enim
3319 2567 3414 2619 per
3466 2553 3665 2606 clivum
3718 2550 3900 2604 nomine

2235 2641 2344 2704 Sis,
2378 2643 2482 2692 etc.
2533 2639 2689 2708 (ΗΑΒ.
2740 2641 2800 2692 in
2840 2640 3052 2705 Paral.,
3105 2657 3173 2693 ex
3224 2640 3476 2708 Hieron.)
3509 2641 3618 2705 Qui
3656 2646 3712 2693 et
3739 2634 3902 2692 Jeruel

2235 2727 2546 2780 secundum
2593 2726 2878 2780 Hebraeos.
2919 2728 3124 2781 Dicunt
3160 2729 3310 2781 enim
3359 2730 3512 2798 quod
3541 2729 3647 2796 Sis,
3681 2734 3804 2793 etc.,
3829 2739 3901 2777 us-

2235 2831 2338 2883 que
2365 2815 2438 2868 ad
2469 2815 2726 2868 incussus
2757 2820 2842 2868 est
2871 2815 3207 2886 alienigenis
3231 2832 3407 2886 pavor
3430 2817 3702 2888 undique.

426 2924 633 2962 norum
667 2906 1064 2960 mandatorum
1120 2911 1426 2974 antequam
1471 2908 1732 2973 peccaret
1776 2903 1837 2957 in
1886 2918 2122 2956 uxorem
2155 2911 2196 2966 C
2306 2903 2552 2973 Mystice,
2607 2903 2883 2969 Moabitar,
2943 2905 3307 2972 Ammonitae,
3371 2910 3427 2959 et
3455 2905 3717 2969 Idumaei,
3750 2919 3903 2974 paga—

319 3034 321 3037 -
427 2996 596 3062 Uriae,
632 2995 791 3064 cujus
843 2993 1059 3064 peccati
1110 2992 1415 3046 satisfactio
1463 2997 1736 3046 aeternam
1786 2991 1872 3045 illi
1899 3007 2117 3045 memo-

334 3120 346 3124 -
424 3085 569 3138 riam
599 3082 966 3154 comparavit.

498 3175 656 3227 Vens.
713 3176 758 3226 5.
805 3200 874 3213 —
936 3170 1092 3225 Dedit
1137 3172 1308 3224 omnis
1351 3169 1510 3222 Juda
1539 3184 1764 3222 munera
1807 3168 2110 3236 Josaphat.

427 3262 524 3314 Hic
549 3260 746 3314 ﬁdeles
767 3259 834 3312 de
879 3257 1145 3326 gentibus
1191 3257 1490 3326 signiﬁcat,
1526 3256 1624 3326 qui
1656 3257 1854 3310 relicto
1889 3261 2119 3326 patrum

425 3365 638 3408 errore,
698 3347 765 3400 ad
823 3346 1109 3400 Christum
1181 3344 1528 3398 conveniunt
1582 3344 1866 3414 baptismo
1940 3343 2118 3398 abluti

421 3436 725 3490 chrismate
759 3433 922 3500 liniti,
959 3449 991 3486 a
1020 3432 1241 3486 Christo
1274 3433 1662 3486 Christianum
1695 3449 1911 3486 nomen
1944 3437 2003 3486 et
2030 3449 2117 3485 re-

424 3526 576 3596 giam
607 3523 946 3594 dignitatem
983 3520 1342 3592 accipientes.
1391 3521 1548 3574 Unde
1580 3538 1593 3575 :
1655 3523 1756 3575 Vos
1795 3523 1922 3575 estis
1953 3536 2118 3588 genus

421 3616 658 3678 electum,
688 3611 868 3679 regale
895 3609 1271 3670 sacerdotium,
1307 3613 1410 3663 etc.
1447 3611 1500 3678 (Ι
1526 3612 1673 3664 Petr.
1707 3614 1787 3677 ιι.)
1847 3610 1912 3663 In
1966 3615 2116 3672 tem-

423 3719 560 3773 pore
591 3701 743 3755 enim
778 3699 1067 3768 Josaphat,
1107 3698 1332 3752 Domini
1363 3697 1484 3764 dos,
1517 3699 1604 3751 vel
1637 3698 1736 3768 qui
1767 3703 1854 3752 est
1883 3698 2004 3763 dos,
2031 3699 2118 3752 vel

425 3792 526 3862 qui
556 3796 639 3845 est
669 3790 911 3850 dolatus,
973 3793 1031 3842 et
1087 3787 1220 3857 quia
1274 3787 1517 3840 Ecclesia
1547 3787 1805 3855 gentium
1837 3785 2118 3855 sanguine

424 3879 630 3933 Christi
659 3880 1001 3947 comparata,
1047 3875 1288 3946 Spiritus
1319 3875 1496 3928 sancti
1525 3876 1768 3945 pignore
1796 3875 1946 3939 data,
1981 3890 2116 3928 con-

422 3968 663 4022 sortium
711 3965 916 4036 Sponsi
945 3964 1185 4018 caelestis
1217 3969 1273 4017 et
1315 3963 1640 4017 societatem
1687 3963 1850 4033 regni
1894 3978 2118 4034 prome-

424 4057 554 4112 ruit.
603 4057 704 4110 Cui
759 4056 920 4108 factm
957 4057 1090 4106 sunt
1144 4052 1384 4106 inﬁnitas
1440 4051 1653 4105 divitia:
1697 4067 1828 4104 cum
1876 4051 2115 4105 diversas

421 4145 680 4198 nationes
703 4142 960 4207 credunt,
1011 4138 1151 4193 etin
1207 4138 1583 4208 acquisitione
1625 4139 1978 4192 diversarum
2003 4138 2116 4191 vir-

423 4239 632 4287 tutum.

493 4322 654 4375 Vens.
713 4320 798 4372 10.
858 4348 924 4357 -
980 4318 1170 4384 Itaque
1236 4318 1418 4381 factus
1465 4321 1542 4370 est
1583 4332 1774 4384 pavor,
1839 4321 1944 4371 etc.
2003 4319 2112 4371 Pro

419 4410 742 4472 virtutibus,
775 4423 904 4477 quae
933 4411 1214 4476 geruntur
1268 4405 1328 4457 in
1377 4405 1644 4472 Ecclesia,
1696 4406 1953 4459 aufertur
1980 4423 2115 4476 gen-

423 4501 609 4554 tilium
637 4497 891 4561 audacia,
923 4501 978 4548 et
1005 4494 1316 4548 incitantur
1358 4500 1424 4546 ut
1450 4493 1708 4548 deferant
1736 4493 1959 4549 Christo
1987 4511 2113 4549 mu-

421 4606 559 4643 nera
587 4586 723 4642 ﬁdei
752 4591 808 4639 et
836 4598 1067 4638 censum
1100 4581 1234 4636 boni
1261 4580 1463 4652 operis,
1505 4586 1562 4635 et
1598 4581 1707 4652 pias
1746 4583 2113 4637 confessionis

420 4683 478 4732 et
501 4692 706 4748 pecora
730 4672 1130 4744 simplicitatis.

1040 4761 1264 4815 CAPUT
1302 4760 1488 4813 XVIII.

489 4856 659 4908 Vens.
699 4855 752 4906 2.
804 4881 868 4890 ——
913 4848 1318 4916 Descenditgue,
1378 4853 1483 4900 etc.
1551 4846 1615 4900 Hi
1662 4851 1796 4901 sunt
1824 4847 2117 4902 haeresiar-

419 4945 539 4998 chae
571 4941 670 5013 qui
706 4939 1062 5010 perditorum
1093 4935 1322 4989 turbam
1365 4950 1471 5004 per
1513 4950 1774 4988 errorum
1815 4934 1976 4989 devia
2016 4935 2114 4989 du-

418 5037 572 5092 cunt,
626 5034 682 5083 et
731 5028 789 5081 in
837 5025 1036 5080 mortis
1086 5022 1468 5094 praecipitium
1508 5028 1796 5092 mergunt.
1845 5024 2115 5094 Josaphat

420 5119 693 5173 affinitate
723 5115 1060 5184 conjunctus
1106 5117 1191 5166 est
1219 5110 1431 5176 Achab,
1465 5115 1520 5164 et
1557 5110 1850 5164 descendit
1878 5111 1951 5165 ad
1981 5127 2112 5165 eum

420 5208 480 5260 in
507 5205 822 5261 Samariam
854 5208 1054 5255 contra
1088 5200 1278 5253 hostes
1327 5199 1387 5251 in
1435 5197 1714 5252 auxilium
1746 5215 1758 5251 :
1792 5203 1849 5252 et
1884 5199 2012 5252 illos
2040 5198 2114 5252 si-

419 5297 651 5366 gnificat
679 5293 780 5363 qui
823 5292 890 5344 de
922 5288 1212 5342 catholicis
1258 5287 1328 5341 ad
1372 5286 1774 5340 haereticorum
1803 5287 2111 5341 amicitiam

420 5401 477 5438 se
507 5383 826 5437 inclinant:
890 5378 988 5449 qui
1041 5377 1172 5430 licet
1203 5392 1234 5429 a
1287 5381 1455 5429 rectm
1503 5375 1636 5429 ﬁdei
1685 5391 1799 5429 non
1847 5376 2115 5430 recedant

416 5474 667 5539 tramite,
719 5475 912 5525 tamen
947 5467 1258 5521 errantium
1300 5465 1627 5520 societatem
1659 5471 1827 5537 atque
1853 5483 2110 5520 commu-

2231 3009 2358 3059 nos,
2384 2992 2610 3046 Judmos
2657 2997 2713 3046 et
2760 2992 3060 3046 haereticos
3089 2994 3433 3064 signiﬁcant,
3467 2996 3566 3065 qui
3600 2995 3773 3064 gratis
3803 2992 3902 3046 bel-

2229 3083 2349 3136 lum
2407 3081 2654 3135 excitant
2709 3080 2970 3146 ﬁdebilis,
3003 3087 3061 3135 et
3142 3083 3479 3153 religionem
3548 3084 3902 3139 Christianam

2229 3170 2454 3224 auferre
2512 3169 2878 3240 contendunt.
2941 3170 3049 3224 Sed
3111 3171 3397 3241 Josaphat,
3467 3170 3525 3225 id
3583 3176 3671 3226 est
3725 3166 3902 3224 Christi

2227 3258 2494 3328 populus,
2545 3274 2661 3312 non
2709 3258 2884 3312 armis
2913 3259 3324 3329 corporalibus,
3383 3259 3483 3314 sed
3534 3257 3902 3330 spiritualibus

2229 3361 2327 3399 eos
2372 3347 2723 3417 aggreditur,
2762 3347 2967 3401 intima
3025 3348 3212 3402 cordis
3266 3348 3567 3403 devotione
3615 3358 3899 3419 supernum

2229 3450 2493 3505 quaerens
2520 3435 2818 3490 auxilium.

2297 3524 2458 3577 Vens.
2491 3525 2578 3577 25.
2610 3554 2675 3562 —
2709 3525 2870 3578 Venit
2915 3539 3040 3592 ergo
3085 3525 3369 3593 Josaphat,
3418 3528 3525 3578 etc.
3586 3524 3778 3580 Sancti
3812 3521 3896 3575 do-

2227 3616 2412 3665 ctores
2464 3627 2595 3664 cum
2653 3611 2822 3665 turba
2874 3611 3133 3666 ﬁdelium
3163 3613 3442 3682 colligunt
3481 3613 3550 3667 de
3588 3613 3787 3685 spoliis
3810 3612 3899 3666 ho-

2228 3701 2401 3754 stium
2450 3699 2693 3771 quiquid
2743 3700 2812 3754 de
2879 3701 3138 3771 Physica,
3192 3701 3410 3770 Ethica,
3478 3707 3537 3756 et
3586 3702 3790 3773 Logica
3848 3700 3904 3751 le-

2228 3789 2439 3858 gendo,
2472 3795 2530 3843 et
2561 3789 2883 3855 scribendo,
2912 3796 2970 3843 et
3002 3789 3256 3844 docendo
3291 3790 3506 3844 utiliter
3537 3789 3905 3846 crediderunt.

2226 3893 2330 3947 per
2360 3882 2570 3932 sanctte
2599 3877 2890 3934 Trinitatis
2917 3878 3112 3948 ﬁdem,
3161 3878 3223 3932 in
3257 3895 3427 3932 usum
3459 3879 3639 3934 totius
3674 3875 3905 3934 Ecclesiae

2228 3970 2587 4030 convertunt,
2619 3970 2682 4019 ut
2709 3965 2863 4035 quod
2896 3965 2981 4019 illi
3023 3965 3232 4036 injuste
3271 3971 3328 4019 et
3355 3965 3644 4021 inutiliter
3674 3961 3906 4036 posside-

2226 4052 2387 4120 bant,
2419 4053 2614 4107 ﬁdeles
2647 4053 2860 4107 utiliter
2888 4054 3255 4125 possidentes,
3288 4053 3619 4110 animarum
3668 4055 3740 4109 ad
3771 4053 3906 4106 salu-

2228 4146 2345 4195 tem
2374 4141 2726 4211 possideant.

2295 4230 2455 4283 Vens.
2487 4232 2576 4283 26.
2610 4259 2670 4269 —
2710 4229 2884 4285 Vallis
2936 4229 3336 4286 benedictionis.
3377 4231 3692 4287 Humilitas
3745 4229 3906 4284 Eccle-

2223 4317 2340 4383 sim,
2380 4317 2480 4370 ubi
2536 4317 2708 4387 digne
2765 4318 2878 4371 Deo
2934 4318 3130 4372 laudes
3185 4319 3525 4374 redduntur.
3572 4320 3684 4384 Qui
3739 4322 3903 4372 autem

2223 4411 2471 4478 quatuor
2510 4406 2945 4477 Evangeliorum
2996 4407 3308 4462 instructus
3368 4409 3642 4479 dogmate
3688 4425 3793 4481 per
3832 4407 3909 4460 ba-

2221 4495 2416 4566 ptismi
2462 4494 2636 4549 ﬁdem
2689 4495 2759 4549 ad
2791 4495 3071 4550 unitatem
3108 4497 3368 4551 Ecclesia:
3399 4499 3684 4567 pervenit,
3713 4497 3792 4551 ibi
3819 4494 3908 4547 rite

2222 4584 2477 4651 laudans,
2531 4583 2702 4654 digne
2749 4585 2861 4638 Deo
2910 4600 3250 4639 conversaris
3304 4585 3582 4642 visionem
3634 4590 3906 4658 perpetuae

2220 4671 2393 4743 pacis,
2426 4687 2556 4725 cum
2585 4672 2752 4726 laude
2777 4677 2834 4726 et
2858 4673 3055 4726 laetitia
3085 4673 3434 4744 sempiterna
3460 4675 3751 4731 introibit.

2869 4761 3095 4816 CAPUT
3130 4763 3263 4817 XXI.

2292 4849 2451 4902 Vens.
2484 4851 2536 4902 2.
2570 4880 2637 4888 —
2667 4850 2857 4904 Omnes
2883 4851 2960 4916 lii,
2996 4851 3405 4923 ﬁliiJosaphat,
3437 4859 3542 4908 etc.
3581 4854 3770 4924 (ΒΑΕ.)
3799 4849 3911 4906 Imi-

2219 4940 2431 4991 tatores
2469 4954 2710 5008 operum
2745 4939 2890 5008 ejus,
2929 4939 3103 4993 fratre
3153 4957 3356 4995 eorum
3382 4943 3576 4996 Joram
3609 4957 3838 5014 semper
3861 4937 3914 4992 in

2222 5025 2506 5080 deteriora
2537 5027 2781 5092 labente,
2817 5028 2968 5082 unde
2998 5028 3118 5099 ipse
3149 5029 3341 5084 Joram
3379 5031 3594 5102 legitur
3621 5048 3724 5087 eos
3749 5032 3910 5084 inter-

2220 5115 2417 5169 fecisse
2449 5131 2580 5169 cum
2606 5115 2964 5186 principibus
2994 5117 3197 5172 Israel.

2294 5205 2455 5258 Vens.
2494 5206 2584 5258 14.
2622 5232 2692 5246 -
2720 5207 2853 5259 Ecce
2904 5206 3170 5261 Dominus
3218 5211 3482 5276 percutiet
3533 5215 3601 5276 te,
3662 5216 3770 5263 etc.
3820 5208 3914 5260 Per

2222 5292 2576 5346 Philisthmos
2628 5298 2686 5346 et
2733 5293 2948 5348 Arabes
2991 5295 3093 5366 qui
3139 5297 3261 5366 ejus
3293 5303 3500 5352 terram
3534 5297 3910 5360 vastaverunt,

2219 5385 2276 5434 et
2301 5379 2665 5450 diripuerunt
2693 5382 3075 5436 substantiam
3107 5388 3164 5437 et
3201 5384 3352 5438 ﬁlios
3381 5386 3600 5456 pariter
3633 5393 3695 5440 et
3729 5399 3913 5438 uxores

2219 5468 2432 5534 Joram,
2461 5467 2560 5538 qui
2611 5467 3034 5540 interpretatur.
3073 5471 3210 5535 Quis
3240 5477 3326 5527 est
3349 5474 3602 5528 excelsus
3636 5490 3657 5526 :
3707 5473 3805 5545 qui
3851 5471 3913 5524 de
