4062 6180
147 280 239 332 685

136 400 400 470 religioso
457 406 617 471 patre
675 401 743 455 ad
794 402 1099 472 perﬁdiam
1151 404 1415 471 declinat,
1477 412 1533 461 et
1561 408 1906 463 fornicariA

137 486 265 540 fecit
295 488 444 542 ﬁlios
491 489 680 543 Juda:
726 489 1013 560 signiﬁcat
1043 508 1141 545 eos
1193 493 1292 562 qui
1338 492 1452 547 ﬁde
1518 495 1725 549 imbuti
1784 503 1840 551 et

136 576 421 645 baptismo
452 578 793 647 regenerati,
834 580 1172 650 relinquunt
1193 581 1328 634 ﬁdei
1356 582 1674 648 veritatem,
1720 586 1838 638 has-

136 666 442 719 reticorum
490 672 791 737 sequentes
823 684 1095 734 errorem,
1133 674 1188 722 et
1217 672 1357 724 alios
1389 688 1581 725 secum
1613 689 1839 741 perver-

136 760 341 807 tentes.
388 755 543 808 Unde
596 772 692 808 eos
749 757 915 821 Elias,
976 758 1034 811 id
1092 774 1195 821 est,
1237 776 1423 814 sermo
1469 762 1837 831 propheticus

134 842 428 913 redarguit
457 861 469 896 :
506 844 641 914 quia
661 846 845 898 omnis
866 846 1189 901 divinorum
1222 849 1498 903 librorum
1530 851 1835 913 auctoritas

136 933 275 985 tales
306 934 693 1002 reprehendit,
719 940 775 987 et
804 936 1007 988 merito
1028 938 1411 1004 perversitatis
1437 955 1554 991 suae.
1575 938 1838 1010 increpat

135 1020 643 1073 contestationibus
682 1022 1049 1088 gravissimis.

203 1110 365 1161 Vens.
401 1112 487 1163 ‘20.
530 1139 599 1150 —
624 1112 692 1163 Et
722 1116 834 1164 octo
864 1114 1023 1164 annis
1068 1116 1339 1182 regnavit,
1384 1119 1486 1168 etc.
1532 1116 1609 1167 De
1639 1117 1833 1169 Joram

134 1208 255 1251 octo
321 1199 486 1251 annis
526 1214 791 1267 regnasse
825 1204 881 1251 et.
937 1200 1320 1271 quadraginta
1348 1202 1585 1268 vixisse;
1642 1203 1828 1257 ﬁlium

133 1294 329 1339 autem
390 1287 512 1356 ejus
551 1287 854 1341 Ochoziam
910 1304 1041 1341 cum
1095 1305 1336 1359 regnare
1370 1291 1632 1361 coepisset
1661 1292 1833 1346 fuisse

132 1374 516 1446 quadraginta
547 1374 790 1428 duorum
825 1391 1128 1441 annorum,
1175 1378 1329 1448 quod
1369 1379 1416 1431 si
1446 1380 1525 1432 ita
1555 1385 1658 1445 est,
1687 1380 1831 1433 duo-

132 1461 229 1513 bus
293 1462 456 1514 annis
518 1466 825 1531 antequam
878 1468 1043 1531 pater
1072 1464 1191 1534 ipse
1224 1472 1573 1535 nasceretur,
1634 1468 1821 1522 ﬁlium

134 1550 350 1619 genuit.
412 1551 520 1604 Sed
553 1552 771 1604 Hebraei
813 1552 1009 1605 dicunt
1044 1554 1192 1623 quod
1224 1556 1415 1609 Joram
1446 1557 1543 1627 qui
1576 1557 1828 1627 quadra-

133 1640 293 1705 ginta
334 1640 499 1693 annis
522 1640 721 1693 vixisse
744 1640 1086 1694 describitur
1114 1648 1169 1695 et
1197 1649 1321 1696 octo
1346 1646 1512 1697 annis
1540 1662 1828 1715 regnasse,

1240 281 1493 338 GLOSSA
1530 284 1935 340 ORDINARIA.
1976 316 2043 325 —
2086 287 2214 343 LIB.
2256 287 2306 343 II
2346 289 2592 345 PARAL.

3544 306 3647 358 686

2579 412 2804 468 CAPUT
2840 416 3023 471 XXIII.

2020 498 2178 551 Vens.
2216 502 2299 552 13.
2340 528 2411 539 -
2440 501 2613 570 Super
2644 503 2896 569 gradum.
2937 505 3116 575 (ΗΑΒ.)
3147 508 3507 575 Columnam,
3540 510 3646 564 sci-

1947 585 2095 644 licet.
2112 591 2166 640 et
2196 587 2400 653 basim,
2425 605 2599 659 quam
2626 599 3045 661 praeparaverat
3064 596 3358 659 Salomon,
3376 603 3431 651 et
3449 615 3648 669 posue-

1946 678 2033 726 rat
2080 673 2140 726 in
2190 675 2379 728 medio
2436 676 2707 743 basilicas,
2744 678 3050 734 habentem
3103 683 3359 755 quinque
3426 687 3649 740 cubitos

1944 761 2341 831 longitudinis,
2374 769 2432 817 et
2452 765 2708 835 quinque
2741 768 3081 834 latitudinis,
3114 777 3170 824 et
3211 777 3326 826 tres
3351 773 3412 826 in
3437 775 3639 829 altum.

2016 851 2175 904 Vens.
2213 854 2303 904 16.
2365 882 2434 891 —
2480 856 2694 922 Pepigit
2731 861 2909 909 autem
2954 859 3152 912 Joiada
3189 861 3386 925 fwdus.
3448 864 3648 919 Joiada

1940 939 2354 1009 interpretatur
2400 957 2749 1011 cognoscens
2801 945 3132 1013 Dominum,
3195 950 3282 1003 vel
3341 950 3642 1020 diligens:

1944 1027 2077 1097 quia
2106 1027 2255 1081 ﬁlios
2304 1030 2475 1083 Israel
2537 1031 2843 1086 Dominum
2878 1050 3217 1105 cognoscere
3248 1038 3461 1093 docuit.
3533 1043 3642 1095 Pe-

1940 1116 2091 1185 pigit
2129 1132 2264 1186 ergo
2294 1118 2477 1171 fcedus
2500 1118 2652 1172 inter
2687 1122 2994 1176 Dominum
3035 1127 3430 1197 populumque
3461 1134 3516 1182 et
3544 1146 3641 1183 re-

1942 1220 2094 1273 gem,
2181 1210 2241 1258 ut
2298 1207 2539 1261 Domino
2597 1208 2809 1264 scilicet
2852 1211 3173 1279 obedirent,
3223 1219 3281 1268 et
3336 1216 3449 1285 legi
3494 1217 3639 1287 ejus.

1944 1292 2165 1363 Pepigit
2222 1295 2405 1375 etiam,
2427 1294 2575 1349 inter
2604 1314 2799 1367 regem
2845 1303 2900 1352 et
2950 1302 3250 1370 populum,
3302 1310 3366 1357 ut
3394 1307 3643 1375 populus

1942 1388 2080 1441 erga
2122 1388 2323 1443 regem
2378 1374 2624 1429 ﬁdeliter
2653 1382 2863 1446 ageret,
2917 1385 2972 1432 et
3016 1397 3115 1434 rex
3162 1384 3443 1452 populum
3476 1374 3642 1454 ijuste

1940 1468 2167 1531 regeret
2195 1463 2510 1517 secundum
2560 1465 2877 1520 doctrinam
2938 1470 3301 1525 sacerdotum
3330 1478 3388 1526 et
3416 1472 3641 1528 Levita-

1939 1564 2091 1615 rum,
2115 1566 2363 1619 quorum
2422 1552 2592 1605 ofﬁcii
2622 1554 2729 1607 fuit
2765 1555 3056 1611 insinuare
3080 1566 3367 1630 praecepta
3388 1562 3637 1616 Domini.

2581 1643 2807 1696 CAPUT
2856 1646 3033 1699 XXIV.

133 1692 165 1705 υ
344 1692 347 1693 ν
704 1692 713 1693 κ
754 1692 775 1693 κν
1123 1692 1167 1695 --
1204 1692 1315 1696 ηπ
1348 1692 1508 1697 ----ν
1540 1692 1803 1715 non-"

132 1729 284 1797 quod
322 1729 523 1781 vixerit
570 1744 751 1781 annos
800 1729 1179 1799 quadraginta
1198 1737 1253 1784 et
1284 1734 1605 1802 regnaverit
1634 1734 1803 1803 viginl

2014 1727 2173 1780 Vens.
2230 1729 2281 1780 4.
2347 1759 2415 1767 -
2475 1692 2796 1797 ροςῖψᾷαέ
2840 1692 3235 1800 lagano...
3272 1737 3459 1805 (ΒΑΗ.)
3513 1740 3642 1792 Joas

133 1824 187 1869 et
211 1822 361 1870 octo.
414 1817 562 1869 Anni
607 1818 759 1870 enim
805 1824 932 1871 octo
964 1819 1063 1889 qui
1097 1820 1147 1871 ei
1176 1820 1235 1873 in
1267 1838 1445 1891 regno
1476 1823 1831 1891 tribuuntur,

134 1906 239 1975 ipsi
268 1912 404 1959 sunt
433 1907 640 1976 quibus
670 1909 929 1975 regnavit
957 1916 1263 1977 antequam
1302 1912 1501 1964 fratres
1531 1912 1831 1976 occideret,

134 2011 261 2048 cum
298 1995 486 2048 adhuc
514 1995 852 2048 innocenter
902 1996 1133 2051 viveret.
1185 1998 1413 2068 Reliqui
1471 2016 1602 2053 vero
1634 2000 1833 2070 viginti

134 2084 289 2149 anni,
326 2084 531 2153 quibus
558 2089 755 2154 postea
810 2085 1088 2155 regnavit.
1123 2085 1250 2139 ideo
1283 2104 1397 2141 non
1431 2094 1831 2158 numerantur,

135 2171 264 2240 quia
296 2171 358 2224 in
385 2172 659 2240 languore
707 2178 763 2225 et
791 2172 1167 2226 tribulatione
1203 2175 1339 2228 vixit
1379 2192 1390 2229 :
1440 2176 1682 2246 ideoque
1715 2177 1832 2231 ﬁlio

135 2259 249 2327 ejus
284 2260 638 2323 tribuuntur,
672 2260 770 2330 qui
834 2276 949 2314 non
984 2263 1228 2330 amplius
1260 2279 1432 2332 quam
1462 2264 1664 2335 viginti
1687 2266 1832 2319 duo-

134 2363 259 2401 rum
291 2364 579 2401 annorum
628 2349 945 2401 secundum
985 2349 1197 2403 librum
1234 2350 1451 2421 Regum
1483 2368 1605 2405 esse
1636 2353 1833 2422 perhi-

135 2435 317 2501 betur,
347 2452 419 2489 ne
447 2437 514 2489 de
546 2452 914 2489 numerorum
945 2453 1171 2491 summa
1193 2440 1329 2492 anni
1362 2446 1741 2506 remanentes,
1774 2440 1833 2493 in

138 2529 465 2593 temporum
502 2540 755 2578 errorem
779 2526 1052 2578 facerent.

774 2613 997 2667 CAPUT
1037 2614 1193 2666 ΧΧΙΙ.

205 2703 364 2754 Vens.
399 2704 451 2754 6.
504 2732 570 2739 —
617 2703 855 2754 Azarias
911 2700 1063 2769 ﬁlius
1118 2703 1330 2763 Joram,
1366 2708 1470 2756 etc.
1531 2704 1712 2773 (HAB.,
1765 2720 1830 2757 ex

144 2789 394 2859 Hieron.)
436 2789 541 2853 Qui
572 2789 832 2860 superius
854 2790 1130 2854 Ochozias,
1162 2791 1218 2843 id
1260 2796 1363 2857 est,
1398 2792 1835 2861 apprehendens

145 2879 451 2931 Dominum
481 2895 492 2931 :
526 2878 754 2931 Azarias
774 2894 906 2930 vero
924 2878 1273 2947 adjutorium
1295 2879 1544 2932 Domini.
1586 2880 1835 2950 Ideoque

1942 1830 2042 1868 rex
2100 1816 2422 1870 sacerdotes
2457 1818 2667 1887 arguit,
2699 1825 2831 1887 etc.,
2890 1835 3059 1889 usque
3088 1823 3162 1875 ad
3208 1840 3278 1877 ne
3333 1841 3435 1894 per
3465 1827 3643 1895 negli-

1942 1903 2194 1971 gentiam
2218 1904 2518 1959 doctorum
2550 1912 2748 1976 pereat
2774 1909 3103 1963 auditorum
3136 1912 3465 1967 multitudo.

2012 1992 2169 2044 Vens.
2199 1996 2252 2045 7.
2310 2023 2376 2031 —
2404 1996 2473 2048 Et
2500 1995 2611 2062 ﬁlii
2656 1996 2792 2063 ejus,
2818 2002 2923 2050 etc.
2968 1998 3089 2051 Non
3136 2000 3287 2068 quod
3340 2000 3487 2053 ﬁlios
3509 2006 3642 2055 tunc

1940 2078 2222 2141 habuerit,
2257 2082 2391 2151 quia
2420 2082 2663 2137 Ochozia
2687 2090 3015 2151 mortuo,eo
3041 2087 3192 2156 quod
3217 2104 3331 2141 non
3362 2089 3642 2145 habuerat

1941 2166 2147 2232 ﬁlium,
2175 2184 2344 2221 omne
2402 2185 2598 2223 semen
2630 2171 2855 2241 regium
2908 2172 3229 2229 interﬁcere
3286 2177 3486 2230 molita
3532 2182 3637 2245 est,

1941 2254 2041 2308 sed
2074 2254 2220 2308 ﬁlios
2253 2257 2375 2326 ejus
2405 2259 2717 2312 sacerdotes
2746 2259 3034 2315 idolorum
3062 2264 3340 2328 nominat,
3374 2265 3474 2334 qui
3496 2270 3641 2320 tem-

1940 2345 2102 2414 plum
2126 2346 2508 2413 spoliaverant
2557 2356 2613 2401 et
2670 2365 2737 2402 ex
2780 2352 3135 2404 ornamentis
3183 2354 3307 2422 ejus
3351 2354 3506 2408 idola
3538 2370 3642 2408 sua

1943 2442 2381 2502 exornaverant,
2403 2452 2553 2505 saepe
2578 2437 2730 2489 enim
2766 2438 2870 2490 ﬁlii
2900 2437 3219 2492 imitatores
3242 2440 3533 2495 dicuntur.

2017 2522 2177 2575 Vens.
2219 2526 2299 2575 12.
2360 2552 2431 2564 -
2477 2526 2553 2577 At
2583 2526 2668 2578 illi
2718 2526 3100 2591 conducebant,
3144 2532 3249 2580 etc.
3285 2529 3395 2581 Hoc
3426 2528 3643 2581 faciunt

1944 2609 2209 2679 apostoli,
2253 2611 2484 2680 quando
2530 2627 2634 2681 per
2664 2613 2949 2681 subjectos
2980 2614 3085 2667 sibi
3118 2614 3429 2683 discipulos
3481 2617 3641 2671 verbi

1946 2697 2125 2751 divini
2175 2699 2396 2752 semina
2420 2716 2523 2769 per
2550 2701 2830 2754 mundum
2874 2709 3227 2771 sparserunt,
3255 2711 3321 2757 ut
3346 2706 3640 2775 operarios

1910 2780 1911 2785 “
1944 2786 2225 2840 voluntati
2258 2787 2357 2840 Dei
2404 2787 2643 2842 idoneos
2674 2789 3031 2844 auditoribus
3062 2793 3419 2861 praeﬁcerem
3448 2810 3462 2848 :
3500 2810 3639 2865 quo-

1942 2891 2071 2927 rum
2104 2875 2200 2929 alii
2258 2876 2537 2931 fabricant
2584 2877 2758 2947 ligna,
2792 2896 2921 2933 cum
2938 2896 2997 2933 se
3043 2886 3101 2934 et
3148 2881 3257 2934 sibi
3310 2882 3640 2939 obedientes

139 2967 451 3021 secundum
473 2966 963 3019 Hebrteosnomen
983 2972 1239 3019 mutatur
1260 2968 1317 3020 in
1350 2968 1553 3021 melius
1575 2969 1628 3022 ei
1661 2985 1673 3022 :
1700 2969 1835 3039 quia
1866 2970 1907 3024 C
1945 2962 2101 3032 ligna
2153 2964 2444 3018 fructifera
2471 2965 2531 3019 in
2587 2966 2755 3020 domo
2792 2968 2891 3021 Dei
2921 2975 3265 3039 prwparant.
3324 2972 3433 3025 Alii
3488 2977 3641 3027 sarta

140 3055 451 3109 secundum
479 3059 831 3125 praeceptum
856 3054 1082 3108 Domini
1111 3055 1405 3109 inﬁrmum
1429 3056 1689 3111 visitavit.

208 3146 370 3198 Vens.
418 3148 471 3197 7.
529 3174 596 3181 —
661 3144 968 3197 Adversum
994 3145 1165 3211 Jehu,
1220 3150 1326 3198 etc.
1376 3145 1521 3199 Jehu
1552 3146 1837 3215 signiﬁcat

132 3232 521 3301 principatum
567 3230 848 3299 gentium,
900 3246 1074 3301 quem
1107 3232 1365 3286 Christus
1414 3234 1721 3288 destinavit
1777 3234 1835 3287 in

132 3321 469 3389 sacrilegam
525 3319 831 3385 civitatem,
893 3336 1022 3389 quae
1059 3321 1369 3390 prophetas
1422 3327 1478 3376 et
1528 3323 1835 3376 Dominum

134 3410 546 3478 prophetarum
597 3408 825 3472 occidit,
870 3414 927 3461 et
952 3411 1239 3477 apostolos
1294 3416 1590 3479 persecuta
1622 3416 1738 3477 est;
1772 3417 1839 3465 ut

133 3514 257 3551 eam
306 3498 483 3566 digna
515 3496 730 3550 ultione
777 3496 1030 3567 puniret,
1087 3504 1145 3552 et
1188 3500 1447 3567 phanum
1476 3500 1833 3555 sacerdotum

131 3591 257 3653 post
286 3586 596 3638 adventum
632 3584 839 3638 Christi
886 3584 1221 3653 destrueret,
1266 3588 1663 3657 templumque
1695 3588 1834 3641 sub-

131 3680 383 3729 verteret
418 3692 430 3728 :
489 3680 544 3728 et
583 3675 821 3743 impiam
853 3690 1201 3745 synagogam
1234 3676 1574 3746 sanguinem
1632 3694 1834 3732 eorum

132 3765 421 3818 sitientem
478 3763 547 3817 de
580 3763 742 3833 regni
774 3763 1023 3816 culmine
1061 3763 1224 3833 quasi
1253 3764 1475 3818 Jezabel
1506 3765 1835 3837 prmcipita-

130 3858 232 3919 ret,
269 3857 329 3906 et
360 3852 542 3921 ipsius
570 3857 817 3905 rectores
848 3850 1213 3907 interﬁceret.

199 3943 367 3995 Vens.
429 3944 493 3994 10
522 3973 589 3980 -
628 3943 692 3995 Si
717 3942 936 4009 quidem
967 3942 1216 4007 Athalia,
1267 3948 1370 3995 etc.
1419 3943 1644 3997 Athalia
1700 3960 1830 4015 qua:

131 4046 326 4084 semen
362 4030 537 4083 David
585 4030 900 4083 conabatur
946 4030 1326 4100 exstinguere,
1358 4030 1660 4102 etjregiam
1701 4034 1837 4086 stir-

132 4136 265 4189 pem
321 4119 539 4188 delere,
597 4118 881 4189 signiﬁcat
930 4119 1283 4189 impietatem
1334 4119 1669 4190 Synagogaa,
1711 4137 1837 4191 quae

132 4225 235 4277 per
265 4207 589 4278 nequitiam
620 4208 825 4261 mentis
850 4207 1056 4261 semini
1089 4207 1295 4261 Christi
1335 4208 1643 4261 insidiatur
1673 4210 1839 4261 inex-

1946 3054 2095 3104 tecta
2138 3052 2436 3116 faciebant,
2485 3055 2715 3124 quando
2774 3055 2871 3109 illa
2910 3073 3039 3127 quae
3090 3074 3196 3127 per
3248 3059 3511 3115 haeresim
3553 3062 3641 3115 vel

1946 3139 2251 3194 schismata
2304 3146 2472 3211 rupta
2534 3143 2783 3212 fuerant,
2850 3146 3291 3201 reaediﬁcabant.
3334 3148 3446 3201 Alii
3508 3165 3642 3203 saxa

1945 3229 2193 3294 caadunt,
2228 3246 2355 3282 cum
2400 3230 2573 3284 duros
2596 3232 2787 3299 corde,
2837 3238 2893 3286 et
2921 3233 3243 3288 incredulos
3292 3236 3518 3291 fortiter
3548 3237 3638 3291 in-

1945 3322 2198 3387 crepant.
2244 3318 2357 3371 Alii
2388 3320 2617 3372 metalla
2644 3320 2779 3373 ferri
2808 3326 2866 3374 et
2894 3322 3044 3387 a‘ris,
3104 3339 3235 3377 cum
3283 3325 3456 3379 robur
3487 3326 3639 3393 ﬁdei,

1945 3411 2001 3459 et
2053 3406 2465 3460 confessionem
2551 3408 2845 3462 catholica;
2896 3410 3149 3464 veritatis
3193 3412 3265 3465 ab
3287 3429 3643 3485 unoquoque

1945 3498 2238 3563 expetunt,
2294 3496 2357 3546 ut
2382 3494 2696 3565 impleatur
2726 3496 2931 3550 domus
2976 3498 3098 3567 Dei,
3122 3500 3283 3569 juxta
3329 3502 3471 3556 illud
3506 3504 3643 3557 Uni-

1944 3584 2136 3649 cuique
2181 3586 2425 3636 nostrum
2457 3584 2591 3637 data
2649 3590 2727 3639 est
2772 3589 2957 3653 gratia
3005 3589 3297 3643 secundum
3334 3606 3641 3647 mensuram

1944 3670 2255 3724 donationis
2286 3672 2490 3726 Christi
2520 3672 2740 3741 (Ephes.
2775 3676 2873 3742 iv).

2018 3758 2178 3812 Vens.
2214 3760 2304 3813 14.
2341 3790 2409 3799 —
2434 3761 2716 3827 Reliquam
2742 3769 2953 3830 partem
2971 3766 3231 3831 pecuniae,
3265 3770 3370 3819 etc.
3410 3766 3646 3819 Videtur

1946 3845 2297 3898 contrarium
2351 3846 2501 3915 quod
2537 3847 2744 3916 legitur
2791 3849 2850 3902 in
2883 3849 3030 3902 libro
3085 3852 3355 3920 Regum:
3427 3855 3644 3908 Verum-

1948 3938 2125 3987 tamen
2152 3948 2257 3986 non
2286 3936 2487 4001 ﬁebant
2517 3950 2584 3987 em
2620 3936 2802 3989 eadem
2844 3940 3077 4005 pecunia
3104 3939 3318 4007 hydria?
3346 3942 3535 4011 templi
3593 3946 3644 3995 et

1945 4022 2230 4088 fuscinulz
2256 4022 2369 4091 (IV
2398 4024 2524 4089 Reg.
2576 4022 2700 4092 xu).
2735 4024 2841 4077 Sed
2894 4040 3008 4077 non
3053 4024 3144 4078 hic
3197 4025 3426 4090 dicitur,
3492 4030 3644 4100 quod

1948 4110 2016 4163 de
2046 4110 2245 4163 eadem
2276 4110 2519 4179 pecunia
2547 4127 2674 4181 quae
2699 4111 3043 4166 olferebatur
3073 4130 3107 4166 a
3161 4116 3376 4185 populo
3406 4116 3464 4169 in
3494 4121 3642 4171 tem-

1950 4199 2046 4269 plo
2081 4198 2313 4251 Domini
2372 4198 2443 4253 ad
2475 4199 2945 4255 instaurationem
2976 4202 3180 4256 domus
3226 4203 3325 4258 Dei
3353 4204 3499 4259 facta
3521 4205 3644 4260 fue-

136 4297 341 4351 orabili
371 4295 502 4349 odio
522 4297 779 4361 saeviens,
804 4312 933 4366 qua:
956 4296 1265 4366 aliquando
1283 4312 1523 4366 regnare
1537 4297 1803 4351 videbatu

2003 4291 2082 4340 int
2137 4302 2295 4339 sacra
2333 4304 2465 4341 vasa
2503 4287 2563 4341 in
2611 4288 2996 4344 ministerium
3023 4291 3227 4363 templi
3261 4296 3317 4347 et
3371 4293 3439 4348 ad
3484 4294 3645 4349 holo-

136 4400 264 4438 cum
298 4384 447 4453 legis
490 4384 861 4437 caeremonias
908 4383 1240 4453 temporalis
1271 4384 1623 4437 observabat.
1657 4385 1837 4437 Inter-

136 4479 403 4543 pretatur
456 4474 680 4526 Athalia
739 4473 1073 4543 temporalis
1121 4472 1372 4537 Domini,
1431 4473 1525 4526 sed
1576 4474 1841 4527 Josabeth

137 4562 479 4615 strenuitate
522 4564 674 4631 (qua:
720 4562 1132 4632 interpretatur
1165 4562 1433 4614 saturitas
1488 4560 1753 4627 Domini,’
1785 4561 1840 4614 id

138 4659 221 4704 est
279 4650 547 4705 Ecclesiae
606 4650 667 4703 in
724 4666 837 4720 qua
897 4654 1031 4703 sunt
1086 4666 1235 4703 vera:
1294 4649 1536 4715 deliciae)
1585 4654 1841 4704 servatur

134 4741 283 4805 Joas,
351 4738 456 4809 qui
519 4739 934 4808 interpretatur
980 4738 1259 4792 memoria
1312 4738 1562 4803 Domini,
1652 4739 1706 4791 id
1760 4743 1845 4792 est

136 4829 417 4894 Christus,
453 4827 514 4881 in
553 4844 667 4898 quo
707 4831 790 4881 est
823 4826 1101 4880 memoria
1140 4826 1392 4880 nominis
1440 4826 1710 4880 Domini:
1772 4844 1843 4881 ne

137 4933 239 4986 per
299 4915 699 4971 crudelitatem
756 4915 1038 4970 saevientis
1093 4914 1461 4969 interimatur
1516 4914 1576 4968 in
1616 4914 1841 4977 sanctis,

68 5010 75 5017 '
135 5005 228 5059 sed
282 5006 578 5059 nutriatur
609 5005 667 5057 in
714 5004 883 5057 domo
934 5004 1149 5058 Joiada:
1200 5002 1509 5073 pontificis,
1533 5002 1633 5072 qui
1664 5002 1845 5055 inter-

138 5098 404 5163 pretatur
430 5093 668 5146 dilectus
695 5091 941 5157 Domini,
962 5092 1018 5145 id
1037 5098 1121 5145 est
1135 5092 1412 5158 Christus,
1445 5091 1513 5145 de
1535 5106 1647 5161 quo
1680 5092 1849 5144 Pater

143 5182 265 5235 ait:
332 5184 436 5235 Hic
468 5187 545 5234 est
573 5183 746 5235 Filius
798 5196 944 5235 meus
972 5180 1219 5247 dilectus,
1278 5182 1339 5234 in
1390 5195 1493 5247 quo
1522 5180 1660 5233 mihi
1708 5194 1849 5233 com-

142 5272 332 5338 placui
357 5271 578 5336 (Matth.
621 5269 777 5338 xvn).
806 5270 979 5339 Cujus
1010 5270 1213 5324 domus
1252 5273 1335 5322 est
1366 5268 1630 5333 Ecclesia,
1662 5267 1761 5321 ubi
1792 5267 1850 5321 in

146 5359 255 5411 ﬁde
278 5360 593 5412 electorum
626 5373 865 5411 manens
886 5357 1143 5428 quotidie
1171 5357 1302 5411 facit
1324 5362 1695 5426 augmentum
1726 5373 1850 5409 cor-

147 5448 302 5515 poris
336 5446 444 5512 sui,
478 5450 543 5499 ut
563 5446 623 5499 in
659 5452 915 5515 tempore
934 5445 1137 5514 judicii
1169 5450 1455 5514 sceptrum
1487 5444 1649 5513 regni
1676 5449 1730 5496 et
1758 5460 1854 5512 po-

149 5536 392 5588 tentiam
432 5535 972 5588 extollatadversum
1004 5550 1099 5588 eos
1129 5533 1225 5605 qui
1256 5549 1389 5587 eum
1435 5532 1850 5602 deprimebant.

1948 4378 2161 4439 causta,
2223 4374 2321 4429 sed
2354 4375 2423 4429 de
2452 4376 2675 4446 reliqua
2711 4382 2874 4446 parte
2906 4380 3183 4449 pecuniae,
3218 4380 3274 4435 id
3317 4387 3421 4447 est,
3480 4382 3549 4437 de
3580 4398 3648 4436 ea

1949 4481 2078 4534 quae
2135 4463 2263 4517 aliis
2311 4463 2710 4518 donationibus
2746 4467 2953 4520 collata
2996 4467 3201 4523 fuerat.
3260 4470 3449 4525 Potuit
3492 4471 3647 4525 enim

1950 4552 2097 4619 ﬁeri,
2129 4557 2194 4606 ut
2241 4552 2299 4605 in
2348 4552 2583 4606 diversis
2614 4555 2974 4624 temporibus
3021 4556 3277 4626 pecuniae
3324 4559 3529 4613 oblata:
3555 4560 3649 4614 di-

1950 4658 2128 4695 versae
2201 4640 2432 4694 facturae
2482 4642 2781 4696 materiam
2831 4644 3173 4713 praeberent,
3214 4646 3361 4701 sicut
3408 4647 3520 4702 alia
3566 4654 3652 4703 est

1950 4728 2211 4784 doctrina
2240 4744 2352 4798 qua
2382 4728 2903 4783 rudesimbuuntur
2920 4732 2990 4785 ad
3019 4732 3209 4800 ﬁdem,
3240 4734 3351 4787 alia
3375 4750 3489 4805 qua
3518 4750 3648 4805 per-

1951 4817 2084 4872 fecti
2125 4817 2489 4870 instruuntur
2516 4817 2586 4871 ad
2618 4818 3058 4887 plenitudinem.

2027 4915 2192 4967 Vens.
2235 4915 2317 4967 18.
2369 4942 2436 4953 -
2476 4916 2547 4967 Et
2595 4917 2749 4980 facta
2788 4920 2865 4969 est
2894 4918 2998 4969 ira.
3038 4916 3221 4982 (Ras,
3296 4932 3363 4971 ex
3396 4918 3654 4990 Hieron.)

1953 5002 2208 5057 Tradunt
2241 5002 2465 5056 Hebraai
2506 5002 2793 5073 principes
2826 5002 2970 5056 .luda
3002 5020 3195 5074 regem
3228 5010 3291 5059 ut
3332 5007 3514 5061 Deum
3547 5009 3652 5063 ad-

1956 5107 2166 5155 orasse,
2203 5095 2259 5143 et
2290 5091 2449 5144 illum
2476 5091 2721 5144 libenter
2748 5092 3029 5160 accepisse
3083 5108 3095 5146 :
3132 5094 3282 5149 unde
3339 5096 3511 5151 nimis
3538 5098 3654 5151 Do-

1958 5180 2183 5234 minum
2215 5179 2468 5243 offendit,
2519 5185 2577 5233 et
2604 5179 2789 5232 subito
2845 5186 3113 5250 expertus
3161 5188 3246 5237 est
3274 5184 3417 5238 iram
3478 5202 3653 5257 quam

1961 5267 2192 5323 meruit.
2228 5268 2309 5322 Ob
2340 5268 2485 5321 hanc
2520 5268 2713 5322 'etiam
2770 5270 2995 5339 culpam
3059 5272 3305 5326 Herodes
3352 5273 3564 5344 legitur
3596 5277 3655 5329 in

1960 5355 2191 5409 Actibus
2221 5356 2604 5425 apostolorum
2624 5357 2691 5409 ab
2731 5359 2936 5427 angelo
2967 5374 3285 5427 percussus.

2033 5444 2190 5497 Vens.
2248 5447 2335 5497 ‘25.
2394 5474 2461 5482 —
2536 5445 2812 5499 Zachariae
2869 5448 2975 5514 ﬁlii
3022 5449 3259 5513 Joiadae,
3328 5456 3415 5504 etc
3473 5453 3663 5521 (Rem)

1968 5533 2240 5585 Dominus
2271 5533 2329 5585 in
2359 5534 2662 5602 Evangelia
2693 5535 3023 5589 Zachariam
3068 5538 3218 5591 inter
3281 5544 3560 5612 templum
3605 5550 3664 5597 et
