  <div class='ocr_page' id='page_1' title='image "/cluster/home/n/w/nwhite01/storage/ocr_20150623/113/hvd.32044054759782/349.png"; bbox 0 0 4062 6180; ppageno 0'>
   <div class='ocr_carea' id='block_1_1' title="bbox 473 223 574 276">
    <p class='ocr_par' dir='ltr' id='par_1_1' title="bbox 473 223 574 276">
     <span class='ocr_line' id='line_1_1' title="bbox 473 223 574 276; baseline -0.01 0"><span class='ocrx_word' id='word_1_1' title='bbox 473 223 574 276; x_wconf 86' lang='grc'>687</span> 
     </span>
    </p>
   </div>
   <div class='ocr_carea' id='block_1_2' title="bbox 1085 222 3296 284">
    <p class='ocr_par' dir='ltr' id='par_1_2' title="bbox 1085 222 3296 284">
     <span class='ocr_line' id='line_1_2' title="bbox 1085 222 3296 284; baseline 0.003 -8"><span class='ocrx_word' id='word_1_2' title='bbox 1085 222 1480 278; x_wconf 77' lang='lat' dir='ltr'>WALAFRIDI</span> <span class='ocrx_word' id='word_1_3' title='bbox 1517 223 1762 279; x_wconf 85' lang='lat' dir='ltr'>STRABI</span> <span class='ocrx_word' id='word_1_4' title='bbox 1802 224 1996 279; x_wconf 85' lang='lat' dir='ltr'>FULD.</span> <span class='ocrx_word' id='word_1_5' title='bbox 2040 223 2209 280; x_wconf 87' lang='lat' dir='ltr'>MON.</span> <span class='ocrx_word' id='word_1_6' title='bbox 2249 227 2400 284; x_wconf 90' lang='lat' dir='ltr'>OPP.</span> <span class='ocrx_word' id='word_1_7' title='bbox 2443 227 2617 282; x_wconf 80' lang='lat' dir='ltr'>PARS</span> <span class='ocrx_word' id='word_1_8' title='bbox 2654 228 2696 283; x_wconf 87' lang='grc' dir='ltr'>Ι.</span> <span class='ocrx_word' id='word_1_9' title='bbox 2739 257 2806 265; x_wconf 92' lang='grc'><strong>-</strong></span> <span class='ocrx_word' id='word_1_10' title='bbox 2845 226 3296 283; x_wconf 83' lang='lat' dir='ltr'>THEOLOGICA.</span> 
     </span>
    </p>
   </div>
   <div class='ocr_carea' id='block_1_3' title="bbox 3823 235 3910 288">
    <p class='ocr_par' dir='ltr' id='par_1_3' title="bbox 3823 235 3910 288">
     <span class='ocr_line' id='line_1_3' title="bbox 3823 235 3910 288; baseline -0.011 0"><span class='ocrx_word' id='word_1_11' title='bbox 3823 235 3910 288; x_wconf 84' lang='lat'><strong>688</strong></span> 
     </span>
    </p>
   </div>
   <div class='ocr_carea' id='block_1_4' title="bbox 473 345 3914 424">
    <p class='ocr_par' dir='ltr' id='par_1_4' title="bbox 473 345 3914 424">
     <span class='ocr_line' id='line_1_4' title="bbox 473 345 3914 424; baseline 0.002 -24"><span class='ocrx_word' id='word_1_12' title='bbox 473 346 648 400; x_wconf 88' lang='lat' dir='ltr'>altare</span> <span class='ocrx_word' id='word_1_13' title='bbox 697 345 944 400; x_wconf 88' lang='lat' dir='ltr'>occisum</span> <span class='ocrx_word' id='word_1_14' title='bbox 988 360 1332 411; x_wconf 86' lang='lat' dir='ltr'>memorans,</span> <span class='ocrx_word' id='word_1_15' title='bbox 1379 349 1506 411; x_wconf 87' lang='lat' dir='ltr'>etc.,</span> <span class='ocrx_word' id='word_1_16' title='bbox 1563 361 1732 414; x_wconf 87' lang='lat' dir='ltr'>usque</span> <span class='ocrx_word' id='word_1_17' title='bbox 1761 345 1835 398; x_wconf 85' lang='lat' dir='ltr'>ad</span> <span class='ocrx_word' id='word_1_18' title='bbox 1912 362 2040 416; x_wconf 89' lang='lat' dir='ltr'>qua</span> <span class='ocrx_word' id='word_1_19' title='bbox 2071 345 2163 400; x_wconf 89' lang='lat' dir='ltr'>Si—</span> <span class='ocrx_word' id='word_1_20' title='bbox 2190 349 2240 402; x_wconf 81' lang='grc' dir='ltr'><strong>Α</strong></span> <span class='ocrx_word' id='word_1_21' title='bbox 2277 347 2436 402; x_wconf 92' lang='lat' dir='ltr'>omni</span> <span class='ocrx_word' id='word_1_22' title='bbox 2464 348 2830 402; x_wconf 84' lang='lat' dir='ltr'>veneratione</span> <span class='ocrx_word' id='word_1_23' title='bbox 2878 348 3132 403; x_wconf 84' lang='lat' dir='ltr'>serviens</span> <span class='ocrx_word' id='word_1_24' title='bbox 3162 350 3222 402; x_wconf 89' lang='lat' dir='ltr'>in</span> <span class='ocrx_word' id='word_1_25' title='bbox 3261 349 3498 419; x_wconf 89' lang='lat' dir='ltr'>templo.</span> <span class='ocrx_word' id='word_1_26' title='bbox 3531 349 3632 405; x_wconf 90' lang='lat' dir='ltr'>Sed</span> <span class='ocrx_word' id='word_1_27' title='bbox 3662 357 3914 424; x_wconf 82' lang='lat' dir='ltr'>postquam</span> 
     </span>
    </p>
   </div>
   <div class='ocr_carea' id='block_1_5' title="bbox 471 434 2170 500">
    <p class='ocr_par' dir='ltr' id='par_1_5' title="bbox 471 434 2170 500">
     <span class='ocr_line' id='line_1_5' title="bbox 471 434 2170 500; baseline 0 -12"><span class='ocrx_word' id='word_1_28' title='bbox 471 434 625 488; x_wconf 91' lang='lat' dir='ltr'>loam</span> <span class='ocrx_word' id='word_1_29' title='bbox 666 435 881 500; x_wconf 90' lang='lat' dir='ltr'>dicunt,</span> <span class='ocrx_word' id='word_1_30' title='bbox 939 435 1113 488; x_wconf 88' lang='lat' dir='ltr'>rubra</span> <span class='ocrx_word' id='word_1_31' title='bbox 1139 450 1272 487; x_wconf 84' lang='lat' dir='ltr'>saxa</span> <span class='ocrx_word' id='word_1_32' title='bbox 1317 440 1700 488; x_wconf 78' lang='lat' dir='ltr'>monstrantes</span> <span class='ocrx_word' id='word_1_33' title='bbox 1731 434 2012 488; x_wconf 88' lang='lat' dir='ltr'>Zacharia</span> <span class='ocrx_word' id='word_1_34' title='bbox 2041 451 2170 488; x_wconf 88' lang='lat' dir='ltr'>san-</span> 
     </span>
    </p>
   </div>
   <div class='ocr_carea' id='block_1_6' title="bbox 473 523 1291 594">
    <p class='ocr_par' dir='ltr' id='par_1_6' title="bbox 473 523 1291 594">
     <span class='ocr_line' id='line_1_6' title="bbox 473 523 1291 594; baseline -0.002 -18"><span class='ocrx_word' id='word_1_35' title='bbox 473 523 646 594; x_wconf 89' lang='lat' dir='ltr'>guine</span> <span class='ocrx_word' id='word_1_36' title='bbox 677 527 880 593; x_wconf 88' lang='lat' dir='ltr'>putant</span> <span class='ocrx_word' id='word_1_37' title='bbox 911 539 1031 576; x_wconf 91' lang='lat' dir='ltr'>esse</span> <span class='ocrx_word' id='word_1_38' title='bbox 1052 523 1291 592; x_wconf 89' lang='lat' dir='ltr'>polluta.</span> 
     </span>
    </p>
   </div>
   <div class='ocr_carea' id='block_1_7' title="bbox 544 611 2173 676">
    <p class='ocr_par' dir='ltr' id='par_1_7' title="bbox 544 611 2173 676">
     <span class='ocr_line' id='line_1_7' title="bbox 544 611 2173 676; baseline 0.001 -13"><span class='ocrx_word' id='word_1_39' title='bbox 544 614 704 666; x_wconf 77' lang='lat' dir='ltr'>Vsus.</span> <span class='ocrx_word' id='word_1_40' title='bbox 763 615 852 666; x_wconf 81' lang='lat'>26.</span> <span class='ocrx_word' id='word_1_41' title='bbox 913 641 976 651; x_wconf 93' lang='lat'>—</span> <span class='ocrx_word' id='word_1_42' title='bbox 1036 611 1302 665; x_wconf 84' lang='lat' dir='ltr'>Insidiati</span> <span class='ocrx_word' id='word_1_43' title='bbox 1353 626 1476 665; x_wconf 74' lang='lat' dir='ltr'>vero</span> <span class='ocrx_word' id='word_1_44' title='bbox 1531 616 1677 676; x_wconf 85' lang='lat' dir='ltr'>sunt,</span> <span class='ocrx_word' id='word_1_45' title='bbox 1738 614 2173 666; x_wconf 86' lang='lat' dir='ltr'>etc.Asserunt</span> 
     </span>
    </p>
   </div>
   <div class='ocr_carea' id='block_1_8' title="bbox 473 699 2171 771">
    <p class='ocr_par' dir='ltr' id='par_1_8' title="bbox 473 699 2171 771">
     <span class='ocr_line' id='line_1_8' title="bbox 473 699 2171 771; baseline 0 -17"><span class='ocrx_word' id='word_1_46' title='bbox 473 700 694 754; x_wconf 86' lang='lat' dir='ltr'>Hebrai</span> <span class='ocrx_word' id='word_1_47' title='bbox 745 699 1104 753; x_wconf 84' lang='lat' dir='ltr'>Ammonitas</span> <span class='ocrx_word' id='word_1_48' title='bbox 1135 704 1190 752; x_wconf 91' lang='lat' dir='ltr'>et</span> <span class='ocrx_word' id='word_1_49' title='bbox 1233 699 1504 753; x_wconf 78' lang='lat' dir='ltr'>Moabitae</span> <span class='ocrx_word' id='word_1_50' title='bbox 1543 699 1840 754; x_wconf 82' lang='lat' dir='ltr'>insidiatos</span> <span class='ocrx_word' id='word_1_51' title='bbox 1887 716 2007 753; x_wconf 90' lang='lat' dir='ltr'>esse</span> <span class='ocrx_word' id='word_1_52' title='bbox 2046 699 2171 771; x_wconf 89' lang='lat' dir='ltr'>regi</span> 
     </span>
    </p>
   </div>
   <div class='ocr_carea' id='block_1_9' title="bbox 467 788 2170 858">
    <p class='ocr_par' dir='ltr' id='par_1_9' title="bbox 467 788 2170 858">
     <span class='ocr_line' id='line_1_9' title="bbox 467 788 2170 858; baseline 0 -16"><span class='ocrx_word' id='word_1_53' title='bbox 467 789 597 842; x_wconf 84' lang='lat' dir='ltr'>Joas</span> <span class='ocrx_word' id='word_1_54' title='bbox 644 804 749 857; x_wconf 86' lang='lat' dir='ltr'>pro</span> <span class='ocrx_word' id='word_1_55' title='bbox 806 788 1019 856; x_wconf 80' lang='lat' dir='ltr'>injusta</span> <span class='ocrx_word' id='word_1_56' title='bbox 1060 803 1196 840; x_wconf 84' lang='lat' dir='ltr'>nece</span> <span class='ocrx_word' id='word_1_57' title='bbox 1237 788 1517 841; x_wconf 88' lang='lat' dir='ltr'>Zacharia</span> <span class='ocrx_word' id='word_1_58' title='bbox 1579 788 1650 842; x_wconf 90' lang='lat' dir='ltr'>ad</span> <span class='ocrx_word' id='word_1_59' title='bbox 1707 789 2170 858; x_wconf 81' lang='lat' dir='ltr'>exaggerandam</span> 
     </span>
    </p>
   </div>
   <div class='ocr_carea' id='block_1_10' title="bbox 466 875 2167 946">
    <p class='ocr_par' dir='ltr' id='par_1_10' title="bbox 466 875 2167 946">
     <span class='ocr_line' id='line_1_10' title="bbox 466 875 2167 946; baseline 0.002 -18"><span class='ocrx_word' id='word_1_60' title='bbox 466 876 744 929; x_wconf 83' lang='lat' dir='ltr'>malitiam</span> <span class='ocrx_word' id='word_1_61' title='bbox 801 876 1214 940; x_wconf 86' lang='lat' dir='ltr'>Israelitarum,</span> <span class='ocrx_word' id='word_1_62' title='bbox 1267 875 1367 946; x_wconf 89' lang='lat' dir='ltr'>qui</span> <span class='ocrx_word' id='word_1_63' title='bbox 1418 876 1612 929; x_wconf 88' lang='lat' dir='ltr'>ulcisci</span> <span class='ocrx_word' id='word_1_64' title='bbox 1644 877 1954 930; x_wconf 88' lang='lat' dir='ltr'>noluerunt</span> <span class='ocrx_word' id='word_1_65' title='bbox 1983 893 2167 930; x_wconf 89' lang='lat' dir='ltr'>sacer—</span> 
     </span>
    </p>
   </div>
   <div class='ocr_carea' id='block_1_11' title="bbox 467 963 2093 1036">
    <p class='ocr_par' dir='ltr' id='par_1_11' title="bbox 467 963 2093 1036">
     <span class='ocr_line' id='line_1_11' title="bbox 467 963 2093 1036; baseline 0.002 -20"><span class='ocrx_word' id='word_1_66' title='bbox 467 963 658 1018; x_wconf 86' lang='lat' dir='ltr'>dotem</span> <span class='ocrx_word' id='word_1_67' title='bbox 687 963 995 1035; x_wconf 89' lang='lat' dir='ltr'>Dei,quem</span> <span class='ocrx_word' id='word_1_68' title='bbox 1027 965 1458 1018; x_wconf 79' lang='lat' dir='ltr'>vindicaverunt</span> <span class='ocrx_word' id='word_1_69' title='bbox 1486 964 1591 1018; x_wconf 92' lang='lat' dir='ltr'>ﬁlii</span> <span class='ocrx_word' id='word_1_70' title='bbox 1618 964 2093 1036; x_wconf 81' lang='lat' dir='ltr'>alienigenarum.</span> 
     </span>
    </p>
   </div>
   <div class='ocr_carea' id='block_1_12' title="bbox 1072 1053 1486 1107">
    <p class='ocr_par' dir='ltr' id='par_1_12' title="bbox 1072 1053 1486 1107">
     <span class='ocr_line' id='line_1_12' title="bbox 1072 1053 1486 1107; baseline 0 -1"><span class='ocrx_word' id='word_1_71' title='bbox 1072 1053 1298 1107; x_wconf 80' lang='lat' dir='ltr'><strong>CAPUT</strong></span> <span class='ocrx_word' id='word_1_72' title='bbox 1338 1053 1486 1106; x_wconf 87' lang='lat' dir='ltr'><strong>XXV.</strong></span> 
     </span>
    </p>
   </div>
   <div class='ocr_carea' id='block_1_13' title="bbox 537 1141 2165 1212">
    <p class='ocr_par' dir='ltr' id='par_1_13' title="bbox 537 1141 2165 1212">
     <span class='ocr_line' id='line_1_13' title="bbox 537 1141 2165 1212; baseline 0.001 -19"><span class='ocrx_word' id='word_1_73' title='bbox 537 1142 697 1195; x_wconf 74' lang='lat' dir='ltr'>Vrsas.</span> <span class='ocrx_word' id='word_1_74' title='bbox 761 1144 846 1195; x_wconf 84' lang='lat' dir='ltr'>ll.</span> <span class='ocrx_word' id='word_1_75' title='bbox 911 1171 972 1182; x_wconf 91' lang='lat'>—-</span> <span class='ocrx_word' id='word_1_76' title='bbox 1029 1144 1090 1195; x_wconf 88' lang='lat' dir='ltr'>In</span> <span class='ocrx_word' id='word_1_77' title='bbox 1163 1142 1356 1195; x_wconf 83' lang='lat' dir='ltr'>vallem</span> <span class='ocrx_word' id='word_1_78' title='bbox 1414 1141 1747 1208; x_wconf 85' lang='lat' dir='ltr'>Salinarum,</span> <span class='ocrx_word' id='word_1_79' title='bbox 1817 1145 1923 1195; x_wconf 86' lang='lat' dir='ltr'>etc.</span> <span class='ocrx_word' id='word_1_80' title='bbox 1986 1141 2165 1212; x_wconf 71' lang='grc' dir='ltr'>(ΗΑΒ.)</span> 
     </span>
    </p>
   </div>
   <div class='ocr_carea' id='block_1_14' title="bbox 467 1229 2166 1300">
    <p class='ocr_par' dir='ltr' id='par_1_14' title="bbox 467 1229 2166 1300">
     <span class='ocr_line' id='line_1_14' title="bbox 467 1229 2166 1300; baseline -0.001 -15"><span class='ocrx_word' id='word_1_81' title='bbox 467 1230 572 1285; x_wconf 89' lang='lat' dir='ltr'>Ubi</span> <span class='ocrx_word' id='word_1_82' title='bbox 601 1230 680 1283; x_wconf 90' lang='lat' dir='ltr'>sal</span> <span class='ocrx_word' id='word_1_83' title='bbox 727 1229 919 1292; x_wconf 91' lang='lat' dir='ltr'>ﬁebat,</span> <span class='ocrx_word' id='word_1_84' title='bbox 953 1230 1041 1283; x_wconf 85' lang='lat' dir='ltr'>vel</span> <span class='ocrx_word' id='word_1_85' title='bbox 1086 1229 1235 1283; x_wconf 86' lang='lat' dir='ltr'>fano</span> <span class='ocrx_word' id='word_1_86' title='bbox 1278 1230 1604 1300; x_wconf 89' lang='lat' dir='ltr'>salsuginis,</span> <span class='ocrx_word' id='word_1_87' title='bbox 1633 1235 1699 1284; x_wconf 88' lang='lat' dir='ltr'>ut</span> <span class='ocrx_word' id='word_1_88' title='bbox 1745 1231 1942 1284; x_wconf 90' lang='lat' dir='ltr'>multis</span> <span class='ocrx_word' id='word_1_89' title='bbox 1973 1231 2031 1283; x_wconf 90' lang='lat' dir='ltr'>in</span> <span class='ocrx_word' id='word_1_90' title='bbox 2079 1231 2166 1284; x_wconf 94' lang='lat' dir='ltr'>lo-</span> 
     </span>
    </p>
   </div>
   <div class='ocr_carea' id='block_1_15' title="bbox 464 1322 2164 1394">
    <p class='ocr_par' dir='ltr' id='par_1_15' title="bbox 464 1322 2164 1394">
     <span class='ocr_line' id='line_1_15' title="bbox 464 1322 2164 1394; baseline 0 -18"><span class='ocrx_word' id='word_1_91' title='bbox 464 1324 542 1376; x_wconf 88' lang='lat' dir='ltr'>cis</span> <span class='ocrx_word' id='word_1_92' title='bbox 566 1323 753 1376; x_wconf 92' lang='lat' dir='ltr'>deciso</span> <span class='ocrx_word' id='word_1_93' title='bbox 802 1327 857 1376; x_wconf 90' lang='lat' dir='ltr'>et</span> <span class='ocrx_word' id='word_1_94' title='bbox 896 1323 1104 1377; x_wconf 90' lang='lat' dir='ltr'>siccato</span> <span class='ocrx_word' id='word_1_95' title='bbox 1155 1328 1211 1376; x_wconf 89' lang='lat' dir='ltr'>et</span> <span class='ocrx_word' id='word_1_96' title='bbox 1256 1322 1512 1392; x_wconf 89' lang='lat' dir='ltr'>incenso,</span> <span class='ocrx_word' id='word_1_97' title='bbox 1545 1323 1631 1376; x_wconf 86' lang='lat' dir='ltr'>vel</span> <span class='ocrx_word' id='word_1_98' title='bbox 1665 1323 1826 1394; x_wconf 89' lang='lat' dir='ltr'>aquis</span> <span class='ocrx_word' id='word_1_99' title='bbox 1857 1327 2164 1393; x_wconf 88' lang='lat' dir='ltr'>puteorum</span> 
     </span>
    </p>
   </div>
   <div class='ocr_carea' id='block_1_16' title="bbox 465 1411 2167 1483">
    <p class='ocr_par' dir='ltr' id='par_1_16' title="bbox 465 1411 2167 1483">
     <span class='ocr_line' id='line_1_16' title="bbox 465 1411 2167 1483; baseline 0 -19"><span class='ocrx_word' id='word_1_100' title='bbox 465 1412 627 1466; x_wconf 87' lang='lat' dir='ltr'>salsis</span> <span class='ocrx_word' id='word_1_101' title='bbox 657 1411 990 1480; x_wconf 85' lang='lat' dir='ltr'>fervefactis,</span> <span class='ocrx_word' id='word_1_102' title='bbox 1021 1417 1078 1466; x_wconf 90' lang='lat' dir='ltr'>et</span> <span class='ocrx_word' id='word_1_103' title='bbox 1108 1412 1176 1466; x_wconf 90' lang='lat' dir='ltr'>ad</span> <span class='ocrx_word' id='word_1_104' title='bbox 1208 1411 1340 1465; x_wconf 92' lang='lat' dir='ltr'>salis</span> <span class='ocrx_word' id='word_1_105' title='bbox 1370 1412 1700 1465; x_wconf 89' lang='lat' dir='ltr'>ﬁrmitatem</span> <span class='ocrx_word' id='word_1_106' title='bbox 1727 1412 2023 1483; x_wconf 88' lang='lat' dir='ltr'>coquendo</span> <span class='ocrx_word' id='word_1_107' title='bbox 2044 1428 2167 1482; x_wconf 88' lang='lat' dir='ltr'>per-</span> 
     </span>
    </p>
   </div>
   <div class='ocr_carea' id='block_1_17' title="bbox 463 1500 2163 1567">
    <p class='ocr_par' dir='ltr' id='par_1_17' title="bbox 463 1500 2163 1567">
     <span class='ocr_line' id='line_1_17' title="bbox 463 1500 2163 1567; baseline -0.001 -13"><span class='ocrx_word' id='word_1_108' title='bbox 463 1501 663 1554; x_wconf 80' lang='lat' dir='ltr'>ductis.</span> <span class='ocrx_word' id='word_1_109' title='bbox 703 1501 797 1553; x_wconf 87' lang='lat' dir='ltr'>Vel</span> <span class='ocrx_word' id='word_1_110' title='bbox 831 1501 1015 1567; x_wconf 86' lang='lat' dir='ltr'>aliter,</span> <span class='ocrx_word' id='word_1_111' title='bbox 1052 1500 1147 1553; x_wconf 88' lang='lat' dir='ltr'>ubi</span> <span class='ocrx_word' id='word_1_112' title='bbox 1197 1504 1252 1552; x_wconf 87' lang='lat' dir='ltr'>et</span> <span class='ocrx_word' id='word_1_113' title='bbox 1307 1501 1446 1554; x_wconf 85' lang='lat' dir='ltr'>Joah</span> <span class='ocrx_word' id='word_1_114' title='bbox 1477 1500 1783 1554; x_wconf 82' lang='lat' dir='ltr'>duodecim</span> <span class='ocrx_word' id='word_1_115' title='bbox 1812 1501 1992 1553; x_wconf 87' lang='lat' dir='ltr'>millia</span> <span class='ocrx_word' id='word_1_116' title='bbox 2031 1501 2163 1553; x_wconf 87' lang='lat' dir='ltr'>Idu-</span> 
     </span>
    </p>
   </div>
   <div class='ocr_carea' id='block_1_18' title="bbox 2281 437 3917 508">
    <p class='ocr_par' dir='ltr' id='par_1_18' title="bbox 2281 437 3917 508">
     <span class='ocr_line' id='line_1_18' title="bbox 2281 437 3917 508; baseline 0.002 -16"><span class='ocrx_word' id='word_1_117' title='bbox 2281 438 2576 492; x_wconf 86' lang='lat' dir='ltr'>Zacharias</span> <span class='ocrx_word' id='word_1_118' title='bbox 2608 437 2770 506; x_wconf 91' lang='lat' dir='ltr'>obiit,</span> <span class='ocrx_word' id='word_1_119' title='bbox 2822 439 3014 492; x_wconf 91' lang='lat' dir='ltr'>volens</span> <span class='ocrx_word' id='word_1_120' title='bbox 3062 454 3165 508; x_wconf 88' lang='lat' dir='ltr'>per</span> <span class='ocrx_word' id='word_1_121' title='bbox 3220 455 3278 492; x_wconf 90' lang='lat' dir='ltr'>se</span> <span class='ocrx_word' id='word_1_122' title='bbox 3313 439 3517 493; x_wconf 74' lang='lat' dir='ltr'>offerre</span> <span class='ocrx_word' id='word_1_123' title='bbox 3573 439 3798 508; x_wconf 89' lang='lat' dir='ltr'>donaria,</span> <span class='ocrx_word' id='word_1_124' title='bbox 3843 460 3917 496; x_wconf 86' lang='lat' dir='ltr'>sa-</span> 
     </span>
    </p>
   </div>
   <div class='ocr_carea' id='block_1_19' title="bbox 2280 525 3917 597">
    <p class='ocr_par' dir='ltr' id='par_1_19' title="bbox 2280 525 3917 597">
     <span class='ocr_line' id='line_1_19' title="bbox 2280 525 3917 597; baseline 0.002 -19"><span class='ocrx_word' id='word_1_125' title='bbox 2280 525 2518 579; x_wconf 89' lang='lat' dir='ltr'>cerdotii</span> <span class='ocrx_word' id='word_1_126' title='bbox 2565 526 2909 595; x_wconf 89' lang='lat' dir='ltr'>dignitatem</span> <span class='ocrx_word' id='word_1_127' title='bbox 2949 543 3067 580; x_wconf 91' lang='lat' dir='ltr'>non</span> <span class='ocrx_word' id='word_1_128' title='bbox 3115 532 3233 580; x_wconf 89' lang='lat' dir='ltr'>tam</span> <span class='ocrx_word' id='word_1_129' title='bbox 3256 527 3349 596; x_wconf 92' lang='lat' dir='ltr'>pie</span> <span class='ocrx_word' id='word_1_130' title='bbox 3381 543 3554 597; x_wconf 89' lang='lat' dir='ltr'>quam</span> <span class='ocrx_word' id='word_1_131' title='bbox 3586 529 3820 582; x_wconf 85' lang='lat' dir='ltr'>audacter</span> <span class='ocrx_word' id='word_1_132' title='bbox 3842 529 3917 582; x_wconf 84' lang='lat' dir='ltr'>in-</span> 
     </span>
    </p>
   </div>
   <div class='ocr_carea' id='block_1_20' title="bbox 2279 614 3920 682">
    <p class='ocr_par' dir='ltr' id='par_1_20' title="bbox 2279 614 3920 682">
     <span class='ocr_line' id='line_1_20' title="bbox 2279 614 3920 682; baseline 0.002 -15"><span class='ocrx_word' id='word_1_133' title='bbox 2279 615 2441 682; x_wconf 86' lang='lat' dir='ltr'>vasit,</span> <span class='ocrx_word' id='word_1_134' title='bbox 2464 631 2569 668; x_wconf 90' lang='lat' dir='ltr'>nec</span> <span class='ocrx_word' id='word_1_135' title='bbox 2599 614 3044 669; x_wconf 88' lang='lat' dir='ltr'>reclamantibus</span> <span class='ocrx_word' id='word_1_136' title='bbox 3081 616 3284 670; x_wconf 87' lang='lat' dir='ltr'>Levitis</span> <span class='ocrx_word' id='word_1_137' title='bbox 3317 620 3373 669; x_wconf 91' lang='lat' dir='ltr'>et</span> <span class='ocrx_word' id='word_1_138' title='bbox 3417 616 3784 671; x_wconf 84' lang='lat' dir='ltr'>sacerdotibus</span> <span class='ocrx_word' id='word_1_139' title='bbox 3815 617 3920 670; x_wconf 89' lang='lat' dir='ltr'>obe-</span> 
     </span>
    </p>
   </div>
   <div class='ocr_carea' id='block_1_21' title="bbox 2277 703 3918 774">
    <p class='ocr_par' dir='ltr' id='par_1_21' title="bbox 2277 703 3918 774">
     <span class='ocr_line' id='line_1_21' title="bbox 2277 703 3918 774; baseline 0 -17"><span class='ocrx_word' id='word_1_140' title='bbox 2277 703 2419 757; x_wconf 90' lang='lat' dir='ltr'>divit</span> <span class='ocrx_word' id='word_1_141' title='bbox 2448 719 2463 757; x_wconf 89' lang='lat'><strong>:</strong></span> <span class='ocrx_word' id='word_1_142' title='bbox 2526 703 2677 756; x_wconf 86' lang='lat' dir='ltr'>unde</span> <span class='ocrx_word' id='word_1_143' title='bbox 2716 703 2877 772; x_wconf 88' lang='lat' dir='ltr'>lepra</span> <span class='ocrx_word' id='word_1_144' title='bbox 2905 703 2966 756; x_wconf 89' lang='lat' dir='ltr'>in</span> <span class='ocrx_word' id='word_1_145' title='bbox 2996 703 3183 756; x_wconf 86' lang='lat' dir='ltr'>fronte</span> <span class='ocrx_word' id='word_1_146' title='bbox 3220 719 3522 773; x_wconf 89' lang='lat' dir='ltr'>percussus</span> <span class='ocrx_word' id='word_1_147' title='bbox 3574 709 3654 756; x_wconf 92' lang='lat' dir='ltr'>est</span> <span class='ocrx_word' id='word_1_148' title='bbox 3679 720 3826 774; x_wconf 86' lang='lat' dir='ltr'>quam</span> <span class='ocrx_word' id='word_1_149' title='bbox 3851 721 3918 757; x_wconf 86' lang='lat' dir='ltr'>sa-</span> 
     </span>
    </p>
   </div>
   <div class='ocr_carea' id='block_1_22' title="bbox 2277 791 3920 862">
    <p class='ocr_par' dir='ltr' id='par_1_22' title="bbox 2277 791 3920 862">
     <span class='ocr_line' id='line_1_22' title="bbox 2277 791 3920 862; baseline 0 -17"><span class='ocrx_word' id='word_1_150' title='bbox 2277 791 2475 845; x_wconf 91' lang='lat' dir='ltr'>cerdos</span> <span class='ocrx_word' id='word_1_151' title='bbox 2526 791 2651 845; x_wconf 89' lang='lat' dir='ltr'>auri</span> <span class='ocrx_word' id='word_1_152' title='bbox 2691 791 2902 845; x_wconf 89' lang='lat' dir='ltr'>lamina</span> <span class='ocrx_word' id='word_1_153' title='bbox 2942 792 3294 862; x_wconf 85' lang='lat' dir='ltr'>protegebat,</span> <span class='ocrx_word' id='word_1_154' title='bbox 3349 808 3522 862; x_wconf 87' lang='lat' dir='ltr'>quam</span> <span class='ocrx_word' id='word_1_155' title='bbox 3574 792 3632 846; x_wconf 89' lang='lat' dir='ltr'>in</span> <span class='ocrx_word' id='word_1_156' title='bbox 3681 793 3920 846; x_wconf 85' lang='lat' dir='ltr'>Ezechiele</span> 
     </span>
    </p>
   </div>
   <div class='ocr_carea' id='block_1_23' title="bbox 2269 879 3806 951">
    <p class='ocr_par' dir='ltr' id='par_1_23' title="bbox 2269 879 3806 951">
     <span class='ocr_line' id='line_1_23' title="bbox 2269 879 3806 951; baseline -0.001 -18"><span class='ocrx_word' id='word_1_157' title='bbox 2269 880 2437 950; x_wconf 86' lang='lat' dir='ltr'>jubet</span> <span class='ocrx_word' id='word_1_158' title='bbox 2461 879 2738 934; x_wconf 92' lang='lat' dir='ltr'>Dominus</span> <span class='ocrx_word' id='word_1_159' title='bbox 2770 879 2928 934; x_wconf 89' lang='lat' dir='ltr'>Thau</span> <span class='ocrx_word' id='word_1_160' title='bbox 2957 880 3163 934; x_wconf 87' lang='lat' dir='ltr'>littera</span> <span class='ocrx_word' id='word_1_161' title='bbox 3193 880 3568 949; x_wconf 86' lang='lat' dir='ltr'>impressione</span> <span class='ocrx_word' id='word_1_162' title='bbox 3601 880 3806 951; x_wconf 86' lang='lat' dir='ltr'>signari.</span> 
     </span>
    </p>
   </div>
   <div class='ocr_carea' id='block_1_24' title="bbox 2348 968 3921 1040">
    <p class='ocr_par' dir='ltr' id='par_1_24' title="bbox 2348 968 3921 1040">
     <span class='ocr_line' id='line_1_24' title="bbox 2348 968 3921 1040; baseline 0.001 -19"><span class='ocrx_word' id='word_1_163' title='bbox 2348 970 2740 1037; x_wconf 83' lang='lat' dir='ltr'>Ingressusque</span> <span class='ocrx_word' id='word_1_164' title='bbox 2779 970 3032 1037; x_wconf 86' lang='lat' dir='ltr'>templum</span> <span class='ocrx_word' id='word_1_165' title='bbox 3082 970 3327 1034; x_wconf 88' lang='lat' dir='ltr'>Domini,</span> <span class='ocrx_word' id='word_1_166' title='bbox 3381 969 3520 1040; x_wconf 87' lang='lat' dir='ltr'>quia</span> <span class='ocrx_word' id='word_1_167' title='bbox 3570 968 3788 1024; x_wconf 90' lang='lat' dir='ltr'>indutus</span> <span class='ocrx_word' id='word_1_168' title='bbox 3812 971 3921 1022; x_wconf 83' lang='lat' dir='ltr'>stola</span> 
     </span>
    </p>
   </div>
   <div class='ocr_carea' id='block_1_25' title="bbox 2277 1057 3918 1113">
    <p class='ocr_par' dir='ltr' id='par_1_25' title="bbox 2277 1057 3918 1113">
     <span class='ocr_line' id='line_1_25' title="bbox 2277 1057 3918 1113; baseline 0 -3"><span class='ocrx_word' id='word_1_169' title='bbox 2277 1057 2612 1110; x_wconf 88' lang='lat' dir='ltr'>sacerdotali</span> <span class='ocrx_word' id='word_1_170' title='bbox 2679 1057 2924 1111; x_wconf 88' lang='lat' dir='ltr'>instante</span> <span class='ocrx_word' id='word_1_171' title='bbox 2954 1058 3198 1113; x_wconf 89' lang='lat' dir='ltr'>solemni</span> <span class='ocrx_word' id='word_1_172' title='bbox 3251 1057 3554 1112; x_wconf 82' lang='lat' dir='ltr'>festivitate</span> <span class='ocrx_word' id='word_1_173' title='bbox 3613 1058 3822 1111; x_wconf 84' lang='lat' dir='ltr'>intravit</span> <span class='ocrx_word' id='word_1_174' title='bbox 3875 1058 3918 1110; x_wconf 87' lang='lat' dir='ltr'>in</span> 
     </span>
    </p>
   </div>
   <div class='ocr_carea' id='block_1_26' title="bbox 2276 1145 3920 1216">
    <p class='ocr_par' dir='ltr' id='par_1_26' title="bbox 2276 1145 3920 1216">
     <span class='ocr_line' id='line_1_26' title="bbox 2276 1145 3920 1216; baseline -0.001 -16"><span class='ocrx_word' id='word_1_175' title='bbox 2276 1147 2556 1216; x_wconf 89' lang='lat' dir='ltr'>templum</span> <span class='ocrx_word' id='word_1_176' title='bbox 2579 1145 2675 1199; x_wconf 42' lang='lat' dir='ltr'>‘ad</span> <span class='ocrx_word' id='word_1_177' title='bbox 2703 1146 2879 1199; x_wconf 87' lang='lat' dir='ltr'>altare</span> <span class='ocrx_word' id='word_1_178' title='bbox 2909 1162 3171 1212; x_wconf 89' lang='lat' dir='ltr'>aureum,</span> <span class='ocrx_word' id='word_1_179' title='bbox 3229 1146 3527 1200; x_wconf 86' lang='lat' dir='ltr'>oblaturus</span> <span class='ocrx_word' id='word_1_180' title='bbox 3557 1146 3831 1200; x_wconf 89' lang='lat' dir='ltr'>incensum</span> <span class='ocrx_word' id='word_1_181' title='bbox 3855 1161 3920 1198; x_wconf 85' lang='lat' dir='ltr'>se-</span> 
     </span>
    </p>
   </div>
   <div class='ocr_carea' id='block_1_27' title="bbox 2276 1233 3920 1305">
    <p class='ocr_par' dir='ltr' id='par_1_27' title="bbox 2276 1233 3920 1305">
     <span class='ocr_line' id='line_1_27' title="bbox 2276 1233 3920 1305; baseline -0.001 -17"><span class='ocrx_word' id='word_1_182' title='bbox 2276 1235 2528 1289; x_wconf 89' lang='lat' dir='ltr'>cundum</span> <span class='ocrx_word' id='word_1_183' title='bbox 2555 1235 2886 1305; x_wconf 88' lang='lat' dir='ltr'>Josephum.</span> <span class='ocrx_word' id='word_1_184' title='bbox 2940 1235 3097 1289; x_wconf 92' lang='lat' dir='ltr'>Unde</span> <span class='ocrx_word' id='word_1_185' title='bbox 3139 1239 3271 1288; x_wconf 89' lang='lat' dir='ltr'>ante</span> <span class='ocrx_word' id='word_1_186' title='bbox 3306 1235 3592 1289; x_wconf 89' lang='lat' dir='ltr'>civitatem</span> <span class='ocrx_word' id='word_1_187' title='bbox 3633 1235 3818 1289; x_wconf 89' lang='lat' dir='ltr'>inloco</span> <span class='ocrx_word' id='word_1_188' title='bbox 3846 1233 3920 1304; x_wconf 90' lang='lat' dir='ltr'>qui</span> 
     </span>
    </p>
   </div>
   <div class='ocr_carea' id='block_1_28' title="bbox 2277 1323 3922 1394">
    <p class='ocr_par' dir='ltr' id='par_1_28' title="bbox 2277 1323 3922 1394">
     <span class='ocr_line' id='line_1_28' title="bbox 2277 1323 3922 1394; baseline -0.002 -16"><span class='ocrx_word' id='word_1_189' title='bbox 2277 1324 2485 1378; x_wconf 91' lang='lat' dir='ltr'>dicitur</span> <span class='ocrx_word' id='word_1_190' title='bbox 2521 1324 2725 1393; x_wconf 86' lang='lat' dir='ltr'>Eroge,</span> <span class='ocrx_word' id='word_1_191' title='bbox 2784 1323 2956 1376; x_wconf 89' lang='lat' dir='ltr'>scissa</span> <span class='ocrx_word' id='word_1_192' title='bbox 2984 1328 3072 1377; x_wconf 90' lang='lat' dir='ltr'>est</span> <span class='ocrx_word' id='word_1_193' title='bbox 3103 1323 3291 1377; x_wconf 90' lang='lat' dir='ltr'>media</span> <span class='ocrx_word' id='word_1_194' title='bbox 3341 1339 3472 1394; x_wconf 90' lang='lat' dir='ltr'>pars</span> <span class='ocrx_word' id='word_1_195' title='bbox 3519 1324 3723 1378; x_wconf 88' lang='lat' dir='ltr'>montis</span> <span class='ocrx_word' id='word_1_196' title='bbox 3752 1323 3813 1376; x_wconf 89' lang='lat' dir='ltr'>ad</span> <span class='ocrx_word' id='word_1_197' title='bbox 3848 1338 3922 1375; x_wconf 87' lang='lat' dir='ltr'>oc-</span> 
     </span>
    </p>
   </div>
   <div class='ocr_carea' id='block_1_29' title="bbox 2275 1412 3922 1483">
    <p class='ocr_par' dir='ltr' id='par_1_29' title="bbox 2275 1412 3922 1483">
     <span class='ocr_line' id='line_1_29' title="bbox 2275 1412 3922 1483; baseline -0.002 -17"><span class='ocrx_word' id='word_1_198' title='bbox 2275 1412 2580 1480; x_wconf 88' lang='lat' dir='ltr'>cidentem,</span> <span class='ocrx_word' id='word_1_199' title='bbox 2614 1418 2672 1466; x_wconf 89' lang='lat' dir='ltr'>et</span> <span class='ocrx_word' id='word_1_200' title='bbox 2701 1428 2805 1465; x_wconf 88' lang='lat' dir='ltr'>sua</span> <span class='ocrx_word' id='word_1_201' title='bbox 2842 1412 3194 1466; x_wconf 88' lang='lat' dir='ltr'>volubilitate</span> <span class='ocrx_word' id='word_1_202' title='bbox 3231 1428 3335 1483; x_wconf 89' lang='lat' dir='ltr'>per</span> <span class='ocrx_word' id='word_1_203' title='bbox 3371 1417 3622 1482; x_wconf 88' lang='lat' dir='ltr'>quatuor</span> <span class='ocrx_word' id='word_1_204' title='bbox 3643 1412 3804 1466; x_wconf 87' lang='lat' dir='ltr'>stadia</span> <span class='ocrx_word' id='word_1_205' title='bbox 3819 1427 3922 1481; x_wconf 88' lang='lat' dir='ltr'>pro-</span> 
     </span>
    </p>
   </div>
   <div class='ocr_carea' id='block_1_30' title="bbox 2277 1498 3925 1567">
    <p class='ocr_par' dir='ltr' id='par_1_30' title="bbox 2277 1498 3925 1567">
     <span class='ocr_line' id='line_1_30' title="bbox 2277 1498 3925 1567; baseline -0.002 -13"><span class='ocrx_word' id='word_1_206' title='bbox 2277 1500 2482 1554; x_wconf 90' lang='lat' dir='ltr'>cedens</span> <span class='ocrx_word' id='word_1_207' title='bbox 2512 1501 2584 1555; x_wconf 90' lang='lat' dir='ltr'>ad</span> <span class='ocrx_word' id='word_1_208' title='bbox 2632 1500 2971 1554; x_wconf 89' lang='lat' dir='ltr'>orientalem</span> <span class='ocrx_word' id='word_1_209' title='bbox 3030 1501 3238 1554; x_wconf 89' lang='lat' dir='ltr'>restitit</span> <span class='ocrx_word' id='word_1_210' title='bbox 3295 1507 3572 1567; x_wconf 88' lang='lat' dir='ltr'>montem,</span> <span class='ocrx_word' id='word_1_211' title='bbox 3628 1501 3702 1554; x_wconf 89' lang='lat' dir='ltr'>ita</span> <span class='ocrx_word' id='word_1_212' title='bbox 3729 1505 3787 1554; x_wconf 89' lang='lat' dir='ltr'>ut</span> <span class='ocrx_word' id='word_1_213' title='bbox 3833 1498 3925 1551; x_wconf 87' lang='lat' dir='ltr'>vias</span> 
     </span>
    </p>
   </div>
   <div class='ocr_carea' id='block_1_31' title="bbox 464 1580 3911 1682">
    <p class='ocr_par' dir='ltr' id='par_1_31' title="bbox 464 1580 3911 1682">
     <span class='ocr_line' id='line_1_31' title="bbox 464 1580 3911 1682; baseline -0.002 -38"><span class='ocrx_word' id='word_1_214' title='bbox 464 1606 745 1644; x_wconf 81' lang='lat' dir='ltr'>maorum</span> <span class='ocrx_word' id='word_1_215' title='bbox 776 1590 1123 1659; x_wconf 83' lang='lat' dir='ltr'>percussisse</span> <span class='ocrx_word' id='word_1_216' title='bbox 1163 1589 1394 1658; x_wconf 84' lang='lat' dir='ltr'>legitur.</span> <span class='ocrx_word' id='word_1_217' title='bbox 1421 1591 1529 1643; x_wconf 82' lang='lat' dir='ltr'>Pro</span> <span class='ocrx_word' id='word_1_218' title='bbox 1559 1591 1702 1643; x_wconf 88' lang='lat' dir='ltr'>valle</span> <span class='ocrx_word' id='word_1_219' title='bbox 1729 1594 1917 1643; x_wconf 90' lang='lat' dir='ltr'>autem</span> <span class='ocrx_word' id='word_1_220' title='bbox 1945 1590 2163 1644; x_wconf 89' lang='lat' dir='ltr'>Salina-</span> <span class='ocrx_word' id='word_1_221' title='bbox 2203 1628 2244 1682; x_wconf 79' lang='grc' dir='ltr'>Β</span> <span class='ocrx_word' id='word_1_222' title='bbox 2275 1590 2584 1655; x_wconf 89' lang='lat' dir='ltr'>clauderet,</span> <span class='ocrx_word' id='word_1_223' title='bbox 2642 1595 2698 1643; x_wconf 88' lang='lat' dir='ltr'>et</span> <span class='ocrx_word' id='word_1_224' title='bbox 2753 1590 2940 1659; x_wconf 86' lang='lat' dir='ltr'>regias</span> <span class='ocrx_word' id='word_1_225' title='bbox 2996 1590 3166 1644; x_wconf 85' lang='lat' dir='ltr'>urbes</span> <span class='ocrx_word' id='word_1_226' title='bbox 3198 1580 3590 1660; x_wconf 57' lang='lat' dir='ltr'>opprimeret.</span> <span class='ocrx_word' id='word_1_227' title='bbox 3629 1590 3820 1642; x_wconf 86' lang='lat' dir='ltr'>Volunt</span> <span class='ocrx_word' id='word_1_228' title='bbox 3853 1588 3911 1639; x_wconf 84' lang='lat' dir='ltr'>He</span> 
     </span>
    </p>
   </div>
   <div class='ocr_carea' id='block_1_32' title="bbox 463 1677 2158 1748">
    <p class='ocr_par' dir='ltr' id='par_1_32' title="bbox 463 1677 2158 1748">
     <span class='ocr_line' id='line_1_32' title="bbox 463 1677 2158 1748; baseline 0.004 -21"><span class='ocrx_word' id='word_1_229' title='bbox 463 1691 528 1728; x_wconf 89' lang='lat' dir='ltr'>ru</span> <span class='ocrx_word' id='word_1_230' title='bbox 539 1693 591 1728; x_wconf 90' lang='lat' dir='ltr'>m</span> <span class='ocrx_word' id='word_1_231' title='bbox 609 1677 958 1731; x_wconf 87' lang='lat' dir='ltr'>vetuseditio</span> <span class='ocrx_word' id='word_1_232' title='bbox 973 1677 1136 1748; x_wconf 89' lang='lat' dir='ltr'>quasi</span> <span class='ocrx_word' id='word_1_233' title='bbox 1155 1694 1362 1731; x_wconf 88' lang='lat' dir='ltr'>nomen</span> <span class='ocrx_word' id='word_1_234' title='bbox 1385 1678 1638 1747; x_wconf 85' lang='lat' dir='ltr'>regionis</span> <span class='ocrx_word' id='word_1_235' title='bbox 1652 1679 1845 1732; x_wconf 86' lang='lat' dir='ltr'>Gemel</span> <span class='ocrx_word' id='word_1_236' title='bbox 1873 1679 2158 1748; x_wconf 90' lang='lat' dir='ltr'>apposuit.</span> 
     </span>
    </p>
   </div>
   <div class='ocr_carea' id='block_1_33' title="bbox 536 1766 2162 1835">
    <p class='ocr_par' dir='ltr' id='par_1_33' title="bbox 536 1766 2162 1835">
     <span class='ocr_line' id='line_1_33' title="bbox 536 1766 2162 1835; baseline 0.002 -19"><span class='ocrx_word' id='word_1_237' title='bbox 536 1766 695 1819; x_wconf 75' lang='lat' dir='ltr'>Vens.</span> <span class='ocrx_word' id='word_1_238' title='bbox 753 1769 837 1820; x_wconf 83' lang='grc'>16.</span> <span class='ocrx_word' id='word_1_239' title='bbox 893 1797 961 1804; x_wconf 84' lang='lat'>——</span> <span class='ocrx_word' id='word_1_240' title='bbox 990 1767 1133 1832; x_wconf 84' lang='lat' dir='ltr'>Scio,</span> <span class='ocrx_word' id='word_1_241' title='bbox 1178 1768 1379 1834; x_wconf 78' lang='lat' dir='ltr'>inquit,</span> <span class='ocrx_word' id='word_1_242' title='bbox 1414 1767 1559 1835; x_wconf 84' lang='lat' dir='ltr'>quod</span> <span class='ocrx_word' id='word_1_243' title='bbox 1607 1769 1924 1834; x_wconf 64' lang='lat' dir='ltr'>cogitaverit</span> <span class='ocrx_word' id='word_1_244' title='bbox 1978 1767 2162 1820; x_wconf 89' lang='lat' dir='ltr'>Domi-</span> 
     </span>
    </p>
   </div>
   <div class='ocr_carea' id='block_1_34' title="bbox 462 1853 2159 1925">
    <p class='ocr_par' dir='ltr' id='par_1_34' title="bbox 462 1853 2159 1925">
     <span class='ocr_line' id='line_1_34' title="bbox 462 1853 2159 1925; baseline 0.001 -19"><span class='ocrx_word' id='word_1_245' title='bbox 462 1868 583 1920; x_wconf 85' lang='lat' dir='ltr'>nus,</span> <span class='ocrx_word' id='word_1_246' title='bbox 610 1859 715 1906; x_wconf 90' lang='lat' dir='ltr'>etc.</span> <span class='ocrx_word' id='word_1_247' title='bbox 768 1853 874 1917; x_wconf 88' lang='lat' dir='ltr'>Qui</span> <span class='ocrx_word' id='word_1_248' title='bbox 920 1854 1212 1907; x_wconf 90' lang='lat' dir='ltr'>neminem</span> <span class='ocrx_word' id='word_1_249' title='bbox 1263 1855 1384 1908; x_wconf 89' lang='lat' dir='ltr'>vult</span> <span class='ocrx_word' id='word_1_250' title='bbox 1412 1855 1621 1923; x_wconf 88' lang='lat' dir='ltr'>perire,</span> <span class='ocrx_word' id='word_1_251' title='bbox 1654 1855 1749 1908; x_wconf 91' lang='lat' dir='ltr'>sed</span> <span class='ocrx_word' id='word_1_252' title='bbox 1807 1871 1942 1908; x_wconf 92' lang='lat' dir='ltr'>eum</span> <span class='ocrx_word' id='word_1_253' title='bbox 1971 1854 2069 1925; x_wconf 93' lang='lat' dir='ltr'>qui</span> <span class='ocrx_word' id='word_1_254' title='bbox 2099 1854 2159 1908; x_wconf 91' lang='lat' dir='ltr'>in</span> 
     </span>
    </p>
   </div>
   <div class='ocr_carea' id='block_1_35' title="bbox 461 1942 2157 2013">
    <p class='ocr_par' dir='ltr' id='par_1_35' title="bbox 461 1942 2157 2013">
     <span class='ocr_line' id='line_1_35' title="bbox 461 1942 2157 2013; baseline 0.001 -19"><span class='ocrx_word' id='word_1_255' title='bbox 461 1947 694 2010; x_wconf 91' lang='lat' dir='ltr'>peccato</span> <span class='ocrx_word' id='word_1_256' title='bbox 725 1948 1071 2012; x_wconf 87' lang='lat' dir='ltr'>perseverat,</span> <span class='ocrx_word' id='word_1_257' title='bbox 1101 1944 1252 2013; x_wconf 88' lang='lat' dir='ltr'>juste</span> <span class='ocrx_word' id='word_1_258' title='bbox 1286 1942 1505 2013; x_wconf 87' lang='lat' dir='ltr'>judicio</span> <span class='ocrx_word' id='word_1_259' title='bbox 1548 1943 1800 1997; x_wconf 89' lang='lat' dir='ltr'>damnat.</span> <span class='ocrx_word' id='word_1_260' title='bbox 1843 1943 1978 1996; x_wconf 92' lang='lat' dir='ltr'>Ideo</span> <span class='ocrx_word' id='word_1_261' title='bbox 2018 1957 2157 2012; x_wconf 87' lang='lat' dir='ltr'>ergo</span> 
     </span>
    </p>
   </div>
   <div class='ocr_carea' id='block_1_36' title="bbox 463 2029 2160 2102">
    <p class='ocr_par' dir='ltr' id='par_1_36' title="bbox 463 2029 2160 2102">
     <span class='ocr_line' id='line_1_36' title="bbox 463 2029 2160 2102; baseline 0.001 -18"><span class='ocrx_word' id='word_1_262' title='bbox 463 2029 715 2084; x_wconf 83' lang='lat' dir='ltr'>Amasias</span> <span class='ocrx_word' id='word_1_263' title='bbox 769 2029 956 2099; x_wconf 88' lang='lat' dir='ltr'>periit,</span> <span class='ocrx_word' id='word_1_264' title='bbox 991 2031 1124 2101; x_wconf 88' lang='lat' dir='ltr'>quia</span> <span class='ocrx_word' id='word_1_265' title='bbox 1169 2031 1495 2085; x_wconf 88' lang='lat' dir='ltr'>admonitus</span> <span class='ocrx_word' id='word_1_266' title='bbox 1539 2047 1646 2101; x_wconf 89' lang='lat' dir='ltr'>per</span> <span class='ocrx_word' id='word_1_267' title='bbox 1698 2032 2041 2102; x_wconf 88' lang='lat' dir='ltr'>prophetam</span> <span class='ocrx_word' id='word_1_268' title='bbox 2095 2036 2160 2085; x_wconf 87' lang='lat' dir='ltr'>ut</span> 
     </span>
    </p>
   </div>
   <div class='ocr_carea' id='block_1_37' title="bbox 462 2119 2158 2191">
    <p class='ocr_par' dir='ltr' id='par_1_37' title="bbox 462 2119 2158 2191">
     <span class='ocr_line' id='line_1_37' title="bbox 462 2119 2158 2191; baseline 0.003 -21"><span class='ocrx_word' id='word_1_269' title='bbox 462 2122 656 2186; x_wconf 89' lang='lat' dir='ltr'>ageret</span> <span class='ocrx_word' id='word_1_270' title='bbox 719 2119 1136 2187; x_wconf 78' lang='lat' dir='ltr'>paenitentiam,</span> <span class='ocrx_word' id='word_1_271' title='bbox 1196 2135 1312 2173; x_wconf 89' lang='lat' dir='ltr'>non</span> <span class='ocrx_word' id='word_1_272' title='bbox 1382 2119 1654 2186; x_wconf 90' lang='lat' dir='ltr'>obedivit,</span> <span class='ocrx_word' id='word_1_273' title='bbox 1702 2120 1800 2174; x_wconf 92' lang='lat' dir='ltr'>sed</span> <span class='ocrx_word' id='word_1_274' title='bbox 1861 2136 2041 2191; x_wconf 91' lang='lat' dir='ltr'>usque</span> <span class='ocrx_word' id='word_1_275' title='bbox 2085 2120 2158 2175; x_wconf 93' lang='lat' dir='ltr'>ad</span> 
     </span>
    </p>
   </div>
   <div class='ocr_carea' id='block_1_38' title="bbox 461 2206 1002 2277">
    <p class='ocr_par' dir='ltr' id='par_1_38' title="bbox 461 2206 1002 2277">
     <span class='ocr_line' id='line_1_38' title="bbox 461 2206 1002 2277; baseline 0.004 -17"><span class='ocrx_word' id='word_1_276' title='bbox 461 2206 636 2260; x_wconf 89' lang='lat' dir='ltr'>ﬁnem</span> <span class='ocrx_word' id='word_1_277' title='bbox 665 2207 1002 2277; x_wconf 89' lang='lat' dir='ltr'>permansit.</span> 
     </span>
    </p>
   </div>
   <div class='ocr_carea' id='block_1_39' title="bbox 533 2296 2153 2366">
    <p class='ocr_par' dir='ltr' id='par_1_39' title="bbox 533 2296 2153 2366">
     <span class='ocr_line' id='line_1_39' title="bbox 533 2296 2153 2366; baseline 0.002 -19"><span class='ocrx_word' id='word_1_278' title='bbox 533 2297 696 2349; x_wconf 76' lang='lat' dir='ltr'>Vsus.</span> <span class='ocrx_word' id='word_1_279' title='bbox 732 2299 814 2350; x_wconf 85' lang='grc'>18.</span> <span class='ocrx_word' id='word_1_280' title='bbox 849 2326 919 2337; x_wconf 90' lang='grc'><strong>-</strong></span> <span class='ocrx_word' id='word_1_281' title='bbox 950 2298 1198 2353; x_wconf 87' lang='lat' dir='ltr'>Carduus</span> <span class='ocrx_word' id='word_1_282' title='bbox 1233 2299 1348 2366; x_wconf 91' lang='lat' dir='ltr'>qui,</span> <span class='ocrx_word' id='word_1_283' title='bbox 1398 2302 1503 2351; x_wconf 90' lang='lat' dir='ltr'>etc.</span> <span class='ocrx_word' id='word_1_284' title='bbox 1532 2299 1685 2351; x_wconf 82' lang='lat' dir='ltr'>Hanc</span> <span class='ocrx_word' id='word_1_285' title='bbox 1714 2296 2153 2351; x_wconf 86' lang='lat' dir='ltr'>similitudinem</span> 
     </span>
    </p>
   </div>
   <div class='ocr_carea' id='block_1_40' title="bbox 461 2383 2152 2455">
    <p class='ocr_par' dir='ltr' id='par_1_40' title="bbox 461 2383 2152 2455">
     <span class='ocr_line' id='line_1_40' title="bbox 461 2383 2152 2455; baseline 0.001 -18"><span class='ocrx_word' id='word_1_286' title='bbox 461 2383 698 2437; x_wconf 89' lang='lat' dir='ltr'>innuit:</span> <span class='ocrx_word' id='word_1_287' title='bbox 761 2385 897 2455; x_wconf 86' lang='lat' dir='ltr'>quia</span> <span class='ocrx_word' id='word_1_288' title='bbox 953 2386 1210 2439; x_wconf 82' lang='lat' dir='ltr'>Amasias</span> <span class='ocrx_word' id='word_1_289' title='bbox 1255 2385 1624 2438; x_wconf 88' lang='lat' dir='ltr'>nobilissimis</span> <span class='ocrx_word' id='word_1_290' title='bbox 1654 2389 1810 2439; x_wconf 90' lang='lat' dir='ltr'>ortus</span> <span class='ocrx_word' id='word_1_291' title='bbox 1864 2386 2152 2439; x_wconf 88' lang='lat' dir='ltr'>natalibus</span> 
     </span>
    </p>
   </div>
   <div class='ocr_carea' id='block_1_41' title="bbox 463 2472 2151 2544">
    <p class='ocr_par' dir='ltr' id='par_1_41' title="bbox 463 2472 2151 2544">
     <span class='ocr_line' id='line_1_41' title="bbox 463 2472 2151 2544; baseline 0.001 -19"><span class='ocrx_word' id='word_1_292' title='bbox 463 2472 532 2526; x_wconf 89' lang='lat' dir='ltr'>de</span> <span class='ocrx_word' id='word_1_293' title='bbox 582 2472 758 2543; x_wconf 89' lang='lat' dir='ltr'>stirpe</span> <span class='ocrx_word' id='word_1_294' title='bbox 803 2473 981 2528; x_wconf 90' lang='lat' dir='ltr'>David</span> <span class='ocrx_word' id='word_1_295' title='bbox 1011 2474 1265 2540; x_wconf 88' lang='lat' dir='ltr'>veniens,</span> <span class='ocrx_word' id='word_1_296' title='bbox 1299 2479 1534 2544; x_wconf 87' lang='lat' dir='ltr'>propter</span> <span class='ocrx_word' id='word_1_297' title='bbox 1558 2473 1896 2528; x_wconf 67' lang='lat' dir='ltr'>idololatriae</span> <span class='ocrx_word' id='word_1_298' title='bbox 1928 2472 2151 2526; x_wconf 70' lang='lat' dir='ltr'>{adita-</span> 
     </span>
    </p>
   </div>
   <div class='ocr_carea' id='block_1_42' title="bbox 461 2560 2151 2631">
    <p class='ocr_par' dir='ltr' id='par_1_42' title="bbox 461 2560 2151 2631">
     <span class='ocr_line' id='line_1_42' title="bbox 461 2560 2151 2631; baseline 0.002 -19"><span class='ocrx_word' id='word_1_299' title='bbox 461 2564 575 2612; x_wconf 90' lang='lat' dir='ltr'>tem</span> <span class='ocrx_word' id='word_1_300' title='bbox 600 2560 814 2629; x_wconf 89' lang='lat' dir='ltr'>degens</span> <span class='ocrx_word' id='word_1_301' title='bbox 855 2565 912 2614; x_wconf 90' lang='lat' dir='ltr'>et</span> <span class='ocrx_word' id='word_1_302' title='bbox 962 2560 1089 2614; x_wconf 89' lang='lat' dir='ltr'>vilis</span> <span class='ocrx_word' id='word_1_303' title='bbox 1123 2562 1303 2615; x_wconf 87' lang='lat' dir='ltr'>factus</span> <span class='ocrx_word' id='word_1_304' title='bbox 1331 2561 1625 2631; x_wconf 87' lang='lat' dir='ltr'>propriam</span> <span class='ocrx_word' id='word_1_305' title='bbox 1674 2577 2001 2616; x_wconf 89' lang='lat' dir='ltr'>mensuram</span> <span class='ocrx_word' id='word_1_306' title='bbox 2035 2577 2151 2616; x_wconf 92' lang='lat' dir='ltr'>non</span> 
     </span>
    </p>
   </div>
   <div class='ocr_carea' id='block_1_43' title="bbox 453 2648 2147 2721">
    <p class='ocr_par' dir='ltr' id='par_1_43' title="bbox 453 2648 2147 2721">
     <span class='ocr_line' id='line_1_43' title="bbox 453 2648 2147 2721; baseline 0.002 -21"><span class='ocrx_word' id='word_1_307' title='bbox 453 2648 794 2716; x_wconf 89' lang='lat' dir='ltr'>considerat,</span> <span class='ocrx_word' id='word_1_308' title='bbox 826 2648 922 2702; x_wconf 90' lang='lat' dir='ltr'>sed</span> <span class='ocrx_word' id='word_1_309' title='bbox 953 2650 1103 2702; x_wconf 89' lang='lat' dir='ltr'>ultra</span> <span class='ocrx_word' id='word_1_310' title='bbox 1123 2651 1361 2704; x_wconf 89' lang='lat' dir='ltr'>modum</span> <span class='ocrx_word' id='word_1_311' title='bbox 1378 2650 1662 2721; x_wconf 90' lang='lat' dir='ltr'>superbia</span> <span class='ocrx_word' id='word_1_312' title='bbox 1684 2650 1832 2704; x_wconf 85' lang='lat' dir='ltr'>fastu</span> <span class='ocrx_word' id='word_1_313' title='bbox 1855 2667 1912 2704; x_wconf 92' lang='lat' dir='ltr'>se</span> <span class='ocrx_word' id='word_1_314' title='bbox 1945 2651 2147 2704; x_wconf 89' lang='lat' dir='ltr'>elevat.</span> 
     </span>
    </p>
   </div>
   <div class='ocr_carea' id='block_1_44' title="bbox 524 2738 2152 2809">
    <p class='ocr_par' dir='ltr' id='par_1_44' title="bbox 524 2738 2152 2809">
     <span class='ocr_line' id='line_1_44' title="bbox 524 2738 2152 2809; baseline 0.002 -21"><span class='ocrx_word' id='word_1_315' title='bbox 524 2738 686 2791; x_wconf 69' lang='lat' dir='ltr'>Vens.</span> <span class='ocrx_word' id='word_1_316' title='bbox 729 2740 820 2790; x_wconf 77' lang='lat' dir='ltr'>2i.</span> <span class='ocrx_word' id='word_1_317' title='bbox 872 2768 940 2776; x_wconf 89' lang='lat'>-—</span> <span class='ocrx_word' id='word_1_318' title='bbox 980 2739 1306 2792; x_wconf 84' lang='lat' dir='ltr'>Bethsames.</span> <span class='ocrx_word' id='word_1_319' title='bbox 1360 2738 1545 2807; x_wconf 75' lang='grc' dir='ltr'>(ΗΑΒ.)</span> <span class='ocrx_word' id='word_1_320' title='bbox 1575 2740 1637 2792; x_wconf 93' lang='lat' dir='ltr'>In</span> <span class='ocrx_word' id='word_1_321' title='bbox 1671 2739 1892 2809; x_wconf 82' lang='lat' dir='ltr'>Regum</span> <span class='ocrx_word' id='word_1_322' title='bbox 1941 2738 2152 2792; x_wconf 91' lang='lat' dir='ltr'>dicitur</span> 
     </span>
    </p>
   </div>
   <div class='ocr_carea' id='block_1_45' title="bbox 455 2824 2149 2897">
    <p class='ocr_par' dir='ltr' id='par_1_45' title="bbox 455 2824 2149 2897">
     <span class='ocr_line' id='line_1_45' title="bbox 455 2824 2149 2897; baseline 0.002 -20"><span class='ocrx_word' id='word_1_323' title='bbox 455 2825 784 2878; x_wconf 89' lang='lat' dir='ltr'>Bethsames</span> <span class='ocrx_word' id='word_1_324' title='bbox 813 2824 1092 2895; x_wconf 89' lang='lat' dir='ltr'>oppidum</span> <span class='ocrx_word' id='word_1_325' title='bbox 1115 2825 1272 2879; x_wconf 82' lang='lat' dir='ltr'>Juda</span> <span class='ocrx_word' id='word_1_326' title='bbox 1312 2841 1324 2878; x_wconf 93' lang='lat'>:</span> <span class='ocrx_word' id='word_1_327' title='bbox 1363 2826 1499 2896; x_wconf 85' lang='lat' dir='ltr'>quia</span> <span class='ocrx_word' id='word_1_328' title='bbox 1524 2827 1776 2896; x_wconf 87' lang='lat' dir='ltr'>pertinet</span> <span class='ocrx_word' id='word_1_329' title='bbox 1807 2827 1879 2881; x_wconf 92' lang='lat' dir='ltr'>ad</span> <span class='ocrx_word' id='word_1_330' title='bbox 1905 2842 2149 2897; x_wconf 89' lang='lat' dir='ltr'>regnum</span> 
     </span>
    </p>
   </div>
   <div class='ocr_carea' id='block_1_46' title="bbox 450 2911 2216 2987">
    <p class='ocr_par' dir='ltr' id='par_1_46' title="bbox 450 2911 2216 2987">
     <span class='ocr_line' id='line_1_46' title="bbox 450 2911 2216 2987; baseline 0 -21"><span class='ocrx_word' id='word_1_331' title='bbox 450 2913 632 2979; x_wconf 87' lang='lat' dir='ltr'>Juda,</span> <span class='ocrx_word' id='word_1_332' title='bbox 681 2913 734 2967; x_wconf 91' lang='lat' dir='ltr'>id</span> <span class='ocrx_word' id='word_1_333' title='bbox 769 2917 871 2982; x_wconf 90' lang='lat' dir='ltr'>est,</span> <span class='ocrx_word' id='word_1_334' title='bbox 907 2914 977 2967; x_wconf 90' lang='lat' dir='ltr'>ad</span> <span class='ocrx_word' id='word_1_335' title='bbox 1026 2914 1168 2968; x_wconf 88' lang='lat' dir='ltr'>duas</span> <span class='ocrx_word' id='word_1_336' title='bbox 1223 2915 1408 2969; x_wconf 89' lang='lat' dir='ltr'>tribus</span> <span class='ocrx_word' id='word_1_337' title='bbox 1456 2916 1662 2987; x_wconf 90' lang='lat' dir='ltr'>quibus</span> <span class='ocrx_word' id='word_1_338' title='bbox 1705 2915 2024 2986; x_wconf 86' lang='lat' dir='ltr'>imperabat</span> <span class='ocrx_word' id='word_1_339' title='bbox 2053 2917 2150 2970; x_wconf 95' lang='lat' dir='ltr'>do-</span> <span class='ocrx_word' id='word_1_340' title='bbox 2177 2911 2216 2966; x_wconf 93' lang='lat' dir='ltr'>C</span> 
     </span>
    </p>
   </div>
   <div class='ocr_carea' id='block_1_47' title="bbox 451 3001 2150 3075">
    <p class='ocr_par' dir='ltr' id='par_1_47' title="bbox 451 3001 2150 3075">
     <span class='ocr_line' id='line_1_47' title="bbox 451 3001 2150 3075; baseline 0.002 -20"><span class='ocrx_word' id='word_1_341' title='bbox 451 3018 578 3055; x_wconf 86' lang='lat' dir='ltr'>mus</span> <span class='ocrx_word' id='word_1_342' title='bbox 612 3001 815 3067; x_wconf 89' lang='lat' dir='ltr'>David;</span> <span class='ocrx_word' id='word_1_343' title='bbox 876 3003 973 3056; x_wconf 90' lang='lat' dir='ltr'>sed</span> <span class='ocrx_word' id='word_1_344' title='bbox 1013 3003 1328 3057; x_wconf 91' lang='lat' dir='ltr'>secundum</span> <span class='ocrx_word' id='word_1_345' title='bbox 1377 3004 1550 3058; x_wconf 88' lang='lat' dir='ltr'>situm</span> <span class='ocrx_word' id='word_1_346' title='bbox 1603 3005 1862 3058; x_wconf 91' lang='lat' dir='ltr'>locorum</span> <span class='ocrx_word' id='word_1_347' title='bbox 1899 3005 2150 3075; x_wconf 88' lang='lat' dir='ltr'>pertinet</span> 
     </span>
    </p>
   </div>
   <div class='ocr_carea' id='block_1_48' title="bbox 451 3091 1116 3161">
    <p class='ocr_par' dir='ltr' id='par_1_48' title="bbox 451 3091 1116 3161">
     <span class='ocr_line' id='line_1_48' title="bbox 451 3091 1116 3161; baseline 0.005 -18"><span class='ocrx_word' id='word_1_348' title='bbox 451 3091 520 3145; x_wconf 90' lang='lat' dir='ltr'>ad</span> <span class='ocrx_word' id='word_1_349' title='bbox 551 3091 762 3145; x_wconf 86' lang='lat' dir='ltr'>tribum</span> <span class='ocrx_word' id='word_1_350' title='bbox 797 3092 1116 3161; x_wconf 90' lang='lat' dir='ltr'>Benjamin.</span> 
     </span>
    </p>
   </div>
   <div class='ocr_carea' id='block_1_49' title="bbox 519 3179 2148 3249">
    <p class='ocr_par' dir='ltr' id='par_1_49' title="bbox 519 3179 2148 3249">
     <span class='ocr_line' id='line_1_49' title="bbox 519 3179 2148 3249; baseline 0.001 -17"><span class='ocrx_word' id='word_1_351' title='bbox 519 3180 682 3233; x_wconf 73' lang='lat' dir='ltr'>Vens.</span> <span class='ocrx_word' id='word_1_352' title='bbox 740 3179 828 3233; x_wconf 58' lang='lat'>231-.</span> <span class='ocrx_word' id='word_1_353' title='bbox 863 3209 932 3220; x_wconf 92' lang='lat'><strong><em>—</em></strong></span> <span class='ocrx_word' id='word_1_354' title='bbox 963 3183 1034 3234; x_wconf 85' lang='lat' dir='ltr'>Et</span> <span class='ocrx_word' id='word_1_355' title='bbox 1079 3181 1230 3249; x_wconf 84' lang='lat' dir='ltr'>apud</span> <span class='ocrx_word' id='word_1_356' title='bbox 1259 3181 1575 3248; x_wconf 84' lang='lat' dir='ltr'>Obededom,</span> <span class='ocrx_word' id='word_1_357' title='bbox 1601 3187 1710 3236; x_wconf 89' lang='lat' dir='ltr'>etc.</span> <span class='ocrx_word' id='word_1_358' title='bbox 1737 3183 1884 3246; x_wconf 86' lang='lat' dir='ltr'>Quia</span> <span class='ocrx_word' id='word_1_359' title='bbox 1913 3198 2031 3234; x_wconf 90' lang='lat' dir='ltr'>non</span> <span class='ocrx_word' id='word_1_360' title='bbox 2062 3198 2148 3235; x_wconf 93' lang='lat' dir='ltr'>so-</span> 
     </span>
    </p>
   </div>
   <div class='ocr_carea' id='block_1_50' title="bbox 451 3268 2147 3340">
    <p class='ocr_par' dir='ltr' id='par_1_50' title="bbox 451 3268 2147 3340">
     <span class='ocr_line' id='line_1_50' title="bbox 451 3268 2147 3340; baseline 0.002 -20"><span class='ocrx_word' id='word_1_361' title='bbox 451 3268 573 3321; x_wconf 90' lang='lat' dir='ltr'>lum</span> <span class='ocrx_word' id='word_1_362' title='bbox 630 3283 766 3320; x_wconf 89' lang='lat' dir='ltr'>vasa</span> <span class='ocrx_word' id='word_1_363' title='bbox 808 3268 1039 3321; x_wconf 87' lang='lat' dir='ltr'>abstulit</span> <span class='ocrx_word' id='word_1_364' title='bbox 1086 3285 1214 3338; x_wconf 89' lang='lat' dir='ltr'>qua</span> <span class='ocrx_word' id='word_1_365' title='bbox 1259 3268 1319 3321; x_wconf 92' lang='lat' dir='ltr'>in</span> <span class='ocrx_word' id='word_1_366' title='bbox 1375 3269 1544 3322; x_wconf 91' lang='lat' dir='ltr'>domo</span> <span class='ocrx_word' id='word_1_367' title='bbox 1598 3270 1704 3322; x_wconf 89' lang='lat' dir='ltr'>Dei</span> <span class='ocrx_word' id='word_1_368' title='bbox 1759 3271 1995 3340; x_wconf 90' lang='lat' dir='ltr'>reperit,</span> <span class='ocrx_word' id='word_1_369' title='bbox 2048 3270 2147 3323; x_wconf 91' lang='lat' dir='ltr'>sed</span> 
     </span>
    </p>
   </div>
   <div class='ocr_carea' id='block_1_51' title="bbox 449 3354 2146 3425">
    <p class='ocr_par' dir='ltr' id='par_1_51' title="bbox 449 3354 2146 3425">
     <span class='ocr_line' id='line_1_51' title="bbox 449 3354 2146 3425; baseline 0.002 -18"><span class='ocrx_word' id='word_1_370' title='bbox 449 3354 620 3407; x_wconf 90' lang='lat' dir='ltr'>etiam</span> <span class='ocrx_word' id='word_1_371' title='bbox 664 3354 762 3407; x_wconf 92' lang='lat' dir='ltr'>illa</span> <span class='ocrx_word' id='word_1_372' title='bbox 815 3370 943 3424; x_wconf 90' lang='lat' dir='ltr'>qua</span> <span class='ocrx_word' id='word_1_373' title='bbox 997 3355 1374 3408; x_wconf 76' lang='lat' dir='ltr'>observabant</span> <span class='ocrx_word' id='word_1_374' title='bbox 1422 3355 1696 3425; x_wconf 90' lang='lat' dir='ltr'>janitores</span> <span class='ocrx_word' id='word_1_375' title='bbox 1773 3363 1830 3410; x_wconf 92' lang='lat' dir='ltr'>et</span> <span class='ocrx_word' id='word_1_376' title='bbox 1883 3357 2146 3412; x_wconf 86' lang='lat' dir='ltr'>custodes</span> 
     </span>
    </p>
   </div>
   <div class='ocr_carea' id='block_1_52' title="bbox 444 3441 2144 3515">
    <p class='ocr_par' dir='ltr' id='par_1_52' title="bbox 444 3441 2144 3515">
     <span class='ocr_line' id='line_1_52' title="bbox 444 3441 2144 3515; baseline 0.003 -22"><span class='ocrx_word' id='word_1_377' title='bbox 444 3441 667 3511; x_wconf 87' lang='lat' dir='ltr'>templi.</span> <span class='ocrx_word' id='word_1_378' title='bbox 700 3443 764 3494; x_wconf 89' lang='lat' dir='ltr'>In</span> <span class='ocrx_word' id='word_1_379' title='bbox 798 3443 1018 3511; x_wconf 81' lang='lat' dir='ltr'>Regum</span> <span class='ocrx_word' id='word_1_380' title='bbox 1049 3447 1238 3495; x_wconf 90' lang='lat' dir='ltr'>autem</span> <span class='ocrx_word' id='word_1_381' title='bbox 1287 3442 1519 3512; x_wconf 84' lang='lat' dir='ltr'>legitur,</span> <span class='ocrx_word' id='word_1_382' title='bbox 1552 3443 1708 3513; x_wconf 87' lang='lat' dir='ltr'>quod</span> <span class='ocrx_word' id='word_1_383' title='bbox 1758 3444 1930 3498; x_wconf 84' lang='lat' dir='ltr'>David</span> <span class='ocrx_word' id='word_1_384' title='bbox 1973 3444 2144 3515; x_wconf 88' lang='lat' dir='ltr'>elegit</span> 
     </span>
    </p>
   </div>
   <div class='ocr_carea' id='block_1_53' title="bbox 445 3529 2145 3600">
    <p class='ocr_par' dir='ltr' id='par_1_53' title="bbox 445 3529 2145 3600">
     <span class='ocr_line' id='line_1_53' title="bbox 445 3529 2145 3600; baseline 0.002 -17"><span class='ocrx_word' id='word_1_385' title='bbox 445 3530 514 3583; x_wconf 90' lang='lat' dir='ltr'>de</span> <span class='ocrx_word' id='word_1_386' title='bbox 549 3529 682 3583; x_wconf 94' lang='lat' dir='ltr'>ﬁliis</span> <span class='ocrx_word' id='word_1_387' title='bbox 709 3530 1035 3584; x_wconf 87' lang='lat' dir='ltr'>Obededom</span> <span class='ocrx_word' id='word_1_388' title='bbox 1072 3530 1429 3600; x_wconf 78' lang='lat' dir='ltr'>septuaginta</span> <span class='ocrx_word' id='word_1_389' title='bbox 1465 3531 1577 3585; x_wconf 92' lang='lat' dir='ltr'>duo</span> <span class='ocrx_word' id='word_1_390' title='bbox 1600 3531 1666 3584; x_wconf 92' lang='lat' dir='ltr'>ad</span> <span class='ocrx_word' id='word_1_391' title='bbox 1699 3531 2145 3586; x_wconf 88' lang='lat' dir='ltr'>ministrandum</span> 
     </span>
    </p>
   </div>
   <div class='ocr_carea' id='block_1_54' title="bbox 445 3617 1504 3688">
    <p class='ocr_par' dir='ltr' id='par_1_54' title="bbox 445 3617 1504 3688">
     <span class='ocr_line' id='line_1_54' title="bbox 445 3617 1504 3688; baseline 0.001 -17"><span class='ocrx_word' id='word_1_392' title='bbox 445 3617 506 3671; x_wconf 89' lang='lat' dir='ltr'>in</span> <span class='ocrx_word' id='word_1_393' title='bbox 527 3618 695 3671; x_wconf 91' lang='lat' dir='ltr'>domo</span> <span class='ocrx_word' id='word_1_394' title='bbox 715 3617 835 3686; x_wconf 89' lang='lat' dir='ltr'>Dei,</span> <span class='ocrx_word' id='word_1_395' title='bbox 860 3623 913 3671; x_wconf 89' lang='lat' dir='ltr'>et</span> <span class='ocrx_word' id='word_1_396' title='bbox 940 3618 1252 3672; x_wconf 86' lang='lat' dir='ltr'>custodiam</span> <span class='ocrx_word' id='word_1_397' title='bbox 1285 3618 1504 3688; x_wconf 83' lang='lat' dir='ltr'>templi.</span> 
     </span>
    </p>
   </div>
   <div class='ocr_carea' id='block_1_55' title="bbox 514 3706 2141 3780">
    <p class='ocr_par' dir='ltr' id='par_1_55' title="bbox 514 3706 2141 3780">
     <span class='ocr_line' id='line_1_55' title="bbox 514 3706 2141 3780; baseline 0.003 -22"><span class='ocrx_word' id='word_1_398' title='bbox 514 3707 676 3760; x_wconf 76' lang='lat' dir='ltr'>Vens.</span> <span class='ocrx_word' id='word_1_399' title='bbox 708 3709 795 3761; x_wconf 83' lang='lat'>27.</span> <span class='ocrx_word' id='word_1_400' title='bbox 856 3737 919 3747; x_wconf 92' lang='lat'><strong><em>—</em></strong></span> <span class='ocrx_word' id='word_1_401' title='bbox 969 3706 1075 3772; x_wconf 82' lang='lat' dir='ltr'>Qui</span> <span class='ocrx_word' id='word_1_402' title='bbox 1115 3711 1407 3777; x_wconf 81' lang='lat' dir='ltr'>postquam</span> <span class='ocrx_word' id='word_1_403' title='bbox 1434 3711 1671 3763; x_wconf 76' lang='lat' dir='ltr'>recessit.</span> <span class='ocrx_word' id='word_1_404' title='bbox 1717 3709 1792 3762; x_wconf 84' lang='lat' dir='ltr'>Ex</span> <span class='ocrx_word' id='word_1_405' title='bbox 1839 3724 1954 3778; x_wconf 93' lang='lat' dir='ltr'>quo</span> <span class='ocrx_word' id='word_1_406' title='bbox 2007 3725 2141 3780; x_wconf 90' lang='lat' dir='ltr'>pro-</span> 
     </span>
    </p>
   </div>
   <div class='ocr_carea' id='block_1_56' title="bbox 441 3794 2142 3866">
    <p class='ocr_par' dir='ltr' id='par_1_56' title="bbox 441 3794 2142 3866">
     <span class='ocr_line' id='line_1_56' title="bbox 441 3794 2142 3866; baseline 0.002 -18"><span class='ocrx_word' id='word_1_407' title='bbox 441 3795 630 3866; x_wconf 88' lang='lat' dir='ltr'>pheta</span> <span class='ocrx_word' id='word_1_408' title='bbox 653 3795 952 3848; x_wconf 90' lang='lat' dir='ltr'>consilium</span> <span class='ocrx_word' id='word_1_409' title='bbox 975 3810 1088 3848; x_wconf 92' lang='lat' dir='ltr'>non</span> <span class='ocrx_word' id='word_1_410' title='bbox 1113 3794 1347 3859; x_wconf 88' lang='lat' dir='ltr'>audivit,</span> <span class='ocrx_word' id='word_1_411' title='bbox 1376 3811 1563 3866; x_wconf 88' lang='lat' dir='ltr'>neque</span> <span class='ocrx_word' id='word_1_412' title='bbox 1578 3797 1646 3849; x_wconf 89' lang='lat' dir='ltr'>ad</span> <span class='ocrx_word' id='word_1_413' title='bbox 1673 3797 1982 3851; x_wconf 89' lang='lat' dir='ltr'>Dominum</span> <span class='ocrx_word' id='word_1_414' title='bbox 2012 3814 2142 3852; x_wconf 90' lang='lat' dir='ltr'>con-</span> 
     </span>
    </p>
   </div>
   <div class='ocr_carea' id='block_1_57' title="bbox 440 3881 2140 3953">
    <p class='ocr_par' dir='ltr' id='par_1_57' title="bbox 440 3881 2140 3953">
     <span class='ocr_line' id='line_1_57' title="bbox 440 3881 2140 3953; baseline 0.005 -20"><span class='ocrx_word' id='word_1_415' title='bbox 440 3881 584 3934; x_wconf 85' lang='lat' dir='ltr'>verti</span> <span class='ocrx_word' id='word_1_416' title='bbox 638 3882 842 3948; x_wconf 74' lang='lat' dir='ltr'>voluit,</span> <span class='ocrx_word' id='word_1_417' title='bbox 875 3882 1197 3952; x_wconf 88' lang='lat' dir='ltr'>conjuratio</span> <span class='ocrx_word' id='word_1_418' title='bbox 1258 3889 1579 3953; x_wconf 87' lang='lat' dir='ltr'>praparata</span> <span class='ocrx_word' id='word_1_419' title='bbox 1608 3890 1692 3938; x_wconf 91' lang='lat' dir='ltr'>est</span> <span class='ocrx_word' id='word_1_420' title='bbox 1720 3890 1776 3939; x_wconf 91' lang='lat' dir='ltr'>et</span> <span class='ocrx_word' id='word_1_421' title='bbox 1807 3886 2000 3946; x_wconf 87' lang='lat' dir='ltr'>dilata,</span> <span class='ocrx_word' id='word_1_422' title='bbox 2044 3886 2140 3941; x_wconf 90' lang='lat' dir='ltr'>do-</span> 
     </span>
    </p>
   </div>
   <div class='ocr_carea' id='block_1_58' title="bbox 439 3971 1596 4042">
    <p class='ocr_par' dir='ltr' id='par_1_58' title="bbox 439 3971 1596 4042">
     <span class='ocr_line' id='line_1_58' title="bbox 439 3971 1596 4042; baseline 0.003 -19"><span class='ocrx_word' id='word_1_423' title='bbox 439 3984 546 4025; x_wconf 89' lang='lat' dir='ltr'>nec</span> <span class='ocrx_word' id='word_1_424' title='bbox 576 3971 642 4025; x_wconf 90' lang='lat' dir='ltr'>ad</span> <span class='ocrx_word' id='word_1_425' title='bbox 667 3972 1223 4026; x_wconf 88' lang='lat' dir='ltr'>consummationem</span> <span class='ocrx_word' id='word_1_426' title='bbox 1255 3974 1596 4042; x_wconf 87' lang='lat' dir='ltr'>perveniret.</span> 
     </span>
    </p>
   </div>
   <div class='ocr_carea' id='block_1_59' title="bbox 1077 4062 1496 4116">
    <p class='ocr_par' dir='ltr' id='par_1_59' title="bbox 1077 4062 1496 4116">
     <span class='ocr_line' id='line_1_59' title="bbox 1077 4062 1496 4116; baseline 0.002 -1"><span class='ocrx_word' id='word_1_427' title='bbox 1077 4062 1302 4115; x_wconf 85' lang='lat' dir='ltr'>CAPUT</span> <span class='ocrx_word' id='word_1_428' title='bbox 1322 4063 1496 4116; x_wconf 84' lang='lat' dir='ltr'>XXVI.</span> 
     </span>
    </p>
   </div>
   <div class='ocr_carea' id='block_1_60' title="bbox 502 4148 2138 4220">
    <p class='ocr_par' dir='ltr' id='par_1_60' title="bbox 502 4148 2138 4220">
     <span class='ocr_line' id='line_1_60' title="bbox 502 4148 2138 4220; baseline 0.004 -21"><span class='ocrx_word' id='word_1_429' title='bbox 502 4148 668 4200; x_wconf 75' lang='lat' dir='ltr'>Vnus.</span> <span class='ocrx_word' id='word_1_430' title='bbox 741 4151 791 4201; x_wconf 91' lang='lat'>3.</span> <span class='ocrx_word' id='word_1_431' title='bbox 842 4177 910 4188; x_wconf 89' lang='lat'>—</span> <span class='ocrx_word' id='word_1_432' title='bbox 985 4149 1145 4204; x_wconf 78' lang='lat' dir='ltr'>Ozias</span> <span class='ocrx_word' id='word_1_433' title='bbox 1169 4165 1289 4202; x_wconf 86' lang='lat' dir='ltr'>cum</span> <span class='ocrx_word' id='word_1_434' title='bbox 1331 4165 1557 4220; x_wconf 85' lang='lat' dir='ltr'>regnare</span> <span class='ocrx_word' id='word_1_435' title='bbox 1609 4152 1872 4219; x_wconf 62' lang='lat' dir='ltr'>coepisset.</span> <span class='ocrx_word' id='word_1_436' title='bbox 1923 4150 2028 4214; x_wconf 86' lang='lat' dir='ltr'>Qui</span> <span class='ocrx_word' id='word_1_437' title='bbox 2081 4154 2138 4205; x_wconf 89' lang='lat' dir='ltr'>et</span> 
     </span>
    </p>
   </div>
   <div class='ocr_carea' id='block_1_61' title="bbox 2272 1676 3922 1748">
    <p class='ocr_par' dir='ltr' id='par_1_61' title="bbox 2272 1676 3922 1748">
     <span class='ocr_line' id='line_1_61' title="bbox 2272 1676 3922 1748; baseline -0.003 -16"><span class='ocrx_word' id='word_1_438' title='bbox 2272 1679 2414 1732; x_wconf 87' lang='lat' dir='ltr'>brai</span> <span class='ocrx_word' id='word_1_439' title='bbox 2471 1679 2530 1732; x_wconf 88' lang='lat' dir='ltr'>in</span> <span class='ocrx_word' id='word_1_440' title='bbox 2561 1694 2712 1732; x_wconf 88' lang='lat' dir='ltr'>anno</span> <span class='ocrx_word' id='word_1_441' title='bbox 2757 1678 3034 1748; x_wconf 90' lang='lat' dir='ltr'>vigesimo</span> <span class='ocrx_word' id='word_1_442' title='bbox 3089 1678 3289 1748; x_wconf 89' lang='lat' dir='ltr'>quinto</span> <span class='ocrx_word' id='word_1_443' title='bbox 3341 1679 3492 1733; x_wconf 87' lang='lat' dir='ltr'>Ozia</span> <span class='ocrx_word' id='word_1_444' title='bbox 3537 1679 3647 1734; x_wconf 92' lang='lat' dir='ltr'>hoc</span> <span class='ocrx_word' id='word_1_445' title='bbox 3677 1676 3922 1740; x_wconf 88' lang='lat' dir='ltr'>accidisse,</span> 
     </span>
    </p>
   </div>
   <div class='ocr_carea' id='block_1_62' title="bbox 2271 1766 3473 1837">
    <p class='ocr_par' dir='ltr' id='par_1_62' title="bbox 2271 1766 3473 1837">
     <span class='ocr_line' id='line_1_62' title="bbox 2271 1766 3473 1837; baseline -0.002 -17"><span class='ocrx_word' id='word_1_446' title='bbox 2271 1769 2433 1836; x_wconf 84' lang='lat' dir='ltr'>cujus</span> <span class='ocrx_word' id='word_1_447' title='bbox 2453 1766 2660 1836; x_wconf 90' lang='lat' dir='ltr'>reliqui</span> <span class='ocrx_word' id='word_1_448' title='bbox 2683 1768 2820 1819; x_wconf 89' lang='lat' dir='ltr'>anni</span> <span class='ocrx_word' id='word_1_449' title='bbox 2851 1771 2983 1819; x_wconf 89' lang='lat' dir='ltr'>sunt</span> <span class='ocrx_word' id='word_1_450' title='bbox 3013 1766 3216 1836; x_wconf 88' lang='lat' dir='ltr'>viginti</span> <span class='ocrx_word' id='word_1_451' title='bbox 3235 1772 3473 1837; x_wconf 88' lang='lat' dir='ltr'>septem.</span> 
     </span>
    </p>
   </div>
   <div class='ocr_carea' id='block_1_63' title="bbox 2247 1845 3922 1924">
    <p class='ocr_par' dir='ltr' id='par_1_63' title="bbox 2247 1845 3922 1924">
     <span class='ocr_line' id='line_1_63' title="bbox 2247 1845 3922 1924; baseline -0.004 -16"><span class='ocrx_word' id='word_1_452' title='bbox 2247 1845 2256 1854; x_wconf 77' lang='grc'><em>’</em></span> <span class='ocrx_word' id='word_1_453' title='bbox 2342 1855 2620 1924; x_wconf 83' lang='lat' dir='ltr'>Regnavit</span> <span class='ocrx_word' id='word_1_454' title='bbox 2677 1853 2837 1906; x_wconf 83' lang='lat' dir='ltr'>Ozias</span> <span class='ocrx_word' id='word_1_455' title='bbox 2892 1852 3056 1906; x_wconf 88' lang='lat' dir='ltr'>annis</span> <span class='ocrx_word' id='word_1_456' title='bbox 3108 1853 3527 1922; x_wconf 83' lang='lat' dir='ltr'>quinquaginta</span> <span class='ocrx_word' id='word_1_457' title='bbox 3561 1852 3793 1916; x_wconf 90' lang='lat' dir='ltr'>duobus,</span> <span class='ocrx_word' id='word_1_458' title='bbox 3837 1865 3922 1921; x_wconf 90' lang='lat' dir='ltr'>quo</span> 
     </span>
    </p>
   </div>
   <div class='ocr_carea' id='block_1_64' title="bbox 2268 1940 3926 2014">
    <p class='ocr_par' dir='ltr' id='par_1_64' title="bbox 2268 1940 3926 2014">
     <span class='ocr_line' id='line_1_64' title="bbox 2268 1940 3926 2014; baseline -0.004 -17"><span class='ocrx_word' id='word_1_459' title='bbox 2268 1947 2528 2014; x_wconf 88' lang='lat' dir='ltr'>tempore</span> <span class='ocrx_word' id='word_1_460' title='bbox 2588 1943 2740 2012; x_wconf 88' lang='lat' dir='ltr'>apud</span> <span class='ocrx_word' id='word_1_461' title='bbox 2796 1941 3024 1995; x_wconf 87' lang='lat' dir='ltr'>Latinos</span> <span class='ocrx_word' id='word_1_462' title='bbox 3065 1942 3357 2008; x_wconf 83' lang='lat' dir='ltr'>Amulcus,</span> <span class='ocrx_word' id='word_1_463' title='bbox 3393 1942 3542 2012; x_wconf 88' lang='lat' dir='ltr'>apud</span> <span class='ocrx_word' id='word_1_464' title='bbox 3591 1940 3926 1996; x_wconf 86' lang='lat' dir='ltr'>Athenienses</span> 
     </span>
    </p>
   </div>
   <div class='ocr_carea' id='block_1_65' title="bbox 2267 2028 3924 2102">
    <p class='ocr_par' dir='ltr' id='par_1_65' title="bbox 2267 2028 3924 2102">
     <span class='ocr_line' id='line_1_65' title="bbox 2267 2028 3924 2102; baseline -0.004 -16"><span class='ocrx_word' id='word_1_465' title='bbox 2267 2034 2606 2102; x_wconf 82' lang='lat' dir='ltr'>Agamestor</span> <span class='ocrx_word' id='word_1_466' title='bbox 2643 2030 3023 2100; x_wconf 88' lang='lat' dir='ltr'>imperabant,</span> <span class='ocrx_word' id='word_1_467' title='bbox 3083 2046 3197 2100; x_wconf 90' lang='lat' dir='ltr'>quo</span> <span class='ocrx_word' id='word_1_468' title='bbox 3239 2036 3468 2084; x_wconf 90' lang='lat' dir='ltr'>mortuo</span> <span class='ocrx_word' id='word_1_469' title='bbox 3497 2030 3642 2085; x_wconf 89' lang='lat' dir='ltr'>vidit</span> <span class='ocrx_word' id='word_1_470' title='bbox 3697 2029 3850 2084; x_wconf 87' lang='lat' dir='ltr'>Isaias</span> <span class='ocrx_word' id='word_1_471' title='bbox 3870 2028 3924 2079; x_wconf 80' lang='lat' dir='ltr'>vi-</span> 
     </span>
    </p>
   </div>
   <div class='ocr_carea' id='block_1_66' title="bbox 2266 2119 3925 2190">
    <p class='ocr_par' dir='ltr' id='par_1_66' title="bbox 2266 2119 3925 2190">
     <span class='ocr_line' id='line_1_66' title="bbox 2266 2119 3925 2190; baseline -0.004 -16"><span class='ocrx_word' id='word_1_472' title='bbox 2266 2121 2484 2174; x_wconf 87' lang='lat' dir='ltr'>sionem</span> <span class='ocrx_word' id='word_1_473' title='bbox 2530 2119 2676 2173; x_wconf 88' lang='lat' dir='ltr'>sicut</span> <span class='ocrx_word' id='word_1_474' title='bbox 2723 2119 2844 2189; x_wconf 91' lang='lat' dir='ltr'>ipse</span> <span class='ocrx_word' id='word_1_475' title='bbox 2877 2123 3139 2183; x_wconf 88' lang='lat' dir='ltr'>testatur,</span> <span class='ocrx_word' id='word_1_476' title='bbox 3178 2135 3243 2172; x_wconf 92' lang='lat' dir='ltr'>eo</span> <span class='ocrx_word' id='word_1_477' title='bbox 3274 2120 3487 2173; x_wconf 90' lang='lat' dir='ltr'>scilicet</span> <span class='ocrx_word' id='word_1_478' title='bbox 3543 2124 3797 2190; x_wconf 89' lang='lat' dir='ltr'>tempore</span> <span class='ocrx_word' id='word_1_479' title='bbox 3838 2132 3925 2187; x_wconf 90' lang='lat' dir='ltr'>quo</span> 
     </span>
    </p>
   </div>
   <div class='ocr_carea' id='block_1_67' title="bbox 2265 2207 3681 2277">
    <p class='ocr_par' dir='ltr' id='par_1_67' title="bbox 2265 2207 3681 2277">
     <span class='ocr_line' id='line_1_67' title="bbox 2265 2207 3681 2277; baseline -0.001 -14"><span class='ocrx_word' id='word_1_480' title='bbox 2265 2207 2544 2263; x_wconf 89' lang='lat' dir='ltr'>Romulus</span> <span class='ocrx_word' id='word_1_481' title='bbox 2575 2207 2817 2261; x_wconf 89' lang='lat' dir='ltr'>Romani</span> <span class='ocrx_word' id='word_1_482' title='bbox 2846 2207 3076 2277; x_wconf 87' lang='lat' dir='ltr'>imperii</span> <span class='ocrx_word' id='word_1_483' title='bbox 3104 2207 3366 2261; x_wconf 89' lang='lat' dir='ltr'>conditor</span> <span class='ocrx_word' id='word_1_484' title='bbox 3383 2212 3549 2262; x_wconf 89' lang='lat' dir='ltr'>natus</span> <span class='ocrx_word' id='word_1_485' title='bbox 3581 2214 3681 2262; x_wconf 90' lang='lat' dir='ltr'>est.</span> 
     </span>
    </p>
   </div>
   <div class='ocr_carea' id='block_1_68' title="bbox 2335 2293 3929 2365">
    <p class='ocr_par' dir='ltr' id='par_1_68' title="bbox 2335 2293 3929 2365">
     <span class='ocr_line' id='line_1_68' title="bbox 2335 2293 3929 2365; baseline -0.003 -17"><span class='ocrx_word' id='word_1_486' title='bbox 2335 2297 2492 2350; x_wconf 76' lang='lat' dir='ltr'>Vnus.</span> <span class='ocrx_word' id='word_1_487' title='bbox 2549 2297 2637 2349; x_wconf 81' lang='lat'>23.</span> <span class='ocrx_word' id='word_1_488' title='bbox 2689 2325 2757 2336; x_wconf 97' lang='lat'><strong>—</strong></span> <span class='ocrx_word' id='word_1_489' title='bbox 2807 2297 2870 2348; x_wconf 89' lang='lat' dir='ltr'>1n</span> <span class='ocrx_word' id='word_1_490' title='bbox 2909 2310 3040 2362; x_wconf 82' lang='lat' dir='ltr'>agro</span> <span class='ocrx_word' id='word_1_491' title='bbox 3102 2297 3369 2363; x_wconf 75' lang='lat' dir='ltr'>regalium</span> <span class='ocrx_word' id='word_1_492' title='bbox 3403 2297 3780 2365; x_wconf 81' lang='lat' dir='ltr'>sepulcrorum.</span> <span class='ocrx_word' id='word_1_493' title='bbox 3829 2293 3929 2346; x_wconf 85' lang='lat' dir='ltr'>Non</span> 
     </span>
    </p>
   </div>
   <div class='ocr_carea' id='block_1_69' title="bbox 2263 2383 3929 2454">
    <p class='ocr_par' dir='ltr' id='par_1_69' title="bbox 2263 2383 3929 2454">
     <span class='ocr_line' id='line_1_69' title="bbox 2263 2383 3929 2454; baseline -0.002 -17"><span class='ocrx_word' id='word_1_494' title='bbox 2263 2385 2324 2439; x_wconf 88' lang='lat' dir='ltr'>in</span> <span class='ocrx_word' id='word_1_495' title='bbox 2357 2384 2666 2454; x_wconf 80' lang='lat' dir='ltr'>regalibus,</span> <span class='ocrx_word' id='word_1_496' title='bbox 2729 2384 3060 2454; x_wconf 89' lang='lat' dir='ltr'>sepulturis,</span> <span class='ocrx_word' id='word_1_497' title='bbox 3089 2400 3208 2438; x_wconf 90' lang='lat' dir='ltr'>non</span> <span class='ocrx_word' id='word_1_498' title='bbox 3260 2384 3318 2438; x_wconf 91' lang='lat' dir='ltr'>in</span> <span class='ocrx_word' id='word_1_499' title='bbox 3349 2384 3573 2439; x_wconf 88' lang='lat' dir='ltr'>civitate</span> <span class='ocrx_word' id='word_1_500' title='bbox 3611 2384 3797 2440; x_wconf 91' lang='lat' dir='ltr'>David.</span> <span class='ocrx_word' id='word_1_501' title='bbox 3829 2383 3929 2436; x_wconf 70' lang='lat' dir='ltr'>Ha.-</span> 
     </span>
    </p>
   </div>
   <div class='ocr_carea' id='block_1_70' title="bbox 2261 2469 3928 2542">
    <p class='ocr_par' dir='ltr' id='par_1_70' title="bbox 2261 2469 3928 2542">
     <span class='ocr_line' id='line_1_70' title="bbox 2261 2469 3928 2542; baseline -0.003 -18"><span class='ocrx_word' id='word_1_502' title='bbox 2261 2471 2424 2526; x_wconf 90' lang='lat' dir='ltr'>retici</span> <span class='ocrx_word' id='word_1_503' title='bbox 2450 2472 2598 2525; x_wconf 90' lang='lat' dir='ltr'>enim</span> <span class='ocrx_word' id='word_1_504' title='bbox 2623 2477 2796 2541; x_wconf 91' lang='lat' dir='ltr'>atque</span> <span class='ocrx_word' id='word_1_505' title='bbox 2845 2471 3193 2525; x_wconf 81' lang='lat' dir='ltr'>schismatici</span> <span class='ocrx_word' id='word_1_506' title='bbox 3243 2471 3466 2542; x_wconf 90' lang='lat' dir='ltr'>indigni</span> <span class='ocrx_word' id='word_1_507' title='bbox 3515 2477 3650 2526; x_wconf 89' lang='lat' dir='ltr'>sunt</span> <span class='ocrx_word' id='word_1_508' title='bbox 3696 2469 3928 2525; x_wconf 87' lang='lat' dir='ltr'>societate</span> 
     </span>
    </p>
   </div>
   <div class='ocr_carea' id='block_1_71' title="bbox 2262 2559 3931 2627">
    <p class='ocr_par' dir='ltr' id='par_1_71' title="bbox 2262 2559 3931 2627">
     <span class='ocr_line' id='line_1_71' title="bbox 2262 2559 3931 2627; baseline -0.004 -13"><span class='ocrx_word' id='word_1_509' title='bbox 2262 2565 2318 2614; x_wconf 91' lang='lat' dir='ltr'>et</span> <span class='ocrx_word' id='word_1_510' title='bbox 2369 2560 2770 2615; x_wconf 89' lang='lat' dir='ltr'>communione</span> <span class='ocrx_word' id='word_1_511' title='bbox 2844 2565 3053 2613; x_wconf 88' lang='lat' dir='ltr'>sancta</span> <span class='ocrx_word' id='word_1_512' title='bbox 3083 2560 3364 2627; x_wconf 87' lang='lat' dir='ltr'>Ecclesia,</span> <span class='ocrx_word' id='word_1_513' title='bbox 3389 2576 3493 2613; x_wconf 90' lang='lat' dir='ltr'>nec</span> <span class='ocrx_word' id='word_1_514' title='bbox 3545 2559 3814 2614; x_wconf 88' lang='lat' dir='ltr'>memoria</span> <span class='ocrx_word' id='word_1_515' title='bbox 3862 2572 3931 2610; x_wconf 83' lang='lat' dir='ltr'>eo-</span> 
     </span>
    </p>
   </div>
   <div class='ocr_carea' id='block_1_72' title="bbox 2261 2648 3926 2719">
    <p class='ocr_par' dir='ltr' id='par_1_72' title="bbox 2261 2648 3926 2719">
     <span class='ocr_line' id='line_1_72' title="bbox 2261 2648 3926 2719; baseline -0.002 -17"><span class='ocrx_word' id='word_1_516' title='bbox 2261 2666 2389 2703; x_wconf 88' lang='lat' dir='ltr'>rum</span> <span class='ocrx_word' id='word_1_517' title='bbox 2438 2649 2588 2703; x_wconf 88' lang='lat' dir='ltr'>inter</span> <span class='ocrx_word' id='word_1_518' title='bbox 2617 2649 2920 2703; x_wconf 88' lang='lat' dir='ltr'>catholicos</span> <span class='ocrx_word' id='word_1_519' title='bbox 2952 2648 3198 2702; x_wconf 88' lang='lat' dir='ltr'>habetur</span> <span class='ocrx_word' id='word_1_520' title='bbox 3222 2668 3239 2702; x_wconf 92' lang='lat'><strong><em>:</em></strong></span> <span class='ocrx_word' id='word_1_521' title='bbox 3274 2649 3412 2719; x_wconf 89' lang='lat' dir='ltr'>quia</span> <span class='ocrx_word' id='word_1_522' title='bbox 3441 2650 3733 2704; x_wconf 88' lang='lat' dir='ltr'>erroribus</span> <span class='ocrx_word' id='word_1_523' title='bbox 3761 2659 3926 2701; x_wconf 85' lang='lat' dir='ltr'>macu-</span> 
     </span>
    </p>
   </div>
   <div class='ocr_carea' id='block_1_73' title="bbox 2260 2736 3926 2808">
    <p class='ocr_par' dir='ltr' id='par_1_73' title="bbox 2260 2736 3926 2808">
     <span class='ocr_line' id='line_1_73' title="bbox 2260 2736 3926 2808; baseline -0.004 -17"><span class='ocrx_word' id='word_1_524' title='bbox 2260 2738 2384 2805; x_wconf 89' lang='lat' dir='ltr'>lati,</span> <span class='ocrx_word' id='word_1_525' title='bbox 2428 2745 2486 2792; x_wconf 91' lang='lat' dir='ltr'>et</span> <span class='ocrx_word' id='word_1_526' title='bbox 2514 2737 2663 2791; x_wconf 89' lang='lat' dir='ltr'>vitiis</span> <span class='ocrx_word' id='word_1_527' title='bbox 2684 2736 2931 2808; x_wconf 83' lang='lat' dir='ltr'>squalidi</span> <span class='ocrx_word' id='word_1_528' title='bbox 2960 2737 3030 2791; x_wconf 86' lang='lat' dir='ltr'>ab</span> <span class='ocrx_word' id='word_1_529' title='bbox 3061 2753 3259 2791; x_wconf 91' lang='lat' dir='ltr'>eorum</span> <span class='ocrx_word' id='word_1_530' title='bbox 3283 2739 3569 2792; x_wconf 88' lang='lat' dir='ltr'>consortio</span> <span class='ocrx_word' id='word_1_531' title='bbox 3597 2741 3926 2808; x_wconf 88' lang='lat' dir='ltr'>separantur.</span> 
     </span>
    </p>
   </div>
   <div class='ocr_carea' id='block_1_74' title="bbox 2862 2825 3356 2879">
    <p class='ocr_par' dir='ltr' id='par_1_74' title="bbox 2862 2825 3356 2879">
     <span class='ocr_line' id='line_1_74' title="bbox 2862 2825 3356 2879; baseline -0.002 -1"><span class='ocrx_word' id='word_1_532' title='bbox 2862 2825 3086 2878; x_wconf 83' lang='lat' dir='ltr'>CAPUT</span> <span class='ocrx_word' id='word_1_533' title='bbox 3151 2825 3356 2879; x_wconf 86' lang='lat' dir='ltr'>XXVII.</span> 
     </span>
    </p>
   </div>
   <div class='ocr_carea' id='block_1_75' title="bbox 2327 2909 3927 2980">
    <p class='ocr_par' dir='ltr' id='par_1_75' title="bbox 2327 2909 3927 2980">
     <span class='ocr_line' id='line_1_75' title="bbox 2327 2909 3927 2980; baseline -0.001 -18"><span class='ocrx_word' id='word_1_534' title='bbox 2327 2912 2488 2965; x_wconf 75' lang='lat' dir='ltr'>Vens.</span> <span class='ocrx_word' id='word_1_535' title='bbox 2551 2914 2597 2964; x_wconf 81' lang='lat' dir='ltr'>l.</span> <span class='ocrx_word' id='word_1_536' title='bbox 2657 2941 2727 2951; x_wconf 92' lang='lat'>—-</span> <span class='ocrx_word' id='word_1_537' title='bbox 2799 2910 3015 2980; x_wconf 78' lang='lat' dir='ltr'>Viginti</span> <span class='ocrx_word' id='word_1_538' title='bbox 3066 2914 3306 2980; x_wconf 86' lang='lat' dir='ltr'>quinque</span> <span class='ocrx_word' id='word_1_539' title='bbox 3337 2927 3603 2966; x_wconf 89' lang='lat' dir='ltr'>annorum</span> <span class='ocrx_word' id='word_1_540' title='bbox 3659 2915 3774 2965; x_wconf 87' lang='lat' dir='ltr'>erat</span> <span class='ocrx_word' id='word_1_541' title='bbox 3813 2909 3927 2962; x_wconf 84' lang='lat' dir='ltr'>Joa-</span> 
     </span>
    </p>
   </div>
   <div class='ocr_carea' id='block_1_76' title="bbox 2258 2999 3926 3071">
    <p class='ocr_par' dir='ltr' id='par_1_76' title="bbox 2258 2999 3926 3071">
     <span class='ocr_line' id='line_1_76' title="bbox 2258 2999 3926 3071; baseline -0.002 -18"><span class='ocrx_word' id='word_1_542' title='bbox 2258 3000 2426 3067; x_wconf 82' lang='lat' dir='ltr'>tham,</span> <span class='ocrx_word' id='word_1_543' title='bbox 2461 3004 2566 3054; x_wconf 91' lang='lat' dir='ltr'>etc.</span> <span class='ocrx_word' id='word_1_544' title='bbox 2622 3002 2684 3054; x_wconf 89' lang='lat' dir='ltr'>In</span> <span class='ocrx_word' id='word_1_545' title='bbox 2737 3000 3021 3071; x_wconf 87' lang='lat' dir='ltr'>principio</span> <span class='ocrx_word' id='word_1_546' title='bbox 3082 3000 3227 3054; x_wconf 89' lang='lat' dir='ltr'>etin</span> <span class='ocrx_word' id='word_1_547' title='bbox 3289 3000 3424 3068; x_wconf 91' lang='lat' dir='ltr'>ﬁne,</span> <span class='ocrx_word' id='word_1_548' title='bbox 3485 3017 3672 3054; x_wconf 90' lang='lat' dir='ltr'>annos</span> <span class='ocrx_word' id='word_1_549' title='bbox 3699 2999 3926 3054; x_wconf 79' lang='lat' dir='ltr'>Jcatham</span> 
     </span>
    </p>
   </div>
   <div class='ocr_carea' id='block_1_77' title="bbox 2257 3088 3924 3159">
    <p class='ocr_par' dir='ltr' id='par_1_77' title="bbox 2257 3088 3924 3159">
     <span class='ocr_line' id='line_1_77' title="bbox 2257 3088 3924 3159; baseline -0.004 -17"><span class='ocrx_word' id='word_1_550' title='bbox 2257 3094 2574 3150; x_wconf 88' lang='lat' dir='ltr'>enumerat,</span> <span class='ocrx_word' id='word_1_551' title='bbox 2626 3088 2761 3159; x_wconf 89' lang='lat' dir='ltr'>quia</span> <span class='ocrx_word' id='word_1_552' title='bbox 2791 3088 2936 3142; x_wconf 89' lang='lat' dir='ltr'>sicut</span> <span class='ocrx_word' id='word_1_553' title='bbox 2964 3089 3187 3159; x_wconf 90' lang='lat' dir='ltr'>justitia</span> <span class='ocrx_word' id='word_1_554' title='bbox 3215 3089 3406 3158; x_wconf 82' lang='lat' dir='ltr'>capit,</span> <span class='ocrx_word' id='word_1_555' title='bbox 3463 3105 3648 3159; x_wconf 89' lang='lat' dir='ltr'>usque</span> <span class='ocrx_word' id='word_1_556' title='bbox 3681 3089 3751 3143; x_wconf 89' lang='lat' dir='ltr'>ad</span> <span class='ocrx_word' id='word_1_557' title='bbox 3780 3088 3924 3140; x_wconf 88' lang='lat' dir='ltr'>ﬁnem</span> 
     </span>
    </p>
   </div>
   <div class='ocr_carea' id='block_1_78' title="bbox 2254 3175 3926 3247">
    <p class='ocr_par' dir='ltr' id='par_1_78' title="bbox 2254 3175 3926 3247">
     <span class='ocr_line' id='line_1_78' title="bbox 2254 3175 3926 3247; baseline -0.003 -17"><span class='ocrx_word' id='word_1_558' title='bbox 2254 3176 2657 3247; x_wconf 89' lang='lat' dir='ltr'>perseveravit.</span> <span class='ocrx_word' id='word_1_559' title='bbox 2710 3177 2867 3232; x_wconf 89' lang='lat' dir='ltr'>Unde</span> <span class='ocrx_word' id='word_1_560' title='bbox 2950 3182 3213 3247; x_wconf 89' lang='lat' dir='ltr'>tempora</span> <span class='ocrx_word' id='word_1_561' title='bbox 3241 3177 3373 3231; x_wconf 87' lang='lat' dir='ltr'>vita</span> <span class='ocrx_word' id='word_1_562' title='bbox 3404 3177 3530 3247; x_wconf 87' lang='lat' dir='ltr'>ejus</span> <span class='ocrx_word' id='word_1_563' title='bbox 3584 3178 3756 3232; x_wconf 88' lang='lat' dir='ltr'>laude</span> <span class='ocrx_word' id='word_1_564' title='bbox 3785 3175 3926 3244; x_wconf 75' lang='lat' dir='ltr'>digna</span> 
     </span>
    </p>
   </div>
   <div class='ocr_carea' id='block_1_79' title="bbox 2253 3265 2659 3335">
    <p class='ocr_par' dir='ltr' id='par_1_79' title="bbox 2253 3265 2659 3335">
     <span class='ocr_line' id='line_1_79' title="bbox 2253 3265 2659 3335; baseline 0.002 -17"><span class='ocrx_word' id='word_1_565' title='bbox 2253 3265 2659 3335; x_wconf 86' lang='lat' dir='ltr'>pradicantur.</span> 
     </span>
    </p>
   </div>
   <div class='ocr_carea' id='block_1_80' title="bbox 2324 3348 3926 3423">
    <p class='ocr_par' dir='ltr' id='par_1_80' title="bbox 2324 3348 3926 3423">
     <span class='ocr_line' id='line_1_80' title="bbox 2324 3348 3926 3423; baseline -0.003 -17"><span class='ocrx_word' id='word_1_566' title='bbox 2324 3355 2484 3407; x_wconf 74' lang='lat' dir='ltr'>Vaas.</span> <span class='ocrx_word' id='word_1_567' title='bbox 2543 3357 2593 3408; x_wconf 90' lang='lat'>3.</span> <span class='ocrx_word' id='word_1_568' title='bbox 2641 3383 2714 3395; x_wconf 94' lang='lat'><strong>—</strong></span> <span class='ocrx_word' id='word_1_569' title='bbox 2765 3355 2895 3423; x_wconf 79' lang='lat' dir='ltr'>Ipse</span> <span class='ocrx_word' id='word_1_570' title='bbox 2946 3354 3240 3423; x_wconf 75' lang='lat' dir='ltr'>adiﬁcavit</span> <span class='ocrx_word' id='word_1_571' title='bbox 3259 3358 3496 3423; x_wconf 83' lang='lat' dir='ltr'>portam,</span> <span class='ocrx_word' id='word_1_572' title='bbox 3555 3359 3666 3409; x_wconf 85' lang='lat' dir='ltr'>etc.</span> <span class='ocrx_word' id='word_1_573' title='bbox 3720 3353 3850 3417; x_wconf 86' lang='lat' dir='ltr'>Qua</span> <span class='ocrx_word' id='word_1_574' title='bbox 3883 3348 3926 3401; x_wconf 88' lang='lat' dir='ltr'>in</span> 
     </span>
    </p>
   </div>
   <div class='ocr_carea' id='block_1_81' title="bbox 2253 3440 3928 3513">
    <p class='ocr_par' dir='ltr' id='par_1_81' title="bbox 2253 3440 3928 3513">
     <span class='ocr_line' id='line_1_81' title="bbox 2253 3440 3928 3513; baseline -0.004 -17"><span class='ocrx_word' id='word_1_575' title='bbox 2253 3443 2482 3496; x_wconf 86' lang='lat' dir='ltr'>Actibus</span> <span class='ocrx_word' id='word_1_576' title='bbox 2551 3443 2944 3513; x_wconf 88' lang='lat' dir='ltr'>apostolorum</span> <span class='ocrx_word' id='word_1_577' title='bbox 3032 3442 3240 3497; x_wconf 89' lang='lat' dir='ltr'>dicitur</span> <span class='ocrx_word' id='word_1_578' title='bbox 3291 3443 3577 3513; x_wconf 88' lang='lat' dir='ltr'>Speciosa,</span> <span class='ocrx_word' id='word_1_579' title='bbox 3643 3440 3928 3496; x_wconf 89' lang='lat' dir='ltr'>secundum</span> 
     </span>
    </p>
   </div>
   <div class='ocr_carea' id='block_1_82' title="bbox 2255 3527 3926 3600">
    <p class='ocr_par' dir='ltr' id='par_1_82' title="bbox 2255 3527 3926 3600">
     <span class='ocr_line' id='line_1_82' title="bbox 2255 3527 3926 3600; baseline -0.002 -18"><span class='ocrx_word' id='word_1_580' title='bbox 2255 3529 2522 3582; x_wconf 85' lang='lat' dir='ltr'>Hebraos</span> <span class='ocrx_word' id='word_1_581' title='bbox 2553 3534 2608 3582; x_wconf 89' lang='lat' dir='ltr'>et</span> <span class='ocrx_word' id='word_1_582' title='bbox 2639 3529 2709 3582; x_wconf 90' lang='lat' dir='ltr'>ab</span> <span class='ocrx_word' id='word_1_583' title='bbox 2739 3528 2820 3582; x_wconf 92' lang='lat' dir='ltr'>eis</span> <span class='ocrx_word' id='word_1_584' title='bbox 2858 3533 3019 3598; x_wconf 88' lang='lat' dir='ltr'>porta</span> <span class='ocrx_word' id='word_1_585' title='bbox 3062 3530 3326 3583; x_wconf 83' lang='lat' dir='ltr'>Joatham</span> <span class='ocrx_word' id='word_1_586' title='bbox 3358 3529 3516 3600; x_wconf 88' lang='lat' dir='ltr'>(quia</span> <span class='ocrx_word' id='word_1_587' title='bbox 3542 3529 3669 3596; x_wconf 89' lang='lat' dir='ltr'>ipse</span> <span class='ocrx_word' id='word_1_588' title='bbox 3701 3527 3926 3583; x_wconf 82' lang='lat' dir='ltr'>adiﬁca-</span> 
     </span>
    </p>
   </div>
   <div class='ocr_carea' id='block_1_83' title="bbox 2250 3617 3310 3688">
    <p class='ocr_par' dir='ltr' id='par_1_83' title="bbox 2250 3617 3310 3688">
     <span class='ocr_line' id='line_1_83' title="bbox 2250 3617 3310 3688; baseline 0.001 -18"><span class='ocrx_word' id='word_1_589' title='bbox 2250 3617 2332 3671; x_wconf 91' lang='lat' dir='ltr'>vit</span> <span class='ocrx_word' id='word_1_590' title='bbox 2361 3619 2510 3686; x_wconf 86' lang='lat' dir='ltr'>eam)</span> <span class='ocrx_word' id='word_1_591' title='bbox 2525 3634 2701 3688; x_wconf 88' lang='lat' dir='ltr'>usque</span> <span class='ocrx_word' id='word_1_592' title='bbox 2723 3617 2896 3672; x_wconf 88' lang='lat' dir='ltr'>hodie</span> <span class='ocrx_word' id='word_1_593' title='bbox 2928 3623 3310 3688; x_wconf 88' lang='lat' dir='ltr'>nuncupatur.</span> 
     </span>
    </p>
   </div>
   <div class='ocr_carea' id='block_1_84' title="bbox 2322 3700 3930 3777">
    <p class='ocr_par' dir='ltr' id='par_1_84' title="bbox 2322 3700 3930 3777">
     <span class='ocr_line' id='line_1_84' title="bbox 2322 3700 3930 3777; baseline -0.002 -17"><span class='ocrx_word' id='word_1_594' title='bbox 2322 3707 2508 3775; x_wconf 79' lang='lat' dir='ltr'>Ophel.</span> <span class='ocrx_word' id='word_1_595' title='bbox 2559 3706 2751 3760; x_wconf 88' lang='lat' dir='ltr'>Turris</span> <span class='ocrx_word' id='word_1_596' title='bbox 2789 3709 2910 3760; x_wconf 83' lang='lat' dir='ltr'>erat</span> <span class='ocrx_word' id='word_1_597' title='bbox 2940 3722 3059 3760; x_wconf 90' lang='lat' dir='ltr'>non</span> <span class='ocrx_word' id='word_1_598' title='bbox 3087 3707 3256 3776; x_wconf 90' lang='lat' dir='ltr'>longe</span> <span class='ocrx_word' id='word_1_599' title='bbox 3302 3707 3590 3777; x_wconf 88' lang='lat' dir='ltr'>atemplo,</span> <span class='ocrx_word' id='word_1_600' title='bbox 3631 3705 3794 3760; x_wconf 84' lang='lat' dir='ltr'>mira</span> <span class='ocrx_word' id='word_1_601' title='bbox 3821 3700 3930 3756; x_wconf 87' lang='lat' dir='ltr'>alti-</span> 
     </span>
    </p>
   </div>
   <div class='ocr_carea' id='block_1_85' title="bbox 2248 3786 3930 3863">
    <p class='ocr_par' dir='ltr' id='par_1_85' title="bbox 2248 3786 3930 3863">
     <span class='ocr_line' id='line_1_85' title="bbox 2248 3786 3930 3863; baseline -0.006 -15"><span class='ocrx_word' id='word_1_602' title='bbox 2248 3793 2482 3848; x_wconf 86' lang='lat' dir='ltr'>tudinis.</span> <span class='ocrx_word' id='word_1_603' title='bbox 2522 3795 2677 3848; x_wconf 91' lang='lat' dir='ltr'>Unde</span> <span class='ocrx_word' id='word_1_604' title='bbox 2707 3799 2764 3847; x_wconf 90' lang='lat' dir='ltr'>et</span> <span class='ocrx_word' id='word_1_605' title='bbox 2781 3794 2982 3863; x_wconf 88' lang='lat' dir='ltr'>Ophel,</span> <span class='ocrx_word' id='word_1_606' title='bbox 3016 3793 3073 3847; x_wconf 91' lang='lat' dir='ltr'>id</span> <span class='ocrx_word' id='word_1_607' title='bbox 3101 3799 3206 3859; x_wconf 91' lang='lat' dir='ltr'>est,</span> <span class='ocrx_word' id='word_1_608' title='bbox 3249 3793 3622 3848; x_wconf 88' lang='lat' dir='ltr'>tenebrarum</span> <span class='ocrx_word' id='word_1_609' title='bbox 3653 3795 3741 3846; x_wconf 88' lang='lat' dir='ltr'>vel</span> <span class='ocrx_word' id='word_1_610' title='bbox 3771 3786 3930 3846; x_wconf 90' lang='lat' dir='ltr'>nubili</span> 
     </span>
    </p>
   </div>
   <div class='ocr_carea' id='block_1_86' title="bbox 2247 3882 3929 3953">
    <p class='ocr_par' dir='ltr' id='par_1_86' title="bbox 2247 3882 3929 3953">
     <span class='ocr_line' id='line_1_86' title="bbox 2247 3882 3929 3953; baseline -0.004 -18"><span class='ocrx_word' id='word_1_611' title='bbox 2247 3898 2456 3936; x_wconf 90' lang='lat' dir='ltr'>nomen</span> <span class='ocrx_word' id='word_1_612' title='bbox 2494 3882 2728 3953; x_wconf 89' lang='lat' dir='ltr'>accepit.</span> <span class='ocrx_word' id='word_1_613' title='bbox 2776 3883 2881 3937; x_wconf 93' lang='lat' dir='ltr'>Ubi</span> <span class='ocrx_word' id='word_1_614' title='bbox 2911 3887 3106 3936; x_wconf 90' lang='lat' dir='ltr'>autem</span> <span class='ocrx_word' id='word_1_615' title='bbox 3152 3883 3213 3936; x_wconf 91' lang='lat' dir='ltr'>in</span> <span class='ocrx_word' id='word_1_616' title='bbox 3246 3882 3477 3936; x_wconf 82' lang='lat' dir='ltr'>Michaa</span> <span class='ocrx_word' id='word_1_617' title='bbox 3513 3883 3799 3953; x_wconf 89' lang='lat' dir='ltr'>scriptum</span> <span class='ocrx_word' id='word_1_618' title='bbox 3831 3883 3929 3932; x_wconf 87' lang='lat' dir='ltr'>est:</span> 
     </span>
    </p>
   </div>
   <div class='ocr_carea' id='block_1_87' title="bbox 2247 3967 3929 4041">
    <p class='ocr_par' dir='ltr' id='par_1_87' title="bbox 2247 3967 3929 4041">
     <span class='ocr_line' id='line_1_87' title="bbox 2247 3967 3929 4041; baseline -0.004 -16"><span class='ocrx_word' id='word_1_619' title='bbox 2247 3974 2319 4025; x_wconf 86' lang='lat' dir='ltr'>Et</span> <span class='ocrx_word' id='word_1_620' title='bbox 2339 3974 2506 4026; x_wconf 85' lang='lat' dir='ltr'>turris</span> <span class='ocrx_word' id='word_1_621' title='bbox 2527 3973 2705 4039; x_wconf 84' lang='lat' dir='ltr'>gregis</span> <span class='ocrx_word' id='word_1_622' title='bbox 2725 3971 2980 4025; x_wconf 88' lang='lat' dir='ltr'>nebulosa</span> <span class='ocrx_word' id='word_1_623' title='bbox 2995 3969 3129 4040; x_wconf 76' lang='lat' dir='ltr'>filia</span> <span class='ocrx_word' id='word_1_624' title='bbox 3152 3973 3281 4027; x_wconf 84' lang='lat' dir='ltr'>Sion</span> <span class='ocrx_word' id='word_1_625' title='bbox 3303 3973 3499 4035; x_wconf 80' lang='lat' dir='ltr'>(Mich.</span> <span class='ocrx_word' id='word_1_626' title='bbox 3530 3987 3612 4041; x_wconf 82' lang='lat' dir='ltr'>vi,</span> <span class='ocrx_word' id='word_1_627' title='bbox 3638 3973 3701 4041; x_wconf 94' lang='lat'>8)</span> <span class='ocrx_word' id='word_1_628' title='bbox 3725 3987 3738 4024; x_wconf 90' lang='lat'><strong>:</strong></span> <span class='ocrx_word' id='word_1_629' title='bbox 3764 3970 3826 4022; x_wconf 87' lang='lat' dir='ltr'>In</span> <span class='ocrx_word' id='word_1_630' title='bbox 3841 3967 3929 4020; x_wconf 85' lang='lat' dir='ltr'>Ile-</span> 
     </span>
    </p>
   </div>
   <div class='ocr_carea' id='block_1_88' title="bbox 2245 4057 3932 4130">
    <p class='ocr_par' dir='ltr' id='par_1_88' title="bbox 2245 4057 3932 4130">
     <span class='ocr_line' id='line_1_88' title="bbox 2245 4057 3932 4130; baseline -0.004 -16"><span class='ocrx_word' id='word_1_631' title='bbox 2245 4059 2401 4114; x_wconf 88' lang='lat' dir='ltr'>brao</span> <span class='ocrx_word' id='word_1_632' title='bbox 2422 4059 2684 4124; x_wconf 89' lang='lat' dir='ltr'>habetur,</span> <span class='ocrx_word' id='word_1_633' title='bbox 2718 4061 2891 4114; x_wconf 86' lang='lat' dir='ltr'>turris</span> <span class='ocrx_word' id='word_1_634' title='bbox 2920 4059 3110 4129; x_wconf 81' lang='lat' dir='ltr'>Ophel.</span> <span class='ocrx_word' id='word_1_635' title='bbox 3145 4060 3338 4113; x_wconf 90' lang='lat' dir='ltr'>Turris</span> <span class='ocrx_word' id='word_1_636' title='bbox 3367 4060 3544 4130; x_wconf 88' lang='lat' dir='ltr'>Ophel</span> <span class='ocrx_word' id='word_1_637' title='bbox 3570 4057 3932 4114; x_wconf 84' lang='lat' dir='ltr'>eminentiam</span> 
     </span>
    </p>
   </div>
   <div class='ocr_carea' id='block_1_89' title="bbox 2245 4142 3928 4218">
    <p class='ocr_par' dir='ltr' id='par_1_89' title="bbox 2245 4142 3928 4218">
     <span class='ocr_line' id='line_1_89' title="bbox 2245 4142 3928 4218; baseline -0.004 -16"><span class='ocrx_word' id='word_1_638' title='bbox 2245 4147 2551 4217; x_wconf 85' lang='lat' dir='ltr'>Scriptura</span> <span class='ocrx_word' id='word_1_639' title='bbox 2598 4148 2904 4218; x_wconf 89' lang='lat' dir='ltr'>signiﬁcat,</span> <span class='ocrx_word' id='word_1_640' title='bbox 2956 4163 3086 4218; x_wconf 92' lang='lat' dir='ltr'>qua</span> <span class='ocrx_word' id='word_1_641' title='bbox 3115 4147 3174 4201; x_wconf 93' lang='lat' dir='ltr'>in</span> <span class='ocrx_word' id='word_1_642' title='bbox 3225 4147 3461 4201; x_wconf 89' lang='lat' dir='ltr'>historia</span> <span class='ocrx_word' id='word_1_643' title='bbox 3489 4148 3740 4202; x_wconf 81' lang='lat' dir='ltr'>fundata</span> <span class='ocrx_word' id='word_1_644' title='bbox 3779 4142 3928 4216; x_wconf 78' lang='lat' dir='ltr'>spiri-</span> 
     </span>
    </p>
   </div>
   <div class='ocr_carea' id='block_1_90' title="bbox 436 4233 3932 4324">
    <p class='ocr_par' dir='ltr' id='par_1_90' title="bbox 436 4233 3932 4324">
     <span class='ocr_line' id='line_1_90' title="bbox 436 4233 3932 4324; baseline -0.001 -36"><span class='ocrx_word' id='word_1_645' title='bbox 436 4235 684 4289; x_wconf 80' lang='lat' dir='ltr'>Azarias.</span> <span class='ocrx_word' id='word_1_646' title='bbox 710 4236 870 4289; x_wconf 89' lang='lat' dir='ltr'>Ozias</span> <span class='ocrx_word' id='word_1_647' title='bbox 921 4237 1328 4306; x_wconf 85' lang='lat' dir='ltr'>interpretatur</span> <span class='ocrx_word' id='word_1_648' title='bbox 1366 4238 1545 4290; x_wconf 86' lang='lat' dir='ltr'>virtus</span> <span class='ocrx_word' id='word_1_649' title='bbox 1601 4237 1856 4293; x_wconf 91' lang='lat' dir='ltr'>Domiui.</span> <span class='ocrx_word' id='word_1_650' title='bbox 1905 4239 2134 4292; x_wconf 88' lang='lat' dir='ltr'>Azarias</span> <span class='ocrx_word' id='word_1_651' title='bbox 2162 4269 2205 4324; x_wconf 70' lang='grc' dir='ltr'><strong>Ι)</strong></span> <span class='ocrx_word' id='word_1_652' title='bbox 2244 4235 2413 4288; x_wconf 89' lang='lat' dir='ltr'>tualis</span> <span class='ocrx_word' id='word_1_653' title='bbox 2457 4251 2653 4289; x_wconf 90' lang='lat' dir='ltr'>sensus</span> <span class='ocrx_word' id='word_1_654' title='bbox 2683 4239 2852 4306; x_wconf 87' lang='lat' dir='ltr'>caput</span> <span class='ocrx_word' id='word_1_655' title='bbox 2901 4234 3051 4289; x_wconf 89' lang='lat' dir='ltr'>inter</span> <span class='ocrx_word' id='word_1_656' title='bbox 3089 4234 3287 4288; x_wconf 89' lang='lat' dir='ltr'>nubila</span> <span class='ocrx_word' id='word_1_657' title='bbox 3338 4235 3549 4300; x_wconf 88' lang='lat' dir='ltr'>condit,</span> <span class='ocrx_word' id='word_1_658' title='bbox 3585 4235 3734 4289; x_wconf 89' lang='lat' dir='ltr'>dum</span> <span class='ocrx_word' id='word_1_659' title='bbox 3762 4233 3932 4287; x_wconf 88' lang='lat' dir='ltr'>scien-</span> 
     </span>
    </p>
   </div>
   <div class='ocr_carea' id='block_1_91' title="bbox 436 4323 2133 4396">
    <p class='ocr_par' dir='ltr' id='par_1_91' title="bbox 436 4323 2133 4396">
     <span class='ocr_line' id='line_1_91' title="bbox 436 4323 2133 4396; baseline 0.002 -20"><span class='ocrx_word' id='word_1_660' title='bbox 436 4323 714 4377; x_wconf 73' lang='lat' dir='ltr'>auxilirm</span> <span class='ocrx_word' id='word_1_661' title='bbox 749 4323 998 4390; x_wconf 88' lang='lat' dir='ltr'>Domini,</span> <span class='ocrx_word' id='word_1_662' title='bbox 1025 4326 1161 4394; x_wconf 89' lang='lat' dir='ltr'>quia</span> <span class='ocrx_word' id='word_1_663' title='bbox 1181 4325 1432 4394; x_wconf 90' lang='lat' dir='ltr'>quandiu</span> <span class='ocrx_word' id='word_1_664' title='bbox 1466 4330 1614 4379; x_wconf 91' lang='lat' dir='ltr'>recte</span> <span class='ocrx_word' id='word_1_665' title='bbox 1645 4326 1780 4395; x_wconf 88' lang='lat' dir='ltr'>egit,</span> <span class='ocrx_word' id='word_1_666' title='bbox 1805 4326 1995 4379; x_wconf 90' lang='lat' dir='ltr'>divina</span> <span class='ocrx_word' id='word_1_667' title='bbox 2025 4343 2133 4396; x_wconf 92' lang='lat' dir='ltr'>ope</span> 
     </span>
    </p>
   </div>
   <div class='ocr_carea' id='block_1_92' title="bbox 433 4412 2134 4482">
    <p class='ocr_par' dir='ltr' id='par_1_92' title="bbox 433 4412 2134 4482">
     <span class='ocr_line' id='line_1_92' title="bbox 433 4412 2134 4482; baseline 0.002 -17"><span class='ocrx_word' id='word_1_668' title='bbox 433 4413 663 4482; x_wconf 87' lang='lat' dir='ltr'>adjutus</span> <span class='ocrx_word' id='word_1_669' title='bbox 691 4412 940 4482; x_wconf 90' lang='lat' dir='ltr'>plurima</span> <span class='ocrx_word' id='word_1_670' title='bbox 961 4413 1109 4466; x_wconf 88' lang='lat' dir='ltr'>bella</span> <span class='ocrx_word' id='word_1_671' title='bbox 1139 4412 1376 4466; x_wconf 87' lang='lat' dir='ltr'>feliciter</span> <span class='ocrx_word' id='word_1_672' title='bbox 1422 4413 1724 4480; x_wconf 88' lang='lat' dir='ltr'>commisit,</span> <span class='ocrx_word' id='word_1_673' title='bbox 1773 4418 1827 4466; x_wconf 90' lang='lat' dir='ltr'>et</span> <span class='ocrx_word' id='word_1_674' title='bbox 1871 4414 1940 4468; x_wconf 88' lang='lat' dir='ltr'>de</span> <span class='ocrx_word' id='word_1_675' title='bbox 1961 4415 2134 4469; x_wconf 89' lang='lat' dir='ltr'>hosti-</span> 
     </span>
    </p>
   </div>
   <div class='ocr_carea' id='block_1_93' title="bbox 430 4500 2130 4572">
    <p class='ocr_par' dir='ltr' id='par_1_93' title="bbox 430 4500 2130 4572">
     <span class='ocr_line' id='line_1_93' title="bbox 430 4500 2130 4572; baseline 0.002 -18"><span class='ocrx_word' id='word_1_676' title='bbox 430 4500 537 4554; x_wconf 89' lang='lat' dir='ltr'>bus</span> <span class='ocrx_word' id='word_1_677' title='bbox 559 4501 952 4570; x_wconf 87' lang='lat' dir='ltr'>triumphavit.</span> <span class='ocrx_word' id='word_1_678' title='bbox 975 4501 1082 4556; x_wconf 91' lang='lat' dir='ltr'>Sed</span> <span class='ocrx_word' id='word_1_679' title='bbox 1107 4500 1440 4571; x_wconf 87' lang='lat' dir='ltr'>priusquam</span> <span class='ocrx_word' id='word_1_680' title='bbox 1461 4518 1562 4572; x_wconf 92' lang='lat' dir='ltr'>per</span> <span class='ocrx_word' id='word_1_681' title='bbox 1582 4502 1912 4572; x_wconf 90' lang='lat' dir='ltr'>superbiam</span> <span class='ocrx_word' id='word_1_682' title='bbox 1933 4503 2130 4557; x_wconf 86' lang='lat' dir='ltr'>illicita</span> 
     </span>
    </p>
   </div>
   <div class='ocr_carea' id='block_1_94' title="bbox 428 4589 2130 4660">
    <p class='ocr_par' dir='ltr' id='par_1_94' title="bbox 428 4589 2130 4660">
     <span class='ocr_line' id='line_1_94' title="bbox 428 4589 2130 4660; baseline 0.002 -18"><span class='ocrx_word' id='word_1_683' title='bbox 428 4589 684 4654; x_wconf 86' lang='lat' dir='ltr'>tentavit,</span> <span class='ocrx_word' id='word_1_684' title='bbox 719 4590 878 4659; x_wconf 85' lang='lat' dir='ltr'>lepra</span> <span class='ocrx_word' id='word_1_685' title='bbox 899 4605 1201 4660; x_wconf 91' lang='lat' dir='ltr'>percussus</span> <span class='ocrx_word' id='word_1_686' title='bbox 1213 4591 1465 4643; x_wconf 85' lang='lat' dir='ltr'>nominis</span> <span class='ocrx_word' id='word_1_687' title='bbox 1491 4594 1547 4643; x_wconf 92' lang='lat' dir='ltr'>et</span> <span class='ocrx_word' id='word_1_688' title='bbox 1567 4591 1803 4644; x_wconf 85' lang='lat' dir='ltr'>honoris</span> <span class='ocrx_word' id='word_1_689' title='bbox 1836 4591 2130 4645; x_wconf 77' lang='lat' dir='ltr'>offuscavit</span> 
     </span>
    </p>
   </div>
   <div class='ocr_carea' id='block_1_95' title="bbox 427 4678 2121 4750">
    <p class='ocr_par' dir='ltr' id='par_1_95' title="bbox 427 4678 2121 4750">
     <span class='ocr_line' id='line_1_95' title="bbox 427 4678 2121 4750; baseline 0.001 -18"><span class='ocrx_word' id='word_1_690' title='bbox 427 4678 788 4748; x_wconf 88' lang='lat' dir='ltr'>dignitatem,</span> <span class='ocrx_word' id='word_1_691' title='bbox 824 4679 1083 4732; x_wconf 85' lang='lat' dir='ltr'>exclusus</span> <span class='ocrx_word' id='word_1_692' title='bbox 1110 4697 1140 4732; x_wconf 89' lang='lat' dir='ltr'>a</span> <span class='ocrx_word' id='word_1_693' title='bbox 1170 4680 1382 4750; x_wconf 90' lang='lat' dir='ltr'>populo</span> <span class='ocrx_word' id='word_1_694' title='bbox 1414 4695 1594 4750; x_wconf 86' lang='lat' dir='ltr'>usque</span> <span class='ocrx_word' id='word_1_695' title='bbox 1617 4679 1688 4732; x_wconf 87' lang='lat' dir='ltr'>ad</span> <span class='ocrx_word' id='word_1_696' title='bbox 1719 4680 1870 4734; x_wconf 91' lang='lat' dir='ltr'>diem</span> <span class='ocrx_word' id='word_1_697' title='bbox 1905 4680 2121 4734; x_wconf 84' lang='lat' dir='ltr'>mortis.</span> 
     </span>
    </p>
   </div>
   <div class='ocr_carea' id='block_1_96' title="bbox 496 4767 2127 4838">
    <p class='ocr_par' dir='ltr' id='par_1_96' title="bbox 496 4767 2127 4838">
     <span class='ocr_line' id='line_1_96' title="bbox 496 4767 2127 4838; baseline 0.003 -21"><span class='ocrx_word' id='word_1_698' title='bbox 496 4767 658 4819; x_wconf 76' lang='lat' dir='ltr'>Vsus.</span> <span class='ocrx_word' id='word_1_699' title='bbox 713 4770 744 4820; x_wconf 88' lang='lat'><strong>9</strong></span> <span class='ocrx_word' id='word_1_700' title='bbox 801 4796 872 4807; x_wconf 92' lang='lat'><strong>—</strong></span> <span class='ocrx_word' id='word_1_701' title='bbox 904 4768 1078 4835; x_wconf 81' lang='lat' dir='ltr'>Super</span> <span class='ocrx_word' id='word_1_702' title='bbox 1117 4772 1333 4836; x_wconf 85' lang='lat' dir='ltr'>portam</span> <span class='ocrx_word' id='word_1_703' title='bbox 1383 4767 1565 4823; x_wconf 83' lang='lat' dir='ltr'>vallis.</span> <span class='ocrx_word' id='word_1_704' title='bbox 1620 4767 1798 4838; x_wconf 75' lang='grc' dir='ltr'>(ΗΑΒ.)</span> <span class='ocrx_word' id='word_1_705' title='bbox 1851 4767 1985 4822; x_wconf 86' lang='lat' dir='ltr'>Hac</span> <span class='ocrx_word' id='word_1_706' title='bbox 2040 4772 2127 4822; x_wconf 92' lang='lat' dir='ltr'>est</span> 
     </span>
    </p>
   </div>
   <div class='ocr_carea' id='block_1_97' title="bbox 421 4854 2124 4927">
    <p class='ocr_par' dir='ltr' id='par_1_97' title="bbox 421 4854 2124 4927">
     <span class='ocr_line' id='line_1_97' title="bbox 421 4854 2124 4927; baseline 0.002 -21"><span class='ocrx_word' id='word_1_707' title='bbox 421 4857 589 4924; x_wconf 90' lang='lat' dir='ltr'>porta</span> <span class='ocrx_word' id='word_1_708' title='bbox 625 4854 922 4925; x_wconf 86' lang='lat' dir='ltr'>Ephraim,</span> <span class='ocrx_word' id='word_1_709' title='bbox 975 4860 1106 4922; x_wconf 91' lang='lat' dir='ltr'>etc.,</span> <span class='ocrx_word' id='word_1_710' title='bbox 1167 4871 1334 4926; x_wconf 87' lang='lat' dir='ltr'>usque</span> <span class='ocrx_word' id='word_1_711' title='bbox 1366 4855 1440 4909; x_wconf 87' lang='lat' dir='ltr'>ad</span> <span class='ocrx_word' id='word_1_712' title='bbox 1470 4855 1540 4910; x_wconf 92' lang='lat' dir='ltr'>de</span> <span class='ocrx_word' id='word_1_713' title='bbox 1570 4856 1675 4909; x_wconf 91' lang='lat' dir='ltr'>hac</span> <span class='ocrx_word' id='word_1_714' title='bbox 1722 4860 1915 4909; x_wconf 88' lang='lat' dir='ltr'>autem</span> <span class='ocrx_word' id='word_1_715' title='bbox 1958 4860 2124 4927; x_wconf 89' lang='lat' dir='ltr'>porta</span> 
     </span>
    </p>
   </div>
   <div class='ocr_carea' id='block_1_98' title="bbox 422 4943 2120 5015">
    <p class='ocr_par' dir='ltr' id='par_1_98' title="bbox 422 4943 2120 5015">
     <span class='ocr_line' id='line_1_98' title="bbox 422 4943 2120 5015; baseline 0.002 -21"><span class='ocrx_word' id='word_1_716' title='bbox 422 4947 478 4996; x_wconf 88' lang='lat' dir='ltr'>et</span> <span class='ocrx_word' id='word_1_717' title='bbox 511 4943 636 4996; x_wconf 91' lang='lat' dir='ltr'>aliis</span> <span class='ocrx_word' id='word_1_718' title='bbox 665 4944 845 5014; x_wconf 90' lang='lat' dir='ltr'>portis</span> <span class='ocrx_word' id='word_1_719' title='bbox 899 4945 1213 4998; x_wconf 85' lang='lat' dir='ltr'>Jerusalem</span> <span class='ocrx_word' id='word_1_720' title='bbox 1242 4944 1301 4998; x_wconf 91' lang='lat' dir='ltr'>in</span> <span class='ocrx_word' id='word_1_721' title='bbox 1356 4945 1528 4998; x_wconf 85' lang='lat' dir='ltr'>Esdra</span> <span class='ocrx_word' id='word_1_722' title='bbox 1561 4949 1866 5015; x_wconf 85' lang='lat' dir='ltr'>sequentes</span> <span class='ocrx_word' id='word_1_723' title='bbox 1907 4945 2120 4999; x_wconf 89' lang='lat' dir='ltr'>Bedam</span> 
     </span>
    </p>
   </div>
   <div class='ocr_carea' id='block_1_99' title="bbox 421 5029 945 5088">
    <p class='ocr_par' dir='ltr' id='par_1_99' title="bbox 421 5029 945 5088">
     <span class='ocr_line' id='line_1_99' title="bbox 421 5029 945 5088; baseline 0.01 -6"><span class='ocrx_word' id='word_1_724' title='bbox 421 5029 650 5085; x_wconf 88' lang='lat' dir='ltr'>abunde</span> <span class='ocrx_word' id='word_1_725' title='bbox 673 5032 945 5088; x_wconf 84' lang='lat' dir='ltr'>diximus.</span> 
     </span>
    </p>
   </div>
   <div class='ocr_carea' id='block_1_100' title="bbox 491 5119 2118 5182">
    <p class='ocr_par' dir='ltr' id='par_1_100' title="bbox 491 5119 2118 5182">
     <span class='ocr_line' id='line_1_100' title="bbox 491 5119 2118 5182; baseline 0.004 -12"><span class='ocrx_word' id='word_1_726' title='bbox 491 5119 654 5172; x_wconf 74' lang='lat' dir='ltr'>Vsus.</span> <span class='ocrx_word' id='word_1_727' title='bbox 713 5123 794 5174; x_wconf 77' lang='lat'>16.</span> <span class='ocrx_word' id='word_1_728' title='bbox 844 5150 916 5160; x_wconf 97' lang='lat'><strong><em>—</em></strong></span> <span class='ocrx_word' id='word_1_729' title='bbox 993 5121 1099 5177; x_wconf 81' lang='lat' dir='ltr'>Sed</span> <span class='ocrx_word' id='word_1_730' title='bbox 1151 5136 1270 5175; x_wconf 86' lang='lat' dir='ltr'>cum</span> <span class='ocrx_word' id='word_1_731' title='bbox 1319 5120 1603 5175; x_wconf 83' lang='lat' dir='ltr'>roboratus</span> <span class='ocrx_word' id='word_1_732' title='bbox 1629 5125 1783 5182; x_wconf 85' lang='lat' dir='ltr'>esset,</span> <span class='ocrx_word' id='word_1_733' title='bbox 1847 5125 1952 5176; x_wconf 88' lang='lat' dir='ltr'>etc.</span> <span class='ocrx_word' id='word_1_734' title='bbox 1990 5121 2118 5176; x_wconf 83' lang='lat' dir='ltr'>Fuit</span> 
     </span>
    </p>
   </div>
   <div class='ocr_carea' id='block_1_101' title="bbox 419 5206 2111 5279">
    <p class='ocr_par' dir='ltr' id='par_1_101' title="bbox 419 5206 2111 5279">
     <span class='ocr_line' id='line_1_101' title="bbox 419 5206 2111 5279; baseline 0.003 -20"><span class='ocrx_word' id='word_1_735' title='bbox 419 5206 581 5260; x_wconf 88' lang='lat' dir='ltr'>Ozias</span> <span class='ocrx_word' id='word_1_736' title='bbox 603 5207 792 5277; x_wconf 89' lang='lat' dir='ltr'>primo</span> <span class='ocrx_word' id='word_1_737' title='bbox 818 5209 1024 5279; x_wconf 87' lang='lat' dir='ltr'>justus,</span> <span class='ocrx_word' id='word_1_738' title='bbox 1062 5213 1117 5263; x_wconf 91' lang='lat' dir='ltr'>et</span> <span class='ocrx_word' id='word_1_739' title='bbox 1147 5213 1365 5263; x_wconf 91' lang='lat' dir='ltr'>rectum</span> <span class='ocrx_word' id='word_1_740' title='bbox 1396 5209 1531 5264; x_wconf 84' lang='lat' dir='ltr'>fecit</span> <span class='ocrx_word' id='word_1_741' title='bbox 1556 5209 1618 5263; x_wconf 89' lang='lat' dir='ltr'>in</span> <span class='ocrx_word' id='word_1_742' title='bbox 1647 5214 1953 5279; x_wconf 89' lang='lat' dir='ltr'>conspectu</span> <span class='ocrx_word' id='word_1_743' title='bbox 2002 5211 2111 5264; x_wconf 90' lang='lat' dir='ltr'>Do-</span> 
     </span>
    </p>
   </div>
   <div class='ocr_carea' id='block_1_102' title="bbox 416 5295 2110 5368">
    <p class='ocr_par' dir='ltr' id='par_1_102' title="bbox 416 5295 2110 5368">
     <span class='ocr_line' id='line_1_102' title="bbox 416 5295 2110 5368; baseline 0.002 -21"><span class='ocrx_word' id='word_1_744' title='bbox 416 5295 559 5348; x_wconf 87' lang='lat' dir='ltr'>mini</span> <span class='ocrx_word' id='word_1_745' title='bbox 593 5311 606 5349; x_wconf 88' lang='lat'><strong>:</strong></span> <span class='ocrx_word' id='word_1_746' title='bbox 640 5296 789 5350; x_wconf 91' lang='lat' dir='ltr'>unde</span> <span class='ocrx_word' id='word_1_747' title='bbox 837 5302 893 5349; x_wconf 92' lang='lat' dir='ltr'>et</span> <span class='ocrx_word' id='word_1_748' title='bbox 931 5296 1118 5350; x_wconf 86' lang='lat' dir='ltr'>hostes</span> <span class='ocrx_word' id='word_1_749' title='bbox 1149 5297 1301 5364; x_wconf 88' lang='lat' dir='ltr'>vicit,</span> <span class='ocrx_word' id='word_1_750' title='bbox 1338 5302 1395 5351; x_wconf 93' lang='lat' dir='ltr'>et</span> <span class='ocrx_word' id='word_1_751' title='bbox 1441 5298 1657 5351; x_wconf 89' lang='lat' dir='ltr'>multos</span> <span class='ocrx_word' id='word_1_752' title='bbox 1709 5297 2016 5368; x_wconf 85' lang='lat' dir='ltr'>prophetas</span> <span class='ocrx_word' id='word_1_753' title='bbox 2050 5297 2110 5352; x_wconf 91' lang='lat' dir='ltr'>in</span> 
     </span>
    </p>
   </div>
   <div class='ocr_carea' id='block_1_103' title="bbox 414 5383 2108 5456">
    <p class='ocr_par' dir='ltr' id='par_1_103' title="bbox 414 5383 2108 5456">
     <span class='ocr_line' id='line_1_103' title="bbox 414 5383 2108 5456; baseline 0.002 -20"><span class='ocrx_word' id='word_1_754' title='bbox 414 5383 660 5452; x_wconf 89' lang='lat' dir='ltr'>imperio</span> <span class='ocrx_word' id='word_1_755' title='bbox 707 5400 810 5438; x_wconf 90' lang='lat' dir='ltr'>suo</span> <span class='ocrx_word' id='word_1_756' title='bbox 851 5385 1069 5440; x_wconf 83' lang='lat' dir='ltr'>habuit.</span> <span class='ocrx_word' id='word_1_757' title='bbox 1128 5386 1270 5440; x_wconf 84' lang='lat' dir='ltr'>Hinc</span> <span class='ocrx_word' id='word_1_758' title='bbox 1311 5387 1565 5456; x_wconf 87' lang='lat' dir='ltr'>quandiu</span> <span class='ocrx_word' id='word_1_759' title='bbox 1624 5385 1764 5439; x_wconf 80' lang='lat' dir='ltr'>vixit</span> <span class='ocrx_word' id='word_1_760' title='bbox 1812 5387 2108 5441; x_wconf 89' lang='lat' dir='ltr'>Zacharias</span> 
     </span>
    </p>
   </div>
   <div class='ocr_carea' id='block_1_104' title="bbox 411 5472 2104 5544">
    <p class='ocr_par' dir='ltr' id='par_1_104' title="bbox 411 5472 2104 5544">
     <span class='ocr_line' id='line_1_104' title="bbox 411 5472 2104 5544; baseline 0.004 -20"><span class='ocrx_word' id='word_1_761' title='bbox 411 5472 676 5527; x_wconf 89' lang='lat' dir='ltr'>sacerdos</span> <span class='ocrx_word' id='word_1_762' title='bbox 731 5479 1111 5543; x_wconf 88' lang='lat' dir='ltr'>cognomento</span> <span class='ocrx_word' id='word_1_763' title='bbox 1164 5475 1511 5544; x_wconf 88' lang='lat' dir='ltr'>intelligens,</span> <span class='ocrx_word' id='word_1_764' title='bbox 1562 5474 1776 5544; x_wconf 90' lang='lat' dir='ltr'>placuit</span> <span class='ocrx_word' id='word_1_765' title='bbox 1800 5476 1915 5528; x_wconf 92' lang='lat' dir='ltr'>Deo</span> <span class='ocrx_word' id='word_1_766' title='bbox 1971 5491 2104 5530; x_wconf 90' lang='lat' dir='ltr'>cum</span> 
     </span>
    </p>
   </div>
   <div class='ocr_carea' id='block_1_105' title="bbox 2244 4319 3927 4394">
    <p class='ocr_par' dir='ltr' id='par_1_105' title="bbox 2244 4319 3927 4394">
     <span class='ocr_line' id='line_1_105' title="bbox 2244 4319 3927 4394; baseline -0.005 -17"><span class='ocrx_word' id='word_1_767' title='bbox 2244 4324 2339 4377; x_wconf 90' lang='lat' dir='ltr'>tia</span> <span class='ocrx_word' id='word_1_768' title='bbox 2389 4323 2843 4394; x_wconf 88' lang='lat' dir='ltr'>magnitudinem</span> <span class='ocrx_word' id='word_1_769' title='bbox 2911 4324 2980 4378; x_wconf 89' lang='lat' dir='ltr'>ab</span> <span class='ocrx_word' id='word_1_770' title='bbox 3037 4323 3214 4377; x_wconf 91' lang='lat' dir='ltr'>oculis</span> <span class='ocrx_word' id='word_1_771' title='bbox 3265 4323 3565 4377; x_wconf 89' lang='lat' dir='ltr'>hominum</span> <span class='ocrx_word' id='word_1_772' title='bbox 3629 4319 3927 4378; x_wconf 90' lang='lat' dir='ltr'>abscondit.</span> 
     </span>
    </p>
   </div>
   <div class='ocr_carea' id='block_1_106' title="bbox 2243 4407 3926 4480">
    <p class='ocr_par' dir='ltr' id='par_1_106' title="bbox 2243 4407 3926 4480">
     <span class='ocr_line' id='line_1_106' title="bbox 2243 4407 3926 4480; baseline -0.004 -15"><span class='ocrx_word' id='word_1_773' title='bbox 2243 4412 2445 4466; x_wconf 90' lang='lat' dir='ltr'>Unde:</span> <span class='ocrx_word' id='word_1_774' title='bbox 2492 4413 2675 4467; x_wconf 86' lang='lat' dir='ltr'>Posuit</span> <span class='ocrx_word' id='word_1_775' title='bbox 2725 4411 2970 4468; x_wconf 81' lang='lat' dir='ltr'>tenebras</span> <span class='ocrx_word' id='word_1_776' title='bbox 3023 4412 3312 4466; x_wconf 84' lang='lat' dir='ltr'>latibulum</span> <span class='ocrx_word' id='word_1_777' title='bbox 3341 4427 3496 4466; x_wconf 88' lang='lat' dir='ltr'>suum</span> <span class='ocrx_word' id='word_1_778' title='bbox 3554 4412 3727 4480; x_wconf 87' lang='lat' dir='ltr'>(Psal.</span> <span class='ocrx_word' id='word_1_779' title='bbox 3788 4407 3926 4475; x_wconf 76' lang='lat' dir='ltr'>xvii).</span> 
     </span>
    </p>
   </div>
   <div class='ocr_carea' id='block_1_107' title="bbox 2237 4495 3927 4571">
    <p class='ocr_par' dir='ltr' id='par_1_107' title="bbox 2237 4495 3927 4571">
     <span class='ocr_line' id='line_1_107' title="bbox 2237 4495 3927 4571; baseline -0.004 -19"><span class='ocrx_word' id='word_1_780' title='bbox 2237 4499 2520 4564; x_wconf 87' lang='lat' dir='ltr'>Joatham,</span> <span class='ocrx_word' id='word_1_781' title='bbox 2549 4500 2712 4571; x_wconf 87' lang='lat' dir='ltr'>cujus</span> <span class='ocrx_word' id='word_1_782' title='bbox 2738 4501 2852 4553; x_wconf 90' lang='lat' dir='ltr'>vita</span> <span class='ocrx_word' id='word_1_783' title='bbox 2881 4500 3168 4566; x_wconf 87' lang='lat' dir='ltr'>laudatur,</span> <span class='ocrx_word' id='word_1_784' title='bbox 3200 4500 3489 4554; x_wconf 85' lang='lat' dir='ltr'>Christum</span> <span class='ocrx_word' id='word_1_785' title='bbox 3527 4498 3839 4571; x_wconf 86' lang='lat' dir='ltr'>signiﬁcat,</span> <span class='ocrx_word' id='word_1_786' title='bbox 3871 4495 3927 4548; x_wconf 85' lang='lat' dir='ltr'>de</span> 
     </span>
    </p>
   </div>
   <div class='ocr_carea' id='block_1_108' title="bbox 2237 4586 3926 4657">
    <p class='ocr_par' dir='ltr' id='par_1_108' title="bbox 2237 4586 3926 4657">
     <span class='ocr_line' id='line_1_108' title="bbox 2237 4586 3926 4657; baseline -0.002 -16"><span class='ocrx_word' id='word_1_787' title='bbox 2237 4604 2352 4657; x_wconf 90' lang='lat' dir='ltr'>quo</span> <span class='ocrx_word' id='word_1_788' title='bbox 2401 4587 2610 4642; x_wconf 89' lang='lat' dir='ltr'>dicitur</span> <span class='ocrx_word' id='word_1_789' title='bbox 2662 4605 2675 4642; x_wconf 90' lang='lat'><strong>:</strong></span> <span class='ocrx_word' id='word_1_790' title='bbox 2730 4591 2960 4657; x_wconf 84' lang='lat' dir='ltr'>Magnus</span> <span class='ocrx_word' id='word_1_791' title='bbox 3005 4591 3262 4643; x_wconf 86' lang='lat' dir='ltr'>Dominus</span> <span class='ocrx_word' id='word_1_792' title='bbox 3310 4594 3359 4642; x_wconf 89' lang='lat' dir='ltr'>et</span> <span class='ocrx_word' id='word_1_793' title='bbox 3409 4589 3717 4643; x_wconf 79' lang='lat' dir='ltr'>laudabilis</span> <span class='ocrx_word' id='word_1_794' title='bbox 3774 4586 3926 4654; x_wconf 79' lang='lat' dir='ltr'>nimis</span> 
     </span>
    </p>
   </div>
   <div class='ocr_carea' id='block_1_109' title="bbox 2238 4676 3926 4748">
    <p class='ocr_par' dir='ltr' id='par_1_109' title="bbox 2238 4676 3926 4748">
     <span class='ocr_line' id='line_1_109' title="bbox 2238 4676 3926 4748; baseline -0.002 -18"><span class='ocrx_word' id='word_1_795' title='bbox 2238 4676 2436 4744; x_wconf 88' lang='lat' dir='ltr'>(Ibid.,</span> <span class='ocrx_word' id='word_1_796' title='bbox 2464 4678 2654 4748; x_wconf 78' lang='lat' dir='ltr'>XLVII),</span> <span class='ocrx_word' id='word_1_797' title='bbox 2681 4683 2786 4731; x_wconf 90' lang='lat' dir='ltr'>etc.</span> <span class='ocrx_word' id='word_1_798' title='bbox 2840 4679 3253 4748; x_wconf 89' lang='lat' dir='ltr'>Interpretatur</span> <span class='ocrx_word' id='word_1_799' title='bbox 3285 4677 3442 4731; x_wconf 91' lang='lat' dir='ltr'>enim</span> <span class='ocrx_word' id='word_1_800' title='bbox 3496 4678 3770 4732; x_wconf 84' lang='lat' dir='ltr'>Joatham</span> <span class='ocrx_word' id='word_1_801' title='bbox 3811 4689 3926 4728; x_wconf 89' lang='lat' dir='ltr'>con-</span> 
     </span>
    </p>
   </div>
   <div class='ocr_carea' id='block_1_110' title="bbox 2234 4765 3926 4836">
    <p class='ocr_par' dir='ltr' id='par_1_110' title="bbox 2234 4765 3926 4836">
     <span class='ocr_line' id='line_1_110' title="bbox 2234 4765 3926 4836; baseline -0.002 -18"><span class='ocrx_word' id='word_1_802' title='bbox 2234 4770 2556 4819; x_wconf 89' lang='lat' dir='ltr'>summatus</span> <span class='ocrx_word' id='word_1_803' title='bbox 2609 4766 2697 4819; x_wconf 91' lang='lat' dir='ltr'>vel</span> <span class='ocrx_word' id='word_1_804' title='bbox 2749 4766 3054 4836; x_wconf 87' lang='lat' dir='ltr'>perfectus,</span> <span class='ocrx_word' id='word_1_805' title='bbox 3117 4771 3172 4820; x_wconf 89' lang='lat' dir='ltr'>et</span> <span class='ocrx_word' id='word_1_806' title='bbox 3222 4765 3446 4821; x_wconf 89' lang='lat' dir='ltr'>Christo</span> <span class='ocrx_word' id='word_1_807' title='bbox 3494 4765 3639 4820; x_wconf 91' lang='lat' dir='ltr'>dicit</span> <span class='ocrx_word' id='word_1_808' title='bbox 3689 4767 3926 4836; x_wconf 80' lang='lat' dir='ltr'>Aposto-</span> 
     </span>
    </p>
   </div>
   <div class='ocr_carea' id='block_1_111' title="bbox 2232 4854 3928 4922">
    <p class='ocr_par' dir='ltr' id='par_1_111' title="bbox 2232 4854 3928 4922">
     <span class='ocr_line' id='line_1_111' title="bbox 2232 4854 3928 4922; baseline 0 -15"><span class='ocrx_word' id='word_1_809' title='bbox 2232 4854 2320 4907; x_wconf 90' lang='lat' dir='ltr'>lus</span> <span class='ocrx_word' id='word_1_810' title='bbox 2349 4871 2362 4908; x_wconf 90' lang='lat'>:</span> <span class='ocrx_word' id='word_1_811' title='bbox 2396 4856 2466 4909; x_wconf 85' lang='lat' dir='ltr'>Et</span> <span class='ocrx_word' id='word_1_812' title='bbox 2519 4861 2940 4922; x_wconf 82' lang='lat' dir='ltr'>consummatus,</span> <span class='ocrx_word' id='word_1_813' title='bbox 2994 4857 3179 4922; x_wconf 80' lang='lat' dir='ltr'>factus</span> <span class='ocrx_word' id='word_1_814' title='bbox 3237 4859 3315 4909; x_wconf 85' lang='lat' dir='ltr'>est</span> <span class='ocrx_word' id='word_1_815' title='bbox 3372 4855 3622 4909; x_wconf 85' lang='lat' dir='ltr'>omnibus</span> <span class='ocrx_word' id='word_1_816' title='bbox 3673 4855 3928 4920; x_wconf 77' lang='lat' dir='ltr'>obtempe-</span> 
     </span>
    </p>
   </div>
   <div class='ocr_carea' id='block_1_112' title="bbox 2229 4943 3926 5013">
    <p class='ocr_par' dir='ltr' id='par_1_112' title="bbox 2229 4943 3926 5013">
     <span class='ocr_line' id='line_1_112' title="bbox 2229 4943 3926 5013; baseline -0.004 -17"><span class='ocrx_word' id='word_1_817' title='bbox 2229 4943 2479 4997; x_wconf 85' lang='lat' dir='ltr'>rantibus</span> <span class='ocrx_word' id='word_1_818' title='bbox 2495 4943 2602 4997; x_wconf 87' lang='lat' dir='ltr'>sibi</span> <span class='ocrx_word' id='word_1_819' title='bbox 2632 4958 2798 4998; x_wconf 88' lang='lat' dir='ltr'>causa</span> <span class='ocrx_word' id='word_1_820' title='bbox 2825 4945 3021 4998; x_wconf 81' lang='lat' dir='ltr'>salutis</span> <span class='ocrx_word' id='word_1_821' title='bbox 3048 4948 3281 5010; x_wconf 63' lang='grc' dir='ltr'>κίεν-πω,</span> <span class='ocrx_word' id='word_1_822' title='bbox 3317 4949 3424 4998; x_wconf 89' lang='lat' dir='ltr'>etc.</span> <span class='ocrx_word' id='word_1_823' title='bbox 3459 4943 3645 5013; x_wconf 87' lang='lat' dir='ltr'>(Hebr.</span> <span class='ocrx_word' id='word_1_824' title='bbox 3671 4944 3756 5013; x_wconf 89' lang='lat' dir='ltr'>v).</span> <span class='ocrx_word' id='word_1_825' title='bbox 3815 4943 3926 5011; x_wconf 83' lang='lat' dir='ltr'>Ipse</span> 
     </span>
    </p>
   </div>
   <div class='ocr_carea' id='block_1_113' title="bbox 2229 5031 3927 5101">
    <p class='ocr_par' dir='ltr' id='par_1_113' title="bbox 2229 5031 3927 5101">
     <span class='ocr_line' id='line_1_113' title="bbox 2229 5031 3927 5101; baseline -0.001 -16"><span class='ocrx_word' id='word_1_826' title='bbox 2229 5031 2544 5085; x_wconf 85' lang='lat' dir='ltr'>construxit</span> <span class='ocrx_word' id='word_1_827' title='bbox 2588 5037 2816 5101; x_wconf 88' lang='lat' dir='ltr'>portam</span> <span class='ocrx_word' id='word_1_828' title='bbox 2853 5032 3054 5086; x_wconf 92' lang='lat' dir='ltr'>domus</span> <span class='ocrx_word' id='word_1_829' title='bbox 3088 5032 3315 5086; x_wconf 89' lang='lat' dir='ltr'>Domini</span> <span class='ocrx_word' id='word_1_830' title='bbox 3373 5032 3682 5099; x_wconf 81' lang='lat' dir='ltr'>excelsam,</span> <span class='ocrx_word' id='word_1_831' title='bbox 3719 5037 3778 5086; x_wconf 89' lang='lat' dir='ltr'>et</span> <span class='ocrx_word' id='word_1_832' title='bbox 3805 5045 3927 5099; x_wconf 79' lang='lat' dir='ltr'>my-</span> 
     </span>
    </p>
   </div>
   <div class='ocr_carea' id='block_1_114' title="bbox 2227 5117 3921 5190">
    <p class='ocr_par' dir='ltr' id='par_1_114' title="bbox 2227 5117 3921 5190">
     <span class='ocr_line' id='line_1_114' title="bbox 2227 5117 3921 5190; baseline -0.004 -16"><span class='ocrx_word' id='word_1_833' title='bbox 2227 5119 2467 5174; x_wconf 87' lang='lat' dir='ltr'>sterium</span> <span class='ocrx_word' id='word_1_834' title='bbox 2516 5136 2632 5173; x_wconf 84' lang='lat' dir='ltr'>sua</span> <span class='ocrx_word' id='word_1_835' title='bbox 2689 5119 3098 5175; x_wconf 88' lang='lat' dir='ltr'>incarnationis</span> <span class='ocrx_word' id='word_1_836' title='bbox 3150 5119 3402 5174; x_wconf 89' lang='lat' dir='ltr'>mirabili</span> <span class='ocrx_word' id='word_1_837' title='bbox 3431 5120 3696 5190; x_wconf 89' lang='lat' dir='ltr'>potentia</span> <span class='ocrx_word' id='word_1_838' title='bbox 3727 5117 3921 5182; x_wconf 73' lang='lat' dir='ltr'>effecit,</span> 
     </span>
    </p>
   </div>
   <div class='ocr_carea' id='block_1_115' title="bbox 2225 5210 3926 5280">
    <p class='ocr_par' dir='ltr' id='par_1_115' title="bbox 2225 5210 3926 5280">
     <span class='ocr_line' id='line_1_115' title="bbox 2225 5210 3926 5280; baseline -0.002 -16"><span class='ocrx_word' id='word_1_839' title='bbox 2225 5210 2325 5280; x_wconf 90' lang='lat' dir='ltr'>qui</span> <span class='ocrx_word' id='word_1_840' title='bbox 2356 5211 2425 5264; x_wconf 92' lang='lat' dir='ltr'>de</span> <span class='ocrx_word' id='word_1_841' title='bbox 2455 5227 2514 5266; x_wconf 91' lang='lat' dir='ltr'>se</span> <span class='ocrx_word' id='word_1_842' title='bbox 2543 5211 2625 5263; x_wconf 88' lang='lat' dir='ltr'>ait</span> <span class='ocrx_word' id='word_1_843' title='bbox 2657 5226 2669 5264; x_wconf 93' lang='lat'>:</span> <span class='ocrx_word' id='word_1_844' title='bbox 2703 5214 2817 5277; x_wconf 89' lang='lat' dir='ltr'>Ego</span> <span class='ocrx_word' id='word_1_845' title='bbox 2837 5226 2957 5265; x_wconf 90' lang='lat' dir='ltr'>sum</span> <span class='ocrx_word' id='word_1_846' title='bbox 2986 5213 3202 5265; x_wconf 87' lang='lat' dir='ltr'>ostium.</span> <span class='ocrx_word' id='word_1_847' title='bbox 3245 5213 3348 5265; x_wconf 89' lang='lat' dir='ltr'>Per</span> <span class='ocrx_word' id='word_1_848' title='bbox 3373 5227 3456 5264; x_wconf 88' lang='lat' dir='ltr'>me</span> <span class='ocrx_word' id='word_1_849' title='bbox 3500 5213 3550 5265; x_wconf 82' lang='lat' dir='ltr'>si</span> <span class='ocrx_word' id='word_1_850' title='bbox 3579 5214 3712 5279; x_wconf 85' lang='lat' dir='ltr'>quis</span> <span class='ocrx_word' id='word_1_851' title='bbox 3767 5214 3926 5264; x_wconf 83' lang='lat' dir='ltr'>intro-</span> 
     </span>
    </p>
   </div>
   <div class='ocr_carea' id='block_1_116' title="bbox 2219 5298 3923 5370">
    <p class='ocr_par' dir='ltr' id='par_1_116' title="bbox 2219 5298 3923 5370">
     <span class='ocr_line' id='line_1_116' title="bbox 2219 5298 3923 5370; baseline -0.003 -17"><span class='ocrx_word' id='word_1_852' title='bbox 2219 5301 2367 5364; x_wconf 86' lang='lat' dir='ltr'>ierit,</span> <span class='ocrx_word' id='word_1_853' title='bbox 2390 5299 2694 5354; x_wconf 84' lang='lat' dir='ltr'>salvabitur</span> <span class='ocrx_word' id='word_1_854' title='bbox 2723 5300 2898 5369; x_wconf 88' lang='lat' dir='ltr'>(Joan.</span> <span class='ocrx_word' id='word_1_855' title='bbox 2933 5301 3004 5370; x_wconf 91' lang='lat' dir='ltr'>v).</span> <span class='ocrx_word' id='word_1_856' title='bbox 3053 5299 3187 5353; x_wconf 83' lang='lat' dir='ltr'>Hac</span> <span class='ocrx_word' id='word_1_857' title='bbox 3216 5304 3382 5370; x_wconf 88' lang='lat' dir='ltr'>porta</span> <span class='ocrx_word' id='word_1_858' title='bbox 3432 5300 3660 5354; x_wconf 81' lang='lat' dir='ltr'>excelsa.</span> <span class='ocrx_word' id='word_1_859' title='bbox 3693 5298 3923 5354; x_wconf 85' lang='lat' dir='ltr'>vocaba-</span> 
     </span>
    </p>
   </div>
   <div class='ocr_carea' id='block_1_117' title="bbox 2218 5388 3920 5458">
    <p class='ocr_par' dir='ltr' id='par_1_117' title="bbox 2218 5388 3920 5458">
     <span class='ocr_line' id='line_1_117' title="bbox 2218 5388 3920 5458; baseline 0.001 -16"><span class='ocrx_word' id='word_1_860' title='bbox 2218 5393 2332 5455; x_wconf 88' lang='lat' dir='ltr'>tur,</span> <span class='ocrx_word' id='word_1_861' title='bbox 2411 5389 2481 5442; x_wconf 91' lang='lat' dir='ltr'>de</span> <span class='ocrx_word' id='word_1_862' title='bbox 2539 5405 2652 5458; x_wconf 90' lang='lat' dir='ltr'>qua</span> <span class='ocrx_word' id='word_1_863' title='bbox 2678 5389 2974 5443; x_wconf 89' lang='lat' dir='ltr'>Psalmista</span> <span class='ocrx_word' id='word_1_864' title='bbox 3011 5388 3090 5443; x_wconf 91' lang='lat' dir='ltr'>ait</span> <span class='ocrx_word' id='word_1_865' title='bbox 3135 5405 3147 5443; x_wconf 90' lang='lat'>:</span> <span class='ocrx_word' id='word_1_866' title='bbox 3203 5389 3461 5444; x_wconf 68' lang='lat' dir='ltr'>Excelsus</span> <span class='ocrx_word' id='word_1_867' title='bbox 3514 5403 3687 5458; x_wconf 85' lang='lat' dir='ltr'>super</span> <span class='ocrx_word' id='word_1_868' title='bbox 3746 5399 3920 5444; x_wconf 82' lang='lat' dir='ltr'>omnes</span> 
     </span>
    </p>
   </div>
   <div class='ocr_carea' id='block_1_118' title="bbox 2215 5477 3168 5547">
    <p class='ocr_par' dir='ltr' id='par_1_118' title="bbox 2215 5477 3168 5547">
     <span class='ocr_line' id='line_1_118' title="bbox 2215 5477 3168 5547; baseline 0.001 -16"><span class='ocrx_word' id='word_1_869' title='bbox 2215 5480 2395 5543; x_wconf 87' lang='lat' dir='ltr'>gentes</span> <span class='ocrx_word' id='word_1_870' title='bbox 2423 5479 2678 5532; x_wconf 86' lang='lat' dir='ltr'>Dominus</span> <span class='ocrx_word' id='word_1_871' title='bbox 2693 5477 2856 5547; x_wconf 84' lang='lat' dir='ltr'>(Psal.</span> <span class='ocrx_word' id='word_1_872' title='bbox 2889 5477 3038 5547; x_wconf 83' lang='lat' dir='ltr'>cxu),</span> <span class='ocrx_word' id='word_1_873' title='bbox 3063 5482 3168 5532; x_wconf 89' lang='lat' dir='ltr'>etc.</span> 
     </span>
    </p>
   </div>
  </div>
