3998 6178
148 300 229 349 689
1183 294 1441 348 GLOSSA
1478 293 1877 348 ORDINARIA.
1916 323 1984 331 —
2028 296 2150 348 LIB.
2196 295 2243 347 II
2285 296 2533 350 PARAL.

197 421 339 472 Vens.
400 421 450 472 3.
507 447 577 457 —
643 418 715 470 In
767 418 910 471 valle
953 420 1269 472 Benennom.
1315 417 1493 485 (ΗΑΒ.)
1551 417 1678 469 Hac
1719 418 1879 468 cstA

137 507 271 561 vallis
303 508 645 572 Benennom,
695 510 823 571 etc.,
872 521 1041 575 usque
1097 506 1171 559 ad
1225 521 1423 559 omnes
1454 504 1609 558 enim
1640 504 1797 558 adul-

134 600 372 661 terantes,
417 593 576 664 quasi
606 594 876 658 clibanus,
912 594 1084 647 corda
1113 609 1330 647 eorum.

739 700 966 755 CAPUT
992 700 1178 755 XXIX.

188 792 335 842 Vens.
373 791 424 843 3.
465 819 532 828 —
584 791 646 843 In
704 792 821 857 ipso
871 804 1031 853 anno,
1073 794 1177 842 etc.
1234 787 1410 859 (ΗΑΒ.)
1459 788 1578 840 Non
1634 786 1798 839 aliter

132 878 426 931 imitaretur
460 877 629 931 David
669 883 889 946 patrem
922 894 1109 942 suum,
1145 877 1243 947 qui
1296 878 1366 930 ab
1398 876 1640 929 infantia
1682 876 1795 928 Deo

132 963 327 1015 deditus
382 962 443 1015 in
474 961 756 1033 principio
783 961 948 1032 regni
980 962 1197 1014 cultum
1256 960 1355 1014 Dei
1388 958 1793 1028 magniﬁcavit.

188 1049 460 1103 Moraliter
524 1057 716 1103 autem
766 1050 1036 1103 admonet
1085 1054 1330 1103 rectores
1381 1047 1658 1115 Ecclesia,
1728 1064 1797 1101 ne

128 1139 221 1192 sint
251 1138 514 1191 desidiosi
537 1139 595 1193 in
647 1139 866 1193 ofticico
919 1139 1025 1192 sibi
1072 1139 1396 1203 commisso,
1455 1138 1549 1191 sed
1605 1136 1798 1190 omnia

128 1228 407 1297 diligenter
432 1233 625 1296 agant.

186 1316 398 1386 Mystice
450 1316 735 1383 Ezechias,
768 1316 867 1386 qui
925 1332 1040 1369 non
1072 1321 1293 1368 tantum
1325 1331 1428 1384 per
1477 1331 1534 1367 se
1579 1316 1663 1368 vel
1696 1329 1798 1385 per

126 1421 235 1456 suos
278 1420 421 1473 opus
450 1404 550 1457 Dei
610 1410 838 1457 strenue
897 1404 1089 1474 gessit,
1148 1404 1263 1457 imo
1295 1420 1396 1473 per
1446 1403 1680 1457 nuntios
1728 1402 1797 1456 ad

126 1493 288 1546 simile
317 1492 573 1545 studium
596 1493 738 1546 alios
777 1493 1125 1563 provocavit,
1176 1493 1463 1546 Christum
1494 1492 1794 1561 significat,

124 1580 255 1649 quod
278 1580 447 1633 etiam
498 1581 747 1633 nominis
798 1580 1199 1651 interpretatio
1243 1585 1499 1633 testatur.
1534 1580 1796 1633 Ezechias

3513 301 3617 354 690

2521 418 2744 472 CAPUT
2773 419 2988 472 XXXIV.

1979 542 2136 595 Vens.
2176 545 2225 595 5.
2260 572 2327 584 -
2368 543 2502 596 Ossa
2545 548 2828 611 praterea.
2878 544 3058 613 (ΗΑΒ.)
3118 544 3249 597 Ideo
3296 546 3612 599 combussit

1905 631 2226 685 sacerdotes
2300 631 2358 684 in
2437 630 2709 684 altaribus
2778 631 3086 693 idolorum,
3138 638 3204 685 ut
3261 634 3606 701 ostenderet,

1905 719 2041 790 quia
2082 719 2305 773 funesta
2357 725 2520 773 erant
2548 736 2748 773 eorum
2798 720 3071 773 sacriﬁcia
3129 720 3228 791 qui
3260 738 3375 774 non
3422 724 3609 777 solum

1903 808 2189 878 pecudum
2238 809 2450 862 hostias
2503 808 2801 862 damoniis
2856 809 3188 875 oﬁ'crebant,
3242 811 3339 863 sed
3371 815 3425 864 et
3456 812 3608 881 ipsos

1902 897 2236 951 idololatria
2279 898 2598 951 tradebant.
2643 898 2741 951 llic
2780 898 3057 967 signiﬁcat
3088 915 3286 951 omnes
3343 899 3441 969 qui
3481 900 3607 953 dia-

1903 985 2020 1039 boli
2049 985 2277 1038 servitio
2307 985 2612 1055 mancipati
2642 985 2812 1037 vitam
2845 986 3180 1054 sacrilegam
3207 988 3603 1055 temporaliter

1903 1074 2170 1127 finierant
2222 1074 2447 1127 aeternis
2501 1074 2844 1127 cruciatibus
2894 1075 3313 1127 consumendos
3365 1092 3469 1144 pro
3500 1092 3597 1129 cu-

1902 1164 2109 1232 jusque
2139 1162 2361 1215 merito.

1977 1252 2138 1304 Vens.
2174 1254 2260 1304 22.
2297 1281 2363 1289 —
2394 1252 2486 1305 Ad
2526 1252 2718 1306 Oldam
2746 1252 3139 1320 prophetidem,
3170 1257 3275 1305 etc.
3313 1251 3599 1320 (HIERON.)

1907 1339 2107 1393 Oldam
2134 1356 2277 1392 uxor
2301 1339 2433 1407 gfuit
2461 1339 2675 1393 Sellum
2727 1339 2992 1393 avunculi
3036 1340 3212 1409 patris
3240 1341 3521 1401 Jeremia,
3551 1345 3606 1393 et

1906 1427 2083 1497 patris
2131 1429 2401 1481 Ananeel.
2474 1427 2771 1481 Habitabat
2818 1427 2874 1479 in
2942 1429 3204 1481 secunda.
3254 1430 3430 1482 Locus
3484 1436 3606 1484 erat

1903 1516 2411 1587 Jerosolymitanus
2463 1523 2622 1568 extra
2666 1532 2895 1569 murum
2948 1517 3189 1571 civitatis
3238 1523 3292 1571 et
3340 1524 3602 1572 antemu-

1905 1605 2044 1671 rale,
2096 1604 2195 1675 qui
2262 1604 2569 1659 vocabatur
2608 1605 2893 1658 secunda:
2944 1606 3106 1675 cujus
3166 1606 3382 1660 mentio
3434 1607 3499 1661 ﬁt
3543 1607 3602 1660 in

122 1669 253 1764 enim
286 1670 721 1764 apprehendens
752 1670 1078 1764 Dominum,
1112 1670 1196 1764 vel
1229 1669 1500 1764 fortitudo
1548 1667 1791 1764 Domini.
1827 1697 1868 1751 Β
1905 1667 2199 1764 δορίιοᾷίθ
2227 1694 2527 1763 propheta.

120 1758 350 1810 Christus
372 1762 567 1811 autem
600 1758 699 1811 Dei
738 1758 918 1811 virtus
948 1763 1004 1811 et
1036 1757 1127 1811 Dei
1162 1757 1460 1827 sapientia,
1522 1757 1619 1827 qui
1676 1773 1792 1809 om-

121 1861 207 1898 nes
233 1852 456 1915 patrum
490 1846 1009 1916 pravaricationes,
1044 1863 1171 1916 qua
1228 1846 1332 1900 sub
1378 1846 1505 1915 lege
1544 1845 1788 1911 fuerant,

122 1936 377 2005 sanguine
427 1952 532 1988 suo
591 1935 781 1999 diluit,
822 1942 879 1988 et
908 1936 1120 1988 cultum
1154 1934 1379 2005 pietatis
1431 1934 1487 1987 in
1547 1933 1793 1987 Ecclesia

121 2023 264 2092 plane
294 2023 655 2076 instauravit.
710 2024 833 2093 Ipse
867 2023 1084 2093 legatos
1122 2024 1189 2076 ad
1247 2022 1631 2076 convocandas
1662 2038 1794 2092 gen-

121 2117 190 2165 tes
212 2112 269 2164 ad
310 2112 489 2165 ﬁdem
541 2111 711 2165 misit.
745 2110 998 2165 Primum
1033 2112 1356 2181 prophetas,
1408 2111 1612 2164 deinde
1660 2127 1792 2181 apo-

123 2200 289 2265 stolos,
342 2206 396 2253 et
452 2216 652 2253 eorum
708 2216 1102 2253 successores:
1152 2200 1244 2253 hic
1296 2200 1542 2253 secundo
1598 2214 1792 2253 mense

124 2288 304 2356 pascha
333 2289 623 2341 celebrare
676 2288 968 2354 instituit;
1031 2289 1167 2358 quia
1216 2289 1420 2341 umbra
1480 2288 1617 2358 legis
1671 2305 1792 2341 ces-

126 2381 276 2440 sante,
311 2393 513 2430 verum
536 2376 744 2447 pascha
796 2392 1020 2430 servare
1068 2377 1278 2443 docuit,
1311 2377 1378 2429 de
1411 2393 1525 2447 quo
1584 2377 1791 2430 Paulus

124 2464 217 2517 ait:
248 2468 457 2520 Etenim
508 2466 715 2534 pascha
772 2471 1016 2519 nostrum
1062 2468 1366 2519 immolatus
1412 2470 1489 2519 est
1544 2467 1790 2521 Christus

125 2555 166 2617 (I
190 2554 294 2608 Cor.
325 2555 395 2623 v).
1456 2560 1462 2565 ’
1726 2562 1733 2567 ’

179 2642 321 2695 Vens.
410 2646 465 2696 6.
541 2672 609 2681 -—
695 2644 1054 2698 Peccauerunt
1135 2648 1320 2711 patres
1402 2644 1595 2708 nostri,
1679 2646 1786 2707 etc,

121 2733 365 2799 (finenem,
397 2738 591 2802 quast.
624 2734 685 2786 in
727 2734 907 2787 Paral.
943 2737 1085 2786 tom.
1137 2733 1258 2801 III.)
1295 2734 1407 2786 Hoc
1449 2733 1617 2801 plene
1651 2732 1782 2786 scri-

117 2820 264 2886 bitur,
295 2826 420 2887 etc.,
456 2837 630 2890 usque
659 2822 733 2875 ad
771 2827 827 2875 et
844 2821 1165 2874 adorabant
1198 2821 1265 2875 ad
1296 2826 1485 2874 ortum
1521 2821 1677 2874 solis.

749 2927 973 2980 CAPUT
1004 2928 1151 2981 XXX.

179 3024 322 3077 Vens.
364 3028 410 3077 1.
482 3052 549 3063 -
600 3025 753 3077 Misit
818 3038 1045 3091 quoque,
1105 3027 1209 3077 etc.

118 3112 252 3164 omni
304 3112 478 3165 Israel
538 3111 763 3181 publice
814 3111 1061 3165 misisset
1116 3110 1367 3175 nuntios,
1414 3112 1662 3164 Manasse
1732 3116 1787 3165 et

117 3199 361 3268 Ephraim
390 3190 639 3253 la’tenter
666 3199 820 3252 misit
849 3199 918 3252 ad
946 3215 1044 3252 eos
1094 3216 1239 3268 quos
1288 3198 1498 3252 sciebat
1553 3215 1784 3251 conver-

113 3303 219 3340 sum
249 3288 313 3341 iri
366 3303 535 3358 posse
591 3303 695 3356 per
747 3286 1035 3356 epistolas.
1102 3286 1189 3339 Illi
1228 3286 1381 3339 enim
1421 3287 1785 3356 superbiores

115 3380 253 3427 erant
281 3382 519 3446 propter
566 3374 786 3445 regiam
834 3374 1172 3445 dignitatem
1212 3391 1340 3446 qua
1371 3380 1493 3428 erat
1522 3374 1581 3427 in
1613 3374 1784 3427 domo

117 3464 373 3534 Ephraim.

1278 3023 1567 3091 (llr-enm.)
1645 3024 1784 3077 Cum

731 3551 955 3606 CAPUT
978 3553 1152 3606 XXXI.

175 3649 317 3701 Vens.
374 3653 423 3702 1.
488 3676 559 3687 -
615 3649 909 3717 Fregerunt
963 3650 1277 3714 simulacra,
1336 3651 1440 3701 etc.
1501 3649 1634 3701 Post
1691 3647 1782 3700 ad-

111 3742 315 3791 ventum
374 3736 706 3803 Salvatoris,
767 3753 885 3790 non
933 3738 1117 3790 solum
1176 3737 1236 3790 in
1288 3736 1599 3790 Jerusalem
1629 3740 1686 3789 et
1723 3735 1784 3788 in

108 3824 247 3889 Juda,
274 3826 369 3879 sed
418 3826 485 3878 in
534 3825 751 3879 cunctis
797 3826 1125 3880 nationibus
1183 3825 1335 3879 orbis
1383 3825 1669 3878 destructa
1700 3828 1784 3877 est

111 3909 427 3979 idololatria,
468 3917 523 3965 et
545 3913 755 3966 diaboli
783 3914 1000 3968 corruit
1032 3913 1319 3984 superbia.
1378 3915 1442 3967 Et
1498 3916 1780 3965 crescente

107 4012 321 4053 numero
393 3999 677 4066 fidelium,
751 4001 1023 4054 decrescit
1078 4002 1299 4055 cultura
1343 4000 1775 4059 damoniorum,

108 4086 265 4140 donec
290 4088 349 4142 in
380 4090 497 4142 ﬁne
545 4089 745 4142 mundi
803 4089 1079 4143 obruatur
1140 4106 1291 4143 mors
1340 4088 1665 4153 novissima,
1726 4091 1782 4140 et

108 4177 348 4245 regnabit
370 4176 648 4232 Dominus
685 4178 837 4231 solus
856 4179 915 4231 in
948 4179 1039 4232 die
1058 4179 1172 4233 illa.

708 4283 931 4336 CAPUT
962 4283 1164 4337 XXXII.

174 4375 323 4430 Vens.
372 4379 427 4431 4.
474 4406 538 4416 -
599 4377 1001 4434 Obturaverunt
1053 4384 1287 4433 cunctos.
1347 4378 1553 4432 Contra
1611 4395 1783 4449 paga-

112 4470 279 4517 noset
336 4466 635 4519 hareticos
661 4473 1003 4535 pugnantes,
1053 4468 1297 4538 diligens
1353 4468 1572 4521 cautela
1624 4469 1782 4521 adhi-

111 4549 278 4605 benda
310 4558 412 4617 est,
471 4559 529 4606 et
580 4554 814 4607 velanda
871 4555 1159 4625 mysteria,
1216 4556 1401 4608 unde:
1449 4557 1624 4610 Nolite
1652 4572 1780 4609 san-

107 4644 234 4692 ctum
283 4641 418 4695 dare
478 4642 722 4710 canibus,
750 4659 936 4711 neque
980 4646 1216 4698 mittatis
1273 4646 1606 4710 margaritas
1659 4650 1783 4699 ante

101 4740 286 4792 porcos.

164 4815 315 4870 Vens.
370 4821 420 4871 5.
457 4818 893 4886 —Ediﬁcavit.
931 4820 1087 4889 (ΗΑΒ.
1143 4822 1202 4873 in
1255 4821 1466 4889 Paral.)
1528 4820 1781 4875 Christus

105 4901 387 4956 aediﬁcavit
419 4905 723 4959 Ecclesiam
758 4922 888 4976 qua
923 4913 1009 4960 est
1035 4906 1229 4961 civitas
1281 4908 1401 4973 Dei,
1434 4914 1522 4961 etc
1563 4948 1576 4973 ,
1606 4923 1783 4976 usque

103 4992 164 5043 ad
194 4999 248 5046 et
274 4994 559 5065 disposuit
605 4996 862 5050 doctores
892 4996 1277 5066 spiritualium
1320 4998 1598 5051 bellorum
1628 4998 1782 5067 prin-

106 5092 260 5147 cxpes.

690 5171 915 5226 CAPUT
946 5173 1169 5227 XXXIII.

162 5264 311 5318 Vens.
350 5269 435 5319 t2.
470 5297 540 5305 —
570 5270 637 5321 Et
680 5271 791 5336 egit
845 5268 1223 5337 paenitentiam
1252 5269 1411 5324 valde
1452 5287 1630 5325 coram
1675 5274 1781 5325 Deo

104 5356 302 5415 patrum
330 5368 571 5409 suorum.
622 5357 806 5427 (ΗΑΒ.)
872 5358 1081 5412 Audita
1128 5359 1467 5428 panitentia
1529 5361 1779 5414 Manasse

110 5452 257 5493 nemo
289 5441 460 5496 debet
490 5444 557 5497 de
592 5444 691 5498 Dei
747 5446 1139 5500 misericordia
1168 5448 1491 5517 desperare,
1522 5449 1616 5502 sed
1655 5466 1780 5502 ma-

110 5525 177 5593 gis
200 5545 299 5599 per
320 5530 715 5601 pauitentiam
741 5533 810 5587 de
838 5534 1005 5589 venia
1033 5552 1396 5607 praesumere.

2554 1797 2775 1853 CAPUT
2812 1799 3004 1852 XXXV.

1974 1922 2135 1975 Vens.
2201 1925 2249 1974 1.
2291 1923 2535 1975 —Fecit
2562 1925 2739 1974 autem
2759 1924 2936 1975 Josias
2991 1924 3047 1975 in
3103 1923 3431 1989 Jerusalem,
3490 1929 3596 1979 etc.

1900 2008 2087 2079 (ΗΑΒ.)
2140 2010 2549 2074 Admonemur,
2614 2015 2680 2063 ut
2730 2026 3047 2080 purgemus
3107 2011 3359 2080 primum
3389 2017 3599 2065 terram

1901 2098 2086 2152 cordis
2116 2098 2297 2152 nostri
2332 2099 2402 2151 ab
2459 2098 2727 2152 omnibus
2774 2099 2943 2165 vitiis,
2995 2099 3187 2169 sicque
3233 2101 3443 2168 pascha
3492 2102 3599 2154 Do-

1902 2185 2057 2240 mino
2105 2187 2476 2250 celebremus,
2526 2202 2632 2239 non
2678 2189 2736 2240 in
2784 2189 3044 2253 fermento
3087 2191 3272 2252 veteri,
3328 2204 3497 2255 neque
3542 2191 3601 2242 in

1897 2277 2161 2341 fermento
2198 2277 2421 2329 malitia
2449 2280 2498 2329 et
2528 2278 2784 2344 nequitia
2829 2276 2959 2328 :sed
2999 2278 3054 2328 in
3106 2279 3315 2345 azymis
3369 2280 3597 2330 sinceri-

1901 2366 2030 2417 tatis
2059 2368 2109 2417 et
2161 2366 2409 2417 veritatis
2471 2363 2524 2431 (Ι
2549 2364 2665 2419 Cor.
2726 2364 2801 2434 v).
2858 2364 3084 2433 Mystice
3138 2370 3330 2417 autem
3395 2365 3594 2431 Josias,

1899 2451 1957 2504 id
1988 2457 2074 2505 est
2102 2452 2374 2505 fortitudo
2406 2452 2650 2519 Domini,
2694 2452 2977 2507 Christum
3020 2452 3319 2521 signiﬁcat,
3381 2453 3449 2506 de
3482 2468 3595 2522 quo

1900 2541 2149 2610 legitur:
2194 2542 2460 2594 Dominus
2533 2542 2695 2606 fortis
2722 2544 2772 2594 et
2817 2546 3048 2609 potens:
3101 2543 3362 2595 Dominus
3409 2546 3594 2609 potens

1898 2630 1959 2684 in
1987 2631 2175 2698 pratia
2223 2630 2390 2696 (Psal.
2462 2630 2639 2699 χχιιι).
2706 2631 3115 2698 Interpretatur
3183 2630 3357 2683 etiam
3415 2631 3595 2685 Josias

1898 2713 2050 2765 salus
2082 2712 2329 2777 Domini,
2359 2717 2414 2765 et
2434 2713 2680 2768 Christus
2733 2713 2942 2766 salvum
2983 2715 3123 2779 facit
3149 2714 3409 2780 populum
3439 2728 3596 2767 suum

1897 2817 1930 2853 a
1970 2803 2209 2869 peccatis
2268 2816 2449 2854 eorum
2499 2802 2710 2860 (Matth.
2748 2800 2805 2869 1).
2842 2802 2967 2869 Ipse
3018 2803 3137 2853 zelo
3205 2801 3303 2854 Dei
3356 2802 3597 2856 mundat

1896 2894 2107 2943 terram
2134 2888 2281 2942 Juda
2312 2894 2367 2941 et
2395 2890 2707 2943 Jerusalem
2760 2889 2829 2942 ab
2866 2889 3133 2942 omnibus
3186 2889 3594 2957 immunditiis,

1898 2978 1992 3047 qui
2016 2994 2122 3047 per
2164 2978 2509 3047 prophetam
2566 2977 2748 3031 dixit:
2801 2978 2968 3030 Zelus
3000 2977 3187 3031 domus
3234 2982 3339 3031 tua:
3371 2979 3596 3033 comedit

1899 3082 1979 3119 me
2034 3065 2201 3136 (Psal.
2254 3068 2461 3133 vam).
2500 3066 2575 3118 De
2624 3081 2740 3135 quo
2791 3064 2956 3118 alibi:
3009 3066 3186 3133 Cujus
3232 3066 3595 3120 ventilabrum

1898 3157 1956 3207 in
1984 3170 2149 3208 manu
2196 3169 2317 3218 sua,
2374 3159 2424 3207 et
2475 3153 2863 3222 permundabit
2920 3170 3103 3207 aream
3155 3169 3309 3207 suam
3376 3154 3589 3224 (Matth.

1896 3246 2002 3311 ιιι).
2047 3242 2145 3295 Hic
2182 3242 2431 3295 celebrat
2474 3258 2677 3295 verum
2719 3242 2893 3311 phase
2926 3248 3122 3295 octavo
3178 3242 3400 3296 decimo
3442 3259 3592 3296 anno

1896 3330 2059 3401 regni
2085 3331 2210 3384 sui:
2246 3330 2381 3400 quia
2407 3336 2605 3383 octava
2646 3335 2810 3384 atate
2869 3331 3120 3399 generali
3179 3332 3595 3385 resurrectione

1894 3420 2124 3485 donata,
2160 3423 2381 3473 sanctos
2412 3435 2543 3471 suos
2573 3434 2702 3472 cum
2735 3419 3084 3488 perfectione
3142 3420 3425 3472 bonorum
3457 3436 3592 3489 ope-

1894 3524 2025 3561 rum
2082 3507 2342 3577 perducit
2405 3507 2475 3560 ad
2533 3511 2762 3560 aterna
2828 3506 3201 3561 beatitudinis
3270 3507 3590 3574 denarium,

1895 3597 2089 3666 ejectis
2118 3597 2278 3666 prius
2310 3595 2576 3649 omnibus
2606 3595 2884 3649 scandalis
2917 3596 2986 3649 de
3020 3612 3196 3665 regno
3227 3595 3371 3665 ejus.

1964 3685 2127 3737 Vens.
2198 3687 2249 3738 3.
2281 3714 2349 3722 —
2399 3687 2583 3738 Ponite
2646 3699 2831 3737 arcam
2879 3688 2935 3736 in
2994 3687 3307 3738 sanctuario
3380 3687 3592 3753 templi,

1893 3773 2037 3840 quod
2081 3773 2372 3839 adiﬁcaiit
2403 3773 2651 3827 Salomon
2680 3775 2825 3838 ﬁlius
2884 3774 3068 3826 David
3088 3789 3187 3825 rea:
3228 3774 3425 3827 Israel.
3463 3774 3593 3827 Tra-

1893 3860 2036 3913 dunt
2058 3860 2279 3913 Ilebrai
2309 3876 2495 3913 arcam
2530 3865 2785 3929 tempore
2842 3860 3025 3912 Achaz
3059 3861 3127 3912 de
3176 3861 3390 3929 templo
3418 3860 3591 3913 fuisse

1892 3949 2120 4011 elatam,
2141 3948 2461 4000 simulacris
2512 3948 2579 4000 ab
2630 3964 2696 4000 eo
2721 3948 2779 3999 in
2810 3949 3025 4016 templo
3054 3947 3260 4012 missis,
3317 3952 3373 3999 et
3405 3948 3464 4000 in
3492 3948 3591 4001 do-

1892 4053 2050 4091 mum
2077 4037 2291 4090 Sellum
2323 4037 2429 4089 viri
2460 4036 2615 4091 Olda
2649 4034 2914 4089 avunculi
2960 4034 3222 4089 Jeremia
3272 4034 3443 4088 fuisse
3476 4041 3589 4089 tra-

1890 4126 2139 4179 ductam.
2172 4126 2291 4178 Non
2322 4124 2476 4177 enim
2506 4127 2732 4194 poterat
2785 4139 2906 4176 esse
2938 4123 3107 4176 simul
3161 4138 3290 4176 cum
3349 4122 3591 4176 simula-

1891 4213 2020 4265 cris.

1964 4302 2121 4353 Vens.
2160 4303 2243 4354 18.
2306 4331 2370 4339 ο-
2399 4301 2515 4356 Νοη
2562 4301 2676 4365 fuit
2705 4300 2884 4353 Phase
2910 4301 3083 4354 simile
3113 4301 3256 4361 huic,
3290 4305 3397 4354 etc.
3447 4300 3591 4364 Quia

1894 4388 2097 4442 ablatis
2126 4389 2324 4459 ﬁguris
2378 4388 2438 4441 in
2492 4388 2583 4441 die
2633 4387 2859 4457 judicii,
2920 4388 3243 4442 transibunt
3304 4390 3483 4443 sancti
3520 4390 3589 4442 de

1894 4482 2076 4531 morte
2103 4478 2173 4531 ad
2204 4477 2398 4539 vitam,
2432 4478 2527 4545 {de
2562 4476 2931 4545 corruptione
2993 4478 3061 4530 ad
3121 4477 3386 4547 gloriam,
3451 4482 3505 4530 et
3528 4477 3591 4531 in

1892 4572 2200 4636 conspectu
2261 4565 2571 4619 conditoris
2619 4566 2707 4618 sui
2764 4566 2823 4618 in
2873 4566 3087 4619 calesti
3161 4567 3493 4632 Jerusalem,
3528 4566 3588 4620 in

1893 4660 2172 4708 aternurn
2231 4652 2769 4724 gaudebunt:quia
2822 4654 3107 4707 videbitur
3152 4656 3298 4707 Deus
3347 4654 3586 4708 deorum

1890 4743 1949 4795 in
2007 4744 2162 4807 Sion,
2221 4743 2357 4813 quia
2433 4743 2756 4797 miriﬁcavit
2811 4743 3258 4797 misericordiam
3311 4759 3473 4796 suam
3528 4744 3590 4796 in

1890 4832 2112 4885 civitate
2140 4832 2377 4884 munita.

1963 4920 2121 4973 Vens.
2155 4922 2243 4972 2t.
2296 4948 2366 4959 —
2395 4919 2485 4973 Ad
2527 4935 2691 4987 quam
2748 4922 2905 4973 Deus.
2960 4918 3103 4983 Quia
3146 4934 3211 4972 ex
3260 4919 3445 4973 verbis
3497 4921 3587 4974 Je-

1890 5007 2108 5073 remia,
2143 5013 2198 5061 et
2242 5007 2484 5061 aliorum
2524 5008 2935 5077 prophetarum
2995 5007 3182 5077 potuit
3237 5008 3588 5063 voluntatem

1894 5096 2122 5151 Domini
2156 5112 2519 5166 cognoscere,
2552 5096 2687 5166 quia
2700 5095 3078 5165 judicandum
3105 5100 3226 5149 erat
3261 5095 3321 5149 in
3374 5098 3588 5167 populo

1894 5191 2209 5256 peccatore.
2258 5184 2415 5238 Unde
2458 5188 2515 5237 et
2567 5184 2847 5238 Rabsaces
2885 5184 3027 5237 dixit
3080 5184 3147 5237 de
3205 5184 3589 5241 Sennacherib

1890 5288 2029 5343 rego
2082 5271 2489 5341 ASsyriorum:
2538 5272 2795 5327 Dominus
2837 5272 3007 5339 jussit
3066 5287 3145 5325 me
3183 5272 3469 5326 ascendere
3515 5276 3590 5328 ad

1891 5367 2092 5415 terram
2132 5360 2297 5430 (Psal.
2364 5362 2607 5426 Lxxxui),
2668 5358 2804 5429 quia
2860 5359 3157 5430 propheta
3214 5361 3592 5431 praedixerant

1891 5465 2022 5503 eum
2056 5465 2174 5501 esse
2207 5464 2597 5511 escensurum,
2632 5449 2787 5519 quod
2820 5448 3057 5502 minime
3090 5450 3270 5503 latuit.

1963 5539 2119 5591 Vens.
2152 5539 2240 5590 22.
2276 5566 2339 5575 —
2384 5538 2452 5592 In
2507 5552 2693 5607 campo
2751 5538 3038 5606 Mageddo.
3070 5538 3393 5593 Interfectio
3419 5539 3589 5595 Josia
