4062 6180
377 254 476 307 691

993 254 1386 309 WALAFRIDI
1423 255 1672 310 STRABI
1712 255 1912 310 FULD.
1955 257 2115 313 MON.
2157 257 2316 314 OPP.
2369 258 2544 314 PARS
2581 259 2624 312 Ι.
2665 287 2735 296 --
2772 257 3224 313 THEOLOGICA.
3771 263 3862 314 692

379 376 483 448 qui
511 395 542 432 a
571 376 865 431 Pharaone
921 376 1141 430 Nechao
1193 375 1526 430 interfectus
1587 377 1755 432 estin
1811 379 2086 448 Mageddo
2113 384 2158 437 Α
2196 381 2427 451 redigit,
2461 387 2519 435 et
2543 381 2782 451 plenum
2807 380 3100 434 servitium
3159 379 3352 450 exigit,
3387 381 3739 451 persuasione
3767 382 3861 436 sci-

380 465 665 536 signiﬁcat
717 465 938 537 antiqui
1023 464 1202 518 hostis
1253 464 1714 536 persecutionem
1781 465 2082 520 adversum

380 554 804 625 praedicatores,
856 570 999 624 quos
1029 553 1154 606 neci
1209 554 1434 608 tradere
1465 558 1520 606 et
1573 554 1642 608 de
1694 554 1937 608 Ecclesia
1977 571 2084 608 au-

381 643 530 698 ferre
561 647 820 708 conatur,
869 645 929 694 ut
975 641 1193 694 facilius
1246 645 1424 695 totam
1449 641 1676 712 plebem
1733 642 2000 696 invadere
2030 647 2086 696 et

384 730 660 800 dissipare
707 729 909 799 possit.
967 731 1378 798 Interpretatur
1435 729 1590 782 enim
1652 729 1871 784 Pharao
1926 729 2086 784 dissi-

383 835 548 890 pans,
605 819 827 872 Nechao
885 818 1233 888 percutiens,
1296 817 1568 888 Mageddo
1601 806 1700 872 Ide
1749 819 2084 873 tentatione.

385 907 747 964 Permittitur
797 907 1011 978 quippe
1064 907 1322 961 diabolus
1379 923 1724 978 consurgere
1783 908 2085 962 adversum

385 1001 645 1050 sanctos:
709 1000 766 1049 et
818 997 926 1049 hoc
983 995 1115 1049 totis
1167 995 1384 1049 viribus
1440 999 1638 1062 certat,
1689 999 1754 1049 ut
1808 994 2087 1050 tentando

386 1100 622 1156 gregem
653 1084 752 1139 Dei
784 1085 1109 1154 percutiens
1136 1100 1234 1138 eos
1263 1083 1422 1154 prius
1457 1084 1785 1153 dissipando
1845 1085 2086 1148 auferat,

387 1188 636 1245 quorum
669 1173 869 1226 solatio
899 1172 994 1226 alii
1026 1177 1225 1226 contra
1243 1172 1467 1226 hostem
1497 1172 1788 1226 dimicant.

1061 1305 1286 1360 CAPUT
1325 1305 1541 1359 XXXVI.

462 1441 622 1494 Vens.
673 1441 723 1492 4.
769 1468 842 1480 -
887 1437 1298 1508 Constituitque.
1349 1438 1573 1492 Nechao
1631 1453 1826 1507 regem
1864 1436 2090 1490 Joakim

391 1527 705 1594 constituit,
745 1527 1020 1598 imposuit
1067 1527 1340 1580 mulctam
1371 1531 1540 1580 terra:
1589 1531 1819 1580 centum
1859 1524 2095 1578 talentis

391 1617 614 1688 argenti
645 1633 660 1669 :
693 1617 829 1688 quia
854 1615 1113 1670 diabolus
1132 1631 1376 1685 pensum
1405 1613 1618 1667 servitii
1651 1630 1684 1666 a
1712 1613 1928 1684 populo
1959 1628 2088 1682 per-

394 1705 644 1759 ditorum
673 1704 924 1774 expetiit,
955 1710 1016 1758 ut
1039 1709 1157 1758 tam
1187 1720 1384 1758 sensus
1415 1718 1589 1775 quam
1620 1701 1849 1772 eloquio
1901 1699 2091 1771 parati

394 1794 509 1848 sint
539 1793 660 1864 ejus
700 1792 996 1863 obsequio.

468 1883 537 1936 Et
567 1883 748 1935 vertit.
794 1881 1119 1935 Notandum
1159 1880 1312 1952 quod
1342 1880 1412 1934 de
1465 1879 1668 1934 eodem
1717 1877 1944 1933 Joakim
1973 1877 2096 1932 ﬁlio

399 1970 570 2025 Josiae
603 1969 664 2024 in
691 1970 911 2039 Regum
945 1969 1026 2022 ita
1067 1969 1340 2040 scriptum
1373 1973 1498 2023 est:
1559 1969 1822 2023 Dormivit
1872 1969 2098 2021 Joakim

399 2075 520 2114 cum
548 2059 798 2128 patribus
819 2061 932 2112 suis
977 2061 1332 2128 regnavitque
1373 2058 1630 2112 Joachim
1657 2058 1804 2125 ﬁlius
1853 2056 1970 2125 ejus
1995 2072 2097 2124 pro

401 2164 459 2203 eo
483 2149 600 2216 (IV
625 2149 766 2213 Reg.
830 2147 1001 2216 xxxv).
1042 2148 1323 2218 Iosephus
1370 2151 1564 2200 tamen
1611 2145 1789 2200 dicit:
1823 2145 1969 2198 Dum
2001 2161 2099 2198 rex

406 2235 709 2306 Babylonis
737 2235 1007 2289 intrasset
1047 2233 1349 2298 civitatem,
1387 2233 1560 2288 ﬁdem
1587 2248 1954 2303 nequaquam
1979 2248 2097 2285 ser-

403 2325 574 2390 vavit,
635 2323 730 2378 sed
755 2324 992 2394 juvenes
1037 2322 1375 2377 fortissimos
1425 2326 1482 2375 et
1533 2319 1964 2391 pulchritudine
1995 2321 2095 2374 de-

402 2427 561 2466 coros
617 2411 823 2466 occidit
880 2429 992 2465 una
1049 2427 1180 2464 cum
1223 2426 1356 2481 rege
1409 2409 1656 2474 Joakim,
1737 2425 1912 2480 quem
1967 2413 2100 2462 ante

401 2515 631 2554 murum
678 2499 1029 2571 insepultum
1085 2499 1287 2570 projici
1327 2498 1513 2568 jussit.
1552 2497 1759 2551 Filium
1811 2513 1948 2551 vero
1977 2499 2102 2565 ejus

399 2587 634 2641 Joacbin
687 2587 982 2641 constituit
1036 2602 1229 2656 regem
1284 2585 1566 2639 universae
1615 2584 1946 2655 provinciae.
2001 2586 2101 2638 Eos

405 2679 600 2729 autem
631 2673 729 2746 qui
785 2679 951 2728 erant
999 2675 1061 2728 in
1090 2673 1464 2744 dignitatibus
1514 2672 1809 2727 constituti
1857 2689 2102 2727 numero

405 2763 518 2818 tria
566 2764 768 2828 millia,
827 2762 987 2817 duxit
1035 2762 1096 2816 in
1154 2763 1524 2833 Babylonem,
1570 2761 1724 2815 inter
1777 2777 1922 2832 quos
1981 2766 2106 2814 erat

410 2852 664 2906 Ezechiel
694 2852 880 2906 adhuc
931 2868 1093 2923 puer.
1141 2851 1239 2904 Hie
1283 2867 1420 2922 ergo
1469 2850 1600 2904 ﬁnis
1647 2849 1850 2904 habuit
1875 2850 2102 2904 Joakim

2193 469 2344 535 licet,
2397 469 2791 534 delectatione,
2822 485 3120 534 consensu,
3149 468 3494 539 cogitatione
3523 485 3758 540 quoque,
3788 470 3863 523 lo-

2193 559 2446 623 cutione,
2481 568 2534 611 et
2567 555 2920 628 operatione.

2266 647 2546 716 (Hmaom,
2598 652 2768 716 quaid
2821 649 2881 698 in
2931 647 3138 712 Paral.,
3204 651 3325 700 tom
3393 646 3512 715 III.)
3588 644 3867 700 Sciendum

2197 735 2352 805 quod
2406 752 2617 790 nomen
2655 735 2820 789 istius
2868 737 3124 802 Joachin,
3157 741 3290 801 etc.,
3343 751 3514 804 usque
3569 736 3641 788 ad
3673 752 3870 806 praepo~

2196 824 2442 878 sitorum
2473 823 2766 895 depravati
2795 825 3069 896 exemplis
3095 825 3304 879 cedunt
3337 839 3468 877 cum
3498 823 3633 895 ipsis
3659 824 3715 876 in
3743 841 3865 894 pra:-

2196 912 2328 966 dam
2362 911 2599 966 diaboli.

2265 1001 2426 1055 Vens.
2490 1003 2574 1055 tO.
2623 1003 2910 1071 —Regem
2938 1017 3078 1055 vero.
3137 999 3396 1055 Sedeeias
3455 999 3738 1070 signiﬁcat
3786 1015 3868 1052 eos

2198 1089 2297 1158 qui
2329 1089 2585 1158 regimen
2625 1089 2682 1142 in
2715 1090 2927 1160 populo
2961 1089 3058 1142 Dei
3099 1089 3419 1159 suscipiunt
3452 1089 3875 1159 :interpretatur

2198 1177 2351 1230 enim
2380 1177 2638 1231 Sedecias
2671 1177 2858 1247 justus
2905 1176 3150 1230 Domini.
3199 1177 3285 1230 Illi
3311 1177 3467 1230 enim
3493 1177 3777 1246 accipiunt
3799 1193 3873 1230 se-

2201 1265 2329 1319 dem
2391 1265 2629 1334 justitiaa
2685 1265 2754 1320 ad
2812 1265 3128 1319 exercenda
3165 1281 3340 1335 opera
3394 1265 3630 1335 justitim
3669 1264 3876 1318 honoris

2201 1357 2256 1406 et
2312 1353 2487 1408 ofﬁcii
2547 1353 2841 1424 accipiunt
2889 1354 3251 1424 dignitatem,
3306 1353 3551 1407 maxime
3608 1352 3741 1424 quia
3787 1353 3876 1406 ﬁlii

2199 1442 2385 1508 Josiae,
2436 1442 2494 1496 id
2543 1448 2628 1496 est
2659 1443 2855 1496 salutis
2904 1443 3156 1508 Domini,
3191 1459 3293 1514 per
3345 1442 3591 1513 gratiam
3627 1440 3879 1511 baptismi

2203 1536 2260 1584 et
2290 1531 2620 1585 unctionem
2669 1531 2990 1585 chrismatis
3045 1530 3362 1600 nuncupari
3403 1536 3741 1584 merentur:
3791 1529 3879 1583 sed

2202 1619 2616 1690 degenerantes
2671 1619 3010 1673 relabuntur
3047 1619 3107 1673 in
3138 1619 3410 1672 vitiorum
3453 1618 3724 1681 foeditate,
3757 1621 3807 1670 et
3834 1633 3883 1669 se

2205 1708 2458 1762 subditos
2487 1712 2830 1762 convertunt
2855 1709 2925 1763 ad
2972 1708 3348 1778 impietatem,
3385 1723 3488 1761 nec
3528 1707 3700 1761 ﬁdem
3731 1720 3883 1776 quam
3910 1694 3912 1696 ’

2207 1799 2322 1851 Deo
2384 1797 2787 1868 promiserant,
2856 1797 3207 1864 custodiunt,
3265 1813 3367 1850 nec
3396 1811 3525 1849 cum
3576 1794 3882 1848 hominibus

2205 1886 2361 1956 pacis
2392 1886 2606 1940 foedera
2635 1891 2888 1940 servant.
2927 1886 3087 1939 Tales
3118 1884 3374 1956 quotidie
3405 1885 3493 1937 lex
3523 1883 3736 1947 divina,
3767 1899 3882 1953 pro-

2205 1975 2528 2045 phetarum,
2583 1978 2640 2028 et
2694 1974 3082 2044 apostolorum
3131 1973 3406 2026 miracula
3460 1988 3490 2026 e
3541 1972 3782 2042 peccatis
3810 1987 3882 2024 re-

2206 2061 2425 2124 cedere,
2481 2065 2538 2114 et
2590 2061 2662 2115 ad
2716 2061 3021 2114 Dominum
3100 2077 3202 2130 per
3247 2060 3648 2131 paenitentiam
3698 2057 3884 2113 reverti

2205 2154 2486 2204 monent:
2540 2150 2639 2204 sed
2693 2151 2867 2203 semel
2914 2149 3188 2212 indurati,
3249 2149 3423 2202 verba
3479 2149 3679 2202 salutis
3709 2146 3880 2216 despi-

2207 2238 2388 2305 ciunt,
2449 2239 2599 2293 unde
2649 2239 2798 2292 Deus
2856 2237 3036 2291 iratus
3092 2237 3268 2291 mittit
3320 2241 3516 2291 contra
3568 2254 3668 2290 eos
3715 2251 3887 2306 regem

2209 2328 2626 2391 Chaldaeorum,
2667 2325 2726 2380 id
2757 2330 2865 2393 est,
2899 2327 3194 2381 diabolum
3240 2343 3372 2380 cum
3403 2325 3742 2380 satellitibus
3771 2323 3888 2383 suis,

2208 2415 2264 2469 id
2326 2419 2430 2480 est,
2477 2414 2871 2484 spiritualibus
2923 2413 3216 2484 nequitiis,
3265 2413 3364 2482 qui
3413 2413 3554 2466 nulli
3615 2417 3892 2482 parcentes

2210 2503 2380 2566 aetati,
2416 2504 2564 2557 nulli
2593 2503 2912 2558 deferentes
2939 2501 3228 2572 dignitati,
3258 2516 3633 2571 quoscunque
3658 2499 3894 2569 capiunt,

2210 2591 2271 2645 in
2304 2591 2658 2661 Balylonem,
2704 2591 2766 2645 id
2813 2595 2918 2658 est,
2959 2590 3020 2643 in
3068 2589 3464 2643 confusionem
3521 2588 3890 2648 transferunt;

2211 2684 2267 2734 et
2324 2681 2562 2733 domum
2597 2677 2822 2732 Domini
2854 2677 3186 2742 incendunt,
3221 2677 3356 2747 quia
3396 2675 3616 2743 ﬁdeles,
3650 2675 3748 2746 qui
3779 2678 3898 2726 sunt

2210 2770 2492 2839 templum
2526 2767 2648 2833 Dei,
2679 2767 3079 2837 blasphemare
3111 2766 3482 2836 compellunt.
3513 2765 3704 2818 Muros
3749 2765 3896 2817 Jeru-

2213 2859 2388 2912 salem
2420 2858 2744 2924 destruunt,
2792 2872 2923 2909 cum
2963 2854 3246 2908 custodias
3284 2859 3576 2923 pastorum
3610 2852 3894 2922 dejiciunt,

407 2960 604 3015 regem
635 2943 734 3013 qui
772 2943 915 2998 vixit
959 2960 1140 2998 annos
1189 2943 1384 2998 decem
1429 2947 1486 2997 et
1527 2943 1782 3014 triginta,
1841 2940 2101 3012 regnavit
2126 2948 2165 3004 C
2208 2951 2396 3000 turres
2417 2946 2783 3010 comburunt,
2815 2959 2944 2997 cum
2977 2944 3244 3013 praelatos
3271 2959 3376 3013 per
3405 2941 3605 2994 illicita
3633 2940 3900 2995 desideria

407 3038 599 3087 autem
628 3033 895 3088 undecim
938 3033 1123 3087 annis.
1175 3032 1473 3087 Successor
1499 3047 1634 3086 vero
1682 3030 1846 3102 regni
1874 3030 2101 3085 Joakim

408 3138 505 3176 rex
538 3122 772 3176 nomine
805 3121 1124 3177 Ononimus
1162 3121 1425 3192 regnavit
1470 3120 1765 3175 mensibus
1818 3119 1999 3173 tribus
2046 3126 2104 3173 et

409 3211 609 3265 diebus
656 3212 872 3265 decem.
923 3209 1228 3265 Sciendum
1285 3212 1498 3273 autem,
1556 3207 1712 3278 quod
1765 3223 1895 3260 cum
1928 3207 2103 3260 semel

410 3298 540 3370 quis
587 3299 820 3353 cuilibet
864 3298 1002 3351 vitio
1059 3314 1118 3351 se
1175 3295 1604 3366 mancipaverit,
1636 3295 1832 3348 multis
1857 3294 2104 3348 dominis

409 3387 690 3441 obnoxius
727 3386 852 3440 erit.
889 3386 1044 3441 Unde
1081 3386 1304 3439 Joakim
1335 3400 1507 3455 quem
1558 3384 1778 3438 Pharao
1811 3386 1942 3437 ante
1971 3399 2104 3437 cen-

410 3491 537 3528 sum
591 3474 701 3528 sibi
758 3474 972 3528 solvere
1002 3473 1206 3542 coegit,
1266 3474 1419 3526 hunc
1452 3471 1980 3526 Nabuchodonosor
2004 3488 2105 3525 rex

411 3563 713 3634 Babylonis
743 3563 926 3617 tribus
965 3561 1131 3614 annis
1177 3561 1388 3614 servire
1445 3559 1756 3630 compellit.
1805 3560 2106 3614 Nabucho-

412 3651 662 3705 donosor
700 3651 969 3704 eumdem
1006 3649 1290 3720 signiﬁcat
1332 3665 1505 3720 quem
1559 3654 1617 3702 et
1647 3649 1895 3714 Pharao;
1937 3648 2106 3719 prin-

411 3740 598 3811 cipem
652 3739 866 3794 scilicet
910 3737 1259 3794 confusionis
1310 3743 1368 3792 et
1413 3742 1695 3791 rectorem
1738 3737 2103 3792 tenebrarum

413 3827 638 3882 harum.
693 3828 834 3883 Cum
890 3831 1083 3881 autem
1117 3823 1376 3880 diabolus
1424 3826 1677 3897 aliquem
1734 3825 1840 3879 sibi
1871 3842 2106 3879 censum

414 3915 629 3988 peccati
693 3917 910 3970 solvere
965 3915 1134 3986 cogit,
1192 3918 1376 3968 totum
1436 3914 1494 3968 in
1549 3913 1866 3968 dominium
1937 3930 2104 3968 suum

2211 3039 2459 3088 exurunt
2489 3051 2503 3088 :
2545 3049 2714 3094 omne
2736 3031 3052 3102 pretiosum
3085 3029 3496 3096 demoliuntur,
3531 3025 3783 3082 cum‘eos
3811 3025 3900 3098 qui

2212 3123 2279 3176 de
2308 3121 2531 3175 virtutis
2563 3125 2620 3175 et
2669 3119 2920 3174 scientiae
2961 3119 3340 3189 praerogativa
3370 3117 3477 3170 sibi
3525 3116 3899 3188 applaudunt,

2213 3212 2280 3265 ad
2315 3211 2558 3264 nihilum
2591 3209 2878 3280 redigunt.

2285 3299 2439 3352 Finis
2496 3298 2627 3353 libri
2657 3297 3129 3367 Paralipomenon
3186 3294 3390 3348 similis
3439 3293 3731 3365 principio
3784 3292 3902 3346 libri

2216 3387 2523 3441 sacerdotis
2562 3385 2797 3439 Esdraa:
2855 3385 3008 3438 unde
3041 3383 3194 3453 quod
3240 3383 3318 3436 ibi
3364 3383 3763 3452 exposuimus,
3821 3381 3897 3435 hic

2217 3476 2490 3546 replicare
2522 3490 2638 3528 non
2685 3478 2768 3526 est
2805 3489 2968 3543 opus.
3037 3472 3114 3525 De
3169 3471 3312 3540 Cyro
3344 3485 3574 3541 quoque
3624 3469 3902 3541 quomodo

2217 3563 2503 3619 Christum
2543 3562 2847 3633 signiﬁcet,
2897 3566 2955 3614 et
3001 3576 3130 3631 quae
3169 3559 3240 3613 de
3269 3575 3335 3614 eo
3383 3559 3675 3625 dicantur,
3709 3565 3766 3613 et
3793 3574 3904 3629 qua:

2214 3653 2284 3707 ad
2315 3652 2503 3723 ipsum
2538 3651 2878 3715 referantur,
2904 3649 2966 3702 in
2993 3648 3136 3702 Isaia
3167 3648 3553 3717 exposuimus.

2284 3741 2440 3810 (Rm.
2476 3755 2544 3792 ex
2577 3738 2768 3809 Beda.)
2799 3737 3070 3792 Salomon
3117 3737 3398 3806 templum
3442 3735 3673 3790 Domini
3704 3739 3904 3806 septem

2213 3828 2380 3882 annis
2400 3825 2716 3881 construxit
2757 3826 2817 3880 in
2844 3826 3183 3891 Jerusalem,
3215 3829 3343 3891 etc.,
3377 3840 3546 3893 usque
3593 3825 3676 3878 ad
3707 3823 3908 3877 scilicet

2212 3918 2269 3968 et
2298 3913 2538 3967 civitatis
2569 3913 2671 3966 Dei
2700 3912 2769 3966 de
2791 3929 2905 3983 qua
2934 3911 3096 3982 ejecti
3117 3911 3363 3980 fuerant,
3390 3911 3702 3980 recipiunt.

1552 4127 1909 4204 ESDR/E
1994 4126 2293 4204 LIBER
2382 4126 2780 4206 PRIMUS.

1063 4271 1134 4334 B.
1189 4270 1636 4336 HIERONYMI
1689 4269 1768 4333 IN
1816 4268 2145 4334 ESDRAM
2191 4267 2297 4334 ET
2344 4267 2779 4333 NEHEMIAM
2829 4267 3265 4334 PROLOGUS.

1761 4407 1926 4476 (Vide
1956 4412 2090 4462 tome
2126 4409 2254 4462 VIII
2281 4407 2548 4478 operum.)
2864 4400 2867 4402 ’

985 4622 1210 4677 CAPUT
1247 4615 1546 4676 PRIMUM.

489 4714 662 4781 (BEDA
691 4715 749 4766 in
777 4709 1029 4776 Esdram,
1089 4715 1228 4763 tom.
1266 4710 1363 4777 ΙΙ.)
1403 4708 1558 4764 Sicut
1593 4709 1772 4780 Cyrus
1824 4709 2112 4764 destructo

419 4801 818 4858 Cbaldeorum
867 4798 1111 4869 imperio
1157 4798 1438 4869 populum
1488 4798 1587 4852 Dei
1642 4797 1921 4861 liberavit,
1979 4803 2112 4860 etc.,

419 4907 587 4960 usque
611 4891 687 4944 ad
735 4888 944 4960 quibus
981 4886 1154 4942 ﬁdem
1209 4887 1296 4939 sui
1327 4884 1579 4940 nominis
1633 4890 1688 4939 et
1715 4902 1875 4956 spem
1909 4886 2111 4939 salutis

421 4979 640 5034 cunctis
671 4978 772 5049 qui
800 4977 873 5032 ad
903 4990 1143 5044 regnum
1169 4989 1336 5028 suum
1362 4973 1674 5044 pertinent,
1697 4973 1753 5027 id
1783 4977 1868 5028 est
1896 4973 2108 5038 electis,

420 5067 710 5138 praedicat.

492 5155 653 5209 Vsas.
719 5157 766 5208 1.
825 5181 894 5194 -
949 5154 1020 5207 Et
1068 5154 1185 5220 ipse
1229 5151 1487 5220 precepit
1528 5151 1665 5203 mihi
1706 5155 1766 5202 ut
1795 5149 2115 5216 aediﬁcarem

420 5245 471 5298 ei
494 5242 733 5310 domum,
763 5242 867 5296 etc.
904 5241 1071 5309 (Beas
1091 5240 1189 5294 ubi
1213 5239 1437 5309 supra.)
1471 5239 1682 5292 Domus
1713 5237 1801 5291 vel
1834 5237 2115 5308 templum

424 5330 525 5384 Dei
572 5330 632 5384 in
663 5330 971 5400 Scripturis
1035 5327 1262 5393 sanctis,
1297 5331 1428 5394 etc.,
1479 5341 1648 5396 usque
1667 5326 1742 5380 ad
1799 5331 1856 5380 et
1900 5325 2118 5396 pariter

424 5418 482 5472 in
510 5418 704 5472 futuro
741 5416 1110 5472 dedicationis
1148 5416 1304 5470 illius
1347 5415 1628 5468 solemnia
1683 5418 2035 5484 exspectent.

493 5506 654 5560 Vns.
689 5509 741 5560 3.
772 5534 842 5546 —
893 5507 1024 5571 Quis
1069 5508 1148 5558 est
1174 5506 1234 5558 in
1268 5503 1444 5558 vobis.
1483 5503 1610 5570 (10.,
1643 5503 1800 5571 ibid.)
1827 5503 2028 5574 Magna
2055 5501 2115 5556 in

2145 4621 2190 4674 D
2227 4619 2316 4674 his
2344 4618 2528 4674 verbis
2553 4619 2698 4674 ﬁdes
2745 4619 2916 4690 regis,
2971 4577 3102 4685 etc.,
3133 4634 3302 4689 usque
3329 4620 3405 4673 ad
3449 4635 3774 4691 eorumque
3804 4621 3913 4673 ani-

2222 4723 2346 4762 mos
2373 4713 2430 4761 et
2453 4723 2660 4761 manus
2692 4707 2762 4761 ad
2793 4707 3065 4761 salutaria
3097 4707 3372 4777 dirigeret
3400 4723 3593 4778 opera.

2291 4796 2563 4851 Ascendet
2619 4799 2678 4850 in
2699 4794 3018 4849 Jerusalem.
3065 4795 3189 4865 (In.,
3222 4795 3379 4864 ibid.)
3409 4796 3518 4860 Qui
3547 4802 3798 4866 peccant
3836 4797 3909 4846 vel

2221 4885 2516 4940 secularia
2547 4888 2751 4938 curant
2799 4885 2858 4938 in
2895 4884 3012 4937 imo
3040 4889 3173 4938 sunt
3203 4901 3216 4938 :
3277 4884 3376 4956 qui
3405 4886 3520 4939 Deo
3550 4887 3784 4955 placere
3828 4885 3910 4939 de~

2223 4973 2494 5035 siderant,
2562 4973 2631 5027 ad
2715 4972 2966 5028 coelestia
3029 4972 3342 5043 suspirent,
3413 4989 3618 5027 omnes
3680 4988 3913 5044 pompas

2223 5062 2425 5116 mundi
2451 5067 2507 5116 et
2551 5061 2845 5115 illecebras
2887 5066 3235 5115 aeternorum
3267 5077 3460 5114 amore
3489 5063 3912 5116 transcendant.

2223 5153 2282 5203 et
2333 5148 2616 5203 aediﬁcent
2672 5148 2904 5202 domum
2945 5149 3060 5201 Deo
3114 5147 3174 5200 in
3195 5147 3416 5212 Iudaea,
3455 5147 3514 5201 in
3567 5148 3917 5203 confessione

2224 5238 2434 5292 scilicet
2483 5253 2602 5292 suae
2628 5236 2950 5308 iniquitatis
2997 5240 3054 5290 et
3099 5235 3306 5290 divina:
3334 5235 3746 5300 miserationis,
3772 5252 3915 5307 pra:-

2223 5330 2431 5396 parent
2484 5326 2658 5380 corda
2708 5342 2809 5379 sua
2852 5341 2981 5395 quae
3031 5325 3178 5378 Deus
3234 5323 3491 5378 habitare
3533 5329 3591 5378 et
3631 5324 3913 5378 illustrare

2227 5415 2520 5485 dignetur,
2569 5419 2626 5468 et
2675 5413 2939 5483 proximo
2987 5413 3056 5466 ad
3105 5412 3257 5466 idem
3317 5413 3562 5466 invitare
3617 5413 3814 5467 verbis
3865 5418 3916 5464 et

2225 5503 2497 5572 exemplis
2515 5502 2790 5556 nitantur.
