4062 6180
221 246 325 298 693

1302 244 1553 299 GLOSSA
1592 245 1994 303 ORDINARIA.
2036 274 2106 287 ——
2142 248 2272 302 LIB.
2313 248 2338 302 Ι
2386 247 2659 303 ESDRE.

3619 251 3722 303 694

286 366 456 421 Vsus.
494 366 547 419 4.
574 396 642 403 -
673 367 743 420 Et
762 380 956 419 omnes.
993 364 1208 436 (ΒεοΑ.,
1242 367 1404 436 ibid.)
1434 368 1689 421 Notanda
1716 369 1908 423 distin-
1937 369 1985 421 Α
2020 384 2189 439 usque
2236 370 2310 424 ad
2362 370 2501 424 visio
2548 377 2743 426 autem
2794 372 2948 442 pacis
2973 377 3030 426 et
3061 372 3341 426 confessio
3362 373 3425 426 in
3453 376 3721 444 praesenti

209 454 325 506 ctio
379 453 708 522 verborum,
756 458 887 520 etc.,
937 468 1105 523 usque
1164 455 1238 508 ad
1268 457 1420 508 unde
1471 457 1750 511 Joannes:
1808 460 1915 513 Nos

207 557 340 610 ergo
396 542 643 596 debemus
706 542 1021 610 hujusmodi
1084 545 1376 612 suscipere,
1442 548 1503 597 ut
1552 551 1914 614 cooperatores

204 630 685 700 simusjveritalis,
719 636 822 683 etc.
861 631 959 697 (III
989 632 1158 685 Joan.
1189 632 1334 696 vni.)

278 719 582 788 Adjuvent,
635 723 740 771 etc.
796 718 902 782 Qui
964 720 1379 789 temporalibus
1425 720 1737 784 abundant,
1798 737 1913 776 non

204 808 398 860 solum
466 806 813 876 pauperibus
869 806 1077 860 Christi
1129 808 1446 861 necessaria
1500 809 1710 862 debent
1740 810 1910 863 mini-

204 902 413 963 strare,
440 897 537 948 sed
571 902 626 947 et
655 896 800 948 bona
838 910 967 965 quin
997 900 1241 964 possunt
1265 911 1370 965 pro
1406 913 1463 949 se
1496 896 1743 951 libenter
1765 913 1911 966 ope-

2022 458 2339 523 inchoatur,
2369 464 2425 513 et
2452 460 2510 512 in
2542 459 2735 512 futuro
2765 461 3080 529 perﬁcitur.

2096 549 2489 616 Umusquisque
2514 551 2572 601 in
2603 550 2895 613 civitatem,
2932 548 3056 619 (10.,
3082 550 3246 618 ibid.)
3275 551 3404 604 Ideo
3424 550 3721 622 vigilanter

2021 636 2311 705 Scriptura
2359 635 2617 689 distinxit
2672 637 2741 689 de
2799 652 2914 706 qua
2962 638 3330 708 generatione
3365 640 3719 709 captivorum

2020 724 2187 777 soluti
2218 724 2275 777 in
2304 725 2549 793 patriam
2585 724 2875 787 redierint,
2914 731 3044 791 etc.,
3080 741 3247 794 usque
3266 728 3340 780 ad
3373 744 3476 797 pro
3510 728 3717 798 quibus

2019 816 2171 865 certa
2202 813 2460 865 mercede
2484 819 2833 867 remaneret.

2088 902 2249 954 Vens.
2280 904 2331 954 2.
2366 931 2434 939 —-
2474 903 2759 966 Numerus,
2804 907 2910 955 etc.
2948 903 3070 971 (10.,
3104 903 3269 971 ibid.)
3318 904 3603 973 Populum
3635 906 3712 958 Is-

205 985 349 1049 rari,
380 990 446 1038 ut
502 990 747 1054 utroque
778 985 1082 1039 commodo
1136 986 1196 1038 in
1235 986 1449 1055 templo
1496 986 1595 1039 Dei
1624 987 1776 1057 quod
1827 991 1912 1041 est
2015 989 2133 1041 rael
2156 988 2368 1043 tribum
2400 991 2544 1043 Juda
2563 995 2618 1043 et
2645 991 2945 1060 Benjamin
2974 991 3126 1056 dicit,
3153 995 3284 1057 etc.,
3306 1006 3478 1060 usque
3505 992 3580 1045 ad
3601 1008 3716 1044 una

203 1074 473 1135 Ecclesia,
505 1079 723 1143 partem
760 1079 1087 1127 mereantur
1108 1074 1336 1127 habere.

272 1160 439 1213 Vsus.
494 1162 545 1212 5.
603 1189 668 1198 —
721 1161 791 1213 Et
842 1165 1216 1213 surrexerunt.
1269 1160 1461 1226 (BEDA,
1511 1160 1671 1229 ibid.)
1728 1160 1906 1230 Cyrus

197 1246 405 1300 omnia
462 1247 757 1316 praecepit,
807 1248 925 1301 imo
957 1248 1217 1317 permisit
1247 1248 1306 1300 in
1355 1249 1670 1302 Jerusalem
1702 1266 1905 1303 ascen-

197 1335 340 1389 dere
373 1339 430 1388 et
487 1334 767 1388 aediﬁcare
827 1336 1063 1389 domum
1102 1336 1347 1400 Domini,
1382 1342 1511 1395 etc.,
1548 1352 1715 1406 usque
1746 1338 1821 1391 ad
1850 1344 1905 1392 et

195 1424 331 1477 ideo
373 1424 593 1478 collatae
628 1424 1030 1478 misericordiae
1082 1425 1362 1495 particeps
1392 1441 1512 1478 esse
1555 1426 1784 1482 meruit.

266 1516 571 1581 Principes.
629 1513 752 1583 (10.,
786 1513 947 1579 ibid.)
1007 1513 1335 1583 Principum
1366 1514 1517 1567 enim
1562 1519 1811 1584 patrum,
1845 1515 1902 1571 id

199 1606 285 1656 est
316 1600 747 1670 magistrorum,
788 1607 874 1655 est
931 1617 1102 1670 opere
1158 1608 1215 1655 et
1273 1601 1530 1654 doctrina
1579 1601 1893 1655 errantium

198 1686 444 1755 mentes,
520 1690 579 1743 in
631 1689 818 1744 studio
876 1690 1009 1743 boni
1067 1690 1256 1760 operis
1312 1690 1613 1744 mdiﬁcare.
1686 1690 1894 1746 Scrisz

196 1779 351 1833 docti
386 1778 443 1831 in
488 1794 663 1848 regno
716 1779 1016 1843 ccelorum,
1048 1779 1145 1849 qui
1202 1778 1401 1831 merita
1434 1794 1745 1849 sensusque
1784 1794 1893 1832 au-

197 1868 455 1921 ditorum
510 1868 754 1921 solerter
819 1868 1233 1933 examinantes,
1302 1867 1614 1937 dijudicare
1684 1872 1895 1921 norunt

198 1973 378 2028 quem
435 1957 496 2011 in
550 1973 664 2028 quo
716 1957 896 2026 gradu
928 1956 1232 2012 ministerii
1265 1957 1628 2011 ecclesiastici
1658 1974 1894 2028 promo-

199 2050 393 2099 veant.

274 2137 343 2189 Ut
373 2134 738 2189 ascenderent.
800 2135 919 2198 (10.,
947 2133 1104 2200 ibid.)
1140 2133 1500 2200 Quotidianis
1547 2133 1895 2204 profectibus

198 2224 356 2276 velut
386 2222 729 2294 quibusdam
777 2222 1047 2293 gradibus
1074 2222 1327 2276 ascendit
1372 2224 1440 2277 ad
1472 2239 1735 2277 sumnam
1780 2222 1894 2276 vir-

196 2315 391 2365 tutum
449 2326 578 2380 quaa
636 2315 772 2364 sunt
836 2310 896 2364 in
940 2316 1171 2365 aeterna:
1220 2311 1375 2380 pacis
1435 2311 1669 2364 visione.
1719 2311 1894 2365 Primi

198 2400 413 2469 gradus
448 2402 579 2452 sunt
618 2399 909 2469 propriam
943 2399 1116 2452 vitam
1170 2400 1476 2469 corrigere.
1541 2399 1787 2454 Secundi
1825 2400 1894 2453 de

200 2488 595 2558 proximorum
644 2488 924 2541 erratibus
956 2488 1233 2541 laborare.
1267 2488 1530 2557 Snpremi
1562 2493 1691 2558 post
1722 2504 1896 2557 opera

199 2576 351 2630 bona
384 2580 440 2630 et
466 2576 783 2629 doctrinam
805 2576 1016 2646 gaudia
1069 2582 1363 2646 perpetuae
1414 2575 1895 2639 remunerationis

202 2670 550 2734 exspectare.
1506 2722 1509 2725 _

270 2750 435 2803 Vens.
488 2753 537 2803 6.
594 2779 665 2789 —
722 2750 1071 2818 Adjuverunt
1119 2765 1311 2805 manus
1372 2766 1552 2804 eorum
1597 2750 1657 2804 in
1724 2754 1892 2805 vasis.

204 2838 400 2890 Manus
447 2838 854 2892 aediﬁcantium
913 2839 1063 2903 socii,
1124 2838 1224 2909 qui
1264 2838 1545 2893 aediﬁcare
1600 2830 1895 2909 nequeunt

203 2927 349 2979 datis
396 2926 657 2996 pecuniis
689 2926 961 2996 adjuvant
1008 2943 1137 2980 cum
1200 2927 1499 2981 saeculares
1551 2927 1894 2996 praedicato-

201 3014 361 3068 ribus
408 3015 614 3068 liberos
644 3031 778 3068 suos
825 3015 911 3068 vel
959 3015 1236 3069 familiam
1269 3016 1510 3069 Domino
1541 3015 1895 3069 educandam

201 3103 589 3170 committunt,
634 3107 698 3156 ut
727 3104 877 3173 quod
928 3120 1034 3173 per
1088 3120 1145 3158 se
1174 3109 1490 3175 nequeunt,
1530 3120 1635 3173 per
1667 3120 1764 3157 eos
1796 3103 1895 3174 qui

199 3196 464 3260 possunt,
496 3191 736 3244 Domino
766 3208 878 3245 suae
905 3192 1221 3246 devotionis
1248 3209 1459 3246 munus
1489 3192 1748 3245 offerant.

264 3282 339 3333 Et
362 3280 642 3347 jumentis.
679 3280 862 3348 (830.,
893 3281 1057 3349 ibid.)
1122 3282 1181 3335 Id
1232 3287 1336 3345 est,
1362 3280 1729 3343 tardioribus,
1763 3285 1891 3345 etc.,

196 3382 368 3435 usque
414 3366 489 3418 ad
544 3370 600 3418 et
645 3367 808 3436 quasi
838 3367 1131 3436 suppellex
1186 3368 1345 3421 varia
1396 3368 1466 3421 ad
1499 3367 1894 3421 aediﬁcandam

198 3454 437 3509 domum
470 3454 695 3507 Domini
725 3454 1081 3524 principibus
1111 3461 1341 3526 patrum
1379 3456 1725 3509 tribuantur.

265 3545 511 3597 Protulit
535 3548 734 3597 autem.
769 3543 897 3612 (10.,
920 3542 1085 3611 ibid.)
1118 3544 1347 3596 Diversa
1364 3559 1627 3597 vasorum
1658 3544 1893 3613 species,

198 3637 325 3695 etc.,
354 3647 527 3701 usque
572 3632 646 3685 ad
691 3631 750 3684 in
792 3631 937 3685 libro
995 3637 1224 3685 aeternae
1274 3632 1568 3685 memoria:
1626 3632 1895 3701 scriptam

196 3721 459 3774 continet
490 3719 546 3772 in
581 3735 827 3790 quorum
870 3720 1056 3789 ﬁgura
1107 3725 1236 3790 apte
1270 3719 1567 3773 subditur:
1600 3722 1671 3774 Et
1726 3736 1898 3773 annu-

197 3811 455 3872 meravit,
489 3813 597 3861 etc.

239 3899 434 3950 ~Veas.
465 3900 518 3958 9,
557 3927 629 3935 —
668 3899 729 3950 Et
775 3897 861 3950 hic
903 3901 981 3951 est
1016 3938 1027 3949 .
1087 3898 1207 3966 (10.,
1240 3897 1397 3965 ibid.)
1429 3897 1571 3960 Quia
1599 3897 1755 3950 novit
1785 3899 1894 3951 Do-

198 3985 396 4038 minus
426 4001 733 4039 numerum
764 3986 1094 4050 electorum,
1144 3991 1275 4050 etc.,
1308 4000 1478 4053 usque
1505 3986 1579 4039 ad
1612 3991 1673 4039 ut
1701 3988 1892 4056 prius-

197 4091 376 4146 quam
399 4074 735 4144 paeniteant,
767 4089 1079 4143 perennem
1102 4072 1403 4143 rapiantur
1426 4074 1495 4127 ad
1534 4090 1783 4142 poenam.

882 4214 1104 4268 CAPUT
1150 4215 1217 4267 11.

260 4343 427 4394 Vens.
468 4343 514 4393 l.
549 4370 617 4377 —
669 4342 739 4393 Hi
767 4344 913 4403 sunt,
948 4343 1054 4392 etc.
1085 4339 1298 4393 Iudaeas
1326 4337 1537 4391 scilicet
1567 4354 1679 4391 non
1714 4339 1895 4409 Baby-

194 4430 390 4483 loniae.
430 4428 515 4482 Ad
545 4429 692 4482 hanc
743 4428 895 4481 enim
947 4427 1314 4497 pertinebant
1344 4427 1516 4481 etiam
1555 4427 1624 4480 de
1654 4428 1898 4497 captivo-

196 4535 326 4571 rum
393 4517 573 4587 stirpe
599 4517 659 4570 in
704 4516 1015 4587 Babylonia
1043 4517 1162 4570 lati.
1216 4518 1355 4570 Toto
1393 4515 1547 4569 enim
1578 4516 1769 4568 animo
1799 4517 1896 4569 Ju-

194 4606 387 4659 dazam
440 4610 494 4659 et
541 4604 857 4658 Jerusalem
909 4604 1293 4673 suspirabant,
1356 4620 1602 4674 quorum
1653 4603 1897 4672 ﬁguram

194 4694 351 4761 gerit
399 4694 510 4746 dux
566 4708 767 4745 eorum
837 4692 1168 4757 Zorobabel,
1229 4691 1327 4761 qui
1379 4692 1613 4745 nomine
1661 4692 1784 4761 ipso
1839 4708 1896 4745 se

194 4786 399 4834 ortum
452 4780 509 4833 in
568 4779 853 4849 Babylone
909 4780 1283 4844 demonstrat,
1343 4779 1442 4832 sed
1492 4779 1811 4832 intentione
1842 4782 1899 4830 et

192 4885 375 4939 opere
427 4869 606 4922 civem
661 4868 995 4922 Jerusalem.
1032 4868 1235 4921 Altiori
1264 4883 1433 4920 sensu
1463 4867 1568 4920 ﬁlii
1610 4866 1891 4927 Ecclesiae.

191 4958 303 5012 ﬁlii
356 4961 492 5009 sunt
554 4957 753 5026 patriae
798 4956 1059 5025 caelestis,
1093 4973 1209 5009 non
1265 4956 1447 5009 solum
1482 4954 1580 5025 qui
1639 4954 1895 5008 Ecclesia:

196 5043 573 5100 sacramentis
610 5044 730 5113 jam
780 5048 911 5097 sunt
964 5044 1189 5111 imbuti,
1236 5044 1331 5097 sed
1386 5044 1560 5097 etiam
1600 5043 1697 5114 qui
1736 5042 1892 5103 foris,

194 5135 253 5188 id
285 5140 375 5187 est
406 5134 556 5185 inter
604 5132 811 5202 impios
840 5132 1151 5203 aliquando
1196 5133 1523 5186 aberrantes
1557 5131 1747 5186 divina
1786 5132 1897 5184 ele-

194 5225 386 5276 ctione
418 5225 547 5273 ante
585 5221 793 5273 saecula
831 5219 1198 5290 praeordinati
1228 5220 1300 5273 ad
1331 5219 1504 5273 vitam
1534 5219 1739 5273 divina:
1760 5235 1896 5288 gra-

193 5311 287 5365 tiae
313 5309 649 5363 ministeriis
680 5314 812 5362 sunt
840 5309 1227 5363 consecrandi.

262 5403 339 5454 Et
384 5401 593 5452 reversi
638 5402 767 5452 sunt
813 5400 871 5451 in
917 5398 1245 5452 Jerusalem.
1308 5396 1475 5467 (BEDA
1530 5397 1587 5448 in
1636 5396 1889 5459 Esdram,

195 5493 339 5541 tom.
365 5487 456 5553 II.)
488 5486 627 5539 Cum
652 5486 805 5540 enim
831 5486 1057 5540 liberati
1083 5486 1153 5540 de
1190 5488 1465 5555 potestate
1497 5484 1737 5544 Satanas,
1761 5487 1891 5550 etc.,

2014 1091 2144 1129 cum
2164 1078 2551 1131 sacerdotibus
2577 1082 2634 1131 et
2664 1079 2867 1132 Levitis
2900 1079 3000 1149 qui
3033 1079 3184 1132 inter
3214 1095 3310 1131 eos
3349 1084 3559 1133 sortem
3617 1080 3714 1133 ha-

2014 1164 2273 1230 buerant,
2317 1167 2522 1219 debere
2554 1167 2819 1236 intelligi.

2085 1253 2244 1307 Vsns.
2292 1257 2376 1308 58.
2404 1285 2471 1294 --
2502 1256 2779 1309 Nathinzi
2804 1257 2927 1323 ﬁlii,
2986 1259 3089 1309 etc.
3144 1255 3268 1321 (10.,
3305 1256 3464 1323 ibid.)
3511 1256 3711 1310 Nathi-

2010 1340 2120 1393 nmi
2177 1341 2276 1411 qui
2308 1347 2434 1411 post
2466 1344 2804 1402 sacerdotes.
2868 1344 3103 1409 Levites,
3134 1349 3416 1410 cantores,
3459 1349 3515 1398 et
3549 1345 3704 1412 jani-

2008 1433 2163 1482 tores
2216 1430 2275 1483 in
2326 1431 2526 1484 ordine
2571 1431 2989 1498 describuntur,
3048 1432 3159 1502 ipsi
3208 1437 3345 1486 tunc
3401 1434 3559 1487 fuere
3609 1434 3708 1501 qui

2008 1533 2161 1570 nunc
2224 1517 2285 1571 in
2345 1518 2586 1573 Ecclesia
2635 1519 2964 1573 subdiaconi
3020 1524 3312 1585 vocantur;
3376 1520 3707 1575 obedientes

2007 1606 2209 1660 ofﬁciis
2262 1606 2602 1670 Levitarum,
2666 1612 2721 1661 et
2782 1608 3099 1662 oblationes
3151 1609 3212 1661 in
3260 1610 3473 1679 templo
3530 1610 3705 1663 susci-

2006 1695 2230 1765 pientes
2262 1713 2292 1748 a
2326 1697 2560 1766 populo.

2069 1783 2257 1837 Omnes
2296 1786 2587 1838 Nathinaei.
2620 1784 2743 1853 (10.,
2788 1785 2953 1853 ibid.)
3010 1786 3123 1839 Hoc
3150 1786 3273 1838 loco
3306 1785 3477 1838 etiam
3511 1801 3704 1838 secun-

2006 1870 2142 1924 dum
2198 1871 2449 1925 litteram
2508 1872 2691 1942 gratia
2746 1874 2848 1926 Dei
2900 1873 3236 1935 ostenditur,
3293 1888 3405 1943 qua
3439 1873 3609 1927 etiam
3642 1874 3702 1927 in

2003 1958 2191 2011 Veteri
2238 1960 2599 2013 Testamento
2655 1960 2897 2029 gentiles
2949 1962 3020 2015 ad
3073 1960 3312 2013 salutem
3348 1960 3699 2030 recipieban-

2001 2050 2114 2108 tur,
2147 2046 2284 2100 dum
2339 2047 2594 2117 exposito
2619 2050 2876 2119 catalogo
2913 2065 3115 2102 eorum
3148 2066 3291 2119 quos
3321 2048 3597 2101 veraciter
3626 2049 3727 2102 ad?

2000 2135 2280 2204 populum
2310 2134 2409 2189 Dei
2463 2136 2751 2204 pertinere
2788 2138 3083 2191 constabat
3113 2137 3363 2206 adjuncti
3420 2142 3573 2203 sunt,
3603 2139 3701 2208 qui

2002 2227 2199 2277 utrum
2232 2239 2299 2277 ex
2340 2214 2534 2289 Israel,
2591 2241 2663 2278 an
2706 2242 2773 2278 ex
2816 2225 3116 2295 proselytis
3156 2231 3363 2290 essent,
3396 2226 3701 2295 ignoraba-

2002 2314 2125 2364 tur:
2181 2328 2498 2383 eorumque
2556 2312 2727 2366 simul
2784 2313 2936 2367 inter
2989 2314 3135 2366 ﬁlios
3193 2314 3361 2368 Israel
3425 2330 3701 2367 numerus

2004 2400 2334 2469 exponitur:
2365 2407 2422 2454 et
2453 2401 2519 2453 si‘
2540 2401 2695 2454 enim
2727 2400 2900 2471 longa
2930 2400 3288 2470 separatione
3317 2404 3547 2470 patrum
3578 2417 3701 2454 suo-

2002 2503 2134 2541 rum
2163 2505 2197 2541 a
2227 2490 2442 2557 templo
2477 2490 2560 2542 vel
2587 2490 2801 2559 populo
2831 2489 2927 2543 Dei
2959 2489 3251 2559 quomodo
3281 2488 3354 2542 ad
3409 2504 3540 2542 eum
3565 2504 3697 2558 per-

2002 2575 2253 2629 tinerent
2299 2575 2554 2630 indicare
2600 2576 2979 2647 nequierant:
3012 2577 3110 2646 qui
3140 2581 3333 2631 tamen
3362 2577 3493 2631 data
3525 2591 3698 2646 gene-

2003 2662 2110 2715 rali
2172 2663 2402 2717 licentia
2457 2664 2527 2717 de
2590 2663 2918 2732 captivitate
2980 2665 3370 2730 ascenderant,
3434 2668 3499 2717 ut
3555 2662 3698 2716 socii

2005 2750 2455 2819 recipiebantur;
2516 2752 2844 2821 gaudebant
2913 2753 3124 2806 etenim
3178 2752 3368 2806 caeteri
3423 2750 3697 2805 Israelita:

2005 2855 2099 2891 eos
2130 2839 2201 2892 ob
2257 2855 2514 2893 amorem
2544 2840 2867 2893 communis
2897 2840 3029 2894 ﬁdei
3080 2846 3136 2894 et
3166 2840 3458 2912 religionis
3488 2840 3697 2894 habere

1924 2921 1967 2975 C
2005 2924 2167 2995 quasi
2197 2925 2400 2978 fratres
2429 2930 2485 2979 et
2540 2932 2721 2991 notos,
2754 2931 2812 2980 et
2864 2927 2911 2979 si
2941 2926 3000 2979 in
3046 2927 3268 2996 origine
3292 2927 3477 2981 carnis
3509 2927 3698 2981 minus

2005 3014 2421 3083 cognoscebant
2451 3030 2565 3067 eos.

2072 3102 2386 3172 Allegorice
2438 3106 2628 3155 autem
2681 3102 2832 3156 inter
2879 3104 3218 3172 pcenitentes
3270 3104 3370 3174 qui
3407 3104 3632 3157 liberati
3666 3121 3698 3157 a

2004 3189 2323 3258 captivitate
2370 3190 2640 3243 vitiorum
2671 3189 2738 3243 ad
2768 3191 3160 3245 aediﬁcandam
3193 3192 3277 3245 vel
3310 3192 3370 3244 in
3405 3208 3487 3258 se,
3518 3192 3603 3244 vel
3636 3192 3697 3245 in

2003 3277 2129 3331 aliis
2166 3277 2403 3331 domum
2437 3277 2666 3331 Domini
2712 3278 3049 3346 ascendunt,
3100 3285 3232 3332 sunt
3280 3278 3544 3333 nonnulli
3597 3280 3698 3348 qui

2004 3364 2267 3436 plurimis
2315 3365 2675 3435 gravioribus
2714 3366 2957 3436 peccatis
3005 3367 3240 3431 astricti,
3290 3367 3389 3437 qui
3421 3383 3453 3419 a
3485 3368 3598 3420 Deo
3627 3368 3697 3420 ab

2005 3453 2163 3507 omni
2193 3456 2320 3507 actu
2378 3452 2602 3523 pietatis
2633 3458 2688 3506 et
2717 3454 2994 3508 castitatis
3024 3454 3290 3507 videntur
3347 3454 3600 3519 alienati,
3633 3458 3697 3506 ut

2002 3542 2166 3597 nihili
2200 3558 2429 3611 prorsus
2476 3542 2748 3595 bonitatis
2795 3548 2851 3596 et
2884 3542 3174 3611 religionis
3228 3559 3401 3613 quam
3431 3558 3463 3596 a
3497 3542 3695 3596 docto-

2005 3631 2161 3684 ribus
2207 3634 2559 3699 acceperant,
2620 3630 2679 3683 in
2736 3630 2817 3683 eis
2856 3631 3196 3684 remansisse
3256 3631 3534 3695 videatur,
3596 3646 3699 3684 nec

2003 3723 2246 3789 possunt
2300 3717 2553 3771 indicare
2601 3722 2796 3771 utrum
2844 3734 2911 3772 ex
2974 3720 3165 3786 Israel,
3195 3719 3251 3772 id
3286 3723 3371 3772 est
3411 3735 3475 3772 ex
3507 3723 3699 3771 sancta

2008 3806 2251 3860 Ecclesia
2297 3805 2509 3858 fuerint
2557 3806 2832 3875 generati,
2881 3807 3015 3876 quia
3066 3808 3206 3859 tales
3248 3806 3533 3875 peccando
3565 3806 3698 3859 facti

2006 3900 2155 3959 sunt,
2191 3893 2350 3964 quasi
2409 3908 2705 3962 nunquam
2750 3893 3133 3962 pertinuerint
3162 3894 3229 3946 ad
3262 3894 3537 3963 Spiritum
3569 3910 3696 3945 san-

2005 3988 2179 4047 ctum,
2210 3980 2541 4050 paenitendo
2565 3986 2755 4033 tamen
2784 3981 3151 4050 corriguntur
3176 3986 3231 4033 ct
3259 3985 3692 4044 convertuntur,

2004 4076 2068 4124 ut
2111 4085 2385 4122 numerus
2414 4084 2611 4121 eorum
2642 4068 2793 4121 inter
2848 4085 3010 4121 veros
3059 4068 3342 4121 Israelitas
3397 4068 3458 4121 in
3488 4068 3695 4138 quibus

2008 4160 2171 4212 dolus
2191 4173 2304 4209 non
2327 4161 2431 4221 est,
2465 4156 2854 4209 conscribatur
2874 4157 2933 4210 in
2954 4157 3129 4211 cmlis.

1933 4258 1978 4311 1)
2080 4248 2238 4299 Vens.
2296 4249 2382 4299 61.
2413 4276 2481 4284 —
2512 4248 2581 4299 Et
2610 4245 2675 4298 de
2726 4247 2857 4313 ﬁliis
2904 4245 3259 4299 sacerdotum.
3311 4244 3488 4312 (890.,
3538 4244 3697 4304 ibid.)

2010 4334 2217 4389 Eadem
2248 4335 2467 4387 cautela
2510 4334 2616 4387 ﬁlii
2647 4333 3169 4404 transmigrationis
3199 4349 3336 4403 erga
3381 4332 3699 4386 sacerdotes

2007 4428 2207 4487 agunt,
2254 4439 2367 4493 qua
2412 4438 2547 4492 erga
2596 4423 2896 4492 populum.
2943 4423 3230 4478 Curabant
3283 4422 3459 4482 enim,
3500 4427 3563 4473 ut
3619 4421 3699 4473 di-

2007 4512 2208 4565 stincte
2236 4517 2552 4582 putesceret
2580 4512 2677 4581 qui
2709 4528 2836 4565 vere
2868 4512 2936 4565 ad
2975 4512 3254 4581 populum
3312 4510 3483 4564 Israel
3512 4509 3595 4562 vel
3627 4509 3699 4562 ad

2006 4616 2190 4669 genus
2220 4599 2566 4652 sacerdotale
2597 4600 2970 4669 pertinerent,
3027 4599 3124 4669 qui
3156 4604 3256 4652 aut
3309 4598 3554 4666 suspecti
3603 4601 3701 4650 aut

2005 4692 2154 4741 certa
2189 4689 2626 4757 proselytorum,
2681 4688 2740 4741 id
2773 4693 2874 4753 est,
2919 4688 3271 4741 advenarum
3305 4692 3492 4740 essent
3520 4685 3698 4754 stirpe

2004 4775 2304 4846 procreati.
2365 4775 2697 4829 Sacerdotes
2755 4792 2892 4845 ergo
2935 4780 3227 4844 suspectos
3258 4775 3328 4828 ab
3361 4773 3552 4827 altaris
3586 4789 3701 4825 mo-

2004 4870 2210 4918 verunt
2237 4863 2447 4930 ofﬁcio,
2472 4880 2648 4933 usque
2680 4865 2815 4917 dum
2855 4864 3064 4917 certius
3108 4878 3307 4917 eorum
3336 4861 3497 4931 origo
3518 4861 3702 4913 clare—

2007 4958 2207 5020 sceret,
2262 4953 2355 5006 sed
2414 4952 2789 5005 nihilominus
2838 4951 2899 5005 in
2956 4952 3223 5005 societate
3279 4949 3701 5018 transmigran-

2006 5041 2170 5106 tium,
2204 5041 2463 5094 unanimi
2491 5056 2682 5094 secum
2712 5056 2851 5109 pace
2882 5044 3267 5093 servaverunt.

2076 5130 2301 5200 Mystice
2333 5134 2526 5182 autem
2571 5133 2839 5198 quaerunt
2881 5128 2984 5181 ﬁlii
3016 5127 3377 5181 sacerdotum
3421 5125 3490 5179 de
3520 5124 3701 5195 capti-

2004 5219 2176 5272 vitate
2240 5218 2579 5289 Babylonica
2628 5217 2995 5271 ascendentes
3040 5216 3386 5285 scripturam
3443 5214 3701 5284 genealo-

2003 5306 2111 5375 giae
2143 5321 2281 5372 sua),
2341 5321 2444 5358 nec
2488 5305 2863 5372 invenientes,
2898 5305 2966 5357 de
3020 5303 3338 5357 sacerdotio
3386 5302 3698 5371 ejiciuntur

2005 5410 2134 5448 cum
2197 5394 2445 5447 ministri
2501 5393 2693 5447 altaris
2747 5393 2807 5447 in
2850 5398 3007 5446 tanta
3054 5392 3271 5462 ﬂagitia
3320 5392 3407 5445 vel
3456 5389 3703 5445 nefanda

2004 5484 2269 5552 dogmata
2322 5481 2608 5545 decidunt,
2669 5488 2733 5535 ut
2788 5483 2894 5536 etsi
2931 5481 3262 5551 pmnitendo
3304 5497 3377 5534 an
3458 5479 3701 5533 salutem
