4062 6180
360 236 468 289 695
995 233 1397 288 WALAFRIDI
1435 232 1678 287 STRABI
1719 232 1919 288 FULD.
1961 232 2124 287 MON.
2161 231 2312 287 OPP.
2356 231 2532 321 DARS
2569 232 2614 286 l.
2654 259 2724 270 —
2760 229 3215 287 THEOLOGICA.
3757 235 3860 286 696

359 356 571 412 animae
592 355 850 423 redeant,
892 371 1007 409 non
1037 359 1230 408 tamen
1257 354 1417 425 digni
1445 359 1578 409 sunt
1605 354 1704 426 qui
1733 355 1804 409 ad
1833 370 2058 409 sacrum
2093 356 2142 409 Α
2171 355 2518 409 vocabantur
2576 354 2743 421 Juda,
2815 358 2945 422 etc.,
3006 369 3176 423 usque
3233 353 3307 408 ad
3373 353 3444 408 de
3501 352 3704 425 quibus
3757 353 3864 408 sibi

363 446 612 518 gradum
645 445 1035 500 restituantur.
1075 445 1138 498 Et
1188 443 1236 497 si
1266 444 1422 498 enim
1478 443 1631 498 inter
1657 443 1854 498 ﬁdeles
1887 444 2062 498 vitam
2173 444 2516 514 promittunt
2570 443 2772 510 Judaei,
2827 443 2980 514 quod
3011 448 3287 515 regnante
3318 442 3540 498 Christo
3581 458 3704 509 suo,
3735 458 3862 496 cum

366 539 694 606 exspectent
721 539 1021 595 aeternam,
1081 548 1199 586 non
1241 537 1435 586 tamen
1489 532 1834 603 scripturam
1875 533 2060 604 gradu

369 625 478 693 sui,
512 639 682 694 quem
723 627 979 693 repetere
1029 627 1326 693 nequeunt
1378 622 1528 676 inter
1566 623 1848 693 perfectos
1877 639 2063 676 sacer-

372 715 530 769 dotes
557 711 875 765 inveniunt.

445 802 632 857 Omnis
685 798 976 854 multitudo
1020 800 1181 866 quasi
1238 799 1327 852 vir
1353 813 1515 864 unus,
1556 802 1661 852 etc.
1699 799 1874 866 (Ben,
1904 799 2062 866 ibid.)

375 890 562 944 Hieos
583 887 909 957 signiﬁcant
930 886 1029 957 qui
1057 887 1311 956 profectu
1335 887 1746 941 emendatioris
1769 888 1899 942 vitae
1931 887 2069 941 vitia

372 993 664 1048 superare,
719 981 776 1030 et
824 975 1099 1029 virtutum
1153 976 1380 1029 culmen
1429 975 1730 1030 ascendere
1778 980 2066 1046 satagunt,

372 1065 628 1120 nondum
657 1069 850 1118 tamen
906 1063 1014 1117 sibi
1044 1064 1113 1118 ad
1161 1063 1564 1134 providendam
1597 1064 1744 1117 viam
1792 1064 2071 1134 regularis

328 1165 332 1169 ‘
374 1154 509 1208 vitae
574 1152 885 1218 sufﬁciunt,
940 1153 1036 1206 sed
1090 1168 1291 1206 eorum
1352 1152 1451 1223 qui
1483 1153 1542 1205 in
1579 1151 1800 1206 Christo
1830 1168 2070 1224 praeces-

377 1246 576 1297 serunt
604 1240 884 1295 industria
914 1245 1248 1294 coercentur
1278 1245 1336 1294 et
1365 1240 1712 1310 diriguntur.

448 1334 519 1386 Et
550 1333 609 1384 in
639 1332 792 1400 ipsis.
827 1328 1010 1399 (850.,
1042 1329 1205 1398 ibid.)
1247 1329 1497 1400 Mystice,
1529 1329 1588 1382 in
1617 1329 1832 1398 templo
1855 1328 1942 1384 vel
1971 1346 2073 1399 po-

379 1421 516 1491 pulo
551 1419 651 1473 Dei
697 1423 831 1472 sunt
859 1422 1138 1484 cantores,
1175 1421 1306 1483 etc.,
1345 1433 1515 1487 usque
1562 1419 1636 1471 ad
1665 1422 1721 1472 et
1747 1418 1910 1489 quasi
1939 1435 2072 1472 sua-

378 1511 553 1562 vitate
579 1524 696 1561 suae
714 1506 866 1561 vocis
884 1507 1156 1576 adjuvant
1186 1505 1529 1561 aediﬁcantes
1555 1507 1856 1577 templum.

449 1598 611 1651 Vens.
661 1598 748 1650 66.
803 1625 871 1635 —-
918 1596 1059 1650 Muli
1112 1610 1316 1650 eorum.
1384 1595 1508 1666 (In.,
1541 1595 1706 1664 ibid.)
1746 1595 1926 1650 Mulus
2007 1611 2072 1648 ex

381 1685 540 1741 asino
575 1689 631 1739 et
670 1701 820 1755 equa
849 1683 1124 1753 gignitur,
1157 1685 1310 1738 mala
1335 1700 1403 1737 ex
1433 1699 1581 1755 equo
1609 1688 1665 1737 et
1699 1683 1883 1739 asina.
1922 1685 2074 1738 Inter

382 1774 646 1830 homines
673 1772 773 1843 qui
829 1773 898 1826 de
931 1771 1258 1842 captivitate
1316 1773 1691 1827 ascenderant
1746 1773 1918 1827 etiam
1949 1773 2073 1826 ani-

384 1862 555 1918 malia
607 1861 816 1932 quibus
873 1859 1290 1930 adjuvabantur
1318 1860 1736 1914 describuntur.
1771 1861 1836 1914 Et
1875 1876 2073 1914 eorum

385 1952 528 2006 sicut
555 1950 860 2004 hominum
891 1963 1165 2002 numerus
1195 1947 1543 2019 designatur,
1574 1948 1710 2019 quia
1749 1953 1880 2002 sunt
1909 1948 2078 2002 multi

384 2040 445 2093 in
477 2037 721 2093 Ecclesia
777 2037 865 2090 vel
905 2052 1072 2091 sensu
1119 2036 1421 2104 tardiores,
1450 2038 1537 2091 vel
1595 2037 1766 2091 etiam
1799 2038 2074 2103 carnales,

387 2127 488 2199 qui
517 2133 712 2181 tamen
764 2125 1053 2195 magistris
1107 2125 1498 2195 spiritualibus
1537 2126 1736 2199 devote
1781 2127 2079 2196 obtempe-

388 2198 538 2285 rant,
587 2219 644 2270 et
695 2214 765 2269 ad
823 2215 1104 2285 portanda
1175 2230 1349 2268 onera
1394 2198 1677 2269 fraterna?
1704 2214 2077 2279 necessitatis,

391 2306 623 2360 dorsum
653 2302 862 2358 mentis
918 2303 1217 2371 inclinant,
1273 2307 1330 2356 et
1377 2319 1508 2357 cum
1555 2303 1772 2357 caeteris
1799 2303 1990 2357 electis
2011 2303 2081 2357 de

390 2393 720 2448 confusione
784 2390 1082 2445 diabolicae
1108 2390 1450 2461 captivitatis
1491 2393 1693 2462 erepti,
1724 2393 1796 2446 ad
1819 2408 2083 2463 superna:

391 2481 635 2537 civitatis
692 2481 902 2535 moenia
946 2480 1210 2546 tendunt,
1285 2496 1533 2550 quorum
1589 2481 1762 2535 etiam
1806 2497 2084 2536 numerus

389 2570 670 2626 memoria
726 2570 828 2624 Dei
875 2569 1100 2638 integer
1137 2573 1538 2636 conservatur;
1601 2571 1780 2625 unde:
1823 2571 2084 2640 Imperfe-

390 2665 534 2715 ctum
591 2673 764 2713 meum
817 2657 1071 2712 viderunt
1136 2659 1277 2712 oculi
1331 2659 1416 2712 tui
1470 2660 1631 2727 (Psat.
1692 2657 1968 2727 cxxxvm),
2020 2659 2090 2711 Et

391 2747 557 2803 alibi:

389 2836 575 2907 xxxv).

634 2748 887 2802 Homines
941 2751 993 2801 et
1041 2746 1291 2815 jumenta
1345 2747 1584 2802 salvabis
1634 2749 1858 2802 Domino
1923 2745 2084 2817 (Ibid-

2173 531 2393 586 caeteris
2443 549 2560 587 suae
2606 532 2792 603 gentis
2839 532 3169 587 hominibus
3224 531 3339 586 sint
3389 531 3448 585 in
3478 531 3730 586 Iudaeam
3775 547 3864 586 re-

2171 622 2414 686 versuri,
2447 628 2504 676 et
2533 622 2591 675 in
2630 627 2747 676 toto
2780 622 2913 674 nrlm
2948 621 3263 692 regnaturi.

2244 710 2564 781 Allegorice
2621 711 2962 776 sacerdotes,
3000 710 3227 777 Levites,
3257 714 3536 773 cantores,
3565 709 3858 779 janitores,

2175 803 2231 852 et
2261 798 2563 866 Nathiuaei,
2597 800 2899 870 omnisque
2956 799 3126 870 Israel
3167 799 3228 853 in
3259 798 3578 852 civitatibus
3616 799 3736 851 suis
3774 799 3868 851 ha-

2175 887 2380 954 bitant,
2443 903 2572 941 cum
2639 887 2889 942 ministri
2944 888 3139 942 altaris
3204 891 3263 941 et
3311 887 3572 941 doctores
3621 891 3677 940 et
3717 887 3872 956 plebs

2177 977 2496 1037 Christiana
2539 977 2601 1030 in
2657 976 2772 1030 suis
2827 977 3099 1046 gradibus
3139 978 3252 1030 Deo
3310 976 3555 1030 ﬁdeliter
3602 976 3872 1041 serviunt,

2178 1065 2292 1119 sive
2325 1067 2421 1135 qui
2455 1065 2652 1120 eodem
2708 1066 2888 1136 gradu
2921 1065 3229 1136 aliquando
3260 1065 3413 1117 vitiis
3470 1064 3760 1118 sordidato
3794 1064 3873 1118 vel

2178 1154 2425 1224 perdito,
2457 1171 2562 1224 per
2591 1154 2992 1224 paenitentiam
3019 1155 3266 1224 correpti
3297 1159 3450 1220 sunt,
3483 1153 3600 1206 sive
3626 1153 3728 1223 qui
3764 1169 3871 1206 nu-

2178 1260 2283 1314 per
2313 1244 2379 1298 de
2418 1259 2596 1313 regno
2628 1243 2839 1298 diaboli
2881 1244 2952 1298 ad
2985 1242 3288 1298 Ecclesiam
3329 1242 3622 1295 venientes
3663 1241 3874 1295 bonum

2181 1332 2290 1386 sibi
2345 1332 2588 1402 gradum
2638 1331 3047 1401 acquisierunt.
3097 1331 3237 1385 Suas
3287 1330 3444 1383 enim
3502 1329 3760 1383 civitates
3792 1329 3874 1381 in-

2181 1420 2464 1474 troierunt
2501 1419 2706 1473 Levita:
2756 1419 2846 1472 vel
2903 1418 3008 1472 ﬁlii
3033 1419 3227 1484 Israel,
3262 1434 3378 1472 non
3420 1418 3609 1472 solum
3657 1417 3758 1488 qui
3787 1433 3877 1470 eas

2183 1507 2448 1578 captivati
2469 1507 2801 1573 amiserant,
2832 1507 2932 1561 sed
2971 1506 3144 1560 etiam
3190 1506 3289 1578 qui
3320 1506 3388 1560 de
3435 1505 3674 1576 captivis
3705 1503 3879 1575 geniti

2184 1597 2256 1651 ad
2278 1599 2429 1667 ipsas
2462 1612 2522 1650 se
2558 1601 2798 1665 paterna
2837 1595 3190 1650 successione
3227 1594 3515 1665 pertinere
3547 1595 3879 1649 didicerant.

2185 1685 2523 1757 Quicunque
2574 1702 2707 1741 vero
2735 1686 2813 1740 ita
2844 1685 3114 1756 captivati
3165 1690 3319 1751 sunt,
3354 1689 3415 1738 ut
3471 1698 3772 1754 nunquam
3803 1698 3885 1736 re-

2183 1775 2330 1830 versi
2395 1774 2520 1829 aliis
2576 1774 2782 1828 fundos
2863 1791 2993 1828 suos
3058 1772 3430 1844 possidendos
3502 1773 3881 1843 reliquerunt,

2184 1863 2312 1917 illos
2343 1862 2689 1933 signiﬁcant,
2742 1863 2844 1933 qui
2882 1862 2961 1916 sic
3007 1862 3292 1932 peccando
3314 1861 3386 1915 ab
3424 1861 3676 1915 Ecclesia
3705 1860 3882 1914 disce-

2185 1953 2348 2019 dunt,
2384 1957 2446 2006 nt
2488 1967 2787 2022 nunquam
2832 1950 3183 2021 resipiscant,
3218 1955 3274 2004 et
3310 1950 3436 2003 aliis
3466 1950 3750 2020 promissa
3772 1948 3877 2003 sibi

2184 2042 2427 2115 prmmia
2455 2042 2818 2112 relinquant;
2872 2041 3055 2095 unde:
3108 2043 3309 2096 Memor
3359 2045 3468 2094 esto
3536 2039 3683 2093 unde
3743 2040 3884 2092 exci-

2187 2133 2352 2200 deris,
2382 2135 2432 2186 et
2459 2146 2559 2199 age
2584 2132 2979 2200 paenitentiam,
3028 2131 3284 2198 etprima
3314 2144 3477 2198 opera
3513 2131 3634 2194 fac:
3681 2130 3769 2181 sin
3797 2144 3884 2180 au-

2187 2226 2292 2275 tem
2346 2221 2499 2273 venio
2552 2219 2674 2284 tibi,
2731 2223 2782 2272 et
2833 2218 3046 2272 movebo
3101 2217 3486 2271 candelabrum
3543 2221 3719 2281 tuum,
3781 2220 3878 2268 etc.

2190 2309 2385 2377 (Apoc.
2411 2306 2504 2377 n);
2535 2305 2586 2361 ei
2617 2306 2786 2360 alibi:
2825 2307 2964 2360 Tene
2991 2305 3142 2374 quod
3172 2307 3355 2372 habes,
3388 2310 3448 2360 ut
3475 2320 3627 2359 nemo
3651 2307 3883 2373 accipiat

2191 2412 2441 2452 coronam
2472 2400 2621 2450 tuam
2650 2395 2825 2466 (Ibid.
2858 2393 2962 2460 ιιι).

2865 2535 3090 2590 CAPUT
3124 2535 3219 2589 III.

2264 2649 2490 2713 Jamque
2515 2647 2731 2698 venerat
2785 2646 2982 2697 mensis
3023 2645 3299 2712 septimus.
3338 2642 3508 2713 (Bsns
3539 2644 3597 2696 in
3630 2643 3881 2708 Esdram,

2195 2739 2338 2790 tom.
2373 2731 2461 2802 ΙΙ.)
2509 2731 2615 2794 Qui
2667 2730 2817 2800 apud
2843 2747 2949 2784 nos
2975 2731 3216 2785 October
3264 2747 3382 2802 prae
3428 2732 3651 2784 cmteris
3702 2731 3867 2801 legali

2199 2820 2592 2876 observatione
2638 2819 2927 2885 solemnis,
2970 2818 3033 2872 in
3081 2835 3196 2890 quo
3250 2820 3423 2874 etiam
3474 2819 3767 2875 celebrata
3813 2823 3891 2872 est

463 2926 628 2978 Vsus,
663 2926 750 2978 63,
799 2951 868 2963 -.
923 2922 1123 2991 Sponte
1177 2922 1486 2978 obtulerunt
1512 2924 1572 2977 in
1611 2922 1827 2977 domum
1871 2923 1978 2976 Dei
2013 2920 2088 2975 ad
2115 2917 2156 2972 C.
2195 2909 2475 2965 dedicatio
2507 2908 2728 2978 templi.
2771 2908 3036 2977 Congrue
3063 2923 3200 2977 ergo
3249 2925 3379 2962 cum
3410 2909 3598 2978 primo
3639 2909 3888 2962 civitates

394 3017 500 3068 etc.
536 3011 833 3082 (In.,ibid.)
868 3012 1084 3082 Magnae.
1137 3011 1448 3065 devotionis
1495 3011 1772 3066 indicium
1801 3015 1904 3077 est,
1952 3015 2084 3076 etc.,

394 3117 563 3170 usque
593 3101 667 3154 ad
689 3104 902 3171 quanto
927 3115 1024 3153 eos
1052 3115 1158 3153 nec
1186 3099 1358 3154 licitis
1383 3099 1465 3154 uti
1493 3099 1872 3153 considerant.

468 3191 630 3245 Vnus.
667 3193 754 3244 69.
786 3219 856 3228 -——
883 3189 1186 3244 Secundum
1215 3190 1374 3243 vires.
1436 3189 1566 3241 Haec
1597 3193 1681 3241 est
1715 3187 1870 3241 enim
1929 3202 2092 3240 men-

400 3293 533 3330 sura
584 3276 970 3346 perfectionis,
1019 3292 1123 3346 pro
1170 3292 1337 3344 posse
1396 3291 1497 3329 suo
1521 3291 1810 3346 quemque
1832 3291 1936 3344 pro
1978 3276 2093 3328 Do-

403 3363 562 3418 mino
608 3363 887 3429 laborare,
951 3368 1008 3416 et
1064 3367 1274 3416 statum
1330 3362 1590 3416 Ecclesiae
1654 3363 1842 3433 primo
1901 3362 1961 3416 in
2011 3378 2092 3431 se,

405 3451 614 3505 deinde
643 3451 704 3504 in
751 3449 1026 3521 proximis
1073 3451 1436 3504 conﬁrmare.
1482 3450 1590 3514 Qui
1638 3451 1830 3505 taliter
1859 3466 2091 3504 conver-

403 3543 619 3602 santur,
653 3543 802 3592 recte
859 3537 1145 3608 principes
1177 3545 1404 3607 patrum
1437 3544 1728 3605 vocantur,
1797 3539 1932 3610 quia
1961 3553 2093 3608 per-

405 3627 708 3682 fectionem
750 3627 879 3680 vitae
947 3631 1003 3680 et
1045 3626 1318 3680 doctrinas
1364 3627 1478 3680 illis
1507 3627 1606 3698 qui
1635 3627 1694 3681 in
1721 3627 1968 3682 Ecclesia
1995 3644 2100 3698 per

406 3713 801 3769 sollicitudinis
857 3713 1110 3768 studium
1141 3720 1330 3785 patres
1353 3720 1627 3769 vocantur
1663 3716 1829 3769 altius
1857 3715 2099 3771 vivendo

409 3802 826 3874 principantur,

478 3893 625 3946 Auri
642 3890 862 3945 solidos.
891 3890 1024 3961 (Ben
1037 3931 1050 3946 .
1067 3931 1082 3956 ,
1103 3890 1273 3960 ibid.)
1292 3894 1508 3945 Aurum
1539 3895 1595 3945 et
1615 3894 1915 3962 argentum
1934 3897 1991 3947 et
2006 3910 2100 3948 ve-

410 3984 520 4035 stes
579 3979 972 4046 sacerdotales,
1007 3984 1147 4047 etc.,
1181 3995 1350 4048 usque
1397 3981 1472 4034 ad
1524 3981 1646 4044 Quo
1679 3981 1834 4035 enim
1871 3982 2102 4052 gravius

410 4083 470 4120 se
503 4081 719 4120 errasse
766 4064 1177 4133 meminerunt,
1211 4082 1277 4120 eo
1309 4067 1601 4122 ardentius
1639 4067 1806 4122 bonis
1835 4067 2103 4139 operibus

411 4152 702 4208 insistunt.

2194 3015 2325 3054 suas
2353 2998 2659 3051 intrassent
2709 3003 2767 3050 et
2806 2995 3132 3050 mansiones
3173 2996 3280 3050 sibi
3330 2996 3736 3067 providissent,
3769 3011 3888 3050 mox

2196 3088 2257 3143 in
2313 3087 2625 3142 Jerusalem
2654 3085 3071 3150 conﬂuxerunt,
3105 3089 3162 3139 et
3217 3086 3389 3138 altare
3431 3089 3890 3149 construxerunt,

2197 3181 2253 3230 et
2283 3192 2350 3230 eo
2381 3179 2642 3244 tempore
2677 3189 2790 3243 quo
2813 3174 3096 3242 templum
3150 3188 3280 3227 cum
3335 3173 3498 3226 altari
3530 3177 3585 3226 et
3626 3173 3891 3227 omnibus

2197 3263 2344 3317 vasis
2391 3263 2527 3316 olim
2558 3269 2950 3315 consecratum
3002 3265 3105 3328 est,
3147 3267 3205 3315 et
3257 3277 3371 3331 quo
3402 3262 3474 3314 ad
3514 3261 3668 3316 diem
3701 3277 3890 3316 conse-

2199 3352 2471 3407 crationis
2500 3350 2799 3404 annuatim
2820 3350 3015 3404 venire
3047 3350 3322 3404 solebant.

2268 3440 2512 3511 Mystice.
2562 3439 2852 3508 Septimus
2882 3437 3094 3492 mensis
3121 3438 3365 3509 gratiam
3416 3437 3699 3507 Spriritus
3726 3437 3894 3492 sancti

2203 3529 2508 3601 signiﬁcat.
2537 3529 2602 3581 In
2637 3529 2748 3582 hoc
2779 3543 2972 3581 mense
3019 3533 3149 3597 post
3178 3527 3565 3596 captivitatem
3603 3527 3680 3582 de
3711 3527 3892 3581 civita-

2203 3619 2354 3673 tibus
2404 3616 2607 3671 nostris
2626 3616 2686 3670 in
2730 3617 3044 3670 Jerusalem
3083 3616 3475 3682 convenimus,
3517 3632 3654 3670 cum
3684 3617 3890 3670 ablatas

2206 3707 2400 3761 sordes
2422 3705 2690 3759 vitiorum
2715 3710 2845 3775 post
2886 3704 3308 3758 inchoationem
3336 3703 3624 3758 bonorum
3665 3718 3896 3774 operum

2207 3795 2426 3865 majore
2482 3793 2734 3863 ejusdem
2785 3792 3032 3862 Spiritus
3088 3792 3272 3863 gratia
3310 3793 3695 3855 illuminatur,
3743 3797 3797 3846 et
3842 3791 3897 3844 in

2209 3898 2402 3936 amore
2469 3897 2732 3952 superna:
2778 3881 2952 3951 pacis,
2986 3897 3115 3952 quae
3154 3880 3215 3934 in
3245 3897 3378 3934 vera
3426 3881 3643 3934 unitate
3675 3887 3781 3946 est,
3812 3894 3894 3932 ac-

2210 3971 2526 4025 cendimur.
2559 3965 2874 4024 Jerusalem
2897 3969 3053 4023 enim
3084 3969 3222 4023 visio
3250 3969 3408 4039 pacis
3433 3969 3669 4023 dicitur.

2282 4060 2444 4112 Vens.
2478 4061 2532 4112 2.
2563 4087 2618 4102 -
2662 4061 2734 4112 Et
2761 4060 3006 4112 surrexit
3034 4059 3222 4112 Josue.
3258 4059 3337 4112 De
3369 4058 3525 4112 tribu
3547 4055 3894 4119 sacerdotali,

2212 4163 2342 4218 quas
2377 4146 2661 4218 signiﬁcat
2717 4146 3004 4200 Christum
3061 4162 3261 4199 verum
3313 4147 3691 4213 sacerdotem,
3716 4145 3813 4216 qui
3843 4143 3897 4195 in

485 4237 647 4290 Vens.
726 4236 810 4290 70.
876 4265 948 4276 —-
1016 4236 1409 4291 Habitaverunt
1481 4253 1606 4304 ergo
1676 4238 1977 4295 sacerdotes
2051 4242 2104 4295 et
2141 4247 2185 4301 1)
2212 4236 2490 4306 sanguine
2521 4252 2622 4289 suo
2680 4251 2781 4289 nos
2811 4251 2844 4288 a
2907 4233 3148 4306 peccatis
3193 4233 3348 4302 lavit,
3391 4238 3448 4289 et
3493 4234 3714 4290 assistit
3753 4248 3896 4288 nunc

414 4325 630 4379 Levites.
686 4322 878 4378 Levita
932 4339 965 4377 a
1025 4323 1301 4378 Chaldaeis
1347 4325 1660 4395 captivatus
1693 4326 1979 4381 civitatem
2013 4343 2100 4382 re-

416 4412 575 4483 cipit,
634 4428 763 4466 cum
815 4411 1088 4467 diaconus
1137 4412 1406 4467 virtutem
1460 4415 1824 4484 perfectionis
1876 4432 2105 4486 quamn

418 4501 646 4556 diabolo
701 4501 962 4555 seductus
1013 4501 1338 4572 perdiderat
1386 4502 1626 4556 Domino
1668 4503 1916 4557 donante
1944 4504 2102 4557 rein-

416 4593 621 4660 tegrat.
648 4589 713 4642 In
745 4589 1029 4659 Babylone
1058 4606 1191 4644 vero
1211 4595 1378 4644 natus
1409 4591 1691 4646 civitatem
1748 4592 1808 4646 in
1850 4593 2105 4647 Judaaam

415 4677 649 4732 veniens
705 4677 1046 4748 ingreditur,
1089 4695 1218 4733 cum
1269 4685 1634 4750 regeneratus
1673 4681 1734 4734 in
1781 4681 2004 4737 Christo
2051 4686 2108 4736 et

418 4767 565 4822 bene
590 4765 884 4820 institutus
920 4766 980 4820 in
1009 4767 1248 4820 Ecclesia
1288 4772 1582 4837 acceptum
1625 4768 1803 4822 semel
1841 4768 2106 4822 diacona-

415 4860 542 4910 tum
572 4854 914 4926 regulariter
967 4853 1228 4909 custodit.
1269 4854 1425 4910 Sicut
1463 4855 1616 4910 enim
1648 4855 1744 4910 ille
1773 4872 1875 4926 per
1902 4856 2108 4911 Christi

417 4943 661 5014 gratiam
682 4943 844 5013 quasi
875 4942 944 4997 de
975 4943 1240 4998 Chaldma
1277 4943 1545 4997 servitute
1588 4943 1860 4998 liberatus
1891 4949 1992 5010 est,
2030 4944 2111 5000 ita

421 5028 515 5082 hic
563 5045 668 5099 per
696 5029 1122 5085 exsecutionem
1179 5031 1487 5100 bonorum,
1538 5030 1598 5084 in
1650 5031 1858 5101 quibus
1887 5032 2109 5102 praede-

416 5133 668 5172 cessores
729 5118 987 5189 ejusdem
1061 5119 1270 5188 gradus
1343 5119 1657 5173 conversati
1739 5123 1890 5185 sunt,
1957 5118 2112 5173 velut

417 5204 492 5259 ad
522 5205 728 5260 muenia
788 5206 1040 5277 propria).
1076 5206 1302 5261 virtutis
1347 5209 1433 5261 vel
1491 5207 1730 5262 civitatis
1775 5207 2106 5262 ascendunt.

493 5295 887 5363 Universusque
932 5296 1124 5350 Israel.
1181 5296 1352 5366 (Bena
1379 5296 1477 5350 ubi
1523 5298 1740 5366 supra.)
1773 5295 2111 5352 Universum

418 5382 614 5450 Israel,
646 5397 760 5435 non
807 5382 1003 5436 decem
1043 5382 1224 5436 tribus
1269 5388 1491 5437 tantum
1546 5383 1702 5450 dicit,
1744 5399 1873 5454 quae
1921 5400 2107 5454 quon-

418 5471 552 5526 dam
581 5471 925 5526 vocabantur
953 5473 1123 5526 Israel
1149 5473 1221 5527 ad
1249 5472 1678 5527 distinctionem
1705 5487 1952 5544 quarum
1980 5488 2110 5542 quae

2213 4324 2393 4378 vultui
2409 4324 2508 4378 Dei
2537 4340 2642 4394 pro
2673 4323 2854 4378 nobis.

2282 4414 2363 4467 Et
2391 4415 2596 4479 fratres
2651 4412 2767 4481 ejus
2792 4412 3113 4467 sacerdotes.
3160 4413 3238 4467 De
3277 4411 3486 4484 quibus
3537 4411 3775 4466 dicitur:
3806 4412 3895 4474 Ite,

2210 4503 2459 4555 nuntiate
2511 4501 2786 4567 fratribus
2839 4502 2972 4554 meis
3031 4501 3252 4568 (Matth.
3303 4501 3520 4570 xxvm).
3577 4501 3646 4554 Hi
3676 4505 3808 4554 sunt
3844 4498 3897 4551 in

2214 4589 2458 4644 Ecclesia
2486 4589 2734 4656 altiores,
2784 4594 2841 4644 et
2888 4588 3109 4643 Christo
3167 4589 3506 4643 familiarius
3539 4588 3897 4648 inhmrentes,

2215 4676 2520 4730 Ecclesiam
2569 4676 2871 4730 aediﬁcant.
2931 4676 3057 4730 Toti
3123 4676 3298 4730 etiam
3352 4675 3562 4730 dicitur
3618 4674 3896 4729 Ecclesiae:

2221 4768 2326 4822 Vos
2346 4771 2524 4820 autem
2536 4781 2702 4834 genus
2722 4767 2962 4832 electum,
2987 4766 3167 4832 regale
3190 4763 3553 4820 sacerdotium
3584 4762 3642 4834 (Ι
3659 4766 3799 4818 Petr.
3822 4762 3898 4828 ιι).

2216 4855 2360 4909 Sunt
2401 4854 2554 4908 enim
2585 4855 2748 4908 electi
2785 4855 3046 4909 membra
3074 4853 3286 4908 summi
3315 4851 3641 4918 sacerdotis,
3676 4864 3901 4922 corpora

2219 4959 2320 4997 sua
2343 4942 2645 4998 offerentes
2677 4943 2925 4996 hostiam
2957 4941 3162 4996 vivam.

2288 5035 2360 5087 Et
2386 5031 2811 5102 wdiﬁcaverunt.
2860 5032 3038 5099 (Ben,
3093 5031 3189 5084 ubi
3225 5030 3443 5099 supra.)
3505 5030 3705 5099 Magna
3735 5024 3900 5099 provi—

2220 5119 2382 5174 sione
2439 5120 2625 5191 primo
2683 5121 2860 5173 altare
2916 5118 3363 5184 tediﬁcaverunt,
3421 5122 3551 5182 etc.,
3623 5131 3789 5187 usque
3833 5112 3900 5166 ad

2219 5208 2315 5263 sed
2339 5208 2627 5264 Christum
2675 5207 2827 5278 apud
2864 5209 3094 5262 Patrem
3147 5207 3482 5261 advocatum
3525 5222 3644 5261 non
3692 5203 3897 5260 habue-

2219 5313 2282 5352 ru
2293 5301 2374 5351 nt.

2292 5387 2448 5440 Vens.
2494 5388 2544 5440 3.
2575 5415 2645 5423 -—
2675 5386 2836 5439 Bases
2885 5398 3038 5439 suas.
3077 5383 3199 5454 (10.,
3249 5383 3412 5451 ibid.)
3465 5382 3649 5438 Corda
3699 5379 3896 5434 scilicet

2220 5474 2532 5528 electorum
2568 5473 2639 5528 ad
2683 5471 3039 5542 suscipienda
3070 5470 3203 5526 ﬁdei
3232 5475 3588 5526 sacramenta
3611 5465 3894 5541 praeceptis
