4062 6180
230 269 337 321 697

1294 265 1553 322 GLOSSA
1594 264 1990 321 ORDINARIA.
2033 295 2102 305 —
2147 266 2276 320 LIB.
2322 266 2341 318 Ι
2382 265 2655 321 ESDRIE.

3629 268 3732 319 698

227 391 611 461 magistorum
683 389 845 460 quasi
904 387 1264 443 ferramentis
1337 388 1631 443 fabrorum
1697 404 1927 459 praepa—
1964 391 2011 443 Α
2040 388 2319 460 impleant
2349 390 2703 453 mandatum,
2741 395 2799 444 et
2829 389 3115 445 canticum
3143 405 3358 445 novum
3390 389 3449 444 in
3480 389 3732 445 aediﬁca-

228 484 385 547 rata,
423 483 554 546 etc.,
596 493 764 546 usque
819 479 893 532 ad
937 494 1066 531 cum
1116 477 1314 531 ﬁdeles
1360 477 1531 531 corda
1588 482 1644 532 et
1690 493 1930 548 corpora

228 568 308 622 ad
336 567 714 621 exercendum
746 566 1038 635 operando
1060 566 1217 637 quod
1230 566 1490 635 credunt,
1509 566 1716 621 humili
1747 567 1933 620 inten-

226 658 395 711 tione
427 655 790 710 submittunt.

308 765 387 817 Et
416 764 742 817 obtulerunt.
790 764 976 831 (BEDA,
1012 761 1172 831 ibid.)
1203 763 1361 816 Mane
1393 767 1449 816 et
1476 778 1710 832 vespere
1741 762 1929 816 offeri—

228 869 366 906 mus
397 851 797 906 holocaustum
862 850 1104 904 Domino
1146 866 1318 919 super
1368 851 1546 904 altare
1603 852 1746 920 ejus,
1798 857 1929 916 etc.,

226 957 407 1011 usque
434 941 509 994 ad
532 940 697 1009 juxta
728 939 867 992 illud
894 955 905 992 :
938 941 1228 1005 Dirigatur
1272 940 1446 992 oratio
1496 954 1615 992 mea
1653 942 1793 993 sicut
1840 942 1930 993 in-

226 1045 449 1083 censum
478 1030 537 1081 in
563 1032 844 1095 conspectu
874 1032 982 1093 tuo,
1036 1029 1260 1081 elevatio
1289 1043 1543 1081 manuum
1595 1036 1812 1081 tuarum
1841 1043 1931 1082 sa-

226 1118 499 1183 criﬁcium
526 1118 889 1183 vespertinum
916 1116 1081 1183 (Psal.
1116 1114 1255 1185 CXL).

308 1221 471 1274 Vens.
504 1222 556 1275 4.
592 1251 659 1260 -
703 1223 1082 1288 Feceruntque.
1133 1222 1245 1287 10.,
1288 1220 1449 1290 ibid.)
1496 1220 1603 1285 Qui
1647 1221 1717 1275 de
1750 1222 1929 1293 Baby-

227 1309 368 1362 lone
419 1309 477 1361 in
531 1310 844 1362 Jerusalem
906 1309 1297 1371 ascenderant,
1348 1313 1477 1373 etc.,
1533 1325 1704 1379 usque
1759 1311 1832 1365 ad
1876 1316 1933 1365 et

228 1396 409 1450 alibi:
463 1399 579 1452 Non
610 1398 861 1451 habemus
895 1399 979 1451 hic
1029 1402 1328 1451 manentem
1361 1400 1654 1464 civitatem,
1698 1400 1792 1453 sed
1836 1402 1930 1466 fu-

229 1491 421 1539 turam
466 1487 796 1555 inquirimus
830 1487 1007 1554 (Hebr.
1044 1490 1184 1554 XIII).

309 1592 711 1647 Solemnitatem
769 1592 1260 1647 tabernaculorum.
1340 1592 1477 1657 Quae
1552 1595 1741 1648 Grazce
1812 1611 1932 1648 sce-

229 1679 545 1749 nopbegia,
608 1679 669 1733 id
729 1684 814 1733 est
896 1680 1030 1733 ﬁxio
1119 1681 1621 1735 tabernaculorum
1698 1676 2057 1790 dicitur,B)

230 1784 369 1839 quae
428 1769 623 1840 incipit
699 1768 897 1839 quinto
950 1769 1169 1823 decimo
1233 1770 1324 1823 die
1400 1771 1615 1823 mensis
1682 1772 1931 1841 septimi,

230 1860 293 1908 et
329 1856 497 1908 durat
549 1861 767 1925 septem
802 1856 999 1909 diebus
1030 1873 1042 1909 :
1092 1856 1151 1909 in
1204 1857 1412 1928 quibus
1440 1859 1709 1929 praecepit
1744 1861 1931 1913 Domi-

229 1960 350 1997 nus
388 1944 668 2014 populum
701 1946 761 1997 in
793 1944 1175 1998 tabernaculis
1236 1946 1515 2013 habitare,
1567 1953 1623 2000 et
1677 1948 1932 2018 quotidie

230 2033 425 2102 legem
472 2036 785 2085 scrutantes
836 2033 1169 2086 holocausta
1217 2034 1454 2088 Domino
1505 2035 1741 2089 oﬁ‘erre:
1799 2036 1935 2106 quia

231 2121 532 2193 quondam
577 2121 636 2174 in
666 2121 1046 2175 tabernaculis
1091 2122 1305 2176 scilicet
1347 2125 1723 2178 morabantur
1750 2124 1809 2178 in
1842 2142 1932 2179 so-

227 2210 474 2264 litudine
507 2210 853 2280 prmdicante
886 2211 1071 2281 legem
1130 2211 1293 2277 Mosi,
1341 2216 1397 2266 et
1453 2212 1650 2266 crebro
1685 2214 1793 2267 sibi
1820 2216 1935 2268 Deo

231 2304 575 2370 appetente,
613 2298 710 2352 diu
767 2303 1153 2369 exspectantes
1182 2300 1521 2370 promissam
1551 2302 1831 2372 requiem,
1864 2320 1935 2357 ne

234 2403 496 2457 unquam
524 2387 737 2441 scilicet
767 2387 906 2441 tanti
940 2387 1202 2441 beneﬁcii
1233 2388 1419 2458 gratia
1471 2389 1532 2442 in
1591 2390 1936 2445 oblivionem

232 2476 480 2530 veniret.

309 2567 415 2618 Per
453 2564 719 2618 ordinem.
778 2563 923 2629 Quia
974 2564 1253 2635 quidquid
1311 2564 1637 2620 inordinate
1695 2570 1935 2637 geritur,

236 2653 511 2705 meritum
540 2652 905 2721 perfectionis
937 2652 1178 2706 amittit:
1215 2652 1350 2723 quia
1376 2654 1563 2707 honor
1601 2656 1751 2727 regis
1774 2656 1938 2725 judi-

236 2742 395 2796 cium
425 2741 637 2811 diligit.
673 2742 809 2805 Quae
826 2742 977 2794 enirn
1012 2741 1071 2794 in
1102 2742 1383 2795 honorem
1415 2744 1622 2797 summi
1658 2745 1807 2814 regis
1829 2745 1940 2816 agi-

238 2846 372 2882 mus
416 2829 578 2896 certi,
635 2846 865 2882 necesse
924 2834 1007 2883 est
1059 2829 1400 2883 discretione
1448 2831 1671 2901 judicii,
1708 2835 1937 2903 quando

239 2918 329 2971 vel
357 2923 635 2987 quantum
666 2917 779 2971 sint
801 2917 1041 2987 agenda,
1067 2918 1507 2989 distinguamus.

312 3026 477 3078 Vens.
527 3027 578 3078 5.
625 3053 692 3062 —-
728 3025 789 3077 In
838 3024 1122 3088 Kalendis,
1184 3040 1347 3092 quam
1398 3028 1458 3079 in
1505 3028 1792 3094 universis,
1827 3032 1933 3082 etc.

242 3112 473 3167 Scilicet
502 3112 681 3165 initiis
736 3113 1021 3165 mensium
1051 3112 1110 3166 in
1144 3119 1270 3167 ortu
1303 3115 1476 3179 lunze,
1504 3131 1537 3167 a
1568 3132 1681 3185 quo
1714 3133 1939 3187 semper

240 3200 472 3253 Hebraei
528 3216 751 3253 menses
804 3201 1169 3270 incipiebant,
1221 3203 1408 3256 nullos
1436 3219 1661 3257 menses
1691 3206 1940 3275 exceptis

239 3289 544 3343 lunaribus
568 3289 876 3343 habentes:
915 3290 1064 3343 unde
1094 3307 1198 3360 pro
1234 3291 1500 3345 Kalendis
1529 3293 1701 3347 (ΞΓωοὶ
1734 3295 1939 3349 melius

237 3376 597 3437 neomenias,
636 3377 689 3431 id
720 3387 804 3431 est
826 3377 1121 3431 novilunia
1159 3384 1375 3432 vocant.
1408 3380 1465 3433 Si
1495 3386 1686 3435 autem
1714 3398 1941 3436 menses

239 3470 481 3537 propter
530 3465 651 3519 dies
682 3466 919 3535 triginta
960 3467 1167 3537 quibus
1224 3467 1558 3537 implentur,
1618 3470 1943 3539 signiﬁcant

237 3553 669 3624 plenitudinem
699 3570 938 3624 operum
986 3555 1147 3619 lucis,
1184 3556 1412 3625 quando
1470 3556 1529 3609 in
1570 3557 1679 3611 ﬁde
1736 3564 1942 3613 sanctae

240 3641 541 3696 Trinitatis
575 3643 839 3712 Decalogi
859 3648 1143 3713 praecepta
1168 3644 1514 3713 perlicimus,
1548 3645 1687 3715 quid
1713 3647 1944 3700 exordia

239 3730 557 3796 mensium,
588 3730 647 3784 in
674 3731 882 3801 quibus
910 3732 1065 3795 luna,
1099 3737 1160 3786 ut
1189 3732 1380 3786 denuo
1433 3734 1639 3797 luceat,
1679 3750 1865 3804 nuper
1912 3752 1943 3789 a

239 3821 363 3873 sole
392 3818 601 3872 dicitur
637 3820 888 3885 accendi,
942 3820 1053 3873 nisi
1084 3820 1247 3873 initia
1277 3820 1576 3891 designant
1606 3822 1770 3875 bona:
1800 3839 1945 3892 ope-

236 3906 509 3973 rationis,
541 3922 669 3976 quee
701 3908 950 3961 donante
1008 3908 1315 3961 conditoris
1354 3909 1555 3978 gratia,
1592 3910 1753 3980 quasi
1810 3912 1943 3965 solis

229 3996 485 4068 justitia:
514 3996 818 4066 praesentia
846 3997 1237 4066 percipimus?
1277 3997 1360 4051 Ob
1411 3998 1572 4067 cujus
1615 3999 1939 4065 signiﬁcan-

237 4086 390 4140 tiam
423 4084 632 4138 divina:
650 4084 1051 4139 illustrationis
1071 4085 1192 4138 sine
1215 4102 1329 4156 qua
1349 4086 1491 4138 nihil
1520 4086 1655 4140 boui
1677 4088 1943 4143 inchoare

237 4176 332 4231 vel
368 4173 646 4245 perﬁcere
676 4175 983 4227 valeamus.
1026 4175 1172 4227 Deus
1200 4190 1399 4228 omnes
1430 4175 1731 4243 Kalendas,
1774 4176 1831 4231 id
1861 4181 1947 4231 est

2040 478 2195 532 tione
2229 478 2433 532 domus
2465 479 2565 532 Dei
2590 479 2849 533 reddant.

2111 568 2436 621 Notandum
2466 573 2659 622 autem
2690 568 2843 638 quod
2877 584 3071 622 mense
3121 568 3364 638 septimo
3421 583 3735 638 congrega-

2040 666 2129 710 tus
2159 662 2245 710 est
2273 658 2522 726 populus
2546 657 2607 710 in
2636 658 2972 721 Jerusalem,
3002 661 3059 710 et
3079 656 3443 728 congregatis
3469 657 3735 710 omnibus

2038 745 2206 798 Josue
2254 745 2556 799 Zorobabel
2611 762 2741 799 cum
2799 746 3067 799 fratribus
3135 746 3249 799 suis
3325 746 3502 799 altare
3548 745 3734 799 nidiﬁ-

2040 850 2213 899 casse,
2247 837 2361 886 eta
2416 835 2601 904 primo
2650 834 2739 888 die
2792 835 3023 904 septimi
3076 834 3288 888 mensis
3338 834 3734 887 holocaustum

2041 922 2313 976 obtulisse
2343 923 2707 978 referuntur:
2742 924 2893 977 unde
2938 924 3229 993 colligitur
3282 924 3388 976 hoc
3444 924 3619 975 altare
3668 938 3734 975 ex

2040 1011 2623 1081 lapidibusimpolitis
2650 1012 2921 1065 citissime
2952 1012 3369 1081 compositum:
3416 1027 3529 1064 non
3590 1010 3735 1063 sicut

2040 1100 2175 1153 olim
2202 1101 2270 1154 de
2301 1101 2465 1171 ligno
2501 1101 2895 1168 fabrefactum,
2936 1107 2992 1155 et
3043 1101 3206 1155 aereis
3236 1101 3463 1153 laminis
3491 1115 3733 1169 cooper-

2039 1193 2183 1242 tum.
2221 1190 2345 1243 Non
2398 1189 2554 1242 enim
2598 1173 2765 1242 aliter
2794 1189 2964 1243 etiam
3026 1189 3275 1258 plurima
3328 1189 3733 1242 fabricantium

2039 1278 2208 1331 turba
2248 1277 2497 1331 instante
2533 1278 2719 1347 potuit
2749 1294 2863 1331 una
2892 1278 2982 1332 die
3014 1278 3191 1347 incipi
3216 1284 3273 1332 et
3302 1278 3522 1348 perlici,
3577 1282 3634 1330 et
3660 1276 3734 1329 ad

2041 1365 2393 1419 offerendum
2424 1367 2819 1420 holocaustum
2876 1366 3209 1436 praeparari.
3266 1368 3328 1421 In
3382 1368 3526 1420 libro
3577 1380 3733 1419 enim

2040 1454 2493 1508 Machabmorum
2524 1455 2899 1525 delapidibus
2928 1456 3139 1509 factum
3172 1456 3408 1509 dicitur:
3447 1458 3523 1509 Et
3580 1474 3732 1513 acce-

2036 1548 2237 1611 perunt
2262 1543 2469 1611 lapides
2503 1546 2741 1608 integros
2762 1545 3053 1599 secundum
3092 1546 3275 1610 legem,
3335 1549 3385 1598 et
3429 1546 3734 1614 aediﬁcave-

2044 1637 2173 1685 runt
2219 1633 2393 1685 altare
2446 1648 2639 1685 novum
2686 1633 2979 1687 secundum
3036 1634 3177 1687 illud
3223 1634 3366 1702 quod
3410 1637 3567 1702 prius
3622 1638 3736 1701 fuit

2064 1722 2089 1775 Ι
2110 1722 2296 1775 Mach.
2325 1722 2422 1787 ιν).

2112 1794 2434 1863 Notandum
2458 1810 2612 1881 quod
2636 1809 2866 1863 initium
2903 1810 3123 1880 quintze
3153 1810 3335 1864 astatis
3394 1810 3539 1865 sicut
3595 1826 3735 1881 qua-

2041 1903 2171 1952 tuor
2203 1899 2648 1968 priecedeutium
2679 1899 2883 1953 oblatis
2917 1899 3159 1952 Domino
3214 1900 3556 1952 holocaustis
3598 1916 3734 1953 cou-

2040 1993 2307 2041 secratur.
2344 1988 2408 2039 In
2462 1987 2650 2056 prima
2695 1987 2851 2040 enim
2903 1992 3293 2057 protomartyr
3334 1987 3471 2040 Abel
3515 1986 3735 2056 primus

2041 2075 2300 2129 omnium
2332 2076 2641 2129 electorum
2664 2076 2731 2129 de
2761 2075 3162 2145 primogenitis
3195 2076 3387 2129 ovium
3423 2079 3532 2130 Deo
3565 2076 3736 2129 holo-

2041 2170 2301 2217 caustum
2333 2163 2541 2217 obtulit
2570 2168 2626 2217 et
2652 2163 2975 2233 ingressum
3006 2166 3290 2218 nascentis
3322 2164 3514 2218 saeculi
3548 2163 3735 2234 primo

2042 2252 2244 2306 hostiis
2286 2268 2580 2321 pecorum,
2624 2253 2856 2306 tandem
2917 2254 3150 2322 proprio
3193 2269 3392 2307 cruore
3434 2252 3734 2307 dedicavit.

2042 2340 2317 2395 Secundae
2351 2340 2536 2393 astatis
2568 2344 2759 2393 ortum
2812 2341 2930 2393 Noe
2988 2340 3193 2393 oblatis
3246 2343 3359 2394 Deo
3393 2340 3737 2394 holocaustis

2044 2429 2113 2482 de
2144 2428 2232 2481 his
2262 2444 2390 2498 quae
2415 2428 2641 2481 fuerant
2683 2427 2743 2480 in
2773 2443 2902 2481 arca
2932 2428 3295 2481 consecravit.
3329 2428 3576 2481 Tertiam
3600 2433 3737 2481 aeta-

2042 2520 2159 2570 tem
2192 2516 2599 2570 Melchisedech
2631 2518 2688 2568 et
2724 2516 3011 2570 Abraham
3056 2517 3147 2569 hic
3176 2516 3231 2570 in
3264 2533 3411 2586 pane
3476 2521 3531 2570 et
3586 2516 3735 2581 vino,

2044 2603 2140 2656 ille
2189 2603 2422 2673 proprio
2479 2602 2597 2656 ﬁlio
2640 2602 2829 2655 oblato
2860 2610 3170 2656 sacrarunt.
3206 2604 3475 2666 Quartam
3510 2607 3738 2655 letalem

2048 2690 2223 2743 David
2278 2690 2521 2743 Domino
2560 2690 2925 2757 consecravit,
2958 2691 3237 2744 aediﬁcato
3281 2690 3445 2743 altari
3494 2690 3552 2743 in
3604 2705 3738 2742 area

2044 2777 2256 2830 Horum
2301 2778 2567 2843 Jebusaei,
2618 2784 2676 2831 et
2721 2778 2924 2832 oblatis
2957 2780 3071 2832 Deo
3120 2778 3486 2845 holocaustis,
3529 2778 3738 2847 quibus

2046 2881 2177 2918 eum
2201 2882 2373 2935 quem
2400 2867 2681 2936 populum
2712 2868 3069 2921 numerando
3102 2866 3415 2921 olfenderat
3443 2868 3696 2937 placaret
3722 2882 3736 2930 ;

1968 2965 2008 3019 ε
2045 2954 2147 3008 ubi
2204 2954 2486 3008 Abraham
2538 2956 2877 3024 perhibetur
2934 2955 3119 3009 ﬁlium
3173 2955 3463 3016 obtulisse,
3499 2960 3554 3008 et
3608 2958 3741 3024 post

2048 3042 2391 3097 aediﬁdicato
2418 3060 2448 3095 a
2480 3043 2785 3097 Salomone
2818 3044 3034 3114 templo
3066 3046 3243 3097 altare
3275 3045 3740 3098 holocaustorum

2049 3136 2267 3184 constat
2300 3146 2421 3184 esse
2454 3132 2725 3185 locatum.
2765 3132 2988 3195 Quintae
3020 3148 3169 3186 nunc
3209 3133 3392 3186 aetatis
3438 3132 3739 3186 exordium

2048 3220 2213 3273 Josue
2242 3225 2297 3273 et
2325 3220 2629 3274 Zorobabel
2660 3220 2939 3274 aediﬁcato
2969 3221 3181 3274 ibidem
3213 3222 3400 3283 altari,
3450 3227 3507 3274 et
3537 3219 3740 3273 oblatis

2052 3310 2165 3362 Deo
2189 3308 2550 3374 holocaustis,
2608 3324 2742 3362 mox
2770 3325 3000 3363 excusso
3030 3309 3371 3380 captivitatis
3395 3311 3537 3379 jugo
3568 3310 3743 3362 obtu-

2048 3398 2255 3459 lerunt,
2293 3402 2349 3450 et
2379 3400 2572 3466 postea
2596 3397 2725 3467 jugi
2757 3398 3085 3451 holocausto
3119 3398 3422 3451 Dominum
3452 3398 3560 3452 sibi
3615 3398 3742 3467 pla-

2050 3491 2335 3540 caverunt.
2374 3487 2503 3539 Haac
2550 3487 2746 3540 omnia
2801 3486 2861 3539 in
2923 3486 3109 3557 ﬁgura
3156 3491 3569 3555 praecesserunt
3620 3486 3742 3555 ejus

2052 3575 2151 3645 qui
2179 3575 2240 3628 iu
2262 3579 2416 3628 sexta
2448 3580 2614 3629 aetate
2645 3574 2831 3629 hostia
2862 3591 2977 3629 suae
3012 3575 3197 3629 carnis
3226 3580 3410 3628 totum
3460 3574 3743 3629 mundum

2051 3664 2311 3717 redemit.

2124 3753 2287 3805 Vens.
2321 3757 2371 3806 7.
2408 3782 2468 3791 —
2494 3753 2761 3806 Dederunt
2790 3756 2987 3805 autem.
3026 3752 3216 3821 (BEDA,
3250 3753 3345 3805 ubi
3372 3753 3587 3820 Supra.)
3637 3750 3745 3814 Qui

2052 3840 2120 3893 de
2150 3840 2473 3909 captivitate
2524 3840 2751 3893 liberati
2791 3840 3205 3910 Jerosolymam
3265 3844 3557 3904 venerant,
3612 3845 3742 3901 etc.,

2050 3943 2220 3995 usque
2245 3928 2319 3981 ad
2350 3928 2625 3982 Fundatio
2652 3928 2854 3998 templi
2895 3928 3021 3981 illos
3071 3927 3376 3996 signiﬁcat,
3406 3928 3505 3997 qui
3561 3943 3745 3996 nuper

2052 4015 2307 4071 conversi
2352 4017 2539 4069 locum
2616 4022 2946 4086 praeparant
3003 4016 3246 4070 Domino
3296 4015 3355 4068 in
3400 4032 3488 4081 se;
3548 4015 3739 4069 unde:

2052 4105 2289 4160 Membra
2346 4109 2528 4158 vestra
2581 4106 2835 4174 templum
2872 4109 2998 4159 sunt
3060 4105 3310 4173 Spiritus
3379 4106 3574 4169 sancti,
3633 4108 3741 4159 etc.

2054 4193 2111 4263 (I
2137 4195 2267 4247 Cor.
2300 4192 2398 4262 γι.)

238 4262 487 4319 exordia
532 4261 817 4315 mensium
849 4261 1124 4315 celebrari
1175 4262 1484 4332 praecepit;
1518 4264 1704 4319 unde:
1746 4267 1920 4321 Canit'

2125 4261 2535 4351 Latomis.(lo.,
2566 4280 2724 4349 ibid.)
2782 4281 3000 4335 Latomi
3030 4286 3163 4336 sunt
3216 4281 3277 4335 iu
3328 4281 3746 4335 constructione

238 4354 412 4421 initio
465 4352 664 4404 mensis
712 4350 841 4403 tuba
896 4352 953 4403 in
1003 4352 1210 4417 insigni
1257 4350 1347 4404 die
1384 4352 1734 4405 solemnitatis
1754 4358 1944 4405 vestrae

239 4440 426 4511 (Psal.
467 4437 647 4507 Lxxx).
688 4439 835 4491 Bene
886 4442 1077 4491 autem
1135 4438 1365 4507 dicitur,
1416 4437 1552 4509 quia
1606 4444 1834 4509 peracta
1862 4439 1944 4493 fe-

238 4528 499 4584 stivitate
550 4527 1052 4581 tabernaculorum
1081 4527 1187 4580 ﬁlii
1217 4528 1738 4598 transmigrationis
1767 4528 1944 4582 facie-

233 4618 390 4673 bant
418 4616 817 4679 holocaustum
866 4616 1023 4686 juge.
1068 4620 1171 4670 etc.
1206 4616 1348 4680 Quia
1376 4623 1679 4689 postquam
1719 4617 1944 4671 animus

237 4706 425 4761 semel
459 4705 596 4759 huic
630 4705 843 4760 mundo
871 4704 1119 4775 perfecte
1167 4705 1678 4774 abrenuntiaverit,
1721 4710 1947 4776 oportet

236 4800 314 4850 ut
345 4799 532 4849 totum
566 4810 625 4847 se
659 4793 957 4864 impendat
984 4793 1257 4863 obsequio
1286 4793 1493 4848 divinae
1514 4794 1837 4848 voluntatis.

320 4903 487 4955 Vens.
514 4906 565 4954 6.
599 4930 670 4939 —
697 4902 739 4954 Α
793 4903 971 4969 primo
1000 4900 1105 4954 die.
1160 4900 1246 4954 Ab
1277 4899 1510 4953 exordio
1545 4899 1751 4953 divinas
1793 4900 1946 4954 scili-

235 4994 338 5045 cet
368 4988 789 5059 inspirationis,
824 5004 939 5058 qua
992 4989 1244 5041 humana
1289 4987 1636 5041 conscientia
1673 4986 1947 5041 immuta-

233 5084 365 5147 tur,
399 5083 459 5132 et
504 5076 898 5146 voluptatibus
928 5078 1197 5147 neglectis
1222 5076 1283 5130 in
1314 5093 1380 5131 ea
1411 5077 1529 5130 sola
1559 5093 1688 5147 quas
1721 5077 1951 5130 Domini

237 5172 409 5231 sunt;
458 5164 788 5232 inardescit,
845 5164 993 5219 sicut
1042 5166 1284 5237 apostoli
1328 5165 1428 5236 qui
1485 5164 1700 5235 Spiritu
1756 5170 1950 5220 sancto

235 5256 621 5321 inflammati,
657 5256 822 5325 quasi
846 5256 1245 5310 holocaustum
1296 5256 1447 5323 facti,
1506 5256 1775 5310 omnibus
1837 5256 1952 5310 lin-

239 5346 383 5419 guis
413 5344 809 5415 praedicabant
848 5345 1136 5415 magnalia
1168 5345 1287 5399 Dei.
1322 5344 1463 5399 Hinc
1493 5346 1645 5415 apud
1686 5346 1951 5399 Hebraeos

241 5434 539 5503 septimus
573 5432 786 5486 mensis
811 5448 994 5486 novus
1013 5448 1197 5487 annus
1222 5439 1457 5487 vocatur
1485 5450 1498 5488 :
1527 5434 1664 5504 quia
1693 5450 1797 5503 per
1823 5433 1948 5503 Spi-

238 5523 434 5578 ritum
464 5526 728 5577 sanctum
759 5520 1025 5577 ﬁdelibus
1054 5523 1241 5589 datur,
1278 5527 1346 5577 ut
1400 5538 1614 5577 novum
1664 5521 1953 5577 charitatis

2054 4370 2259 4424 domus
2281 4370 2404 4435 Dei,
2438 4369 2536 4441 qui
2560 4371 2731 4425 corda
2762 4371 3158 4441 proximorum
3214 4371 3471 4425 docendo
3531 4371 3615 4423 vel
3656 4370 3749 4423 in—

2053 4460 2341 4529 crepando
2371 4460 2686 4524 instruunt,
2715 4465 2840 4524 etc.,
2874 4474 3043 4529 usque
3081 4460 3154 4513 ad
3211 4462 3268 4513 et
3312 4458 3746 4512 tabernaculum

2054 4548 2124 4603 de
2154 4548 2389 4601 cortinis
2422 4554 2477 4602 et
2510 4547 2717 4603 tabulis
2746 4549 3147 4618 compositum.

2125 4639 2512 4694 Cmmtariis.
2549 4638 2670 4707 (10.,
2704 4638 2865 4707 ibid.)
2921 4637 3277 4691 Cmmentarii
3309 4641 3442 4691 sunt
3469 4636 3745 4705 praedica-

2053 4730 2223 4791 tores,
2275 4726 2376 4796 qui
2406 4727 2542 4780 dum
2576 4743 2672 4780 eos
2702 4743 2847 4797 quos
2892 4727 3056 4780 bouis
3103 4726 3371 4795 operibus
3420 4726 3744 4790 instituunt,

2054 4815 2257 4885 copula
2286 4815 2578 4868 charitatis
2609 4815 2681 4869 ad
2713 4815 2955 4868 invicem
2988 4819 3240 4879 nectunt,
3287 4813 3451 4884 quasi
3508 4815 3748 4883 quadra-

2054 4907 2141 4956 tos
2172 4903 2495 4974 politosque
2526 4903 2763 4973 lapides,
2795 4919 2866 4956 ne
2896 4902 3159 4956 ordinem
3189 4900 3619 4971 compositionis
3650 4916 3746 4953 re-

2056 4997 2248 5045 serant
2279 4992 2538 5045 caementi
2563 4992 2847 5045 infusione
2880 4992 3253 5059 conjungunt,
3284 4990 3572 5043 dicentes:
3608 4990 3750 5043 Ante

2058 5082 2240 5133 omnia
2268 5085 2447 5133 autem
2470 5086 2715 5134 mutuam
2747 5082 2804 5132 in
2850 5079 3243 5147 nobismetipsis
3279 5080 3587 5132 continuam
3616 5079 3749 5132 cha-

2057 5170 2277 5223 ritatem
2302 5169 2553 5222 habentes
2592 5174 2696 5221 etc.
2747 5167 2794 5235 (ι
2837 5170 2979 5221 Petr.
3023 5170 3112 5235 xv).
3160 5166 3298 5220 Inde
3354 5167 3601 5220 Paulus:
3644 5169 3747 5223 Su-

2056 5273 2155 5327 per
2186 5259 2368 5310 omnia
2396 5260 2575 5310 autem
2604 5256 2789 5309 habete
2813 5257 3150 5320 charitatem,
3175 5255 3319 5323 quod
3349 5261 3425 5310 est
3475 5256 3751 5309 vinculum

2057 5347 2403 5416 perfectionis
2433 5346 2573 5410 (Col.
2616 5345 2713 5411 ιιι).

2130 5434 2370 5488 Sidoniis
2427 5434 2726 5501 Tyriisque.
2772 5433 2891 5501 (10.,
2936 5432 3099 5502 ibid.)
3142 5432 3362 5487 Sidonii
3417 5449 3646 5504 quoque
3695 5438 3753 5487 et

2058 5523 2211 5593 Tyrii
2261 5520 2667 5593 praedicatores
2722 5527 3152 5593 repraesentant,
3216 5523 3316 5594 qui
3372 5523 3632 5577 homines
3690 5522 3753 5577 in
