4062 6180
344 269 446 319 699

966 267 1360 322 WALAFRIDI
1400 269 1648 323 STRABI
1689 269 1884 323 FULD.
1929 267 2092 322 NON.
2143 267 2293 323 OPP.
2338 267 2518 322 PARS
2556 269 2601 324 l.
2640 298 2709 307 -
2751 268 3222 328 THEOLOGICA.
3734 278 3832 330 700

341 389 528 458 gloria
557 389 850 459 quondam
899 388 1092 444 saeculi
1121 388 1363 442 sublime
1421 393 1477 442 et
1525 390 1795 444 candidos
1854 389 2038 444 securi
2068 391 2116 444 Α
2153 393 2303 457 rant,
2334 390 2486 444 tubis
2514 396 2887 460 personantes
2914 395 2972 447 et
3009 393 3136 463 θοι-Ἰ
3153 395 3354 464 populi
3401 381 3834 453 ad‘suavitatem

342 477 623 530 sermonis
655 476 774 546 Dei,
831 477 900 531 de
949 482 1101 530 statu
1157 477 1360 547 prima:
1384 478 1834 532 conversationis
1893 479 2038 548 deji-

344 565 521 633 ciunt,
547 571 608 619 ut
639 565 945 620 salubriter
969 569 1301 636 prostratos,
1353 572 1411 619 et
1463 567 1625 637 quasi
1672 567 1741 621 ab
1795 568 2038 622 humore

344 655 670 724 corruptivo
727 655 968 724 ingeniti
1011 671 1209 708 sensus
1261 660 1540 720 excoctos,
1575 657 1646 710 ab
1694 657 1851 710 omni
1877 656 2038 709 vitio-

343 759 474 796 rum
508 742 843 796 fortitudine
873 742 1180 812 corrigant,
1215 747 1272 796 et
1301 742 1360 796 in
1383 748 1646 797 ornatum
1680 747 1763 797 vel
1794 745 1852 797 in
1906 761 2038 797 mu-

345 831 667 885 nimentum
697 831 958 884 Ecclesiae
991 831 1240 898 exigunt.
1282 831 1438 886 Unde
1472 832 1531 884 in
1569 833 1791 901 psalmo
1821 833 1918 902 qui
1947 832 2036 885 in-

343 917 611 972 scribitur
639 919 699 971 in
730 920 1223 973 consummatione
1251 921 1634 974 tabernaculi:
1675 923 1795 975 Vox
1821 922 2040 975 Domini

341 1009 732 1072 con/ringentis
754 1007 938 1061 cedros
969 1010 1135 1076 (Psal.
1170 1025 1248 1078 ιι).

410 1095 650 1150 Sidoniis
691 1095 999 1163 Tyriisque.
1025 1096 1041 1166 (
1065 1097 1227 1158 Beas,
1261 1097 1423 1168 ibid.)
1473 1099 1617 1150 Dant
1635 1098 1920 1170 principes
1941 1114 2038 1168 pa-

340 1189 517 1249 trum,
549 1189 692 1248 etc.,
716 1200 886 1253 usque
899 1185 974 1238 ad
996 1185 1128 1255 quia
1145 1203 1471 1255 pressuram
1491 1187 1548 1239 in
1571 1188 1784 1240 mundo
1802 1189 2034 1248 habent,

343 1272 603 1342 quamvis
633 1273 1007 1338 conﬁdentes,
1038 1274 1175 1344 quia
1224 1275 1498 1328 Dominus
1544 1276 1676 1329 vicit
1730 1277 2033 1331 mundum.

415 1363 480 1414 Ut
510 1360 782 1425 deferrent
815 1361 984 1428 ligna.
1013 1363 1142 1429 (10.,
1184 1363 1341 1429 ibid.)
1375 1363 1644 1416 Deferunt
1675 1364 1829 1434 ligna
1851 1365 2039 1419 excisa

337 1447 397 1501 in
427 1464 603 1513 mare,
641 1455 772 1515 etc.,
807 1465 976 1518 usque
1035 1452 1110 1504 ad
1154 1456 1211 1504 et
1259 1467 1364 1519 per
1393 1452 1917 1506 reconciliationem
1947 1470 2034 1507 sa-

339 1535 636 1590 cerdotum
671 1537 931 1591 Ecclesiae
962 1554 1365 1609 aggregamur.

408 1627 567 1693 Jopp.
624 1626 781 1679 Unde
810 1626 1022 1680 scilicet
1086 1643 1189 1696 per
1244 1632 1454 1681 terram
1510 1628 1577 1682 ad
1638 1645 1782 1699 opus
1832 1630 2036 1700 templi

341 1712 722 1781 deferrentur,
755 1713 901 1768 sicut
926 1712 986 1768 in
1018 1715 1204 1785 prima
1233 1717 1434 1786 templi
1483 1721 1767 1770 structura
1825 1717 2038 1773 factum

339 1808 444 1866 est,
479 1804 572 1858 sed
623 1805 892 1858 Salomon
940 1805 1119 1873 regali
1167 1805 1424 1876 potentia
1453 1823 1482 1859 a
1515 1822 1648 1876 rege
1678 1807 1875 1861 Hiram
1906 1824 2035 1878 qua:

337 1891 538 1960 voluit,
593 1893 757 1947 facile
811 1893 1091 1948 obtinuit:
1138 1894 1199 1948 hi
1230 1899 1418 1948 autem
1472 1896 1540 1948 de
1592 1896 1914 1965 captivitate
1939 1913 2034 1950 re-

337 1977 579 2033 deuntes
635 1984 694 2032 et
731 1980 896 2050 regni
948 1983 1268 2050 potentiam
1320 1999 1436 2036 non
1501 1982 1780 2037 habentes
1817 1985 2038 2053 {cuncta

337 2068 624 2122 emebant.

407 2161 572 2211 Anno
613 2160 811 2211 autem.
847 2158 1036 2227 (BEDA,
1068 2159 1164 2212 ubi
1183 2162 1400 2229 supra.)
1434 2161 1574 2215 Cum
1602 2176 1774 2232 supra
1815 2161 2037 2216 dicatur

337 2244 486 2314 quod
515 2245 762 2315 septimo
821 2262 1018 2301 mense
1077 2254 1358 2302 venerunt
1403 2248 1462 2302 iu
1513 2250 1852 2316 Jerusalem,
1901 2256 2032 2317 etc.,

338 2347 506 2400 usque
543 2334 618 2386 ad
654 2339 752 2387 aut
790 2335 1265 2390 resurrectionem
1296 2353 1604 2406 corporum
1656 2353 1832 2406 quam
1888 2337 2036 2390 bene

340 2426 643 2490 operantes
673 2437 992 2491 speramus,
1021 2424 1340 2478 denuntiat.

412 2511 584 2566 Vsus.
620 2513 672 2565 8.
703 2541 772 2552 —
817 2514 879 2566 In
914 2515 1228 2568 Jerusalem.
1282 2513 1492 2567 Locum
1546 2513 1761 2568 scilicet
1831 2515 2035 2584 templi

340 2614 455 2669 quo
486 2600 767 2669 templum
819 2601 1102 2655 aediﬁcare
1151 2601 1476 2672 cupiebant.
1540 2603 1833 2656 Falluntur
1879 2603 2035 2657 enim

337 2687 518 2741 Judaei
549 2688 648 2758 qui
670 2688 868 2742 dicunt
913 2705 1210 2760 nunquam
1253 2690 1504 2760 parietes
1529 2691 1752 2759 templi,
1805 2692 1901 2746 sed
1936 2709 2035 2745 so-

339 2775 457 2830 lum
491 2781 703 2830 tectum
735 2794 766 2830 a
797 2777 1075 2832 Chaldaeis
1127 2777 1303 2832 fuisse
1338 2779 1693 2847 subversum,
1753 2797 1883 2834 cum
1935 2797 2035 2850 pa-

341 2869 459 2918 teat
488 2865 723 2919 Esdram
754 2865 938 2919 ﬁlium
966 2866 1485 2937 transmigrationis
1525 2869 1805 2938 templum
1836 2869 2033 2923 fecisse.

341 2969 376 3005 a
402 2953 807 3007 fundamentis.

409 3044 478 3097 Et
508 3047 680 3096 omnis
729 3045 843 3111 qui.
875 3045 1078 3116 Magna
1103 3044 1326 3100 devotio
1355 3045 1530 3099 totius
1560 3045 1775 3117 populi.
1818 3046 2039 3101 Gaude-

339 3130 480 3184 bant
527 3131 682 3185 enim
731 3149 788 3186 se
835 3132 904 3186 de
962 3134 1285 3204 captivitate
1329 3135 1585 3201 rediisse,
1650 3140 1706 3188 et
1755 3141 2038 3204 quantum

341 3219 602 3288 superba:
629 3220 868 3274 civitatis
893 3222 1112 3291 ﬂagitia
1149 3223 1485 3288 horrebant,
1517 3227 1740 3276 tantum
1797 3224 2034 3277 Jerusa-

341 3307 457 3360 lem
483 3307 672 3361 videre
720 3309 1028 3378 cupiebant
1081 3310 1344 3364 decorem
1381 3328 1392 3364 :
1445 3317 1724 3381 quantum
1757 3312 1889 3365 fana
1932 3312 2031 3365 ab-

341 3395 764 3460 ominabantur,
799 3402 1024 3450 tantum
1049 3399 1327 3467 templum
1362 3400 1461 3452 Dei
1492 3400 1800 3452 restaurari
1854 3416 2033 3452 cona-

340 3484 567 3538 bantur.
601 3485 692 3539 Sic
721 3501 838 3538 non
863 3486 1048 3539 solum
1079 3486 1332 3556 episcopi
1379 3493 1435 3540 et
1463 3488 1782 3558 presbyteri
1809 3489 2037 3558 plebem

345 3572 626 3642 ﬁdelium,
665 3573 722 3627 id
757 3578 843 3628 est
893 3573 994 3628 Dei
1047 3574 1282 3629 domum
1341 3575 1552 3630 debent
1600 3576 1903 3641 aediﬁcare,
1939 3578 2037 3632 sed

343 3661 513 3714 etiam
543 3662 795 3732 populus
841 3663 910 3717 de
959 3662 1285 3733 captivitate
1341 3663 1609 3717 vitiorum
1652 3665 1724 3718 ad
1755 3665 2037 3721 visionem

340 3765 489 3804 verae
521 3750 677 3821 pacis
705 3757 961 3819 vocatus,
1017 3751 1401 3806 ministerium
1459 3753 1616 3807 verbi
1667 3754 1738 3808 ab
1787 3754 1877 3808 his
1935 3755 2036 3826 qui

342 3839 542 3893 docere
597 3844 900 3906 noverunt,
933 3839 1101 3894 debet
1128 3840 1360 3911 eligere,
1393 3841 1492 3912 qui
1523 3842 1737 3896 scilicet
1785 3843 2036 3897 ministri

340 3927 518 3992 verbi,
552 3928 609 3982 id
640 3933 726 3982 est
774 3928 980 3982 Levita
1010 3945 1044 3982 a
1081 3929 1278 4000 viginti
1309 3930 1475 3983 annis
1511 3936 1568 3983 et
1624 3947 1794 4001 supra
1825 3931 2032 3985 consti-

341 4019 585 4070 tuuntur
605 4035 622 4070 :
663 4016 800 4087 quia
828 4017 970 4071 tales
999 4021 1132 4071 sunt
1157 4018 1230 4072 ad
1263 4018 1693 4088 praedicandum
1739 4019 2035 4073 constituti

340 4109 399 4157 et
425 4104 792 4174 praeferendi,
821 4105 920 4176 qui
969 4107 1316 4177 Decalogum
1369 4123 1486 4160 non
1543 4108 1728 4161 solum
1777 4107 2033 4162 faciendo

337 4193 698 4246 auditoribus
729 4194 1050 4256 ostendant,
1085 4195 1181 4248 sed
1213 4195 1385 4248 etiam
1435 4195 1744 4265 puritatem
1775 4201 1833 4250 et
1890 4196 2033 4249 inte-

2147 493 2413 548 supernas
2459 481 2644 535 laudis
2718 483 3124 549 accendentes;
3179 485 3386 538 Levita:
3441 485 3501 538 in
3576 487 3837 555 cymbalis

2147 564 2293 619 bene
2325 567 2663 621 sonantibus
2695 568 2940 638 hymnos
2959 570 3200 623 Domino
3231 571 3599 625 concinentes
3622 571 3838 642 {popu-

2147 653 2236 706 lus
2262 656 2554 709 communi
2581 657 2834 711 clamore
2869 659 3050 712 Deum
3095 659 3408 731 laudando“
3427 661 3692 715 affectum
3716 679 3838 716 cor-

2147 741 2234 795 dis
2259 745 2584 800 ostendens.

2219 833 2384 888 Vens.
2429 838 2605 889 tl.—
2636 837 2716 890 Et
2745 837 3095 891 concinebant
3124 840 3184 890 in
3233 839 3466 906 hymnis.
3507 838 3834 909 ln'organis,

2147 919 2361 975 scilicet
2391 939 2520 992 quae
2551 923 2671 994 ipse
2701 925 2854 987 fecit,
2881 926 2968 979 vel
3001 927 3234 996 psalmis
3266 944 3409 997 quos
3457 928 3724 992 instituit,
3757 930 3837 982 vel

2146 1008 2281 1078 quia
2315 1011 2488 1065 David
2545 1012 2606 1066 in
2654 1014 3024 1069 collocatione
3067 1032 3214 1070 arca:
3257 1016 3580 1087 principem
3611 1018 3745 1070 fecit
3771 1017 3837 1070 ad

2146 1098 2534 1176 conﬁtendum
2571 1102 2834 1167 Domino,
2869 1104 3056 1176 Asaph
3085 1109 3141 1156 et
3166 1105 3368 1158 fratres
3397 1106 3537 1174 ejus,
3574 1110 3636 1159 ut
3663 1106 3839 1158 Verba

2147 1185 2379 1240 Dierum
2430 1193 2731 1254 testantur,
2791 1191 2858 1244 de
2892 1208 3006 1261 quo
3036 1208 3263 1245 rursum
3298 1193 3506 1247 dicitur
3533 1209 3547 1246 :
3578 1193 3715 1264 quia
3743 1194 3842 1248 ﬁlii

2148 1275 2272 1344 ejus
2302 1277 2407 1328 sub
2453 1292 2626 1330 manu
2686 1277 2864 1348 ipsius
2914 1285 3078 1333 erant
3129 1281 3538 1350 pr0phetantes
3561 1281 3727 1351 juxta
3758 1298 3841 1335 re-

2147 1377 2276 1431 gem
2310 1363 2359 1431 (ι
2384 1366 2567 1419 Parat.
2604 1382 2688 1429 xv,
2743 1369 2877 1436 xvr).
2927 1369 3123 1422 Merito
3169 1369 3260 1422 hic
3308 1385 3438 1423 cum
3496 1370 3601 1423 ﬁlii
3656 1370 3841 1439 Asaph

2147 1451 2455 1506 laudarent
2473 1459 2528 1507 et
2549 1455 2961 1510 conﬁterentur
2981 1457 3221 1510 Domino
3247 1473 3613 1528 permanum
3646 1459 3840 1524 David,

2137 1540 2304 1609 juxta
2336 1540 2771 1613 dispositionem
2803 1545 2926 1614 ejus
2965 1546 3280 1600 hocfecisse
3298 1546 3660 1616 intelligendi
3690 1553 3838 1602 sunt.

2217 1628 2381 1682 Vsus.
2439 1631 2527 1682 2'2.
2569 1660 2637 1668 ——
2670 1631 2893 1685 Flebant
2953 1632 3144 1702 (Bima,
3205 1633 3299 1686 ubi
3358 1633 3572 1704 supra),
3633 1635 3845 1689 scilicet

2146 1719 2442 1771 cernentes
2492 1723 2770 1788 quantum
2807 1721 3076 1791 pauperis
3120 1721 3273 1775 illius
3325 1723 3600 1792 temporis
3651 1740 3686 1777 a
3719 1739 3844 1777 ma-

2145 1803 2355 1873 gnifica
2379 1807 2672 1876 quondam
2703 1808 3022 1863 Salomonis
3047 1810 3324 1880 potentia,
3358 1827 3473 1881 qua
3510 1811 3674 1881 prius
3705 1817 3843 1866 tem-

2144 1892 2307 1961 plum
2338 1892 2641 1948 fundatum
2676 1901 2780 1961 est,
2814 1897 3069 1964 distaret,
3129 1901 3258 1963 etc.,
3306 1914 3474 1967 usque
3525 1899 3604 1953 ad
3648 1900 3715 1952 1n
3763 1915 3843 1953 se-

2145 1981 2331 2034 cunda
2385 1981 2637 2037 Christus
2692 1989 2748 2038 et
2777 1985 3017 2054 apostoli
3049 1985 3293 2056 gratiam
3327 1986 3467 2040 Novi
3493 1987 3844 2042 Testamenti

2145 2073 2202 2122 et
2221 2071 2386 2139 regni
2407 2071 2650 2124 cmlestis
2679 2072 2976 2126 introitum
3009 2073 3298 2128 nuntiant.

2217 2158 2341 2227 (10.,
2383 2159 2544 2229 ibid.)
2576 2159 2812 2213 Flebant
2842 2160 2903 2212 in
2922 2160 3301 2215 aediﬁcatione
3332 2162 3533 2231 templi
3565 2162 3839 2232 spiritua-

2145 2245 2235 2315 lis,
2276 2254 2406 2312 etc.,
2465 2263 2634 2316 usque
2680 2247 2755 2301 ad
2803 2263 2906 2300 nec
2951 2248 3104 2302 inter
3142 2255 3451 2320 augmenta
3481 2251 3713 2320 piorum
3750 2251 3843 2304 de-

2144 2339 2276 2388 sunt
2334 2340 2688 2389 tentamenta
2756 2351 3090 2405 pravorum,
3158 2336 3258 2407 qui
3307 2337 3397 2390 vel
3448 2337 3668 2390 bonum
3721 2338 3846 2391 ﬁcte

2145 2423 2525 2489 ostendendo,
2557 2424 2645 2477 vel
2704 2429 2900 2494 aperte
2955 2425 3175 2478 malum
3222 2425 3558 2495 ingerendo,
3621 2431 3846 2479 sanctos

2144 2512 2353 2567 lmdere
2386 2516 2686 2566 conentur.

2821 2582 3046 2636 CAPUT
3074 2583 3166 2636 IV.

2216 2687 2376 2741 Vens.
2414 2692 2434 2743 1
2476 2719 2544 2726 —
2570 2688 2888 2744 Audierant
2934 2694 3118 2745 autem
3149 2691 3320 2744 hostes
3365 2691 3532 2744 Judae
3560 2699 3612 2745 et
3641 2693 3845 2762 Benja-

2143 2777 2278 2842 min,
2313 2780 2417 2830 etc.
2469 2777 2624 2846 (Ben.
2658 2777 2716 2831 in
2758 2777 2937 2846 Esdr.)
2996 2780 3193 2832 Hostes
3239 2778 3400 2832 Iudae
3433 2784 3489 2832 et
3543 2779 3846 2848 Benjamin

2143 2865 2450 2919 Samarites
2481 2866 2636 2932 dicit,
2670 2871 2799 2933 etc.,
2858 2883 3028 2937 usque
3083 2868 3158 2921 ad
3189 2869 3290 2938 qui
3317 2868 3388 2922 ad
3423 2868 3719 2923 dexteram
3753 2871 3844 2941 ju-

2066 2963 2107 3019 ο
2146 2953 2286 3007 dicis
2313 2954 2769 3009 benedictionem
2800 2959 2857 3008 et
2901 2971 3144 3026 regnum
3177 2961 3460 3010 aeternum
3512 2957 3846 3028 percepturi

2147 3047 2294 3097 sunt.
2333 3043 2538 3097 Dicunt
2565 3059 2702 3113 ergo
2729 3060 2742 3098 :

2213 3132 2374 3185 Vsus.
2404 3134 2457 3185 2.
2489 3162 2557 3171 —-
2593 3132 2938 3201 {Ediﬁcemus
2987 3134 3160 3200 vobis,
3193 3134 3318 3204 (10.,
3369 3135 3535 3202 ibid.)
3573 3134 3720 3188 Cum
3763 3136 3846 3189 at-

2143 3219 2355 3273 fectant
2399 3220 2650 3274 haaretici
2684 3221 3079 3274 auctoritatem
3113 3222 3219 3275 sibi
3277 3222 3632 3292 praedicandi
3692 3224 3850 3278 inter

2143 3309 2445 3364 catholicos
2481 3310 2677 3376 tribui,
2732 3315 2864 3375 etc.,
2919 3325 3088 3379 usque
3120 3310 3195 3363 ad
3251 3310 3312 3364 in
3355 3310 3536 3380 aperti
3592 3325 3850 3379 persona

2140 3397 2319 3450 hostis
2349 3397 2625 3452 acerrime
2657 3398 3034 3468 impugnavit.

2215 3487 2334 3541 Non
2371 3489 2448 3540 est
2482 3487 2656 3540 nobis.
2688 3487 2810 3539 Non
2840 3491 2926 3540 est
2955 3487 3356 3542 haereticorum
3417 3487 3706 3542 aediﬁcare
3747 3489 3851 3542 Ec-

2143 3574 2372 3628 clesiam
2425 3589 2458 3626 a
2509 3590 2624 3644 qua
2680 3580 2814 3629 sunt
2869 3575 3066 3642 alieni,
3099 3577 3193 3630 sed
3228 3581 3453 3631 tantum
3507 3593 3715 3630 eorum
3749 3577 3850 3648 qui

2142 3663 2365 3718 Christo
2392 3678 2526 3716 vero
2577 3663 2701 3733 regi
2734 3668 2791 3717 et
2817 3664 3097 3718 sacerdoti
3130 3664 3510 3728 adhaerentes,
3551 3665 3850 3735 principes

2142 3755 2372 3822 patrum
2403 3749 2592 3804 vocari
2639 3755 2994 3817 meruerunt,
3027 3757 3082 3805 et
3111 3769 3215 3822 pro
3244 3753 3338 3823 pia
3365 3769 3502 3806 cura
3531 3769 3711 3822 quam
3743 3755 3848 3807 ha-

2142 3841 2278 3895 bent
2304 3854 2440 3909 erga
2470 3853 2567 3891 eos
2598 3837 2698 3908 qui
2741 3839 3029 3894 Christum
3067 3841 3258 3894 videre
3281 3840 3622 3894 desiderant.

2213 3928 2370 3979 Vsus.
2404 3928 2434 3979 3
2466 3956 2534 3963 —
2573 3925 2803 3979 Factum
2839 3931 2917 3979 est
2974 3932 3170 3981 autem.
3229 3927 3354 3996 (10.,
3395 3927 3550 3995 ibid.)
3601 3927 3848 3991 Quoties

2141 4013 2396 4068 heretici
2426 4028 2542 4066 non
2567 4013 2753 4067 solum
2808 4012 2871 4066 in
2896 4013 3236 4083 civitatibus,
3266 4015 3360 4068 sed
3391 4014 3562 4068 etiam
3605 4016 3665 4068 in
3702 4033 3845 4086 pro-

2139 4102 2337 4156 vinciis
2370 4117 2634 4171 perverse
2679 4101 2936 4156 docendo
2980 4104 3068 4157 vel
3098 4104 3269 4157 etiam
3305 4103 3589 4157 saeviendo
3620 4103 3844 4175 dogma

2141 4189 2507 4244 confessionis
2561 4205 2710 4244 verae
2759 4190 3171 4262 impediebant,
3222 4197 3351 4258 etc.,
3397 4208 3566 4262 usque
3617 4193 3699 4246 ad
3753 4209 3842 4247 sa-

340 4281 607 4352 gritatem
637 4281 826 4335 cordis
853 4282 916 4335 in
935 4287 1247 4353 conspectu
1280 4283 1380 4336 Dei
1409 4283 1813 4338 intemeratam
1841 4289 2028 4338 custo-
2061 4311 2107 4364 Β
2142 4278 2432 4350 pientibus
2474 4277 2794 4332 architectis
2823 4279 3237 4335 rewdiﬁcanda:
3279 4285 3408 4352 post
3448 4281 3844 4350 captivitatem

343 4369 520 4425 diant.

411 4460 460 4513 A
482 4461 683 4527 viginti
709 4461 889 4513 annis.
920 4457 1090 4529 (ana
1119 4460 1215 4513 ubi
1241 4461 1452 4528 supra.)
1484 4463 1602 4514 Non
1633 4472 1718 4514 est
1762 4460 2032 4514 dubitan-

339 4548 477 4602 dum
510 4547 589 4601 ibi
617 4552 826 4600 statum
859 4548 1118 4602 Ecclesiae
1175 4564 1276 4618 per
1318 4548 1582 4619 spiritum
1632 4565 1858 4604 sumere
1897 4565 2032 4620 pro-

335 4637 575 4705 jectum,
618 4638 750 4700 etc.,
772 4651 940 4704 usque
972 4637 1046 4691 ad
1074 4637 1381 4690 Zorobabel
1414 4653 1548 4691 vero
1579 4638 1649 4692 de
1675 4638 1830 4692 tribu
1877 4639 2035 4708 regia

343 4725 452 4781 orti
482 4728 632 4779 sunt.

413 4816 572 4868 Vens.
635 4816 686 4869 9.
757 4815 1044 4882 Stetitque.
1099 4815 1224 4884 (11).,
1287 4815 1444 4881 ibid.)
1504 4816 1625 4869 Non
1680 4815 1831 4870 ﬁlius
1874 4817 2034 4870 Jose-

344 4902 467 4968 dec,
499 4906 631 4967 etc.,
662 4916 831 4970 usque
859 4902 934 4955 ad
950 4902 1206 4956 Laudant
1230 4902 1402 4955 etiam
1431 4918 1536 4972 per
1582 4919 1818 4957 manum
1859 4903 2034 4958 David

346 4988 516 5057 regis,
542 5003 673 5042 cum
694 5003 869 5057 Opera
897 4986 1105 5042 Christi
1148 5004 1276 5057 qua:
1305 5004 1409 5058 per
1454 5005 1681 5044 carnem
1712 4989 1906 5060 gessit,
1939 4990 2029 5043 di-

255 5056 267 5068 ’
342 5056 590 5146 ligenter
635 5056 944 5130 attendunt
981 5082 1038 5130 et
1077 5056 1398 5143 imitantur,
1439 5056 1740 5148 quantum-
1774 5083 2030 5148 possunt.

416 5163 584 5216 Vens.
619 5166 702 5218 10.
736 5193 804 5203 --
835 5165 1107 5220 Steterunt
1131 5165 1429 5220 sacerdotes
1456 5168 1515 5219 in
1543 5172 1739 5220 ornatu
1769 5182 1884 5221 suo.
1911 5169 2032 5234 (10.,

345 5251 508 5320 ibid.)
541 5252 744 5322 Magna
770 5253 1030 5308 omnium
1051 5270 1427 5324 personarum
1449 5255 1665 5309 devotio
1694 5256 2035 5323 ostenditur,

346 5353 478 5392 cum
506 5340 742 5394 fundato
765 5342 977 5410 templo
990 5358 1190 5396 omnes
1208 5343 1372 5411 juxta
1387 5343 1626 5413 gradum
1644 5359 1811 5397 suum
1827 5342 2038 5396 miseri-

344 5426 602 5481 cordiam
633 5429 863 5484 Domini
881 5431 1136 5486 laudant.
1188 5431 1516 5486 Sacerdotes
1547 5431 1783 5502 quidem
1825 5431 2036 5485 sanctis

351 5513 602 5569 vestibus
629 5517 834 5582 ornati,
858 5518 1003 5573 sicut
1039 5519 1228 5573 adhuc
1254 5524 1436 5573 stante
1465 5521 1680 5591 templo
1732 5536 2038 5576 consueve-

2144 4368 2397 4438 ejusdem
2431 4367 2633 4420 domus
2656 4367 2822 4438 copia
2845 4373 3192 4438 suppeteret.

2213 4458 2372 4510 VERS.
2403 4457 2455 4508 4.
2489 4457 2783 4524 —Populi
2832 4458 3019 4512 Judz.
3082 4459 3365 4529 Populum
3419 4458 3582 4523 Juda,
3649 4457 3716 4513 id
3763 4464 3850 4513 est

2143 4544 2524 4599 conﬁdentem
2563 4549 2622 4597 et
2650 4544 3088 4614 gloriﬁcantem,
3122 4546 3257 4600 dicit
3285 4561 3416 4600 eum
3457 4546 3556 4616 qui
3610 4546 3848 4617 integra

2145 4637 2335 4688 mente
2368 4631 2607 4686 Domino
2637 4633 2940 4700 aediﬁcare,
2994 4635 3050 4688 id
3101 4639 3186 4688 est
3228 4635 3294 4689 ad
3327 4635 3679 4688 voluntatem
3718 4637 3849 4706 ejus

2141 4722 2458 4776 faciendam
2482 4730 2537 4778 et
2565 4725 2806 4792 gloriam
2846 4723 3217 4794 quwrendam
3261 4725 3521 4777 omnium
3549 4739 3698 4793 quos
3734 4740 3842 4794 po-

2140 4815 2250 4866 test
2277 4815 2498 4869 animos
2540 4819 2595 4869 et
2623 4831 2726 4868 ora
2755 4817 3078 4868 convertere
3109 4813 3334 4883 quaerit.

2212 4903 2376 4956 Vens.
2411 4907 2462 4957 5.
2509 4941 2562 4950 —
2588 4903 2999 4960 Condumerunt.
3053 4901 3178 4972 (10.,
3229 4901 3386 4968 ibid.)
3430 4900 3688 4955 Notanda
3732 4902 3845 4956 dis-

2140 4987 2339 5043 tinctio
2368 4991 2694 5057 verborum,
2724 4995 2854 5056 etc.,
2881 5004 3052 5058 usque
3095 4989 3170 5042 ad
3200 5004 3330 5042 cum
3362 4989 3690 5059 principum
3733 4995 3846 5044 ter-

2144 5093 2410 5131 renorum
2449 5083 2649 5132 contra
2675 5077 2980 5132 Ecclesiam
3010 5075 3281 5146 praesidia
3310 5075 3637 5146 acquirunt,
3684 5078 3842 5146 quod

2143 5173 2422 5237 quantum
2449 5174 2650 5222 noceat
2690 5168 2825 5222 ﬁdei
2857 5172 3119 5236 tempore
3168 5165 3397 5219 Arianae
3424 5165 3684 5236 perﬁdiae
3716 5167 3846 5220 luce

2141 5255 2349 5309 clarius
2388 5256 2657 5311 innotuit.

2212 5345 2276 5398 In
2303 5360 2466 5412 regno
2494 5350 2674 5400 autem
2706 5345 2959 5398 Assueri.
3008 5343 3138 5411 (10.,
3174 5343 3339 5402 ibid.)
3372 5344 3532 5397 Hunc
3575 5344 3843 5398 Artaxer-

2142 5448 2292 5501 xem,
2315 5437 2446 5497 etc.,
2478 5448 2648 5502 usque
2676 5433 2752 5486 ad
2777 5432 2872 5486 sed
2905 5431 3068 5502 quasi
3100 5431 3339 5485 minoris
3367 5431 3641 5501 potentia
3671 5430 3842 5485 illum

2143 5521 2264 5575 haec
2292 5525 2532 5576 tractare
2562 5529 2618 5579 et
2645 5521 2951 5576 decernere
2972 5519 3254 5590 permisit.
