4062 6180
279 285 377 336 701

1344 283 1600 339 GLOSSA
1637 284 2037 339 ORDINARIA.
2078 314 2149 325 —
2191 286 2319 339 LIB.
2371 285 2391 337 Ι
2432 284 2705 339 ΕδυΒᾹΞ.

3684 293 3784 342 702

347 407 517 473 (Beas
549 447 562 465 .
606 408 766 477 ibid.)
816 412 1148 461 Artaxerxes
1200 406 1290 460 cui
1347 407 1616 460 suadetur
1669 413 1725 461 et
1780 424 1980 460 suasus
2016 409 2064 460 A
2092 406 2185 475 cit,
2217 407 2317 478 qui
2347 412 2431 461 est
2462 406 2612 461 ﬁlius
2639 406 2888 471 Josedec,
2922 406 2980 461 id
3004 411 3087 460 est
3120 407 3345 461 Domini
3369 409 3532 478 justi,
3561 410 3630 463 de
3669 427 3783 481 quo

272 495 548 567 praecepit
576 510 647 549 ne
695 495 1005 548 Jerusalem
1050 494 1383 557 aediﬁcetur,
1418 500 1548 560 etc.,
1581 509 1750 563 usque
1780 496 1855 548 ad
1876 495 1974 549 de-

276 598 395 635 nuo
433 584 714 652 superatis
760 582 1019 635 hostibus
1068 583 1168 653 qui
1218 581 1479 651 proxima
1516 583 1787 636 tenebant
1831 584 1972 648 loca,

274 670 681 739 possederunt.

352 760 513 812 Vens.
552 760 639 814 14.
676 790 744 797 -
776 761 1059 813 Ιιεεείοηεε.
1093 759 1235 823 Quia
1262 764 1559 830 nequeunt
1586 759 1843 825 suﬁ‘erre,
1878 759 1977 829 qui

278 862 525 917 regnum
572 847 783 900 diaboli
837 853 1119 900 conantur
1168 847 1532 917 impugnare,
1584 847 1788 901 timent
1829 846 1978 901 bella

275 935 550 989 concitari
598 936 657 988 in
706 936 972 1001 Ecclesia,
1008 952 1079 989 ne
1134 937 1379 990 haereses
1426 942 1482 990 et
1510 936 1746 989 fallaciae
1779 950 1977 990 eorum

275 1039 410 1076 cum
442 1024 711 1093 dogmate
770 1024 1074 1093 gentilium
1121 1024 1496 1088 debellentur,
1544 1025 1685 1077 duce
1738 1024 1836 1077 illo
1876 1023 1978 1094 qui

276 1111 361 1164 ait
395 1129 407 1164 :
437 1113 554 1165 Non
586 1115 708 1164 veni
732 1128 920 1180 pacem
948 1115 1176 1175 mittere,
1212 1113 1307 1165 sed
1323 1113 1570 1177 gladium
1591 1114 1807 1177 (Matth.
1843 1112 1977 1178 xw.)

280 1202 347 1254 Et
376 1201 585 1253 iterum
612 1217 624 1254 :
649 1202 831 1266 Ignem
849 1204 973 1253 veni
993 1203 1204 1253 mittere
1223 1203 1282 1253 in
1303 1207 1504 1254 terram
1527 1200 1672 1270 (Luc.
1698 1200 1819 1267 xu),
1844 1204 1975 1263 etc.,

275 1288 558 1359 gladium,
592 1289 824 1353 scilicet,
857 1288 1014 1341 verbi
1070 1288 1167 1341 Dei
1209 1304 1323 1358 quo
1350 1288 1703 1341 adversarios
1743 1294 1975 1353 sternat,

274 1378 475 1448 ignem
509 1377 819 1442 charitatis,
854 1394 969 1447 quo
1028 1394 1263 1430 suorum
1294 1377 1465 1430 corda
1493 1377 1806 1430 accendens
1854 1393 1977 1429 om-

276 1467 381 1520 nia
411 1466 707 1519 contrariae
739 1471 903 1519 secta:
935 1483 1093 1519 arma
1124 1471 1178 1519 et
1212 1470 1371 1519 scuta
1398 1466 1711 1519 comburat.

357 1555 622 1619 Quoniam
642 1554 791 1607 urbs.
824 1554 993 1624 (Beoa
1033 1554 1129 1607 ubi
1157 1554 1372 1622 supra.)
1402 1553 1514 1623 Ipsi
1540 1554 1731 1606 hostes
1770 1552 1977 1606 iterum

279 1642 355 1696 de
386 1643 608 1696 civitate
648 1642 877 1696 Domini
922 1642 1286 1706 conﬁtentur,
1344 1648 1475 1708 etc.,
1514 1657 1683 1711 usque
1710 1642 1784 1694 ad
1814 1640 1867 1694 id
1897 1644 1982 1694 est

280 1731 711 1784 inchoationem
758 1735 814 1783 et
861 1730 1267 1799 perfectionem
1298 1730 1582 1784 bonorum
1630 1732 1743 1783 Deo
1790 1746 1824 1782 a
1871 1745 1984 1800 quo

281 1825 624 1889 acceperant
653 1819 796 1872 bene
830 1820 1067 1872 vivendo
1112 1825 1168 1872 et
1208 1820 1418 1887 gratias
1448 1819 1670 1889 agendo
1710 1818 1981 1871 referunt.

361 1910 521 1961 Vens.
571 1910 653 1961 l6.
717 1938 784 1946 —
842 1910 1017 1961 Trans
1059 1910 1302 1975 ﬂuvium.
1352 1908 1699 1976 Euphratem
1752 1907 1985 1966 scilicet,

282 1998 440 2051 intra
470 2012 642 2067 quem
675 1995 838 2065 Syria
867 2001 972 2057 est,
1006 1996 1103 2066 qui
1130 1996 1480 2066 baptismum
1512 1995 1815 2065 signiﬁcat,
1852 1994 1988 2064 quia

286 2102 439 2139 unus
469 2091 555 2139 est
585 2086 655 2139 de
689 2090 934 2155 quatuor
970 2084 1307 2138 ﬂuminibus
1330 2084 1602 2153 paradisi,
1652 2084 1752 2153 qui
1800 2088 1985 2136 totum

285 2172 491 2227 orbem
539 2172 803 2243 irrigant,
854 2173 997 2225 sicut
1042 2176 1292 2242 quatuor
1340 2172 1701 2242 evangelistm
1752 2172 1820 2225 ab
1873 2188 1989 2224 uno

282 2261 443 2315 fonte
492 2262 641 2319 vitae,
699 2262 755 2313 id
797 2265 881 2313 est
929 2260 1150 2315 Christo
1207 2261 1492 2331 inspirali,
1551 2277 1801 2315 consona
1857 2276 1989 2313 voce

283 2350 509 2403 cunctis
533 2349 801 2420 gentibus
829 2350 1115 2403 lavacrum
1144 2349 1342 2402 salutis
1370 2350 1701 2419 praedicant,
1736 2352 1821 2403 vel
1854 2350 1991 2420 quia

284 2438 608 2506 Euphrates
644 2439 889 2503 frugifer
912 2437 1324 2507 interpretatur
1355 2454 1369 2491 :
1403 2438 1559 2508 quod
1597 2439 1865 2507 congruit
1895 2454 1986 2490 sa-

283 2530 583 2595 cramento
609 2543 722 2596 quo
749 2526 903 2580 orbis
953 2526 1181 2580 ablutus
1229 2530 1283 2579 et
1326 2526 1709 2579 sanctiticatus
1738 2526 1987 2579 fructum

286 2614 641 2680 animarum,
665 2615 1039 2681 tricesimum,
1071 2614 1493 2684 sexagesimum
1526 2620 1583 2667 et
1611 2615 1990 2669 centesimum

290 2705 412 2756 Deo
446 2702 646 2772 gignit.

367 2790 529 2844 Vens.
590 2793 671 2844 17.
738 2792 970 2845 Verbum
1022 2794 1172 2845 misit
1220 2807 1317 2847 rex
1371 2791 1445 2844 ad
1509 2795 1675 2846 Reum
1716 2791 1989 2846 Beelteem.

290 2877 466 2945 (Βεοά
499 2880 591 2932 ubi
626 2880 837 2949 supra.)
870 2880 1086 2943 Quaerit
1126 2896 1223 2934 rex
1267 2882 1587 2943 Persarum,
1646 2884 1778 2945 etc.,
1828 2894 1996 2947 usque

2086 497 2293 550 dicitur
2352 512 2364 551 :
2420 498 2682 550 Dominus
2744 497 2928 564 justus
2977 496 3216 550 concidet
3261 502 3487 551 cervices
3539 505 3786 567 peccato-

2084 601 2230 653 rum,
2263 590 2368 638 etc.
2406 586 2575 653 (Psal.
2609 590 2731 651 xu.)

2158 674 2329 727 Vens.
2363 676 2413 726 3.
2450 702 2510 712 —
2544 675 2604 727 In
2634 677 2771 741 ipso.
2822 675 2943 736 (lo.,
2977 672 3139 739 ibid.)
3169 674 3327 726 Patet
3356 673 3545 743 littera
3578 679 3784 739 textus,

2087 761 2221 831 quia
2243 762 2543 815 confortati
2575 761 2759 814 verbis
2782 762 3212 831 prophetarum,
3235 762 3541 830 optimates
3571 764 3791 817 Iudaeo-

2086 866 2211 903 rum
2246 866 2363 903 non
2410 856 2723 921 potuerunt
2751 849 3003 902 hostium
3036 849 3499 903 infestationibus
3530 868 3562 904 a
3591 857 3787 905 sancto

2088 954 2261 1007 opere
2281 939 2611 1009 praepediri,
2628 956 2660 992 a
2682 955 2794 1009 quo
2815 938 3239 1009 quiescentibus
3262 938 3447 991 adhuc
3470 940 3787 1007 prophetis,

2087 1026 2293 1080 timore
2344 1028 2595 1080 hostium
2650 1030 3031 1091 cessaverunt,
3081 1026 3225 1078 sicut
3270 1026 3507 1079 nuncin
3544 1026 3789 1079 Ecclesia

2086 1115 2324 1185 geritur,
2360 1116 2497 1168 dum
2547 1115 2607 1167 hi
2638 1113 2736 1183 qui
2782 1114 3169 1183 malignorum
3204 1113 3532 1183 spirituum,
3565 1113 3651 1165 vel
3680 1114 3781 1165 ho-

2090 1203 2310 1256 minum
2360 1202 2578 1256 insidiis
2640 1202 2930 1267 retardati,
2992 1203 3270 1256 tardiores
3340 1201 3649 1272 aliquando
3718 1202 3788 1254 ad

2088 1308 2233 1362 opus
2282 1293 2495 1345 bonum
2535 1292 2787 1355 fuerunt,
2842 1297 3074 1361 repente
3122 1292 3306 1345 verbis
3351 1292 3647 1343 doctorum
3700 1290 3790 1343 vel

2087 1380 2411 1434 divinarum
2466 1380 2883 1450 Scripturarum
2962 1380 3228 1449 correpti,
3286 1379 3458 1432 nullis
3518 1378 3787 1431 tentatio-

2086 1486 2226 1523 num
2278 1466 2557 1520 machinis
2599 1472 2836 1536 possunt
2866 1464 3034 1532 vinci,
3066 1466 3154 1519 vel
3199 1482 3231 1518 a
3275 1464 3565 1535 proposito
3596 1464 3790 1517 inten-

2088 1556 2263 1609 tionis
2289 1557 2555 1610 revocari.

2162 1646 2325 1699 Vsus.
2360 1646 2413 1697 4.
2466 1676 2531 1683 —
2563 1644 2656 1698 Ad
2688 1643 2831 1713 quod
2876 1642 3249 1711 respondimus
3307 1643 3427 1709 (lo.,
3478 1639 3640 1707 ibid.)
3689 1638 3791 1690 Vi-

2098 1734 2265 1787 detur
2290 1733 2387 1803 qui
2420 1733 2526 1786 hoc
2556 1732 2780 1802 scripsit
2831 1746 3081 1800 praesens
3130 1730 3378 1793 affuisse,
3430 1745 3560 1783 cum
3593 1728 3793 1782 Esdras

2099 1822 2321 1875 dicatur
2366 1821 2677 1891 scripsisse,
2711 1820 2811 1890 qui
2852 1835 2966 1873 non
3001 1823 3137 1871 tunc
3182 1817 3549 1895 Ierosolymis
3594 1814 3792 1881 fuisse,

2099 1910 2196 1963 sed
2257 1911 2435 1962 multo
2493 1915 2639 1979 post,
2698 1912 2974 1978 regnante
3022 1910 3347 1971 Artaxerxe,
3394 1906 3529 1958 illuc
3571 1904 3793 1957 venisse

2099 1999 2400 2068 reperitur.
2453 2001 2565 2052 Aut
2594 2014 2730 2067 ergo
2762 2003 2897 2050 tunc
2948 2013 3078 2049 vere
3108 1996 3186 2049 ibi
3233 1995 3359 2059 fuit,
3388 1998 3444 2047 et
3473 1994 3619 2046 facto
3648 1997 3793 2045 tem-

2098 2088 2195 2156 plo
2240 2087 2605 2157 Babyloniam
2653 2086 2838 2153 rediit,
2898 2091 2963 2139 ut
3007 2085 3199 2155 plures
3257 2084 3326 2137 de
3372 2082 3505 2136 ﬁliis
3538 2080 3705 2134 Israel
3737 2080 3797 2133 in

2097 2178 2408 2233 Jerusalem
2460 2175 2775 2236 reduceret,
2846 2178 2945 2226 aut
3008 2189 3067 2225 se
3119 2171 3535 2225 aedificantibus
3579 2166 3796 2237 jungit,

2100 2266 2263 2339 quasi
2293 2281 2462 2318 suum
2510 2263 2580 2316 sit
2613 2263 2767 2333 quod
2820 2278 2958 2331 erga
3004 2262 3208 2314 fratres
3252 2260 3459 2330 agitur,
3512 2258 3607 2311 vel‘
3642 2256 3797 2327 quod

2099 2356 2208 2426 ipsi
2242 2358 2437 2424 agunt,
2471 2351 2617 2404 sicut
2659 2350 2962 2419 Apostolus
2994 2348 3074 2401 ait
3106 2364 3120 2401 :
3154 2349 3274 2402 Nos
3303 2350 3399 2415 qui
3417 2348 3673 2411 vivimus,
3704 2346 3801 2412 qui

2097 2444 2306 2498 residui
2342 2457 2525 2495 sumus
2568 2442 2628 2493 in
2672 2439 2909 2492 adventu
2962 2439 3178 2491 Domini
3232 2452 3337 2489 non
3384 2437 3798 2504 praeveniemus,

2100 2539 2206 2588 etc.
2242 2534 2285 2601 (Ι
2311 2533 2463 2585 Thes.
2489 2531 2586 2598 1v).

2172 2623 2333 2675 Vens.
2376 2625 2427 2672 6.
2476 2646 2544 2657 —-
2593 2616 2891 2684 Exemplar
2919 2615 3154 2683 epistola
3185 2614 3311 2680 (Ιι).,
3360 2610 3524 2678 ibid.)
3559 2608 3796 2663 Multum

2102 2709 2393 2767 dissimilis
2427 2712 2512 2760 est
2560 2706 2682 2759 huic
2712 2704 2949 2774 epistola
2992 2702 3096 2767 illi,
3130 2707 3262 2765 etc.,
3291 2714 3461 2767 usque
3486 2698 3565 2751 ad
3595 2701 3650 2749 et
3678 2701 3800 2748 tan-

2104 2801 2235 2855 dem
2282 2800 2685 2867 cognoscentes
2750 2792 2902 2862 quod
2952 2791 3059 2843 hoc
3105 2807 3138 2842 a
3171 2791 3284 2843 Deo
3333 2787 3459 2841 cmli
3503 2791 3558 2839 et
3614 2790 3802 2849 terrae,

2104 2888 2204 2958 qui
2235 2888 2389 2940 solus
2437 2899 2568 2936 vere
2607 2887 2691 2936 est
2748 2883 2917 2947 Deus,
2951 2879 3233 2949 originem
3282 2875 3542 2945 sumpsit,
3593 2872 3802 2927 sacriﬁ-

290 2964 370 3015 ad
416 2965 517 3034 qui
568 2967 869 3020 Ecclesium
916 2972 1343 3038 persequuntur
1386 2972 1443 3021 et
1473 2968 1785 3037 prohibent
1814 2966 1991 3020 mdiﬁ-
2034 2980 2074 3033 (ι
2103 2976 2203 3030 ciis
2255 2976 2377 3045 ejus
2443 2970 2889 3032 communicant,
2962 2972 3018 3021 et
3091 2966 3399 3021 ωάίῆείιιω
3449 2964 3649 3034 juvue
3704 2962 3804 3015 ιω-

289 3067 430 3105 cari.

368 3141 711 3195 Habitatores
738 3144 1017 3198 Samariam
1070 3143 1339 3198 Habitant
1396 3144 1585 3197 hostes
1613 3141 1993 3213 Ierosolymo-

288 3243 424 3280 rum
476 3228 534 3281 in
582 3228 857 3292 Samaria,
904 3247 1033 3301 quae
1082 3233 1495 3302 interpretatur
1541 3232 1819 3298 custodia,
1878 3248 1996 3285 non

289 3317 447 3387 quod
478 3323 767 3387 prmeepta
824 3320 957 3372 fidei
996 3324 1052 3373 et
1082 3320 1337 3373 veritatis
1386 3319 1730 3378 custodiant,
1783 3318 1881 3389 qui
1908 3320 1995 3372 vi-

290 3404 445 3459 sioni
476 3422 624 3459 verae
653 3406 810 3475 pacis
843 3408 1124 3461 obstinate
1154 3412 1501 3479 repugnant,
1533 3408 1627 3461 sed
1655 3407 1791 3477 quia
1820 3413 1996 3462 custo-

290 3494 449 3547 diam
480 3495 753 3548 virtutum
800 3511 977 3564 penes
1008 3512 1069 3548 se
1103 3512 1333 3549 manere
1372 3497 1607 3565 jactant,
1641 3510 1769 3548 cum
1801 3494 1996 3548 adver-

287 3600 389 3637 sus
422 3583 631 3637 mmnia
662 3584 815 3653 pacis
844 3600 945 3654 per
976 3584 1245 3637 haeresim
1277 3590 1557 3654 pugnant.

364 3674 530 3727 Vens.
568 3675 655 3727 23.
688 3703 756 3710 —
785 3675 978 3741 Itaque
1016 3675 1336 3743 exemplum.
1393 3674 1599 3743 ((BEDA,
1632 3672 1796 3739 ibid.)
1838 3674 1998 3725 Patet

289 3762 437 3816 ordo
469 3760 746 3828 historiae,
796 3768 926 3823 etc.,
978 3777 1147 3830 usque
1192 3763 1266 3815 ad
1314 3767 1371 3817 et
1420 3779 1513 3816 rex
1547 3766 1767 3816 tantum
1799 3760 1996 3831 prohi-

287 3850 516 3905 buisset
545 3848 797 3903 construi
829 3849 1133 3904 civitatem.

984 4001 1209 4055 CAPUT
1250 4002 1309 4053 V.

366 4126 853 4194 Prophetaverunt.
922 4126 1107 4191 (BEDA,
1162 4124 1259 4179 lib.
1321 4142 1357 4178 ιι
1415 4127 1473 4176 in
1525 4124 1781 4190 Esdram,
1856 4128 1993 4179 tom.

288 4217 389 4283 Il.)
418 4215 480 4268 In
511 4213 669 4266 libris
695 4230 929 4267 eoorum
960 4213 1186 4283 plenius
1218 4213 1490 4284 scriptum
1541 4217 1640 4275 est,
1673 4218 1797 4277 etc.,
1831 4228 2002 4283 usque

2103 3067 2338 3204 mixti;
2385 3152 2436 3203 8.
2486 3146 2696 3215 Lapide
2737 3144 3000 3213 impolita.
3045 3144 3167 3211 (10.,
3196 3140 3357 3208 ibid.)
3404 3140 3523 3193 Non
3573 3136 3802 3201 scilicet,

2105 3256 2278 3309 quem
2327 3235 2658 3307 impolitum
2707 3235 3063 3304 repererunt,
3099 3229 3197 3283 sed
3246 3228 3515 3298 poliendo
3562 3223 3804 3279 aedilicio

2104 3330 2461 3399 aptaverunt,
2491 3329 2619 3391 etc.,
2647 3338 2817 3392 usque
2841 3321 2915 3375 ad
2955 3321 3098 3373 alter
3126 3316 3467 3371 idololatrias
3512 3314 3804 3381 mancipa-

2103 3421 2193 3471 tus
2227 3416 2385 3468 nulla
2413 3412 2799 3483 spiritualium
2830 3410 3273 3463 architectorum
3306 3404 3609 3469 industria,
3642 3402 3802 3455 nullo

2104 3505 2329 3575 pietatis
2360 3503 2511 3555 cultu
2545 3499 2969 3554 deformitatem
3016 3496 3251 3564 agrestis
3279 3499 3335 3548 et
3364 3498 3608 3547 terrena:
3640 3506 3801 3544 men-

2103 3593 2175 3646 tis
2206 3595 2458 3646 exuerat.

2175 3685 2245 3736 Et
2274 3683 2425 3747 ligna
2457 3682 2735 3748 ponuntur
2765 3679 2825 3730 in
2856 3676 3192 3745 parietibus,
3228 3687 3490 3742 opusque,
3541 3674 3648 3723 etc.
3683 3669 3805 3737 (11).,

2104 3769 2267 3837 ibid.)
2299 3768 2473 3838 Ligna
2519 3782 2647 3836 quae
2689 3765 2758 3819 ad
2810 3769 3210 3818 ornamentum
3266 3762 3353 3813 vel
3411 3759 3810 3813 muninentum

2107 3856 2307 3927 templi
2351 3859 2663 3925 ponuntur,
2725 3852 2927 3905 eadem
2980 3855 3307 3903 sanctorum
3368 3847 3538 3900 vitam
3609 3846 3667 3898 in
3716 3861 3808 3898 or-

2108 3951 2248 3999 natu
2272 3942 2529 3998 Ecclesia:
2564 3956 2735 4011 quam
2765 3944 2823 3993 et
2852 3937 3073 4007 lapides
3105 3935 3407 4005 designant
3436 3953 3451 3986 :
3500 3934 3569 3986 de
3599 3933 3809 4002 quibus

2111 4034 2320 4091 dicitur
2353 4048 2365 4085 :
2397 4030 2766 4087 Emsultabunt
2796 4030 2978 4081 omnia
2998 4027 3151 4095 ligna
3171 4026 3453 4087 silvarum,
3486 4027 3594 4075 etc.

2783 4116 3007 4171 CAPUT
3044 4113 3132 4166 VI.

2172 4214 2332 4266 Vnus.
2370 4214 2418 4263 l.
2451 4238 2519 4248 —
2551 4210 2694 4261 Tunc
2744 4207 2943 4260 Darius
2983 4204 3154 4274 (BEDA
3211 4203 3270 4254 in
3306 4200 3562 4264 Esdram,
3612 4198 3709 4251 lib.
3747 4216 3804 4262 ιι,

288 4304 374 4358 ad
405 4302 714 4356 Zorobabel
760 4318 989 4372 quoque
1021 4307 1077 4356 et
1115 4304 1296 4369 Iesus,
1349 4306 1406 4356 et
1456 4303 1705 4372 populus
1736 4302 1997 4372 quicum
2027 4318 2070 4371 1)
2112 4306 2252 4355 tom.
2291 4299 2379 4366 ΙΙ.)
2408 4298 2686 4367 Iosephus
2735 4309 2947 4347 nomen
2990 4292 3102 4345 loci
3143 4290 3204 4343 in
3252 4305 3364 4360 quo
3412 4288 3500 4340 ha:
3544 4285 3672 4356 Cyri
3724 4286 3810 4338 lit-

288 4394 380 4447 eis
415 4397 559 4460 erat,
591 4408 707 4445 non
733 4391 971 4445 minoris
1008 4392 1182 4447 fuisse
1213 4392 1347 4447 ﬁdei
1375 4392 1715 4462 probantur,
1748 4391 1846 4461 qui
1873 4406 2000 4460 pro-

286 4483 503 4553 phetas
539 4481 809 4551 jubentes
853 4480 1038 4552 magis
1078 4481 1383 4536 audierunt
1429 4496 1602 4552 quam
1642 4479 2000 4550 prohibentis

288 4570 634 4642 imperium.

368 4661 540 4713 Vens.
593 4662 645 4712 2.
692 4689 760 4697 —
800 4658 1087 4713 Zorobabel
1128 4657 1253 4725 (11).,
1304 4656 1468 4723 ibid.)
1514 4656 1681 4711 Ortus
1726 4656 1787 4709 in
1822 4655 2000 4725 Baby-

288 4751 458 4814 lone,
491 4752 622 4811 etc.,
669 4761 838 4813 usque
868 4746 942 4797 ad
972 4744 1375 4815 Unusquisque
1425 4743 1595 4797 etiam
1637 4760 1767 4797 cum
1824 4745 2001 4797 Deum

290 4837 576 4890 invocans
600 4849 719 4886 non
751 4832 905 4886 aliud
936 4832 1144 4902 quaerit
1193 4848 1367 4903 quam
1395 4832 1605 4903 ipsum,
1651 4835 1839 4901 potest
1868 4846 2001 4883 eum

290 4923 575 4981 Salatbiel
603 4937 819 4976 vocare.

366 5015 443 5067 Et
467 5013 625 5065 Iosue
678 5011 805 5079 (10.,
850 5008 1018 5078 ibid.)
1070 5011 1241 5063 IOSue
1290 5010 1377 5063 vel
1407 5010 1568 5062 Iesus
1597 5008 2005 5078 interpretatur

288 5102 574 5158 Salvator.
606 5098 839 5153 Iosedec
880 5097 1160 5152 Dominus
1205 5098 1409 5165 justus.
1454 5096 1553 5151 Hic
1593 5097 1849 5167 quidem,
1897 5095 2003 5149 sic-

288 5196 363 5245 ut
416 5187 575 5242 ﬁlius
627 5188 773 5249 Nun,
845 5187 1137 5242 Christum
1196 5186 1509 5256 signiﬁcat;
1562 5190 1799 5254 uterque
1849 5184 2005 5237 enim

288 5277 585 5348 populum
614 5275 675 5329 in
714 5280 926 5329 terram
957 5273 1372 5345 promissionis,
1404 5273 1499 5327 ille
1546 5273 1615 5327 de
1649 5274 1820 5343 longo
1850 5272 2005 5326 inco-

289 5368 420 5421 latu
454 5364 658 5431 eremi,
681 5364 774 5419 hic
800 5365 870 5419 de
900 5364 1161 5435 longiore
1194 5361 1535 5433 captivitatis
1564 5362 1793 5416 servitio
1833 5362 2007 5416 intro-

292 5455 486 5509 duxit.
522 5453 614 5508 Sic
651 5469 820 5508 verus
848 5454 1010 5508 Iesus
1062 5453 1270 5507 electos
1320 5468 1452 5505 suos
1488 5451 1557 5506 ab
1588 5452 1855 5506 omnibus
1882 5467 2005 5505 ma-

294 5542 373 5599 lis
405 5558 633 5606 eruens,
667 5542 733 5597 ad
790 5541 1026 5613 superni
1070 5539 1235 5611 regni
1288 5539 1571 5609 promissa
1598 5539 1812 5610 gaudia
1843 5540 2009 5595 indu-

2109 4395 2247 4444 terae
2280 4388 2391 4441 sint
2418 4386 2685 4447 inventae,
2714 4385 2791 4437 ita
2823 4381 3044 4453 posuit;
3092 4385 3150 4434 et
3190 4379 3457 4432 inventus
3495 4381 3581 4428 est
3624 4374 3684 4427 in
3714 4374 3809 4439 Eg-

2108 4476 2375 4533 bathanis
2417 4478 2742 4528 constructa
2800 4471 2941 4525 urbe
2985 4470 3045 4522 in
3094 4466 3329 4537 regione
3378 4463 3571 4518 Mediae
3612 4463 3805 4515 codex.

2111 4568 2289 4620 Porro
2319 4564 2433 4617 alia
2464 4560 2757 4615 translatio
2778 4550 2857 4612 sic
2887 4558 3059 4611 habet
3094 4573 3106 4609 :
3139 4557 3202 4609 In
3235 4554 3566 4624 Egbatbana
3596 4552 3656 4604 in
3680 4550 3813 4604 aedi-

2110 4655 2240 4709 ﬁcio
2268 4651 2555 4707 tutissimo
2585 4647 2836 4719 regionis
2864 4646 3152 4700 Medorum
3185 4661 3198 4697 :
3229 4643 3379 4696 unde
3409 4642 3635 4695 videtur
3655 4638 3810 4709 quod

2114 4758 2321 4797 nomen
2351 4740 2588 4793 Medena
2617 4752 2733 4789 non
2761 4734 2915 4788 aliud
2947 4749 3121 4803 quam
3153 4732 3393 4785 Mediam
3414 4729 3715 4800 signiﬁcat.

2182 4832 2343 4884 Vens.
2393 4832 2445 4883 3.
2478 4858 2546 4866 —
2579 4828 2645 4881 Ut
2686 4827 2893 4894 ponant
2922 4822 3282 4888 fundamenta
3322 4822 3452 4889 (In,
3498 4818 3658 4887 ibid.)
3692 4818 3812 4871 Non

2114 4924 2197 4973 est
2242 4917 2410 4971 nobis
2462 4913 2880 4985 exponendum.
2926 4916 3055 4973 etc.,
3097 4924 3264 4977 usque
3310 4908 3385 4961 ad
3423 4913 3519 4960 aut
3563 4907 3632 4960 de
3680 4921 3812 4976 por-

2114 5008 2228 5061 ticu
2275 5006 2479 5059 domus
2528 5002 2755 5057 Domini
2806 5016 2934 5071 qua:
2976 5002 3137 5051 erant
3185 5000 3315 5049 ante
3346 4996 3547 5048 faciem
3590 4992 3810 5062 templi.

2118 5098 2194 5150 De
2225 5111 2338 5167 qua
2380 5094 2672 5163 Scriptura
2717 5106 2846 5143 cum
2898 5086 3174 5157 palatium
3218 5083 3539 5140 Salomonis
3569 5083 3812 5136 fabrica-

2116 5189 2293 5251 retur,
2326 5183 2406 5237 ita
2436 5184 2718 5235 memorat
2752 5196 2763 5229 ε
2798 5178 2945 5231 Fecit
2980 5177 3205 5240 atrium,
3256 5177 3359 5227 etc.
3386 5172 3485 5243 (ΙΙΙ
3516 5174 3639 5237 Reg.
3688 5172 3811 5233 vu).

2187 5274 2350 5327 Vens.
2404 5274 2453 5324 5.
2500 5268 2844 5324 Reddantur.
2896 5265 3020 5331 (ln.,
3083 5262 3243 5331 ibid.)
3294 5262 3494 5316 Darius
3537 5259 3815 5331 perfectas

2116 5362 2333 5415 litteras
2368 5357 2702 5412 auctoritate
2740 5371 2841 5408 sua
2872 5353 3174 5406 conﬁrmat
3210 5366 3580 5419 compescens
3612 5365 3813 5403 omnes

2116 5450 2443 5504 Iudaeorum
2467 5444 2842 5510 adversarios,
2873 5447 2928 5495 et
2956 5442 3236 5512 templum
3268 5439 3327 5493 in
3354 5440 3479 5494 loco
3510 5455 3613 5493 suo
3635 5438 3812 5493 ediﬁ-

2119 5538 2234 5592 cari
2257 5536 2439 5606 jubet,
2474 5540 2578 5587 etc.
