3998 6178
268 213 372 266 703

877 210 1275 266 WALAFBIDI
1315 212 1559 266 STRABI
1604 211 1800 266 FULD.
1843 208 2005 265 MON.
2045 209 2196 265 OPP.
2242 209 2418 264 PARS
2458 211 2500 264 ι.
2542 239 2611 247 -
2649 208 3106 266 THEOLOGIGA.
3634 215 3723 268 704

315 333 478 387 Vens.
509 335 562 387 6.
609 361 679 374 --
702 333 856 389 Nunc
893 347 1036 400 ergo.
1088 332 1386 403 Signiﬁcat
1429 336 1786 397 Artaxerxes,
1848 331 1950 403 qui
1979 335 2026 386 Α
2066 333 2310 387 Domino
2333 337 2391 387 et
2435 349 2580 404 opus
2617 333 2808 404 ipsum
2827 335 3204 405 complerent,
3228 334 3456 390 etbonis
3491 337 3728 392 omnibus

241 422 476 477 domum
509 421 611 475 Dei
641 427 700 475 et
726 421 1010 476 civitatem
1039 421 1309 475 aediﬁcari
1337 425 1506 487 vetat,
1540 437 1638 474 eos
1677 421 1775 491 qui
1805 437 1946 475 con-

245 510 542 565 structioni
617 509 876 564 Ecclesia
951 515 1160 564 sancta
1224 510 1394 564 motis
1451 511 1946 580 persecutionibus

245 599 661 664 contradicunt,
715 598 865 652 inter
894 615 1036 669 quas
1067 597 1313 652 Ecclesia
1357 599 1598 652 maxime
1629 603 1946 668 martyrum

245 688 484 743 victoria
530 687 744 741 ﬂoruit.
797 687 998 740 Darius
1059 693 1253 741 autem
1283 687 1438 757 piam
1468 688 1698 741 illorum
1745 702 1946 757 regum

248 778 628 842 devotionem,
663 777 762 846 qui
821 776 1016 846 agnita
1044 776 1180 830 ﬁdei
1208 776 1540 831 Christiana
1581 777 1792 846 pietate
1837 792 1949 829 non

247 866 529 927 resistere,
563 865 659 918 sed
705 864 821 918 suis
869 864 1109 918 decretis
1157 881 1286 918 eam
1329 865 1598 935 adjuvare
1650 863 1946 931 curabant,

248 972 277 1008 e
307 954 518 1022 quibus
552 953 719 1007 multi
751 953 1069 1006 interdictis
1119 953 1611 1022 persecutiouibus
1662 953 1945 1022 priorum,

251 1044 468 1114 seipsos
518 1058 647 1096 cum
697 1041 966 1111 subjectis
1013 1042 1244 1111 populis
1295 1041 1551 1111 ejusdem
1583 1041 1716 1095 ﬁdei
1763 1057 1946 1094 sacra-

250 1131 457 1187 mentis
487 1130 804 1185 consecrari
851 1131 1154 1184 voluerunt
1185 1147 1197 1183 :
1231 1130 1439 1201 quibus
1498 1130 1642 1183 bene
1688 1131 1951 1183 convenit

247 1221 403 1292 quod
457 1220 658 1274 Darius
716 1219 976 1288 adjungit
1037 1235 1049 1272 :
1109 1219 1215 1274 Sed
1267 1235 1302 1271 a
1355 1234 1437 1272 me
1487 1223 1815 1286 praeceptum
1871 1221 1950 1271 est

248 1309 412 1379 quod,
445 1313 573 1370 etc.,
603 1309 740 1372 Quis
771 1308 924 1361 enim
937 1307 1218 1377 explicare
1249 1308 1436 1360 valeat
1461 1311 1740 1377 quantum
1765 1307 1948 1359 Eccle-

249 1397 332 1451 sia
364 1397 705 1450 liberalitate
736 1411 940 1466 regum
975 1395 1172 1466 adjuta
1200 1395 1270 1448 sit
1300 1402 1357 1449 et
1383 1393 1769 1464 locupletata?

317 1487 482 1540 Vens.
509 1488 561 1540 8.
595 1515 664 1524 —-
697 1487 763 1540 Ut
793 1485 858 1538 de
885 1501 1036 1540 arca.
1071 1486 1270 1554 (BEDA,
1315 1484 1480 1553 ibid.)
1515 1485 1592 1536 De
1639 1498 1770 1536 arca
1801 1481 1950 1553 regis

250 1574 323 1628 ad
353 1590 497 1643 opus
529 1574 628 1628 Dei
655 1577 915 1644 sumptus
954 1571 1305 1638 tribuuntur,
1350 1577 1484 1638 etc.,
1512 1586 1680 1640 usque
1711 1570 1785 1624 ad
1813 1570 1949 1641 quid

249 1663 511 1733 Cyrillus,
544 1662 682 1732 quid
727 1663 992 1728 Joannes,
1028 1661 1167 1731 quid
1201 1659 1391 1714 cateri
1420 1661 1596 1713 sancti
1631 1659 1898 1713 dixerunt
1927 1675 1941 1713 :

251 1751 520 1805 edoctum
577 1767 690 1804 sea
755 1749 1078 1820 senioribus
1136 1749 1488 1814 Judaorum,
1536 1748 1594 1802 id
1643 1753 1729 1802 est
1772 1747 1950 1801 conﬁ-

249 1840 498 1894 tentium
533 1843 588 1893 et
625 1837 984 1892 laudantium
1017 1839 1195 1892 Deum
1217 1837 1497 1907 probavit.

333 1929 547 1982 Vitulos
602 1931 652 1980 et
709 1941 896 1992 agnos.
947 1927 1071 1997 (10.,
1119 1927 1280 1995 ibid.)
1327 1928 1456 1980 Hac
1505 1924 1777 1979 animalia
1824 1940 1952 1995 qua

251 2015 470 2069 munda
523 2019 673 2076 sunt.
739 2018 867 2081 etc.,
921 2030 1091 2083 usque
1123 2015 1197 2068 ad
1227 2015 1526 2085 quiquida
1577 2013 1714 2067 viris
1773 2013 1954 2067 Eccle-

251 2103 351 2158 sia
381 2104 607 2157 salubre
637 2103 919 2168 didicerit,
949 2108 1132 2156 totum
1177 2103 1236 2156 in
1269 2103 1528 2156 divinum
1585 2102 1804 2155 cultum
1841 2101 1950 2155 im-

252 2192 472 2263 pendit.

324 2283 484 2335 Vnns.
558 2283 608 2334 9.
669 2308 737 2320 —
791 2279 1098 2334 Secundum
1149 2281 1338 2334 ritum.
1371 2279 1480 2344 Qui
1527 2283 1662 2332 tunc
1725 2282 1954 2332 tantum

252 2376 386 2424 vota
417 2368 778 2423 offerentium
829 2372 1056 2438 accepta
1101 2372 1290 2429 erunt,
1337 2382 1468 2420 cum
1517 2367 1831 2420 secundum
1860 2381 1951 2419 ca-

251 2458 478 2514 tholica
523 2456 678 2527 pacis
723 2455 900 2510 ritum
947 2455 1292 2521 olferuutur;
1339 2471 1468 2525 qua
1514 2460 1706 2509 autem
1754 2452 1953 2523 gentili

252 2546 656 2618 superstitione
694 2545 783 2599 vel
817 2544 1082 2599 haretica
1129 2543 1405 2615 permista
1451 2550 1605 2609 sunt,
1655 2544 1808 2598 bona
1838 2558 1952 2597 non

255 2641 407 2690 sunt.

328 2725 484 2778 Vens.
523 2726 608 2778 10.
652 2751 722 2765 -
755 2723 1042 2790 Orentque.
1087 2721 1411 2776 Secundum
1454 2719 1597 2774 illud
1650 2718 1950 2790 Apostoli:

254 2814 478 2870 Obsecro
506 2827 630 2880 ergo
665 2813 843 2880 primo
893 2812 1129 2864 omnium
1175 2811 1296 2878 ﬁeri
1332 2810 1720 2863 obsecrationes
1749 2814 1799 2862 et
1828 2823 1952 2862 ora-

2056 421 2436 476 abundarent.

2128 512 2295 581 (BEDA
2324 511 2420 564 ubi
2453 510 2669 580 supra.)
2725 511 2905 565 Nemo
2957 512 3111 582 quod
3175 514 3416 582 Aggaus
3473 512 3602 567 dicit
3643 515 3733 568 sub

2058 599 2228 653 Dario
2257 615 2389 669 rege
2413 601 2569 670 jacta
2603 615 2724 654 esse
2753 599 2956 669 templi
2995 600 3391 665 fundamenta,
3431 605 3561 668 etc.,
3588 617 3736 671 usque

2056 687 2132 740 ad
2175 686 2484 757 aliquando
2534 687 2843 758 separatim
2896 688 3002 741 sub
3041 688 3276 742 nomine
3324 689 3737 760 gazophylacio-

2056 791 2206 842 rum,
2252 777 2340 828 vel
2392 776 2749 841 exedrarum,
2792 777 2878 830 vel
2936 778 3286 846 porticuum,
3321 779 3406 831 vel
3445 780 3737 845 atriorum;

2056 865 2209 918 unde
2241 882 2258 916 :
2294 865 2400 929 Qui
2443 868 2600 919 statis
2645 867 2702 917 in
2742 865 2896 919 domo
2951 868 3187 928 Domini,
3247 869 3306 920 in
3361 869 3520 922 atriis
3571 867 3738 921 domus

2059 953 2164 1006 Dei
2191 954 2367 1006 nostri
2397 953 2559 1015 (Psat.
2594 954 2832 1019 cxxxiii).

2127 1044 2198 1096 Et
2251 1044 2584 1096 Artaxerxe.
2642 1042 2933 1105 Quaritur
2989 1042 3305 1112 quomodo,
3360 1042 3597 1112 jubente
3641 1047 3737 1098 Ar-

2057 1135 2309 1196 taxerxe,
2353 1130 2575 1184 dicatur
2626 1131 2832 1184 domus
2864 1136 3205 1197 constructa,
3241 1147 3367 1184 cum
3403 1131 3594 1185 statim
3623 1132 3740 1186 sub-

2053 1218 2320 1289 jungitur
2355 1235 2503 1285 eam,
2539 1225 2811 1287 regnante
2855 1219 3039 1273 adhuc
3070 1219 3257 1286 Dario,
3291 1220 3464 1273 fuisse
3513 1221 3742 1290 comple-

2058 1313 2176 1361 tam
2222 1313 2276 1361 et
2335 1308 2673 1374 dedicatam,
2721 1307 2835 1360 nisi
2886 1309 3028 1361 forte
3074 1308 3422 1361 credendum
3472 1315 3558 1361 est
3585 1309 3741 1362 etiam

2058 1400 2447 1464 Artaxerxem,
2478 1397 2650 1450 misso
2701 1411 2840 1450 auro
2889 1399 2945 1449 et
2973 1401 3231 1466 argento,
3261 1397 3501 1466 jussisse
3533 1413 3547 1451 :
3589 1397 3678 1450 ubi
3702 1396 3744 1449 si

2061 1485 2200 1555 quid
2223 1486 2415 1539 minus
2446 1485 2505 1539 in
2535 1485 2773 1539 adiﬁcio
2809 1485 2893 1539 vel
2918 1491 3120 1538 ornatu
3146 1484 3349 1554 templi
3379 1485 3468 1538 vel
3497 1501 3744 1538 vasorum

2063 1579 2210 1628 esset
2238 1574 2612 1645 completum,
2643 1573 3037 1643 perﬁceretur.
3090 1574 3230 1627 Nam
3263 1574 3437 1627 Esdra
3468 1573 3601 1626 illuc
3627 1589 3745 1643 pro-

2060 1667 2317 1732 perante,
2343 1662 2621 1731 scriptum
2644 1667 2730 1714 est
2757 1661 2915 1732 quod
2937 1661 3088 1715 idem
3116 1677 3217 1715 rex
3247 1677 3378 1715 cum
3405 1660 3747 1731 principibus

2061 1751 2149 1805 vel
2177 1750 2517 1804 consiliariis
2565 1749 2681 1803 suis
2711 1749 3028 1819 plurimum
3082 1749 3208 1803 auri
3245 1755 3301 1804 et
3332 1749 3558 1821 argenti
3581 1755 3634 1802 et
3660 1765 3749 1802 va-

2062 1855 2255 1894 sorum
2290 1839 2510 1892 miserit
2542 1838 2612 1892 ad
2644 1838 2944 1909 templum.

2135 1929 2296 1981 Vens.
2334 1929 2416 1981 15.
2451 1957 2518 1965 -
2556 1926 2757 1981 Mensis
2807 1927 2984 1982 Adar.
3017 1926 3213 1997 (BEDA,
3247 1926 3408 1996 ibid.)
3444 1926 3618 1996 Cujus
3646 1931 3747 1979 ter-

2061 2015 2141 2070 tia
2171 2015 2263 2070 die
2295 2015 2499 2069 domus
2529 2016 2812 2084 completa
2842 2021 2948 2081 est,
2981 2031 3152 2084 usque
3183 2015 3258 2068 ad
3286 2015 3346 2069 in
3375 2015 3586 2086 quibus
3613 2013 3750 2068 emi-

2061 2104 2324 2159 nentiora
2349 2109 2553 2157 cuncta
2577 2103 2737 2157 fuere
2769 2105 3068 2174 completa.

2133 2193 2437 2264 (ln.,ibid.)
2465 2192 2768 2262 Templum
2802 2207 2933 2245 vero
2979 2207 3311 2262 quanquam
3355 2192 3595 2246 electam
3639 2191 3748 2245 ani-

2063 2298 2216 2337 mam
2264 2280 2545 2350 signiﬁcat
2573 2286 2810 2350 propter
2839 2279 3255 2334 inhabitantem
3302 2279 3363 2333 in
3394 2297 3455 2334 se
3487 2279 3748 2350 Spiritum

2063 2370 2290 2438 Christi,
2321 2374 2462 2436 etc.,
2499 2385 2670 2438 usque
2697 2369 2772 2423 ad
2798 2385 2832 2422 a
2859 2369 3151 2439 superiore
3177 2385 3407 2439 quoque
3439 2370 3503 2423 in
3533 2369 3749 2423 tertium

2061 2465 2448 2531 penetrauius,
2483 2475 2609 2512 cum
2637 2457 3052 2512 beatitudinem
3083 2458 3404 2510 animarum
3440 2458 3614 2511 etiam
3645 2471 3752 2510 cor-

2059 2565 2266 2621 porum
2299 2548 2718 2602 immortalium
2749 2546 3112 2618 perceptione
3145 2547 3530 2601 cumulemus.

2132 2639 2294 2691 Vens.
2337 2640 2417 2690 16.
2453 2668 2518 2676 —
2571 2639 2834 2691 Fecerunt
2879 2640 3077 2689 autem.
3132 2635 3328 2689 Merito
3379 2635 3634 2704 gaudent
3660 2631 3752 2686 ﬁlii

2061 2723 2605 2794 transmigrationis,
2657 2729 2789 2788 etc.,
2830 2738 2998 2791 usque
3035 2723 3109 2776 ad
3148 2723 3285 2792 quia
3314 2738 3516 2775 omnes
3543 2720 3754 2774 ordines

2062 2812 2325 2866 Ecclesia
2357 2811 2738 2865 reconciliatis
2783 2827 2886 2882 per
2933 2811 3334 2881 paenitentiam
3371 2809 3753 2880 peccatoribus

256 2905 442 2968 tiones,
488 2901 876 2969 postulationes
923 2900 1336 2966 gratiarumque
1365 2899 1602 2951 actiones
1646 2912 1755 2966 pro
1785 2898 1951 2950 omni—
1989 2897 2028 2952 C
2066 2901 2340 2972 gaudent.

257 2991 352 3044 bus
383 2989 704 3053 hominibus,
730 3003 834 3057 pro
865 2989 1100 3055 regibus,
1136 2991 1186 3041 et
1213 2987 1457 3040 omnibus
1497 2988 1594 3056 qui
1622 2988 1680 3039 in
1708 2986 1956 3040 sublimi-

254 3082 366 3133 tate
389 3081 515 3132 sunt
547 3077 597 3145 (Ι
635 3079 771 3130 Tim.
808 3074 888 3145 ιι).

330 3167 496 3220 Vnus.
543 3169 626 3218 ll.
660 3194 728 3204 —
776 3167 825 3218 Α
867 3179 949 3217 me
985 3178 1130 3230 ergo.
1178 3162 1520 3217 Gravissima
1563 3177 1734 3232 poena
1780 3159 1959 3215 voluit

259 3269 392 3308 eum
448 3253 652 3323 punire
704 3252 803 3322 qui
853 3251 1146 3305 decretum
1175 3255 1443 3314 mutaret,
1489 3250 1698 3304 damno
1744 3248 1959 3302 scilicet

260 3340 521 3396 omnium
560 3355 688 3409 qua
734 3339 971 3392 haberet
1018 3343 1074 3392 et
1121 3337 1329 3391 anima
1377 3353 1516 3403 sua,
1561 3352 1734 3408 quam
1783 3335 1958 3390 etiam

259 3427 419 3498 ligno
446 3425 702 3480 conﬁxus
729 3427 901 3496 longo
927 3427 1177 3480 cruciatu
1206 3426 1514 3481 amitteret.

332 3515 562 3586 Mystice
607 3520 798 3569 autem
841 3530 1018 3586 opera
1070 3519 1268 3568 nostra
1313 3513 1486 3584 lignis
1529 3516 1956 3583 comparantur,

260 3605 409 3659 bona
449 3602 777 3668 fructiferis,
817 3619 993 3674 prava
1039 3608 1232 3657 autem
1277 3601 1543 3655 salicibus
1594 3607 1652 3655 et
1695 3601 1958 3655 incendio

263 3693 471 3762 dignis,
521 3693 856 3763 tolliturque
886 3692 1111 3763 lignum
1151 3691 1220 3746 de
1275 3691 1448 3745 domo
1481 3691 1625 3761 ejus,
1658 3690 1759 3760 qui
1797 3689 1959 3744 holo-

262 3789 470 3843 caustis
502 3787 733 3843 Domini
761 3789 1110 3849 contradicit,
1169 3791 1226 3841 et
1253 3786 1514 3858 erigitur,
1559 3790 1615 3839 et
1657 3786 1776 3856 ipse
1804 3786 1863 3839 in
1892 3801 1959 3840 eo

263 3877 587 3948 conﬁgitur,
619 3893 748 3932 cum
796 3894 971 3948 opera
1021 3893 1220 3931 eorum
1270 3876 1369 3948 qui
1397 3876 1524 3946 paci
1572 3875 1834 3929 Ecclesia
1863 3890 1960 3928 re-

263 3972 524 4038 pugnant
559 3967 828 4020 omnibus
857 3966 1178 4032 manifeste,
1233 3981 1408 4036 quam
1461 3965 1574 4018 sint
1624 3963 1855 4018 inutilia
1906 3968 1963 4018 et

264 4071 529 4127 perversa
557 4059 858 4126 patescunt
889 4071 903 4108 :
938 4058 994 4108 et
1031 4054 1142 4124 ipsi
1171 4054 1232 4107 in
1257 4054 1337 4107 eis
1371 4069 1484 4106 non
1508 4053 1636 4107 vita
1661 4052 1956 4123 gaudium,

267 4143 363 4197 sed
407 4142 607 4196 mortis
667 4143 933 4212 laqueum
995 4140 1303 4210 acquisisse
1361 4140 1696 4210 probantur.
1747 4140 1960 4193 Domus

2136 2990 2297 3043 Vens.
2334 2992 2420 3042 l7.
2451 3018 2521 3028 —-
2547 2991 2617 3042 Et
2659 2987 2984 3041 obtulerunt.
3033 2986 3291 3041 Oﬁ‘erunt
3319 2986 3380 3039 in
3409 2984 3755 3040 dedicatione
3843 3025 3850 3031 κ

2063 3076 2298 3140 hostias,
2333 3091 2465 3129 cum
2513 3091 2614 3146 pro
2661 3075 2977 3129 errantium
3008 3075 3374 3128 conversione
3412 3075 3529 3129 Deo
3561 3073 3755 3144 gratias

2065 3170 2262 3236 agunt,
2296 3180 2427 3219 cum
2459 3164 2626 3218 multi
2651 3169 2954 3234 conspecta
2986 3164 3288 3218 devotione
3319 3180 3523 3216 eorum
3554 3163 3620 3216 ad
3652 3177 3758 3215 ma-

2057 3251 2188 3321 jora
2217 3269 2276 3306 se
2328 3253 2604 3308 virtutum
2645 3269 2818 3323 opera
2848 3253 3170 3323 accingunt,
3225 3268 3297 3306 ne
3330 3252 3447 3305 sint
3477 3251 3756 3320 segniores

2065 3340 2146 3395 eis
2173 3341 2236 3394 in
2275 3343 2588 3411 operando,
2622 3343 2832 3412 quibus
2862 3341 3286 3396 innocentiores
3311 3341 3550 3394 fuerunt
3580 3339 3756 3393 minus

2065 3430 2373 3500 peccando.
2405 3430 2562 3484 Multi
2609 3430 2780 3484 etiam
2814 3431 2913 3500 qui
2952 3431 3012 3484 in
3052 3430 3166 3484 ﬁde
3192 3433 3631 3500 pracesserunt,
3661 3428 3757 3482 fer-

2065 3518 2320 3572 ventiora
2350 3517 2693 3571 novitiorum
2723 3518 2910 3572 studia
2936 3519 3300 3572 amulantur.

2137 3609 2326 3662 Hircos
2377 3622 2693 3675 caprarum.
2728 3606 2879 3660 Hirci
2927 3607 2987 3660 in
3019 3608 3122 3660 hac
3149 3607 3266 3660 vita
3303 3607 3628 3660 oﬁ'eruntur
3662 3620 3756 3675 pro

2066 3701 2321 3768 peccato,
2371 3712 2502 3750 cum
2549 3696 2714 3750 electi
2747 3697 2860 3750 Deo
2907 3696 3247 3766 supplicant,
3298 3703 3359 3750 ut
3388 3697 3703 3750 liberentur
3730 3710 3760 3747 a

2066 3784 2357 3855 peccatis:
2409 3783 2727 3838 otferuntur
2786 3785 2845 3838 in
2893 3784 3107 3850 futuro,
3156 3801 3284 3838 cum
3336 3785 3550 3855 gratias
3593 3787 3761 3853 agunt

2069 3873 2168 3946 qui
2214 3873 2436 3927 liberati
2493 3879 2647 3940 sunt,
2699 3873 2939 3943 ideoque
2982 3873 3383 3927 misericordias
3450 3872 3666 3927 Domini
3707 3873 3760 3924 in

2067 3966 2325 4018 aeternum
2379 3961 2674 4015 cantabunt
2741 3962 2906 4030 (Psal.
2970 3960 3259 4029 LXXXVIII);
3335 3962 3470 4031 quia
3547 3974 3761 4030 semper

2068 4050 2306 4105 miseros
2335 4065 2394 4104 se
2421 4049 2594 4103 fuisse
2624 4053 2681 4103 et
2727 4050 2880 4102 dono
2937 4050 3060 4120 ejus
3102 4049 3364 4103 liberatos
3396 4065 3518 4103 esse
3553 4064 3756 4103 memo-

2073 4139 2309 4194 rabuut.

265 4245 495 4303 quoque
557 4229 762 4285 talium
821 4229 1167 4299 publicatur,
1229 4228 1288 4282 id
1339 4233 1444 4296 est,
1501 4228 1729 4298 publico
1785 4243 1960 4282 censu
1990 4228 2033 4282 D
2139 4228 2242 4281 Pro
2289 4230 2524 4296 peccato.
2587 4227 2694 4280 Pro
2748 4229 2980 4295 peccato
3009 4225 3180 4279 etiam
3221 4223 3397 4278 totius
3437 4226 3610 4280 Israel
3639 4223 3758 4278 oﬁ'e-

264 4320 642 4391 proscribitur
681 4335 694 4372 :
742 4334 874 4372 cum
916 4333 1156 4387 corpora
1216 4333 1414 4371 eorum
1468 4332 1598 4370 cum
1639 4316 1849 4387 quibus
1897 4316 1958 4370 in

267 4411 372 4463 hac
403 4408 519 4463 vita
542 4411 961 4472 remanserunt,
996 4407 1056 4458 in
1087 4406 1499 4459 resurrectione
1542 4410 1820 4476 perpetuo
1850 4421 1957 4476 pu-

269 4497 477 4551 nienda
519 4500 807 4549 tormento
849 4494 1011 4548 savis
1041 4493 1412 4561 exactoribus,
1447 4493 1760 4549 immundis
1791 4494 1958 4565 spiri-

266 4585 418 4640 tibus
455 4584 514 4637 in
545 4587 821 4653 potestate
850 4582 1178 4636 traduntur.

340 4672 497 4725 Vens.
532 4673 616 4724 12.
661 4699 723 4710 -
756 4671 900 4724 Deus
930 4675 1126 4724 autem.
1185 4672 1483 4724 Decretum
1533 4687 1702 4725 suum
1755 4669 1962 4724 divina

268 4757 545 4828 potentia
575 4757 908 4812 conﬁrmari
951 4757 1254 4825 desiderat,
1287 4763 1344 4812 et
1372 4759 1492 4829 ipse
1526 4763 1586 4811 ut
1615 4759 1788 4812 homo
1818 4764 1963 4812 tem-

266 4846 452 4917 porali
483 4862 660 4917 regno
713 4846 987 4917 praditus
1035 4862 1137 4918 pro
1169 4862 1308 4918 pace
1349 4847 1554 4900 domus
1605 4847 1704 4901 Dei
1739 4846 1962 4916 publica

271 4935 397 5004 lege
428 4934 624 4989 omnia
652 4951 782 5006 qua
829 4939 1021 5005 potest
1062 4934 1214 4988 facit.
1247 4935 1409 4998 Quod
1459 4950 1612 4988 nunc
1643 4950 1872 5006 quoque
1902 4935 1964 4988 in

273 5022 516 5077 Ecclesia
553 5024 792 5091 geritur,
825 5040 956 5078 cum
1011 5029 1256 5078 terrena
1318 5029 1624 5093 potestates
1679 5024 1746 5076 ad
1793 5023 1966 5077 fidem

273 5127 558 5165 conversa
610 5128 712 5181 pro
761 5116 908 5166 statu
963 5113 1223 5167 Ecclesia
1269 5112 1498 5183 publica
1544 5111 1729 5166 edicta
1763 5127 1969 5182 propo-

272 5203 439 5267 nunt,
481 5205 538 5253 et
591 5201 737 5254 hanc
790 5201 1032 5255 Domino
1083 5202 1319 5272 juvaute
1365 5207 1423 5256 et
1463 5201 1724 5255 inimicos
1770 5200 1968 5254 debel-

271 5288 424 5341 lante
458 5288 742 5359 placidam
769 5299 967 5360 pacem
999 5305 1226 5361 semper
1254 5290 1462 5344 habere
1488 5290 1746 5360 cupiunt.

346 5377 509 5430 Vens.
548 5378 633 5432 14.
668 5407 734 5416 -—
762 5380 935 5431 Juxta
971 5380 1333 5447 prophetiam.
1388 5379 1768 5432 Pradixerant
1793 5376 1968 5443 enim,

2068 4319 2223 4381 runt,
2265 4315 2400 4385 quia
2427 4319 2655 4384 oportet
2697 4313 2776 4366 sic
2807 4329 2904 4366 eos
2948 4312 3049 4383 qui
3076 4312 3376 4367 nobiscum
3407 4319 3562 4376 sunt,
3607 4311 3760 4367 bonis

2069 4404 2285 4470 favere;
2335 4403 2413 4456 sic
2458 4402 2688 4456 illorum
2718 4401 2870 4455 bona
2909 4401 3210 4468 imitando,
3244 4407 3437 4454 nostra
3470 4401 3674 4463 facere,
3703 4402 3760 4451 ut

2070 4492 2242 4546 etiam
2271 4507 2377 4561 pro
2433 4495 2584 4544 statu
2629 4490 2801 4544 totius
2847 4489 3102 4543 Ecclesia
3142 4489 3447 4544 Dominum
3499 4489 3761 4558 deprece-

2070 4597 2222 4636 mur.
2260 4580 2415 4634 Unde
2462 4579 2525 4633 in
2574 4579 2833 4633 oratione
2884 4577 3178 4631 Dominica
3216 4593 3387 4631 nemo
3419 4576 3529 4630 sibi
3557 4574 3757 4645 specia-

2072 4671 2201 4724 liter
2231 4669 2448 4739 aliquid
2480 4668 2647 4740 petit,
2688 4668 2787 4722 sed
2814 4667 3085 4721 omnibus
3116 4666 3216 4736 qui
3249 4665 3516 4719 eumdem
3549 4667 3760 4719 Patrem

2072 4759 2284 4813 habent
2316 4758 2376 4811 in
2415 4757 2590 4812 calis.
2652 4757 2812 4822 Item,
2870 4755 3149 4810 adiﬁcato
3209 4755 3446 4824 templo,
3495 4749 3759 4807 dedicatio

2073 4846 2351 4918 sequitur,
2396 4861 2527 4899 cum
2555 4845 2840 4914 completa
2883 4843 2944 4897 in
2971 4843 3084 4897 ﬁne
3139 4842 3332 4896 saeculi
3391 4857 3616 4895 summa
3663 4839 3760 4892 ele-

2073 4940 2292 4990 ctorum
2326 4933 2620 5005 perveniet
2649 4933 2720 4987 ad
2759 4931 2999 5004 gratiam
3035 4931 3349 4986 caelestium
3381 4930 3753 5000 pramiorum.

2075 5024 2135 5078 in
2173 5040 2287 5094 qua
2337 5021 2536 5076 hostia
2566 5021 2884 5076 offeruntur
2916 5037 2928 5074 ε
2967 5021 3036 5074 de
3075 5019 3287 5090 quibus
3317 5020 3515 5072 eadem
3548 5018 3757 5078 domus,

2078 5112 2133 5166 id
2164 5116 2250 5166 est
2280 5111 2540 5171 Ecclesia.
2592 5115 2721 5181 post
2767 5108 3152 5178 captivitatem
3203 5106 3460 5161 mortalis
3503 5117 3756 5160 arumna

2078 5200 2424 5256 readiﬁcata
2471 5215 2574 5270 per
2626 5198 2870 5270 gloriam
2907 5195 3355 5250 immortalitatis
3387 5194 3524 5248 dicit
3555 5211 3568 5248 :
3603 5195 3754 5247 Diru—

2078 5292 2231 5360 pisti,
2266 5291 2504 5357 Domine,
2561 5287 2780 5342 vincula
2832 5301 2970 5351 mea,
3023 5286 3125 5339 tibi
3174 5284 3490 5353 sacriﬁcabo
3543 5283 3756 5335 hostium

2085 5378 2266 5434 laudis
2297 5377 2464 5448 (Psal.
2517 5375 2654 5446 cxv).
2687 5376 2752 5429 Et
2797 5374 2931 5445 quia
2960 5373 3282 5428 offeruntur
3311 5389 3424 5426 non
3455 5372 3634 5424 solum
3662 5381 3753 5437 pro

278 5464 415 5536 quia
442 5464 490 5519 si
540 5464 875 5520 adiﬁcando
919 5468 1133 5538 templo
1168 5467 1518 5537 insisterent,
1563 5483 1700 5522 mox
1727 5466 1973 5522 donante
2083 5465 2248 5522 donis
2290 5465 2590 5532 virtutum,
2623 5463 2725 5518 sed
2775 5466 2832 5518 et
2859 5476 2964 5534 pro
2993 5460 3303 5516 mundanis
3328 5459 3579 5515 sordibus
3608 5454 3753 5510 vitio-
