3998 6178
250 268 356 320 705

1290 264 1546 320 GLOSSA
1583 265 1991 321 ORDINARIA.
2033 295 2102 303 —
2144 267 2269 321 LIB.
2314 267 2334 321 Ι
2379 266 2647 322 ΕεΒΒᾸζ.

3663 275 3767 327 706

250 399 412 436 rum:
448 382 591 435 bene
641 385 770 450 post
796 380 1027 443 vitulos,
1070 380 1274 435 arietes
1326 386 1381 435 et
1438 398 1618 450 agnos
1674 382 1813 435 hirci
1847 399 1949 453 pro
1979 387 2021 439 A
2060 400 2205 455 quos
2261 385 2688 457 chronographi
2720 404 2822 457 pro
2879 405 3029 443 anno
3081 408 3374 461 posuere;
3435 402 3558 465 post
3607 398 3761 451 hunc

248 477 485 543 peccato
525 472 697 524 totius
729 471 897 524 Israel
931 471 1288 525 offeruntur:
1341 473 1527 541 gratia
1557 472 1715 525 enim
1750 472 1820 525 de
1851 487 1967 542 qua

251 562 533 614 virtutum
565 560 837 615 beneﬁcia
870 560 1112 625 confert,
1151 562 1325 613 etiam
1359 560 1570 612 scelera
1600 560 1804 612 aufert.
1854 561 1965 613 Nec

255 650 317 702 in
350 650 524 702 domo
561 650 658 702 Dei
696 649 869 701 habet
902 648 1165 714 Pelagius
1203 653 1413 713 locum,
1441 647 1539 718 qui
1599 664 1657 700 se
1715 663 1964 719 suosque

256 736 643 808 persuadebat
674 736 934 790 libertate
965 736 1189 790 arbitrii
1210 738 1300 790 vel
1330 735 1563 791 liberari
1602 752 1635 790 a
1664 736 1850 801 malis,
1875 736 1964 790 vel

258 822 596 877 conﬁrmari
627 839 793 893 posse
833 822 889 875 in
922 822 1119 878 bonis.

339 913 503 965 Vens.
563 913 646 965 18.
703 942 772 949 -
823 913 895 965 Et
956 916 1286 967 statuerunt.
1352 910 1503 965 Ordo
1554 910 1821 981 poscebat
1878 914 1963 977 ut,

264 1001 442 1055 domo
477 1000 578 1053 Dei
604 999 903 1065 aediﬁcata,
932 1016 1063 1053 mox
1095 1000 1411 1053 sacerdotes
1444 1007 1502 1053 et
1534 1000 1738 1053 Levita!
1768 1000 1869 1070 qui
1904 1000 1966 1053 in

261 1106 329 1143 ea
396 1089 810 1154 ministrarent,
858 1088 1283 1153 ordinarentur,
1334 1088 1494 1151 Quod
1549 1088 1962 1143 observandum

260 1182 346 1231 est
380 1178 470 1231 his
514 1177 612 1247 qui
663 1176 964 1248 magniﬁce
1014 1176 1357 1231 monasteria
1396 1180 1757 1241 construunt,
1813 1176 1965 1229 utin

259 1265 352 1318 his
383 1265 649 1319 doctores
677 1265 1002 1334 instituant,
1049 1266 1148 1336 qui
1193 1267 1262 1319 ad
1314 1282 1488 1336 opera
1531 1266 1629 1319 Dei
1680 1265 1963 1335 populum

257 1354 590 1419 hortentur,
617 1370 735 1407 non
766 1354 845 1407 ibi
875 1354 993 1407 suis
1026 1355 1411 1424 voluptatibus
1439 1354 1703 1408 serviant.

329 1443 663 1497 Sacerdotes.
716 1444 905 1511 (BEDA,
957 1443 1054 1496 ubi
1083 1443 1299 1512 supra.)
1327 1443 1490 1506 Quod
1541 1442 1677 1495 dicit
1706 1441 1965 1495 sacerdo-

256 1535 343 1584 tes
374 1531 434 1583 in
482 1530 783 1585 ordinibus
813 1532 949 1596 suis,
980 1538 1110 1596 etc.,
1169 1546 1337 1600 usque
1391 1530 1466 1583 ad
1524 1532 1569 1584 si
1623 1530 1691 1584 ad
1724 1527 1964 1600 przemia

258 1618 493 1673 Domini
523 1635 638 1671 una
669 1636 799 1672 cum
832 1619 911 1672 eis
936 1619 1237 1689 pervenire
1277 1634 1564 1672 curamus.

328 1709 497 1760 Vens.
541 1710 626 1761 19.
658 1710 1011 1762 —Fecerwat
1059 1714 1236 1761 autem
1281 1709 1403 1775 ﬁlii.
1459 1708 1588 1760 Ideo
1639 1706 1961 1776 specialiter

256 1795 545 1848 aediﬁcata
573 1800 628 1849 et
659 1795 916 1850 dedicata
947 1796 1116 1848 domo
1148 1795 1373 1849 Domini
1405 1795 1712 1849 celebratio
1740 1795 1962 1864 paschae

259 1890 641 1950 memoratur,
684 1884 813 1938 cum
846 1885 988 1938 nulli
1021 1884 1260 1938 dubium
1301 1889 1448 1938 esset
1499 1890 1622 1938 tum
1666 1883 1961 1953 religiosos

258 1973 473 2042 pascha
504 1989 605 2025 suo
655 1978 913 2042 tempore
957 1972 1266 2034 celebrare,
1300 1977 1364 2026 ut
1411 1971 1646 2042 mystice
1702 1970 1960 2024 insinua-

261 2066 423 2113 retur
478 2061 623 2114 hanc
662 2078 782 2114 esse
831 2076 1114 2114 summam
1145 2060 1530 2130 perfectionis,
1564 2076 1693 2113 cum
1726 2064 1959 2130 praeter-

256 2149 353 2202 itis
386 2150 655 2203 omnibus
688 2149 888 2203 mundi
922 2149 1205 2204 illecebris
1236 2154 1356 2203 tota
1385 2165 1612 2218 semper
1641 2148 1960 2201 intentione

258 2238 474 2291 mentis
520 2238 754 2291 alterius
793 2237 924 2291 vitae
960 2238 1305 2291 meditemur
1361 2238 1702 2307 ingressum.
1750 2237 1962 2290 Pascha

257 2327 418 2379 enim
450 2326 721 2380 transitus
776 2326 1204 2395 interpretatur,
1264 2324 1395 2396 quia
1438 2326 1543 2378 ﬁlii
1602 2326 1773 2378 Israel
1804 2324 1864 2378 in
1894 2340 1960 2378 eo

257 2431 363 2485 per
396 2415 853 2469 immolationem
905 2414 1038 2484 agni
1097 2414 1165 2468 de
1197 2414 1521 2484 Egyptiaca
1571 2414 1839 2467 servitute
1888 2414 1960 2467 ad

258 2502 585 2557 libertatem
617 2503 987 2569 transierunt,
1034 2504 1116 2556 vel
1169 2502 1289 2572 ipse
1319 2519 1522 2572 agnus.
1572 2502 1631 2555 id
1680 2508 1765 2555 est
1794 2501 1957 2555 Chri—

255 2594 399 2655 stus,
429 2607 533 2661 pro
562 2591 727 2645 nobis
755 2592 1087 2644 immolatus
1116 2590 1377 2644 transivit
1407 2606 1472 2644 ex
1503 2591 1610 2643 hoc
1640 2590 1857 2643 mundo
1888 2589 1958 2643 ad

256 2682 506 2745 Patrem,
533 2680 683 2750 quod
731 2679 1026 2734 imitamur
1054 2696 1186 2733 cum
1221 2679 1292 2733 ab
1320 2678 1537 2732 inﬁmis
1568 2678 1958 2749 voluptatibus

254 2770 324 2822 ad
368 2769 619 2823 caelestia
644 2769 954 2839 quaerenda
987 2768 1316 2829 transimus,
1348 2772 1405 2821 et
1444 2784 1573 2821 vere
1604 2767 1956 2837 perﬁcimus,

256 2874 391 2911 cum
434 2874 467 2911 a
515 2857 700 2911 carnis
753 2857 1043 2927 ergastulo
1091 2857 1261 2910 soluti
1309 2857 1537 2911 celeste
1596 2872 1838 2926 regnum
1868 2856 1956 2909 in-

256 2950 501 3000 tramus.

330 3036 525 3104 (Bene,
556 3035 711 3103 ibid.)
760 3034 945 3099 Quare
988 3034 1058 3088 de
1092 3033 1301 3104 pascha
1340 3038 1465 3103 post
1493 3033 1831 3087 aediﬁcatam
1857 3033 1959 3087 do-

257 3139 422 3176 mum
455 3123 718 3190 refertur,
748 3129 890 3189 etc.,
922 3138 1090 3192 usque
1132 3123 1206 3176 ad
1235 3128 1451 3191 quanto
1500 3121 1717 3176 diutius
1747 3127 1957 3176 terram

256 3212 449 3266 cordis
474 3213 682 3267 virtute
718 3228 957 3265 vacuam
988 3212 1255 3282 possedit.

328 3302 494 3355 Vens.
546 3304 633 3355 22.
668 3332 734 3340 —
774 3304 844 3355 Et
887 3304 1128 3367 fecerunt
1164 3300 1575 3361 solemnitatem,
1622 3298 1747 3369 (11).,
1797 3298 1956 3368 ibid.)

256 3392 454 3444 Potest
492 3390 598 3443 hoc
625 3390 683 3443 in
728 3390 849 3443 loco
896 3389 1201 3442 celebratio
1233 3388 1463 3457 pascbre
1496 3388 1564 3441 ad
1596 3391 1821 3457 tempus
1852 3405 1957 3442 no-

253 3483 388 3531 strae
416 3476 853 3530 resurrectionis
882 3477 1069 3547 typice
1102 3474 1324 3541 referri,
1370 3480 1500 3539 etc.,
1530 3490 1700 3543 usque
1737 3475 1812 3527 ad
1859 3491 1957 3528 cu-

245 3567 343 3635 jus
371 3566 536 3619 nobis
567 3565 962 3634 septiformem
984 3564 1269 3634 Propheta
1292 3564 1534 3633 gratiam
1568 3564 1954 3617 commendat.

321 3656 539 3723 Septem
566 3654 775 3707 diebus.
828 3653 969 3716 Quia
1016 3668 1119 3722 per
1150 3668 1319 3705 omne
1365 3652 1557 3704 sazculi
1614 3656 1842 3721 tempus
1897 3652 1957 3705 in

249 3742 582 3795 sinceritate
613 3746 669 3794 et
700 3742 953 3807 veritate,
988 3741 1104 3794 imo
1155 3740 1213 3793 in
1253 3740 1518 3793 omnibus
1557 3739 1839 3793 bonorum
1870 3740 1954 3793 vi-

246 3831 441 3884 ctimis
480 3835 537 3884 et
578 3829 921 3884 holocaustis
952 3829 1068 3883 vita
1099 3829 1357 3883 ducenda
1383 3834 1467 3881 est
1497 3844 1510 3881 :
1542 3829 1678 3898 quia
1704 3828 1956 3882 Christus

245 3919 505 3991 paschali
544 3925 801 3989 tempore
855 3918 1182 3972 transitorie
1244 3922 1484 3970 mortem
1532 3916 1799 3987 gustavit,
1855 3916 1955 3970 sed

248 4014 468 4063 aeterna
498 4007 929 4061 resurrectionis
953 4007 1162 4060 virtute
1195 4006 1427 4068 devicit,

323 4099 385 4151 In
419 4098 632 4150 laetitia.
672 4097 800 4149 Haec
831 4101 916 4150 est
940 4095 1092 4148 enim
1126 4094 1374 4148 maxima
1406 4109 1559 4147 nunc
1587 4097 1643 4146 et
1670 4093 1729 4147 in
1759 4092 1953 4146 futuro

247 4187 541 4256 justorum
576 4184 796 4243 laetitia.
856 4184 1172 4254 perfectum
1220 4199 1339 4236 esse
1396 4198 1541 4252 opus
1578 4182 1817 4252 justitize
1862 4182 1952 4235 vel

249 4273 541 4337 Ecclesiae,
571 4272 852 4326 conversis
887 4272 1057 4324 etiam
1090 4270 1421 4341 gentilibus,
1482 4270 1582 4340 qui
1637 4269 1774 4323 olim
1807 4269 1947 4323 resi-

250 4361 481 4414 stebant
510 4364 567 4413 et
591 4360 661 4413 ad
693 4360 781 4430 adj
792 4360 1080 4414 uvandum
1102 4361 1222 4431 ejus
1239 4364 1472 4428 statum,
1499 4358 1949 4414 conﬁrmandam

249 4449 591 4503 Christiania
621 4448 913 4518 religionis
941 4465 1141 4517 pacem
1172 4465 1276 4518 per
1297 4449 1601 4502 mundum.

912 4538 1139 4592 CAPUT
1174 4540 1290 4593 VII.

322 4626 487 4678 Vens.
548 4629 594 4679 1.
647 4655 716 4664 -
763 4627 882 4680 Post
929 4626 1036 4680 haec
1084 4631 1280 4681 autem.
1344 4628 1513 4691 (Beon
1580 4628 1636 4681 in
1690 4626 1949 4696 Esdram,

245 4719 388 4767 tom.
426 4715 521 4783 ll.)
555 4715 858 4785 Hucusque
888 4716 1101 4768 reditus
1132 4716 1328 4786 populi
1360 4716 1429 4769 de
1463 4716 1747 4785 Babylone
1778 4716 1837 4769 iu
1868 4716 1951 4768 Je-

246 4804 522 4868 rusalem,
566 4807 696 4862 etc.,
724 4818 893 4871 usque
939 4803 1011 4857 ad
1065 4803 1342 4857 haberent
1387 4805 1536 4856 unde
1588 4803 1697 4873 ipsi
1746 4804 1950 4858 moniti

244 4891 404 4945 intus
435 4891 718 4945 discerent
749 4884 1075 4956 restaurari,
1111 4892 1264 4945 unde
1296 4892 1592 4961 sequitur:

316 4982 442 5034 Post
475 4981 603 5034 hac.
632 4980 857 5049 (BEDA.,
899 4980 1061 5049 ibid.)
1099 4982 1258 5034 Hunc
1290 4983 1658 5034 Artaxerxem
1690 4979 1795 5034 sub
1835 4995 1948 5050 quo

243 5068 453 5121 Esdras
481 5067 550 5121 de
579 5067 889 5137 Babylonia
915 5069 1329 5139 Jerosolymam
1361 5068 1632 5131 ascendit,
1667 5069 1948 5138 Josephus

244 5159 411 5225 putat
442 5171 563 5209 esse
582 5156 817 5208 Xerxem
842 5155 1025 5209 ﬁlium
1057 5155 1232 5221 Darii,
1264 5155 1364 5226 qui
1393 5160 1523 5226 post
1551 5156 1716 5209 illum
1745 5171 1947 5226 regna-

245 5244 370 5298 vit:
434 5244 533 5297 sed
589 5243 989 5298 chronicorum
1051 5243 1183 5297 libri
1243 5260 1627 5298 successorem
1686 5244 1947 5313 ejusdem

244 5334 460 5388 Xerxis.
509 5333 784 5403 Regnavit
830 5338 1024 5387 autem
1056 5332 1280 5399 Darius,
1314 5333 1419 5387 sub
1440 5349 1555 5403 quo
1602 5333 1947 5387 aadiﬁcatum

248 5426 335 5477 est
352 5422 657 5491 templum,
684 5437 864 5475 annos
896 5437 989 5475 sex
1020 5425 1077 5476 et
1102 5420 1359 5491 triginta,
1376 5425 1507 5491 post
1536 5436 1710 5492 quem
1745 5422 1949 5475 Xerxes

246 5526 431 5565 annos
470 5509 691 5580 viginti,
723 5514 849 5581 post
878 5526 1049 5581 quem
1080 5510 1448 5565 Archabanus
1480 5525 1703 5564 menses
1728 5513 1947 5581 septem

2070 475 2407 524 Artaxerxes
2447 474 2612 526 anuis
2660 475 3058 544 quadraginta.

2146 560 2272 626 (11).,
2326 562 2481 629 ibid.)
2531 563 2727 617 Scriba
2780 566 2938 618 velox
2969 566 3028 619 in
3062 568 3184 637 lege
3215 569 3389 639 Moysi
3447 572 3770 640 appellatur

2074 644 2295 713 Esdras,
2353 651 2480 713 etc.,
2515 663 2681 715 usque
2726 649 2800 701 ad
2829 648 3045 720 priores
3074 658 3266 706 autem
3306 655 3510 709 littera:
3542 673 3770 711 reman-

2073 738 2271 787 serunt
2302 735 2451 805 apud
2493 737 2818 802 Samaritas,
2871 740 3079 808 quibus
3130 742 3255 795 illos
3287 744 3542 814 quinque
3595 747 3770 801 libros

2075 820 2213 874 Mosi
2234 838 2378 891 quos
2407 825 2559 876 solos
2591 824 2659 877 de
2678 825 2967 894 Scriptura
2996 834 3189 881 sancta
3238 836 3597 900 receperant,
3630 833 3770 887 scri-

2076 909 2209 962 bere
2240 911 2525 965 solebant.

2147 999 2307 1052 Vens.
2342 1004 2393 1052 7.
2428 1030 2494 1038 —
2534 1000 2611 1053 Et
2640 1002 3008 1056 ascenderunt.
3045 1005 3171 1073 (lo.,
3228 1005 3389 1075 ibid.)
3442 1008 3769 1062 Notandum

2073 1087 2227 1157 quod
2260 1087 2318 1140 in
2340 1087 2522 1156 capite
2554 1088 2724 1157 hujus
2759 1091 2887 1143 libri
2920 1092 3193 1161 scriptum
3225 1099 3309 1146 est
3338 1095 3490 1164 quod
3532 1096 3603 1149 ad
3634 1112 3766 1164 per-

2073 1175 2399 1229 missionem
2428 1177 2555 1247 Cyri
2583 1178 2964 1233 ascenderunt
2992 1181 3060 1234 de
3118 1181 3401 1252 Babylone
3455 1184 3766 1238 Zorobabel

2073 1268 2131 1316 et
2182 1264 2373 1332 losue,
2417 1271 2546 1332 etc.,
2577 1281 2747 1335 usque
2775 1268 2849 1320 ad
2877 1274 3217 1338 perpetuam
3249 1270 3320 1324 ad
3351 1270 3637 1326 caelestem
3669 1289 3769 1343 pa-

2073 1351 2243 1404 triam
2265 1353 2731 1421 pervenientibus
2763 1356 2855 1409 do.

2147 1441 2303 1493 Vens.
2335 1444 2385 1494 9.
2414 1471 2475 1481 —
2499 1441 2639 1508 Quia
2666 1445 2929 1512 inprimo.
2951 1445 3073 1514 (10.,
3094 1446 3257 1513 ibid.)
3275 1447 3465 1502 Prima
3494 1449 3586 1503 die
3614 1466 3773 1505 men-

2072 1528 2148 1580 sis
2177 1528 2347 1598 coepit
2374 1530 2676 1584 ascendere
2706 1532 2775 1585 de
2817 1532 3121 1602 Babylone,
3156 1540 3285 1602 etc.,
3316 1552 3485 1605 usque
3514 1539 3589 1591 ad
3616 1540 3771 1593 velut

2072 1622 2202 1687 post
2223 1622 2471 1687 quatuor
2491 1636 2715 1673 menses
2735 1620 2937 1674 lucide:
2954 1622 3213 1689 actionis,
3233 1640 3376 1694 quos
3395 1625 3455 1677 in
3472 1626 3563 1679 via
3582 1628 3768 1697 pergi-

2074 1722 2223 1773 mus,
2253 1707 2519 1775 quintum
2553 1724 2811 1762 mensem
2868 1716 3163 1779 perpetuze
3194 1714 3677 1768 remunerationis
3706 1717 3768 1770 in

2072 1794 2198 1847 luce
2222 1797 2423 1864 patriae
2449 1798 2691 1850 caelestis
2722 1798 2968 1867 agimus.
3434 1790 3441 1795 ’

2145 1884 2271 1949 (11).,
2303 1885 2467 1951 ibid.)
2492 1887 2683 1940 Primo
2713 1903 2905 1941 mense
2933 1888 3103 1958 coapit
3127 1889 3330 1943 Esdras
3362 1892 3666 1946 ascendere
3697 1892 3767 1947 de

2074 1970 2377 2040 Babylone,
2404 1978 2534 2038 etc.,
2560 1990 2725 2042 usque
2756 1975 2831 2029 ad
2860 1992 3111 2044 superna
3141 1977 3423 2047 promissa
3446 1980 3768 2036 veniamus.

2138 2060 2323 2113 J11th
2359 2076 2579 2115 manum
2645 2066 2759 2116 Dei.
2808 2064 3187 2118 Conﬁrmatus
3218 2065 3431 2120 scilicet
3489 2068 3673 2137 gratia
3714 2073 3770 2121 et

2070 2147 2427 2216 protectioue
2449 2149 2663 2212 divina,
2690 2167 2804 2219 qua
2828 2167 3098 2219 prospere
3126 2158 3308 2224 empta
3326 2156 3651 2224 perﬁceret.
3680 2156 3769 2210 Sic

2070 2241 2128 2290 et
2149 2236 2421 2301 Christus,
2452 2238 2588 2307 quia
2604 2239 2750 2291 Deus
2780 2248 2901 2292 erat
2923 2240 2983 2292 in
3018 2242 3239 2295 Christo
3267 2244 3542 2297 mundum
3574 2260 3769 2299 recon-

2070 2324 2269 2378 cilians
2290 2325 2420 2394 sibi,
2436 2342 2639 2380 manus
2652 2344 2882 2397 quoque
2905 2328 3003 2381 Dei
3026 2346 3198 2398 super
3211 2331 3332 2400 ejus
3350 2331 3768 2388 humanitatem

2068 2414 2197 2478 fuit,
2230 2430 2343 2484 qua
2372 2415 2433 2467 in
2464 2415 2728 2485 passione
2758 2418 3054 2480 exaltatus,
3081 2423 3136 2471 et
3164 2419 3234 2472 ad
3265 2420 3475 2474 mmnia
3504 2437 3766 2491 supernae

2070 2501 2311 2559 civitatis
2338 2503 2615 2567 ascendit,
2642 2504 2908 2558 ﬁdelibus
2942 2506 3059 2559 suis
3088 2506 3197 2559 iter
3228 2507 3514 2575 patefecit.

2139 2592 2299 2645 Vens.
2338 2594 2421 2645 10.
2453 2622 2521 2632 -—
2554 2594 2759 2648 Esdras
2815 2600 2991 2648 autem
3028 2599 3267 2663 paravit.
3332 2598 3532 2667 Magna
3588 2598 3767 2653 virtus

2069 2678 2319 2732 hominis
2368 2696 2572 2748 parare
2616 2696 2715 2734 cor
2745 2697 2913 2734 suum
2946 2683 3015 2735 ad
3050 2682 3391 2752 obsequium
3423 2684 3630 2738 divinae
3668 2701 3764 2738 vo-

2067 2766 2324 2832 luntatis,
2358 2773 2411 2821 et
2453 2768 2639 2822 dicere
2673 2786 2874 2839 posse:
2941 2773 3200 2824 Paratum
3250 2787 3340 2826 cor
3369 2788 3563 2839 meum,
3597 2775 3761 2841 Deus,

2065 2860 2324 2923 paratum
2341 2870 2431 2910 cor
2460 2872 2635 2911 meum
2668 2859 2838 2925 (Psal.
2869 2858 2999 2929 va).

2141 2945 2331 3011 (Bson,
2364 2945 2520 3013 ibid.)
2554 2945 2811 2999 Christus
2838 2962 3069 3018 quoque
3099 2946 3323 3016 paravit
3360 2964 3458 3002 cor
3484 2964 3674 3017 suum,
3700 2953 3767 3002 ut

2068 3032 2437 3102 investigaret
2463 3033 2651 3103 legem
2675 3034 2921 3099 Domini,
2949 3035 3085 3104 quia
3116 3037 3286 3088 talem
3307 3036 3416 3090 sibi
3465 3038 3764 3091 hominem

2067 3121 2351 3191 suscipere
2380 3120 2651 3175 divinitus
2682 3123 2964 3192 praevidit,
2998 3123 3096 3193 qui
3128 3140 3246 3177 non
3277 3125 3461 3178 solum
3485 3125 3605 3180 sine
3635 3141 3765 3195 pec-

2066 3213 2209 3273 cato,
2266 3209 2365 3263 sed
2409 3210 2582 3263 etiam
2612 3211 2820 3280 plenus
2873 3215 3021 3266 esset
3050 3215 3229 3282 gratia
3261 3218 3317 3267 et
3348 3214 3582 3268 veritate
3613 3231 3625 3268 :
3661 3215 3764 3285 qui

2067 3296 2227 3351 nulla
2247 3297 2355 3350 sibi
2387 3304 2741 3368 repugnante
2774 3300 2900 3370 lege
2927 3301 3164 3370 peccati,
3198 3301 3382 3371 legem
3418 3300 3518 3355 Dei
3548 3302 3762 3372 absque

2067 3386 2226 3439 nulla
2258 3386 2465 3439 mentis
2492 3388 2579 3440 vel
2611 3388 2795 3441 carnis
2816 3389 3268 3443 contradictione
3292 3395 3511 3444 servet:
3570 3391 3722 3444 unde
3746 3407 3759 3444 :

2066 3475 2127 3527 In
2149 3477 2327 3543 capite
2350 3476 2479 3528 libri
2506 3479 2773 3545 scriptum
2805 3483 2884 3532 est
2930 3478 2995 3531 de
3045 3494 3145 3543 me,
3180 3484 3286 3533 etc.
3335 3479 3503 3547 (Psal.
3554 3479 3761 3548 xxxix.)

2067 3560 2209 3614 Item
2259 3562 2533 3615 Dominus
2564 3562 2924 3633 investigavit
2966 3566 3150 3633 legem
3205 3566 3325 3631 Dei,
3359 3566 3495 3637 quia
3529 3566 3764 3636 abjectis

2067 3649 2486 3704 Pharisaeorum
2519 3652 2927 3706 traditionibus
2953 3653 3303 3723 Scripturam
3351 3660 3605 3709 sanctam
3635 3671 3762 3725 my-

2066 3738 2200 3792 stice
2230 3739 2552 3809 intelligere
2584 3741 2795 3807 docuit,
2827 3747 2881 3794 et
2918 3742 3145 3796 decreta
3174 3744 3464 3812 Evangelii
3495 3760 3625 3814 quae
3682 3749 3761 3798 at-

2064 3826 2193 3879 tulit
2220 3826 2406 3897 magis
2432 3827 2676 3896 perfecta
2701 3832 2754 3881 et
2790 3830 2901 3881 Deo
2929 3834 3158 3897 accepta
3190 3844 3364 3898 quam
3396 3846 3464 3882 ea
3498 3845 3627 3899 qua:
3656 3848 3762 3901 per

2064 3914 2286 3983 Moysen
2324 3914 2700 3982 praemiserat,
2751 3915 3022 3968 ostendit.
3068 3915 3261 3968 Unde:
3313 3916 3568 3971 Audistis
3628 3920 3761 3985 quia

2063 4002 2267 4055 dictum
2316 4006 2393 4055 est
2431 4004 2709 4069 antiquis:
2745 4003 2955 4070 Diliges
3012 4005 3245 4056 amicum
3296 4007 3466 4071 tuum,
3526 4010 3576 4058 et
3627 4007 3750 4059 odio

2062 4090 2271 4146 habetis
2300 4092 2580 4144 inimicum
2630 4097 2799 4145 tuum.
2850 4093 2963 4159 Ego
3007 4096 3185 4144 autem
3220 4092 3337 4145 dico
3375 4092 3527 4146 vobis
3562 4109 3576 4146 :
3608 4094 3760 4147 Diti-

2060 4181 2169 4245 gite
2198 4181 2442 4233 inimicos
2470 4184 2690 4246 vestros,
2728 4185 2833 4233 etc.

1988 4296 2030 4348 Β
2132 4269 2289 4322 Vens.
2328 4270 2409 4322 12.
2442 4269 2868 4323 -Ανεαωρνωεε
2896 4285 3014 4323 rem.
3044 4273 3378 4324 Artaxerxes
3408 4270 3509 4341 qui
3556 4271 3760 4327 devota

2061 4360 2251 4409 mente
2282 4356 2560 4427 templum
2609 4361 2666 4410 et
2714 4358 3034 4413 sacerdotes
3091 4358 3320 4413 Domini
3352 4360 3752 4427 venerabatur,

2060 4445 2227 4516 eique
2285 4445 2687 4513 famulabatur,
2733 4448 3080 4502 Christianos
3110 4448 3415 4520 principes,
3444 4450 3590 4503 sicut
3649 4450 3758 4504 Da-

2059 4534 2177 4588 rius
2208 4534 2511 4604 signiﬁcat.
2573 4536 2683 4589 Nec
2737 4536 2946 4589 mirum
3007 4538 3054 4590 si
3093 4553 3441 4592 successores
3484 4538 3613 4609 Cyri
3648 4538 3748 4609 qui

2055 4624 2340 4693 templum
2379 4629 2436 4677 et
2464 4624 2749 4678 civitatem
2774 4625 3034 4680 fecerunt
3063 4627 3350 4693 aediﬁcari,
3407 4628 3534 4698 qui.
3562 4644 3757 4681 servos

2058 4713 2181 4782 ejus
2212 4728 2275 4765 ac
2303 4712 2489 4781 legem
2522 4713 2864 4779 dilexerunt,
2888 4719 3058 4784 atque
3077 4716 3372 4785 juverunt,
3397 4715 3751 4771 Christianos
3778 4714 3785 4715 7

2056 4817 2220 4871 reges
2249 4800 2540 4871 ﬁgurant;
2595 4818 2725 4856 cum
2780 4802 2891 4873 ipsi
2925 4804 3199 4857 Dominus
3260 4821 3362 4874 per
3411 4806 3755 4875 prophetam

2057 4890 2265 4959 Cyrum
2284 4889 2604 4960 signiﬁcare
2638 4891 2844 4945 Filium
2873 4908 3041 4945 suum
3073 4892 3251 4946 dixit:
3279 4898 3336 4946 et
3368 4894 3490 4962 ejus
3522 4895 3755 4947 nomine

2055 4978 2217 5032 illum
2264 4979 2746 5046 honoriﬁcaverit,
2815 4979 3039 5034 dicens:
3094 4982 3220 5035 Haec
3290 4981 3429 5036 dicit
3490 4983 3756 5037 Dominus

2057 5068 2270 5122 Christo
2295 5083 2407 5121 meo
2445 5069 2582 5135 Cyro
2612 5068 2747 5136 (Isa.
2776 5067 2916 5137 XLV).

2128 5157 2292 5209 Vens.
2332 5158 2410 5210 l3.
2438 5185 2506 5196 —-
2536 5157 2587 5210 Α
2613 5171 2695 5209 me
2724 5156 3011 5211 decretum.
3047 5157 3191 5222 Quia
3217 5159 3289 5213 ad
3316 5175 3509 5230 regem
3542 5176 3752 5231 perve-

2055 5248 2222 5297 nerat
2247 5242 2399 5296 fama
2424 5242 2631 5296 divina:
2660 5242 2903 5308 virtutis,
2945 5259 3050 5314 per
3076 5261 3251 5315 quam
3282 5246 3379 5300 ille
3406 5247 3698 5303 incensam
3721 5266 3753 5303 a

2058 5331 2337 5387 Chaldaeis
2364 5331 2551 5400 legem
2583 5330 2814 5399 (eisdem
2837 5331 3045 5402 quibus
3066 5334 3225 5404 prius
3252 5335 3504 5405 propriis
3533 5354 3753 5393 sermo-

2056 5420 2244 5487 nibus,
2275 5419 2536 5489 quamvis
2562 5419 2673 5473 alio
2696 5420 3023 5475 litterarum
3069 5424 3374 5496 caractere)
3432 5427 3746 5483 novaverit.

2128 5508 2285 5563 Vens.
2323 5509 2406 5562 14.
2432 5536 2500 5548 -
2534 5510 2600 5563 Ut
2620 5509 2936 5579 cuicunque.
2963 5510 3241 5567 Omnibus
3262 5513 3549 5569 licentiam
3572 5515 3749 5570 eundi
