3998 6178
277 211 395 262 707

903 205 1293 260 WALAFRIDI
1331 205 1576 261 STRABI
1620 205 1815 260 FULD.
1861 206 2017 260 MON.
2071 203 2228 260 OPP.
2275 205 2447 260 PARS
2494 206 2537 261 Ι.
2581 235 2649 244 —-
2688 206 3140 263 THEOLOGICA.
3670 215 3764 268 708

284 327 503 394 tribuit,
565 327 792 380 nullum
834 325 918 380 ire
979 325 1290 396 compellit.
1335 324 1642 380 Christiani
1695 325 1982 396 principes
2018 327 2065 379 Α
2098 329 2207 386 tur,
2241 324 2354 378 emi
2383 331 2643 396 possunt,
2698 326 2833 398 quia
2884 327 3021 382 talia
3056 344 3188 383 cum
3247 329 3530 400 audimus,
3591 334 3771 389 mirari

285 418 509 471 nullum
552 421 840 486 cogentes,
875 431 948 468 ne
981 415 1054 468 sit
1083 414 1300 467 incerta
1348 413 1611 467 voluntas
1662 413 1820 480 ﬁdei,
1856 431 1983 468 om-

284 506 452 559 nibus
483 505 692 576 quibus
718 503 998 575 placuerit
1027 504 1086 556 in
1117 519 1295 572 regno
1337 519 1439 557 suo
1462 503 1750 557 Christum
1798 505 1986 558 colere

293 595 658 666 permittunt.

327 686 433 738 -Et
478 688 675 751 septem
731 681 1155 735 consiliatorum.
1212 681 1276 732 In
1330 679 1474 733 libro
1530 680 1727 734 Esther
1774 679 1988 749 legitur

294 771 468 825 moris
499 770 671 824 fuisse
716 771 1014 823 Persarum
1060 768 1311 838 regibus,
1371 769 1523 822 utin
1554 768 1772 822 cunctis
1810 784 1984 837 agen-

289 861 373 914 dis
397 860 483 912 vel
509 858 898 912 discerneudis
920 864 1137 927 septem
1155 856 1392 910 consilio
1414 861 1732 910 uterentur.
1757 856 1984 926 Septem

287 947 624 1002 consiliariis
655 952 899 1000 utuntur
931 946 1126 999 ﬁdeles
1186 961 1315 999 cum
1348 945 1408 998 in
1439 945 1708 999 omnibus
1739 961 1869 1016 qua:
1899 947 1984 999 fa-

289 1036 448 1090 ciunt
517 1039 800 1106 praecepta
869 1034 1075 1088 divinae
1157 1034 1464 1103 Scripturaa
1520 1038 1858 1104 sequuntur.
1910 1035 1987 1088 De

289 1141 404 1195 qua
458 1124 708 1178 dicitur:
759 1124 1004 1190 Eloquia
1049 1124 1267 1176 Domini
1305 1123 1519 1191 eloqui-1
1569 1126 1740 1188 casta,
1782 1137 1985 1189 argen-

291 1220 404 1268 tum
451 1215 575 1279 igne
657 1215 1049 1278 examinatum,
1095 1211 1388 1279 probatum
1461 1214 1634 1274 terrae,
1679 1215 1988 1279 purgatum

295 1302 605 1370 septuptum
631 1299 812 1370 (Psal.
851 1300 947 1367 x1),
993 1298 1055 1352 id
1085 1302 1169 1351 est
1200 1303 1394 1352 sancta
1447 1297 1828 1352 illustratione
1860 1314 1986 1369 sep-

288 1389 532 1443 tiformis
572 1388 806 1459 spiritus
833 1388 1169 1458 perfectum.

360 1479 568 1531 Missus
616 1493 689 1531 es.
747 1477 984 1531 Mittitur
1041 1476 1240 1530 Esdras
1299 1492 1333 1528 a
1383 1474 1525 1528 facie
1571 1474 1726 1545 regis
1773 1480 1830 1528 et
1857 1490 1988 1544 sep-

290 1572 406 1621 tem
437 1566 868 1619 consiliatorum
904 1566 1046 1633 ejus,
1084 1570 1148 1617 ut
1176 1564 1366 1617 visitet
1413 1563 1632 1616 Indiam
1663 1570 1722 1616 et
1761 1564 1988 1617 Jerusa-

291 1657 406 1709 lem
434 1661 489 1708 et
518 1654 775 1708 conversi
796 1654 862 1707 ad
895 1653 1068 1706 ﬁdem
1093 1651 1383 1723 principes
1421 1651 1612 1705 saeculi
1641 1657 1699 1706 et
1736 1652 1990 1722 Scriptu-

293 1759 489 1796 rarum
560 1741 1030 1813 persuasionibus
1077 1741 1349 1807 roborati,
1401 1740 1688 1795 Christum
1748 1740 1820 1794 ad
1876 1741 1992 1793 sal-

293 1832 536 1885 vandam
611 1831 913 1884 Ecclesiani
981 1834 1038 1883 et
1087 1829 1547 1899 congregandam
1601 1829 1670 1883 de
1724 1829 1992 1899 gentibus

289 1920 626 1990 quotidiano
687 1917 923 1984 auxilio,
958 1917 1113 1988 quod
1162 1918 1348 1972 Esdrae
1406 1933 1624 1971 nomen
1682 1917 1987 1988 signiﬁcat,

225 2017 230 2020 ‘
295 2009 490 2061 venire
528 2007 872 2073 desiderant,
909 2007 1193 2067 dicentes:
1256 2006 1484 2061 Domine
1522 2009 1658 2060 Deus
1703 2009 1988 2072 virtutum,

294 2101 616 2164 convertere,
647 2098 852 2164 respice
879 2096 944 2149 de
969 2097 1118 2161 creto,
1152 2099 1256 2148 etc.
1303 2095 1465 2156 (Psal.
1502 2096 1705 2164 LXXIX.)

366 2185 492 2250 Quae
539 2187 618 2238 est
671 2188 730 2237 in
777 2199 960 2237 manu.
999 2183 1201 2238 Mirum
1235 2183 1391 2253 quod
1426 2183 1719 2236 invenitur
1749 2183 1986 2236 verbum

295 2274 356 2327 in
394 2273 630 2343 epistola
659 2273 979 2326 Artaxerxis
1010 2288 1124 2342 quo
1162 2273 1462 2342 prophetas
1487 2272 1674 2326 solent
1704 2272 1787 2325 uti
1819 2288 1831 2325 :
1860 2289 1991 2326 cum

295 2363 429 2417 dicit
464 2363 649 2432 legem
677 2361 779 2414 Dei
809 2377 930 2414 esse
959 2360 1020 2413 in
1051 2376 1226 2414 manu
1283 2361 1430 2413 servi
1480 2359 1658 2429 illius,
1711 2360 1990 2430 scriptum

296 2456 381 2506 est
410 2451 594 2505 enim:
625 2451 854 2504 Factum
912 2453 998 2502 est
1039 2449 1275 2502 verbum
1319 2447 1377 2500 in
1419 2463 1595 2501 manu
1624 2448 1824 2518 Aggaai
1855 2464 1988 2518 pro-

292 2541 503 2610 phetae.
564 2539 627 2592 Et
657 2537 934 2591 Dominus
973 2536 1106 2590 fecit
1132 2537 1286 2606 quod
1334 2537 1558 2590 locutus
1591 2541 1676 2590 est
1708 2536 1764 2589 in
1816 2551 1991 2590 manu

295 2628 442 2682 servi
473 2626 562 2680 sui
591 2627 726 2680 Elite
751 2642 765 2691 ;
808 2631 865 2679 et
892 2624 1225 2679 testiﬁcatus
1255 2629 1339 2677 est
1369 2624 1649 2678 Dominus
1702 2623 1762 2677 in
1818 2624 1989 2677 Israel

294 2723 349 2771 et
380 2717 442 2770 in
486 2716 630 2771 Juda
667 2731 769 2785 per
802 2730 1004 2768 manus
1046 2714 1307 2767 omnium
1362 2713 1818 2783 prophetarum:
1854 2712 1990 2783 quia

293 2805 506 2858 scilicet
529 2805 826 2874 prophetas
844 2819 961 2856 non
985 2802 1174 2855 minus
1187 2801 1477 2872 Operando
1498 2817 1670 2872 quam
1696 2801 1988 2872 loquendo

295 2910 424 2965 quae
459 2893 557 2947 Dei
588 2896 740 2957 sunt,
776 2891 1182 2962 praedicabant.
1241 2900 1248 2905 ’

364 2982 620 3037 Christus
653 2982 837 3050 legem
879 2979 940 3032 in
971 2995 1146 3033 manu
1200 2978 1439 3032 habuit:
1473 2977 1610 3049 quia
1654 2993 1781 3032 eam
1810 2994 1989 3049 quon-

293 3072 424 3126 dam
456 3086 560 3140 per
594 3069 822 3139 Moysen
846 3072 1019 3137 prout
1043 3065 1241 3133 voluit,
1279 3065 1510 3131 statuit;
1544 3071 1599 3119 et
1641 3082 1792 3120 nunc
1831 3082 1987 3119 eam-

293 3160 424 3214 dem
450 3175 555 3228 per
582 3157 954 3228 semetipsum
985 3155 1300 3210 immutans
1329 3155 1402 3209 ad
1439 3153 1782 3224 perfectiora
1810 3160 1991 3209 trans-

294 3247 444 3302 tulit.

365 3337 523 3389 Vans.
565 3338 648 3388 15.
679 3364 748 3372 —
777 3333 856 3386 Et
884 3337 945 3385 ut
973 3335 1142 3398 feras.
1176 3331 1434 3385 Notanda
1463 3330 1606 3385 ﬁdes
1654 3336 1710 3386 et
1761 3331 1989 3402 sapien-

292 3424 376 3477 tia
403 3422 556 3493 regis
583 3426 641 3475 et
682 3420 1113 3474 consiliatorum
1145 3420 1267 3489 ejus
1322 3419 1422 3490 qui
1458 3418 1610 3473 dona
1658 3436 1758 3472 sua
1806 3419 1990 3488 magis

294 3527 399 3582 per
428 3511 594 3564 illum
647 3510 748 3580 qui
795 3510 980 3578 legem
1028 3507 1128 3562 Dei
1176 3508 1238 3561 in
1277 3523 1454 3561 manu
1498 3507 1760 3573 habebat,
1816 3507 1872 3560 id
1905 3511 1992 3561 est

294 3616 465 3670 opere
494 3597 833 3668 complebat,
863 3597 1153 3651 oﬁ'erenda
1182 3612 1302 3650 esse
1327 3596 1746 3650 intellexerunt.

367 3691 540 3758 Cujus
569 3691 628 3741 in
655 3687 988 3741 Jerusalem.
1025 3688 1219 3754 (BEDA,
1250 3685 1348 3739 ubi
1365 3685 1582 3754 supra.)
1644 3683 1910 3738 Fideliter
1937 3689 1989 3738 et

294 3778 454 3832 docte
502 3791 637 3830 eum
688 3775 748 3828 in
809 3773 1122 3828 Jerusalem
1175 3773 1387 3827 habere
1429 3773 1859 3826 tabernaculum
1910 3771 1988 3826 di-

294 3867 388 3931 cit,
412 3869 540 3930 etc.,
575 3879 742 3933 usque
773 3863 847 3917 ad
871 3869 929 3916 et
954 3863 1024 3917 de
1054 3862 1154 3916 illo
1185 3864 1431 3916 Joannes
1463 3861 1577 3928 ait;
1610 3863 1729 3930 Ipse
1753 3866 1831 3916 est
1854 3877 1986 3930 pro-

289 3958 512 4026 pitiatio
529 3969 627 4020 pro
651 3955 888 4024 peccatis
912 3955 1112 4007 nostris
1133 3951 1183 4018 (Ι
1205 3953 1356 4005 Joan
1397 3950 1478 4020 ll).

366 4046 534 4098 Vens.
574 4045 658 4098 16.
716 4071 786 4083 -
832 4045 902 4097 Et
947 4057 1097 4095 omne
1147 4045 1451 4108 argentum.
1493 4040 1566 4093 De
1597 4039 1702 4093 hac
1743 4038 1989 4108 pecunia

295 4134 489 4188 ﬁdeles
518 4134 579 4186 in
629 4130 875 4186 Ecclesia
909 4147 1011 4183 sua
1041 4130 1194 4184 bona
1241 4144 1418 4198 opera
1449 4127 1663 4181 clarere
1707 4127 1983 4197 cupiunt:

2097 413 2330 484 quidem
2354 414 2508 468 velut
2550 415 2742 469 divina
2771 415 3082 470 debemus:
3133 418 3230 472 sed
3293 419 3452 490 quasi
3500 422 3771 489 possibilia

2095 503 2312 556 imitari
2343 519 2456 557 non
2485 503 2759 558 valemus.

2168 592 2328 646 Vens.
2368 595 2451 646 19.
2484 621 2554 632 —
2601 594 2744 647 Vasa
2787 608 3014 663 quoque.
3066 595 3243 648 Verus
3288 595 3500 649 Esdras
3530 613 3660 651 vasa
3684 599 3777 652 mi-

2097 679 2418 733 sericordiae
2448 696 2578 749 quae
2618 681 2725 734 sibi
2753 682 3059 735 traduntur
3091 682 3160 736 ab
3190 684 3524 737 hominibus
3564 685 3622 738 in
3651 703 3775 740 con-

2099 777 2292 838 spectu
2341 769 2522 822 Patris
2579 769 2642 823 in
2697 786 3004 839 supernam
3047 773 3359 826 Jerusalem
3399 774 3654 830 tradidit.
3709 777 3779 830 De

2097 854 2306 925 quibus
2336 855 2547 909 dicitur
2578 873 2592 910 :
2623 858 2892 926 Quomodo
2928 863 3136 928 poterit
3161 863 3451 928 quisquam
3486 865 3688 916 intrare
3728 866 3780 917 in

2097 943 2313 996 domum
2371 946 2556 1009 fortis,
2617 951 2667 998 et
2705 961 2841 1000 vasa
2897 948 3012 1015 ejus
3073 948 3331 1016 diripere,
3354 952 3466 1003 nisi
3489 953 3648 1020 prius
3673 953 3780 1005 alti-

2097 1036 2310 1099 gaverit
2340 1035 2535 1098 fortem
2559 1035 2589 1087 ?
2618 1033 2819 1104 (Marc.
2857 1037 2966 1103 in.)
3021 1036 3202 1089 Fortis
3231 1037 3388 1090 enim
3421 1045 3544 1091 erat
3568 1054 3660 1091 rex
3693 1040 3776 1092 Ba-

2097 1118 2344 1188 bylonis,
2401 1122 2458 1175 id
2511 1126 2596 1175 est
2641 1122 2944 1176 diabolus:
3001 1124 3100 1177 sed
3138 1124 3360 1178 vinctus
3407 1131 3467 1179 et
3526 1125 3783 1196 ligatusa

2101 1205 2368 1274 Domino,
2419 1225 2486 1262 ea
2513 1225 2642 1280 qum
2672 1209 2884 1280 injuste
2921 1210 3251 1281 possidebat
3280 1229 3433 1280 vasa,
3488 1214 3550 1267 id
3598 1219 3681 1268 est
3703 1215 3784 1268 de-

2099 1293 2377 1350 lectorum
2405 1297 2578 1351 corda
2602 1299 2795 1352 amisit
2827 1315 2839 1352 :
2867 1315 3054 1370 neque
3101 1301 3384 1354 auferenti
3414 1306 3472 1355 et
3501 1302 3574 1356 ad
3597 1319 3780 1372 super-

2100 1398 2231 1437 nam
2263 1384 2547 1439 civitatem
2601 1387 2765 1457 cujus
2820 1393 2984 1441 erant
3027 1388 3262 1458 propria
3317 1390 3616 1444 reducenti
3672 1407 3787 1444 con-

2101 1473 2377 1527 tradicere
2407 1476 2611 1545 potuit.

2177 1561 2333 1616 VERS.
2368 1565 2455 1616 21.
2489 1590 2552 1600 -·
2587 1567 2656 1618 Et
2685 1580 2719 1616 a
2769 1579 2868 1618 me.
2930 1565 3218 1636 Principes
3265 1566 3578 1620 Christiani
3610 1567 3785 1636 subje-

2101 1648 2205 1702 ctis
2235 1649 2351 1702 suis
2382 1653 2688 1720 imperant,
2725 1658 2790 1706 ut
2819 1653 3100 1723 quidquid
3123 1654 3354 1723 petierit
3383 1655 3639 1709 Christus
3659 1671 3788 1725 pon-

2099 1738 2235 1791 tifex
2276 1747 2488 1807 noster,
2523 1741 2736 1811 absque
2794 1758 2955 1795 mora
2995 1743 3299 1797 tribuant:
3356 1744 3502 1798 nihil
3563 1745 3786 1799 omnino

2098 1831 2485 1892 retractantes,
2529 1827 2663 1881 dent
2706 1844 2912 1882 aurum
2963 1829 3022 1882 in
3072 1831 3433 1885 confessione
3466 1849 3616 1887 veras
3643 1831 3786 1897 ﬁdei,

2097 1913 2455 1968 frumentum
2507 1915 2568 1969 iu
2597 1917 2923 1970 ostensione
2956 1917 3122 1972 bona:
3145 1920 3537 1987 operationis;
3602 1921 3788 1974 vinum

2098 2003 2156 2056 in
2189 2004 2409 2058 fervore
2439 2005 2794 2070 dilectionis;
2840 2008 3031 2061 oleum
3061 2008 3120 2061 in
3153 2008 3441 2063 hilaritate
3481 2011 3790 2064 misericor-

2099 2089 2240 2145 dia):
2275 2097 2331 2146 et
2361 2093 2482 2146 haec
2527 2095 2720 2147 omnia
2780 2095 2884 2149 sub
2933 2097 3261 2156 centenario
3320 2114 3569 2152 numero
3619 2116 3788 2153 sacer-

2097 2180 2217 2234 doti
2247 2197 2456 2251 magno
2502 2187 2557 2236 et
2608 2182 2808 2236 scribae
2860 2183 3003 2252 legis
3047 2185 3145 2239 Dei
3191 2185 3318 2240 οωΙὶ
3349 2187 3474 2239 dari
3497 2187 3784 2257 jnbentur,

2097 2268 2151 2323 id
2185 2275 2270 2322 est
2301 2270 2545 2337 Christo,
2579 2271 2679 2341 qui
2709 2272 2959 2326 coelestia
3017 2273 3184 2328 nobis
3242 2274 3514 2329 mandata
3545 2293 3579 2329 a
3634 2277 3786 2330 Patre

2097 2358 2372 2424 deferens,
2408 2359 2659 2414 ccelestia
2693 2361 3087 2415 obedientibus
3135 2363 3194 2416 in
3224 2363 3397 2417 domo
3430 2364 3620 2418 Patris
3648 2381 3787 2434 prae-

2096 2447 2213 2500 mia
2251 2448 2535 2518 promisit.
2597 2450 2971 2504 Centenarius
3027 2450 3201 2518 enim,
3259 2452 3358 2522 qui
3411 2451 3472 2506 in
3525 2461 3787 2524 computo

2095 2536 2410 2606 digitorum
2442 2554 2473 2590 a
2530 2538 2670 2592 laeva
2717 2539 2922 2593 transit
2978 2539 3036 2592 in
3068 2540 3358 2594 dexteram
3395 2557 3407 2594 :
3463 2558 3533 2595 ea
3571 2559 3698 2613 qua:
3735 2543 3788 2596 in

2096 2624 2290 2678 dextra
2318 2623 2524 2678 indicis
2555 2625 2632 2694 (id
2665 2629 2748 2679 est
2778 2626 2892 2679 vita
2921 2627 3154 2697 interna)
3186 2632 3322 2681 sunt
3349 2629 3590 2698 gaudia,
3647 2629 3786 2683 desi-

2096 2719 2252 2784 gnat.
2314 2713 2612 2767 Talentum
2671 2719 2861 2768 autem
2909 2715 3150 2785 triplicis
3192 2732 3484 2771 mensurae
3531 2718 3785 2772 traditur.

2096 2802 2416 2865 Minimum,
2442 2803 2714 2856 librarum
2745 2803 3167 2874 quinquaginta
3198 2805 3478 2872 medium,
3515 2807 3782 2860 librarum

2026 2899 2066 2954 C
2096 2890 2390 2961 sexaginta
2418 2891 2530 2944 duo
2561 2907 2871 2959 summum,
2909 2892 3181 2945 librarum
3214 2897 3440 2946 centum
3484 2899 3544 2948 et
3571 2895 3786 2965 viginti.

2101 2980 2276 3034 Corus
2321 2979 2559 3048 triginta
2609 2980 2822 3034 modii:
2881 2981 3063 3047 batos,
3115 2981 3216 3052 qui
3264 2989 3321 3036 et
3379 2983 3520 3052 cphi
3577 2983 3789 3038 decima

2099 3083 2231 3139 pars
2259 3068 2399 3136 cori,
2431 3067 2489 3121 id
2521 3073 2605 3121 est
2629 3073 2745 3122 tres
2769 3068 2967 3122 modii.

2171 3157 2329 3210 νεεδ.
2386 3158 2473 3209 22.
2515 3157 2708 3212 —Sal
2745 3172 2887 3211 vero.
2944 3157 3115 3226 (BEDA
3164 3159 3261 3212 ubi
3305 3159 3528 3230 supra.)
3589 3159 3678 3214 Sal
3707 3175 3788 3213 sa-

2098 3245 2377 3317 pientiam
2409 3245 2689 3314 signiﬁcat
2739 3251 2868 3313 etc.,
2916 3261 3086 3315 usque
3141 3247 3217 3300 ad
3263 3247 3400 3302 dum
3456 3264 3567 3318 per
3597 3248 3788 3303 adver-

2100 3336 2280 3390 sarios
2305 3339 2654 3404 expugnant.

2171 3424 2439 3478 Vsas.24.
2473 3423 2732 3477 —Vobis
2784 3438 3011 3492 quoque.
3069 3425 3186 3477 Hoc
3241 3423 3550 3495 privilegio
3609 3429 3788 3479 osten-

2100 3513 2273 3578 ditur,
2308 3511 2460 3582 quod
2481 3516 2686 3565 caetera
2713 3512 2876 3582 plebs
2916 3511 3166 3566 ﬁliorum
3207 3513 3374 3566 Israel
3426 3512 3501 3566 ad
3557 3514 3789 3584 patriam

2099 3601 2439 3673 perveniens
2501 3601 2719 3654 tributa
2773 3600 2928 3671 regis
2984 3601 3290 3671 pendebat,
3335 3601 3491 3671 quod
3555 3603 3791 3656 discreta

2099 3689 2424 3760 provisione
2454 3704 2549 3742 rex
2583 3688 2781 3742 fecisse
2803 3687 3170 3757 cognoscitur
3201 3692 3262 3740 ut
3290 3687 3390 3757 qui
3440 3687 3642 3742 divino
3687 3702 3790 3740 ser-

2098 3778 2234 3831 vitio
2262 3781 2597 3847 supererant
2626 3775 2904 3846 occupati,
2935 3791 2966 3828 a
3015 3791 3118 3829 suo
3146 3775 3420 3828 famulatu
3480 3780 3675 3830 essent
3724 3774 3788 3828 li-

2099 3867 2242 3931 beri,
2299 3870 2356 3919 et
2404 3865 2504 3935 qui
2547 3863 2608 3916 in
2660 3868 2812 3917 terra
2858 3863 3006 3917 nihil
3053 3864 3351 3934 pr0prium
3400 3865 3785 3935 possidebant,

2098 3957 2194 4011 sed
2225 3971 2294 4010 ex
2323 3954 2558 4009 decimis
2581 3954 2778 4024 populi
2829 3953 3117 4016 vivebant,
3144 3970 3314 4008 nemo
3345 3969 3413 4007 ex
3470 3955 3557 4008 eis
3614 3953 3786 4009 tribu-

2098 4051 2223 4100 tum
2253 4043 2528 4114 exigeret.
2565 4044 2661 4097 His
2692 4041 2959 4097 omnibus
2992 4041 3289 4111 probatur,
3342 4058 3456 4095 non
3491 4045 3677 4096 solum
3707 4041 3784 4094 di-

2099 4132 2321 4198 lexisse,
2353 4131 2451 4184 sed
2483 4130 2653 4184 etiam
2686 4131 2900 4200 optime
2930 4130 3193 4185 didicisse
3245 4147 3376 4202 quae
3421 4131 3634 4186 divina:
3676 4145 3784 4185 ser-

295 4227 360 4276 ut
405 4237 509 4291 per
565 4221 675 4274 hoc
712 4223 934 4290 patrem
968 4234 1097 4271 cum
1130 4217 1339 4270 sanctis
1361 4216 1643 4270 habeant:
1671 4219 1728 4268 et
1774 4215 1870 4268 alii
1900 4215 1987 4284 ip-
2021 4233 2063 4286 ι)
2103 4221 2297 4275 vimus
2327 4225 2589 4290 posceret
2617 4220 2823 4274 cultus.

297 4326 490 4363 sorum
522 4308 771 4378 exempli
802 4306 1125 4377 proﬁciant.
1157 4306 1296 4359 Nam
1351 4304 1515 4375 quasi
1559 4304 1630 4358 de
1661 4309 1898 4374 argento
1939 4309 1994 4357 et

296 4415 437 4452 auro
469 4402 666 4451 nostro
696 4394 992 4460 sacriﬁcia,
1037 4393 1332 4459 libamina,
1389 4397 1446 4446 et
1489 4393 1691 4446 hostia:
1743 4393 1812 4446 ad
1862 4392 1994 4445 offe-

299 4487 544 4541 rendum
590 4484 832 4539 Domino
885 4488 1328 4553 comparantur:
1387 4497 1519 4535 cum
1589 4480 1705 4536 visa
1751 4496 1994 4551 operum

299 4580 631 4629 nostrorum
652 4572 906 4627 claritate
937 4571 1180 4643 proximi
1207 4574 1620 4624 convertuntur
1639 4570 1711 4624 ad
1741 4569 1994 4622 ofﬁcium

297 4663 560 4734 pietatis:
617 4678 732 4732 quo
788 4666 843 4715 et
901 4660 1011 4731 ipsi
1062 4660 1208 4713 bene
1237 4658 1481 4713 vivendo
1514 4658 1755 4712 Domino
1793 4674 1992 4711 conse-

300 4757 534 4806 crantur
558 4767 572 4819 ;
604 4755 739 4804 sunt
763 4754 957 4804 autem
981 4748 1244 4819 quaedam
1273 4752 1605 4800 sanctorum
1661 4746 1992 4800 clarissima:

300 4840 574 4894 virtutes:
608 4855 739 4910 quas
768 4853 884 4892 non
917 4836 1184 4891 omnibus
1217 4834 1278 4888 in
1309 4835 1571 4904 exempla
1616 4833 1806 4904 Operis
1861 4851 1993 4904 pos-

302 4933 436 4982 sunt
479 4927 736 4982 ostendi:
777 4925 877 4980 sed
904 4930 1130 4980 tantum
1162 4923 1230 4978 ad
1261 4921 1694 4994 gloriﬁcandam
1728 4920 1829 4974 Dei
1859 4936 1996 4991 gra-

300 5017 438 5072 tiam
469 5015 717 5083 recitari,
766 5020 829 5068 ut
853 5019 940 5068 est
970 5013 1113 5068 illud
1170 5011 1324 5083 quod
1375 5010 1571 5064 Daniel
1625 5015 1682 5063 et
1722 5009 1997 5064 Jeremias

303 5106 469 5178 pueri
490 5101 1009 5176 prophetaverunt:
1045 5101 1196 5173 quod
1236 5101 1483 5154 Joannes
1505 5099 1760 5152 nondum
1795 5103 1992 5151 natus:

303 5196 461 5266 quod
492 5194 788 5249 Cornelius
817 5207 946 5246 cum
982 5191 1152 5245 domo
1207 5205 1311 5244 sua
1365 5189 1623 5243 nondum
1679 5186 1998 5257 baptizatus

305 5283 584 5354 Spiritum
639 5287 898 5336 sanctum
955 5278 1192 5348 accepit,
1242 5284 1300 5332 et
1350 5277 1658 5332 innumera
1725 5275 2000 5330 miracula

304 5373 486 5426 instar
515 5371 738 5441 argenti
788 5370 849 5423 in
880 5369 1051 5423 domo
1092 5366 1341 5420 Domini.
1385 5367 1497 5419 Nec
1537 5369 1762 5419 tantum
1795 5381 1863 5418 ex
1894 5364 2000 5418 hoc

302 5465 542 5532 argento
572 5461 660 5514 vel
690 5475 831 5513 auro
862 5456 1180 5511 oblationes
1209 5471 1335 5526 quae
1365 5470 1538 5525 super
1568 5455 1744 5508 altera
1772 5468 1998 5524 ponun-

2171 4312 2330 4365 Veas.
2382 4311 2469 4363 2‘5.
2529 4339 2596 4347 —
2667 4311 2746 4362 Tu
2795 4313 2977 4363 autem
3010 4309 3167 4377 (Ben.
3195 4310 3354 4380 ibid.)
3408 4310 3644 4381 Repetit
3697 4325 3785 4364 rex

2101 4413 2231 4459 quas
2259 4412 2432 4467 supra
2480 4396 2720 4459 dixerat,
2763 4400 2894 4464 etc.,
2924 4411 3093 4465 usque
3123 4397 3198 4450 ad
3249 4399 3456 4468 quibus
3508 4415 3660 4470 sepe
3705 4413 3786 4451 re-

2101 4501 2201 4556 ges
2229 4491 2287 4538 et
2315 4485 2604 4554 principes
2630 4485 2847 4539 litteras
2875 4501 2981 4555 pro
3014 4491 3162 4540 statu
3202 4486 3462 4541 ﬁdelium
3492 4489 3786 4542 miserunt.

2173 4576 2329 4628 Vens.
2363 4576 2450 4628 28.
2485 4604 2554 4612 —
2606 4574 2687 4628 Et
2739 4589 2834 4641 ego
2880 4577 3234 4640 confortatus.
3297 4576 3387 4630 Sic
3429 4577 3676 4648 quisque
3726 4575 3788 4628 ad

2100 4663 2243 4717 alios
2264 4661 2694 4733 congregandos
2735 4661 2973 4716 idoneus
3018 4680 3122 4733 per
3167 4663 3489 4719 doctrinam
3521 4681 3683 4719 suam
3711 4662 3791 4717 ef-

2101 4751 2334 4805 ﬁcitur:
2368 4750 2561 4805 ebrius
2588 4767 2693 4821 per
2730 4751 2972 4821 gratiam
3025 4752 3121 4806 Dei
3174 4759 3374 4808 contra
3427 4755 3626 4809 omnia
3674 4767 3792 4824 qua:

2102 4843 2427 4895 sanctorum
2460 4855 2605 4911 opus
2625 4839 2974 4911 impediunt,
3008 4845 3198 4896 mente
3230 4842 3560 4899 roboratur.

2752 4972 2981 5027 CAPUT
3012 4973 3156 5027 VIII.

2175 5097 2333 5150 Vens.
2372 5100 2421 5152 1.
2463 5127 2532 5135 —
2574 5097 2649 5151 Hi
2694 5100 2821 5151 sunt
2867 5111 2992 5164 ergo
3036 5099 3315 5167 principes
3352 5100 3459 5152 etc.
3515 5099 3698 5166 (Benx,
3739 5097 3790 5148 in

2103 5185 2388 5256 Esdram.)
2439 5183 2754 5254 Diligenter
2800 5183 3090 5255 principes
3136 5185 3235 5255 qui
3273 5201 3466 5239 secum
3522 5185 3592 5239 de
3624 5185 3789 5253 Baby-

2106 5275 2237 5328 lone
2295 5272 2695 5339 ascenderunt,
2747 5277 3064 5337 enumerat,
3101 5279 3232 5339 etc.,
3263 5289 3432 5342 usque
3476 5273 3549 5327 ad
3581 5272 3639 5326 id
3694 5275 3786 5333 est,

2107 5379 2172 5417 ex
2199 5377 2400 5417 eorum
2428 5361 2544 5416 vita
2574 5377 2718 5431 quos
2753 5360 3018 5422 docuisti,
3052 5361 3355 5431 gloriosior
3385 5361 3497 5416 eris
3531 5361 3591 5414 in
3621 5375 3786 5428 regno

2111 5451 2234 5505 Dei.
