3998 6178
183 287 288 339 709

256 407 415 461 Vens.
450 409 536 459 15.
574 437 588 444 -

178 496 289 548 hoc
312 495 419 548 loci
451 511 565 548 non
598 495 734 548 alibi
757 511 847 548 me
880 496 1083 566 legisse
1116 494 1373 561 memini,
1404 499 1528 557 etc.,
1586 510 1755 563 usque
1810 494 1883 547 ad

180 584 406 653 copiam
439 583 547 636 sibi
605 583 1001 636 ministrorum
1063 583 1270 637 domus
1323 582 1425 635 Dei
1479 584 1735 653 providit
1780 599 1884 653 per

181 689 331 742 quos
388 673 800 741 Jerosolymam
849 672 1085 726 veniens
1120 688 1248 741 quae
1282 671 1341 724 in
1387 672 1587 741 templi
1618 688 1753 726 usus
1780 688 1881 725 ne-

180 760 430 813 cessaria
461 765 594 812 sunt
623 760 941 829 perliceret.

248 848 417 900 Vens.
450 852 531 900 l7.
564 878 632 885 —
666 850 735 901 Et
765 849 890 915 misi
918 862 1001 901 eos
1032 846 1106 899 ad
1138 846 1310 900 Eddo.
1374 846 1506 914 (10.,
1537 847 1695 915 ibid.)
1739 848 1885 901 Mare

180 936 453 1006 Caspium
484 936 798 989 secundum
844 935 1131 1001 Orosium,
1166 940 1298 999 etc.,
1329 950 1498 1004 usque
1535 936 1609 988 ad
1664 937 1886 1005 quibus

181 1025 473 1093 adjunctis
505 1024 705 1078 Esdras
735 1025 793 1078 in
839 1025 1087 1078 exercitu
1143 1041 1245 1077 suo
1281 1024 1436 1077 mille
1493 1024 1885 1094 septingento-

185 1131 314 1168 rum
339 1130 522 1184 prope
566 1114 819 1167 virorum
849 1130 1135 1167 summam
1163 1112 1431 1166 habuisse
1461 1113 1772 1181 reperitur.

258 1204 424 1256 νεεδ.
476 1206 565 1256 2i.
616 1234 684 1240 —
739 1205 809 1256 Et
858 1203 1161 1271 praedicavi
1216 1202 1295 1254 ibi
1342 1201 1637 1269 jejunium.
1690 1201 1887 1270 (ΒεοΑ,

188 1294 378 1346 homil.
455 1293 527 1360 8.)
594 1292 769 1345 Datur
829 1290 993 1344 nobis
1067 1290 1393 1359 exemplum
1471 1288 1775 1358 jejuuandi
1835 1294 1892 1341 et

188 1381 416 1445 orandi,
468 1386 599 1442 etc.,
655 1395 821 1447 usque
872 1380 946 1432 ad
1000 1384 1058 1432 et
1120 1378 1200 1431 sic
1254 1382 1397 1442 oret,
1458 1393 1564 1431 nec
1619 1394 1890 1448 prospere

189 1480 470 1523 eventura
506 1486 634 1539 quas
665 1470 935 1539 postulat,
969 1468 1213 1523 dubitet.

262 1559 429 1611 γης.
462 1560 547 1611 25.
588 1586 656 1596 —
706 1556 1065 1625 Appendique
1102 1559 1174 1609 eis
1222 1560 1526 1623 argentum,
1569 1559 1621 1607 et
1674 1568 1889 1619 aurum,

188 1652 237 1699 et
265 1661 407 1698 vasa
436 1649 763 1698 consecrata.
802 1644 904 1711 (In.
941 1644 998 1695 in
1038 1642 1294 1707 Esdram,
1338 1646 1478 1694 tom.
1516 1640 1609 1707 II.)
1644 1642 1750 1693 Per
1802 1656 1889 1691 ar-

191 1738 455 1801 gentum,
490 1737 544 1784 et
573 1746 799 1797 aurum,
834 1735 891 1783 et
919 1746 1051 1782 vasa
1087 1745 1217 1799 qua“:
1270 1728 1339 1781 de
1389 1727 1675 1797 Babylone
1729 1727 1893 1779 Jero-

190 1821 475 1891 solymam
505 1819 833 1883 mittuntur,
866 1824 995 1879 etc.,
1026 1833 1193 1886 usque
1225 1816 1298 1869 ad
1323 1821 1378 1869 et
1416 1832 1519 1885 per
1550 1830 1896 1868 successores

190 1927 395 1964 eorum
436 1926 618 1979 usque
647 1909 718 1962 ad
748 1910 925 1961 ﬁnem
956 1907 1293 1961 aediﬁcanda
1322 1912 1425 1959 est.

258 2001 388 2068 (10.,
414 1998 579 2065 ibid.)
616 1997 793 2050 Distat
824 1997 974 2049 inter
1002 1996 1123 2049 haec
1175 2012 1309 2048 vasa
1342 2011 1470 2065 qua:
1505 1994 1710 2049 Esdras
1765 2010 1894 2047 cum

189 2086 585 2141 sacerdotibus
614 2085 1027 2153 Jerosolymam
1062 2084 1245 2149 offert,
1268 2088 1323 2136 et
1362 2099 1428 2135 ea
1469 2099 1597 2152 qua:
1646 2082 1896 2136 Zoroba-

190 2178 277 2230 bel
331 2181 393 2229 et
419 2178 584 2229 Jesus
614 2174 885 2228 obtulisse
916 2174 1278 2226 referuntur:
1314 2171 1450 2241 quia
1481 2172 1581 2225 illa
1630 2171 1700 2225 de
1740 2175 1896 2224 tem-

192 2267 284 2337 plo
308 2264 545 2319 Domini
584 2262 858 2316 translata
905 2266 1037 2315 sunt
1088 2260 1148 2314 in
1204 2261 1570 2329 Babylonem,
1607 2264 1663 2313 et
1712 2264 1897 2312 trans-

193 2356 305 2408 lata
335 2359 477 2407 sunt
527 2353 586 2405 in
637 2352 990 2405 Jerusalem:
1074 2350 1195 2403 haec
1251 2349 1311 2401 in
1369 2348 1677 2418 Babylonia
1729 2348 1892 2409 facta,

194 2444 290 2496 sed
335 2440 659 2495 devotionis
687 2439 871 2509 gratia
916 2439 1325 2508 Jerosolymam
1378 2436 1549 2489 missa
1578 2452 1611 2488 a
1643 2452 1779 2505 rege
1810 2436 1897 2487 vel

196 2530 554 2602 principibus
606 2530 930 2593 Persarum,
984 2528 1067 2580 vel
1112 2527 1286 2579 etiam
1342 2542 1376 2578 a
1421 2525 1637 2595 populo
1703 2525 1896 2589 Israel,

196 2620 292 2690 qui
320 2620 383 2672 in
418 2619 531 2673 illis
560 2616 817 2687 partibus
847 2616 1195 2670 morabatur.
1235 2615 1337 2667 Illa
1390 2630 1527 2683 ergo
1559 2629 1687 2665 vasa
1719 2611 1898 2682 signi-

199 2712 374 2761 ﬁcant
400 2724 501 2759 eos
528 2704 630 2775 qui
659 2710 789 2774 post
818 2709 1109 2772 acceptam
1158 2702 1423 2756 notitiam
1460 2706 1516 2754 et
1544 2705 1901 2754 sacramenta

200 2796 353 2857 ﬁdei,
390 2802 521 2865 post
546 2794 812 2847 inchoata
840 2794 1113 2845 virtutum
1141 2808 1334 2861 opera,
1359 2790 1582 2859 decepti
1611 2806 1641 2842 a
1672 2788 1900 2841 diabolo

200 2886 509 2956 rapiuntur
540 2883 597 2937 in
629 2883 1021 2936 confusionem
1072 2896 1294 2947 eorum,
1327 2880 1423 2932 sed
1452 2878 1662 2932 Christi
1717 2878 1903 2947 gratia

200 2978 542 3027 revocantur
575 2972 641 3026 ad
696 2972 981 3035 salutem;
1034 2970 1153 3022 haec
1203 2974 1396 3021 autem
1452 2967 1581 3019 illos
1630 2966 1730 3037 qui
1771 2981 1901 3018 cum
1934 2971 1973 3024 C

200 3069 433 3132 peccatu
480 3060 680 3131 prima:
742 3057 1210 3128 transgressionis
1254 3055 1393 3119 nati,
1456 3071 1559 3125 per
1612 3056 1901 3108 lavacrum

198 3149 658 3221 regenerationis
707 3147 1062 3201 sacerdotum
1084 3144 1406 3199 ministerio
1458 3144 1691 3214 cxpiati,
1742 3142 1899 3196 Eccl-

199 3240 291 3293 siaa
322 3239 466 3293 filiis
491 3242 899 3308 aggregantur.

267 3330 436 3381 Vens.
472 3329 561 3381 28.
593 3356 661 3365 —-
690 3329 797 3381 Vos
827 3326 1005 3379 sancti
1039 3324 1255 3378 Domini
1283 3325 1429 3377 estis.
1497 3322 1739 3391 Oportet
1799 3321 1900 3375 do-

194 3423 388 3471 ctores
419 3415 679 3470 Ecclesiae
711 3429 1009 3484 nunquam
1035 3411 1292 3466 oblivisci
1321 3410 1732 3471 sanctimoniae,
1767 3408 1905 3480 quia

198 3526 229 3561 a
258 3506 513 3561 Domino
568 3508 700 3557 sunt
754 3501 1069 3556 consecrati
1094 3516 1195 3570 per
1241 3498 1515 3569 Spiritum
1546 3504 1809 3551 sanctum
1840 3498 1905 3551 in

200 3596 290 3650 die
354 3592 794 3663 redemptionis,
831 3592 903 3645 ad
950 3606 1124 3660 quam
1156 3588 1575 3657 suscipiendam
1601 3587 1773 3641 etiam
1803 3603 1904 3639 au-

200 3686 418 3738 ditores
444 3682 762 3747 instituant,
794 3686 857 3734 ut
887 3680 986 3750 qui
1011 3682 1127 3749 jam
1165 3679 1405 3731 Domino
1436 3676 1613 3730 oblati
1641 3680 1775 3729 sunt
1802 3691 1907 3743 per

200 3774 541 3828 rudimenta
578 3770 731 3833 ﬁdei,
761 3770 934 3823 etiam
959 3783 1064 3837 per
1099 3782 1294 3820 eorem
1325 3766 1425 3835 qui
1470 3765 1530 3817 in
1592 3765 1704 3817 ﬁde
1754 3780 1903 3834 prae-

198 3866 499 3915 cesserunt
530 3860 785 3928 exempla
816 3863 873 3911 et
902 3856 1122 3909 monita
1168 3854 1349 3924 magis
1382 3853 1818 3919 conﬁrmentur,
1851 3856 1907 3906 et

199 3965 477 4022 superna:
516 3948 758 4001 civitatis
786 3945 1024 3999 introitu
1054 3944 1212 4010 digni
1243 3941 1581 3996 efﬁciantur.

270 4048 437 4093 Vens.
474 4040 563 4091 '29.
598 4068 662 4076 —
699 4037 938 4102 Vigilate
989 4038 1038 4087 et
1095 4032 1376 4086 custodite.
1426 4030 1794 4101 Vigilandum
1824 4032 1909 4083 est

198 4127 617 4191 sacerdotibus,
649 4142 719 4179 ne
771 4140 885 4195 qua
916 4122 985 4176 de
1036 4122 1143 4175 sibi
1200 4120 1430 4173 creditis
1471 4119 1793 4185 animabus,
1847 4118 1906 4171 id

200 4225 297 4283 est,
369 4217 517 4270 vasis
563 4214 788 4269 Domini
817 4216 1050 4283 pereat:
1109 4211 1206 4265 sed
1254 4209 1477 4280 integro
1535 4224 1776 4262 numero
1838 4207 1908 4261 ad

201 4312 416 4361 sancta:
446 4304 673 4358 virtutis
693 4301 933 4357 aediﬁcia
962 4300 1370 4371 perducantur,

273 4400 459 4452 Donec
492 4392 840 4463 appendatis.
901 4390 1009 4443 Eos
1057 4388 1287 4453 scilicet,
1330 4402 1475 4457 quos
1507 4400 1755 4455 superna
1788 4384 1910 4438 dis-

203 4486 418 4557 positio
451 4483 613 4537 vobis
642 4480 951 4545 commisit,
986 4479 1127 4533 tales
1171 4475 1507 4530 instruendo
1554 4479 1609 4527 et
1653 4474 1909 4527 docendo

206 4574 548 4639 exhibeatis,
583 4572 683 4643 qui
722 4566 1253 4640 irreprehensibiles
1282 4564 1670 4627 inveniantur,
1707 4566 1763 4616 et
1792 4563 1911 4631 apti

207 4669 482 4721 thesauro
530 4663 677 4715 aulae
722 4658 981 4725 caelestis,
1014 4657 1071 4710 id
1102 4660 1205 4723 est,
1240 4654 1466 4707 sedibus
1498 4658 1728 4705 aeterna:
1758 4651 1911 4721 pacis

207 4761 263 4809 et
294 4752 462 4817 lucis,
523 4754 579 4804 et
627 4750 733 4802 hoc
778 4764 895 4801 non
944 4744 1162 4816 judicio
1194 4740 1585 4813 quorumlibet
1642 4738 1741 4809 qui
1792 4738 1911 4791 falli

205 4844 478 4911 possunt,
514 4836 616 4891 sed
648 4834 1035 4905 apostolorum
1060 4836 1116 4885 et
1145 4845 1346 4885 eorum
1382 4827 1481 4898 qui
1509 4842 1639 4879 cuin
1671 4823 1911 4878 Domino

208 4935 343 4984 sunt
362 4926 701 4999 judicaturi.
737 4924 804 4977 Hi
860 4922 1017 4977 enim
1047 4920 1253 4975 merito
1291 4922 1423 4971 sunt
1479 4914 1767 4985 principes
1826 4929 1913 4965 sa-

212 5018 519 5073 cerdotum
550 5020 609 5068 et
648 5012 972 5066 Levitarum
1004 5014 1060 5063 et
1113 5008 1283 5062 duces
1316 5004 1667 5059 familiarum
1717 5001 1909 5069 Israel,

207 5108 267 5161 id
297 5112 405 5170 est,
439 5105 697 5158 virorum
739 5102 827 5155 vel
874 5100 1199 5153 animarum
1233 5098 1413 5150 Deum
1461 5091 1780 5146 videntium
1810 5090 1907 5143 in-

208 5196 576 5265 telliguntur,
620 5192 689 5246 de
722 5190 933 5262 quibus
991 5187 1238 5242 dicitur:
1283 5186 1582 5241 Constitues
1612 5196 1697 5235 eos
1747 5183 1911 5249 prin-

210 5289 354 5353 cipes
412 5298 577 5351 super
638 5296 842 5335 omnem
906 5283 1108 5333 terram
1154 5275 1323 5347 (Psal.
1380 5270 1572 5342 xuv);
1624 5275 1680 5324 et
1737 5268 1908 5323 alibi:

210 5374 421 5429 Nobilis
450 5375 511 5424 in
535 5372 707 5440 portis
744 5373 832 5423 vir
860 5368 996 5437 ejus.

284 5464 676 5516 Promovimus.
708 5459 902 5527 (Bima,
932 5453 1097 5525 ibid.)
1152 5451 1356 5507 Omnia
1413 5454 1547 5503 sunt
1584 5449 1755 5519 plena
1788 5463 1911 5517 my-

216 5552 423 5619 steriis,
453 5554 588 5616 etc.,
630 5564 799 5617 usque
824 5546 898 5601 ad
929 5561 1043 5616 qua
1073 5542 1255 5613 adjuti
1284 5541 1507 5595 animas
1536 5537 1794 5593 ﬁdelium
1840 5536 1911 5590 ad

1262 283 1517 338 GLOSSA
1557 284 1962 340 ORDINABIA.
2003 316 2069 324 —
2112 285 2238 340 LIB.
2282 286 2301 340 1
2346 284 2609 338 ΕΒΒΒΕ.

671 408 1005 475 Congregaui
1023 413 1216 461 autem.
1243 404 1431 476 (BEDA,
1465 405 1627 475 ibid.)
1660 408 1881 460 Numen
1910 406 1959 460 A
1998 405 2321 459 societatem
2378 406 2689 458 electorum
2758 412 2815 457 et
2865 421 3051 457 arcem
3129 405 3257 458 vitae
3330 407 3692 476 perfectionis

3589 289 3691 338 710

1994 495 2157 565 quasi
2216 512 2346 548 vasa
2411 498 2601 547 sancta
2662 493 2731 547 ad
2796 494 3077 563 templum
3134 494 3363 547 Domini
3413 496 3695 548 efﬁcacius

1995 584 2430 638 transferamus.

2062 674 2223 725 Vens.
2273 676 2358 726 32.
2398 703 2468 712 —
2506 675 2575 727 Et
2603 673 2918 731 mansimus,
2970 672 3091 739 (In.,
3168 671 3331 737 ibid.)
3390 673 3525 726 Tres
3573 672 3695 726 dies

1994 766 2261 813 manetur
2289 760 2348 813 in
2378 761 2711 822 Jerusalem,
2745 765 2875 822 etc.,
2905 775 3074 827 usque
3105 760 3179 811 ad
3208 761 3371 829 quasi
3395 766 3524 830 post
3552 778 3693 831 gau-

1995 849 2152 903 dium
2184 849 2465 904 triduanec
2500 848 2812 901 mansionis
2835 846 2893 899 in
2924 847 3238 900 Jerusalem
3270 848 3339 900 ob
3372 849 3611 902 donaria
3642 853 3698 901 et

1996 954 2126 991 vasa
2157 938 2406 1007 pretiosa
2436 953 2563 1007 qua:
2613 937 2965 1000 obtulerunt,
3020 935 3265 1004 amplius
3315 935 3693 989 honorantur.

2068 1028 2230 1079 Vens.
2276 1028 2362 1080 34.
2422 1055 2484 1064 --
2547 1027 3011 1093 Descriptumque.
3073 1023 3196 1091 (lo.,
3244 1022 3407 1091 ibid.)
3461 1025 3573 1076 Hoc
3629 1024 3697 1076 ﬁt

1998 1132 2127 1169 cum
2172 1115 2433 1168 doctores
2510 1113 2761 1167 studiose
2823 1111 2994 1164 vitam
3062 1110 3395 1163 examinant
3446 1112 3696 1165 subdito-

2001 1221 2151 1269 rum,
2214 1210 2346 1272 etc.,
2378 1218 2547 1271 usque
2582 1202 2655 1255 ad
2687 1207 2744 1255 ut
2776 1201 2949 1271 digna
2979 1200 3036 1253 in
3066 1200 3223 1252 caslis
3254 1200 3496 1254 donetur
3524 1202 3692 1254 retri-

2008 1292 2264 1347 butione.
2968 1354 2975 1359 .

2070 1382 2233 1434 Vaas.
2272 1383 2359 1435 35.
2397 1410 2463 1418 —
2513 1379 2618 1434 Sed
2649 1384 2698 1431 et
2733 1380 2830 1446 qui
2856 1382 3131 1432 venerant.
3165 1378 3287 1447 (10.)
3338 1378 3539 1447 Magna
3594 1378 3693 1432 de-

2002 1470 2154 1523 votio
2212 1473 2269 1522 et
2319 1466 2520 1536 religio
2579 1466 2917 1531 ostenditur,
2977 1482 3107 1518 cum
3176 1466 3571 1535 pervenientes
3623 1466 3696 1519 ad

2005 1557 2285 1628 templum
2337 1556 2524 1626 primo
2583 1555 2842 1607 omnium
2889 1555 3216 1607 holocausta
3250 1554 3518 1619 offerunt,
3576 1571 3696 1608 non

2005 1652 2227 1701 tantum
2256 1662 2357 1716 pro
2379 1644 2602 1714 seipsis,
2630 1643 2727 1696 sed
2758 1643 2930 1696 etiam
2956 1660 3056 1713 pro
3090 1642 3249 1695 omni
3280 1644 3468 1711 Israel,
3500 1642 3557 1696 id
3588 1649 3693 1707 est,

2006 1752 2109 1806 pro
2140 1735 2221 1787 eis
2260 1733 2359 1803 qui
2384 1734 2506 1803 jain
2557 1732 2795 1786 domum
2836 1732 3045 1785 reversi
3097 1734 3340 1797 fuerant,
3374 1740 3429 1785 et
3481 1748 3585 1801 pro
3619 1732 3700 1784 eis

2005 1823 2107 1895 qui
2128 1824 2314 1877 adhuc
2336 1822 2692 1875 exsulabant.

2079 1912 2302 1981 Mystice
2333 1917 2527 1964 autem
2560 1911 2642 1964 illi
2665 1911 2997 1965 veracitater
3028 1916 3083 1964 et
3126 1910 3371 1981 perfecte
3402 1910 3701 1980 captivita-

2004 2006 2121 2054 tem
2148 2000 2379 2065 diaboli,
2423 2000 2559 2069 quia
2597 2000 2885 2068 peccando
2932 2001 3305 2069 tenebantur,
3372 1999 3704 2069 paenitendo

2005 2093 2324 2149 evaserunt.
2350 2089 2449 2158 qui
2481 2104 2538 2140 se
2568 2089 2680 2141 ﬁxa
2705 2088 3020 2141 intentione
3054 2088 3243 2141 divino
3300 2088 3530 2141 servitio
3577 2088 3705 2141 sub-

2007 2179 2172 2243 dunt,
2206 2176 2305 2246 qui
2336 2180 2485 2229 totos
2507 2191 2563 2228 se
2588 2176 2657 2228 ab
2690 2176 2905 2228 inlimis
2935 2177 3269 2242 abstractos,
3304 2176 3539 2229 ﬂamma
3595 2191 3706 2228 caa-

2006 2266 2161 2320 lestis
2186 2264 2454 2318 desiderii
2495 2263 2834 2316 accendunt.
2865 2265 2979 2317 Hoc
3012 2270 3095 2317 est
3151 2264 3305 2317 enim
3352 2264 3703 2328 holocausta,

2006 2355 2063 2409 id
2094 2359 2196 2419 est,
2253 2358 2370 2407 tota
2410 2352 2641 2405 incensa
2673 2352 2947 2405 sacriﬁcia
2986 2353 3224 2405 Domino
3278 2353 3505 2419 offerre,
3560 2352 3706 2405 nihil

2009 2443 2120 2497 nisi
2151 2443 2274 2513 ejus
2303 2442 2649 2494 voluntatem
2686 2440 2743 2493 in
2774 2440 3044 2494 omnibus
3075 2442 3328 2509 cogitare
3361 2442 3449 2494 vel
3494 2442 3702 2495 facere.

2082 2532 2401 2586 Obtulcrunt
2446 2530 2900 2583 holocaustomata
2951 2532 3072 2589 Deo,
3126 2536 3232 2582 etc.
3305 2530 3426 2582 Non
3456 2533 3706 2582 tantum

2010 2634 2113 2689 pro
2140 2635 2218 2671 se.
2254 2618 2524 2671 Perfectus
2551 2617 2758 2670 mentis
2790 2617 3063 2671 indicium
3095 2623 3197 2681 est,
3231 2635 3361 2671 cum
3416 2618 3546 2688 quis
3602 2633 3709 2687 pro

2012 2706 2172 2759 omni
2201 2705 2370 2758 Israel
2398 2704 2677 2769 immolat,
2737 2704 2794 2757 id
2835 2711 2937 2770 est,
2981 2722 3084 2775 pro
3142 2705 3395 2775 generali
3450 2702 3709 2758 ﬁdelium

2013 2794 2302 2863 sospitate,
2339 2794 2501 2863 quasi
2551 2793 2785 2846 unitatis
2841 2800 2898 2847 et
2930 2794 3302 2848 fraternitatis
3342 2810 3565 2847 memor
3611 2810 3711 2847 su-

2012 2898 2207 2952 perna:
2239 2882 2440 2951 pietati
2466 2882 2770 2951 supplicat.

2091 2970 2244 3023 'v'i-zas.
2298 2972 2383 3023 36.
2421 2999 2483 3009 —
2517 2972 2587 3023 Et
2660 2970 3002 3023 elevaverunt
3044 2971 3322 3039 populum.
3381 2970 3566 3039 (Anc)
3607 2970 3709 3024 0r-

2013 3058 2204 3111 nando
2236 3058 2409 3111 variis
2431 3058 2705 3125 donariis,
2740 3074 2868 3128 qua:
2902 3075 2998 3111 rex
3028 3064 3083 3112 et
3113 3058 3423 3112 consiliarii
3463 3065 3518 3112 et
3548 3059 3711 3128 prin-

2012 3146 2166 3215 cipes
2216 3146 2338 3215 ejus
2369 3146 2665 3213 miserant,
2708 3146 3003 3199 ministros
3033 3162 3261 3216 quoque
3290 3151 3345 3199 et
3386 3146 3710 3200 sacerdotes

2013 3235 2167 3288 illius
2198 3235 2267 3288 ab
2299 3234 2565 3288 omnibus
2596 3234 2876 3304 angustiis
2906 3234 3220 3288 liberando.

2086 3322 2330 3393 Mystice.
2354 3325 2607 3393 Populus
2638 3329 2693 3376 et
2722 3323 3003 3393 templum
3036 3322 3135 3376 Dei
3165 3339 3337 3376 unam
3366 3327 3423 3376 et
3449 3323 3713 3377 eamdem

2014 3412 2274 3467 Ecclesia:
2307 3412 2551 3482 ﬁguram
2580 3415 2795 3477 tenent,
2840 3428 3014 3481 quam
3046 3412 3193 3465 levat
3250 3412 3453 3466 Esdras
3507 3418 3564 3466 et
3607 3412 3713 3466 ﬁlii

2012 3500 2536 3570 transmigrationis
2590 3499 2795 3553 ablatis
2842 3500 2912 3554 de
2973 3500 3256 3570 Babylone
3312 3499 3486 3553 sacris
3540 3501 3710 3565 vasis,

2015 3606 2145 3643 cum
2206 3588 2608 3659 praedicatores
2652 3592 3027 3658 aggregantes
3077 3588 3131 3640 ei
3184 3589 3420 3657 juvante
3466 3589 3713 3642 Domino

2017 3692 2194 3730 novos
2214 3676 2569 3730 credentium
2604 3675 2868 3745 populos,
2897 3674 3293 3729 honorabilem
3338 3694 3462 3731 eam
3521 3678 3712 3731 omni-

2015 3766 2122 3819 bus
2144 3770 2199 3819 et
2226 3764 2543 3817 terribilem
2571 3762 2867 3817 exhibent.
2909 3763 3051 3817 Item
3081 3779 3211 3817 cum
3240 3780 3336 3817 eos
3363 3782 3507 3834 quos
3527 3782 3711 3820 exem-

2016 3854 2123 3924 plis
2146 3854 2204 3906 in
2228 3853 2379 3906 bona
2408 3852 2839 3905 conversatione
2872 3851 3174 3904 instituere
3204 3853 3289 3904 vel
3314 3853 3500 3923 vergis
3531 3871 3711 3922 usque

2016 3943 2086 3995 ad
2121 3941 2434 3995 ccelestium
2465 3939 2891 4010 perceptionem
2936 3939 3307 4010 praemiorum
3347 3949 3705 4010 promovent,

2016 4032 2104 4084 vel
2135 4029 2488 4100 provehunt:
2521 4030 2709 4082 levant
2736 4029 3016 4098 populum
3048 4028 3107 4081 in
3135 4029 3370 4082 domum
3422 4029 3539 4097 Dei,
3574 4032 3711 4100 quia

2018 4133 2291 4187 magnum
2315 4121 2371 4171 et
2401 4117 2763 4169 manentibus
2796 4115 2854 4169 in
2900 4133 3150 4185 superna
3196 4118 3402 4187 patria,
3451 4123 3507 4171 et
3535 4134 3706 4188 pere-

2018 4204 2378 4276 grinantibus
2407 4204 2591 4257 adhuc
2636 4204 2695 4256 in
2733 4208 2877 4256 terra
2910 4204 3102 4257 electis
3133 4205 3408 4274 gaudium
3462 4206 3701 4262 faciunt.

2087 4296 2259 4363 (ΒευΑ
2296 4296 2356 4347 in
2402 4292 2655 4359 Esdram,
2700 4292 2797 4345 lib.
2848 4310 2905 4358 ii,
2945 4298 3083 4347 toni.
3148 4294 3254 4363 II.)
3324 4296 3454 4348 Haec
3518 4300 3709 4349 autem

2018 4383 2394 4452 transgressio
2426 4384 2484 4436 in
2533 4381 2804 4437 Malachia
2831 4382 3109 4451 propheta
3161 4382 3461 4437 manifeste
3499 4384 3712 4438 descri-

2016 4478 2135 4543 pta,
2166 4478 2295 4533 etc.,
2318 4487 2486 4539 usque
2514 4472 2587 4525 ad
2620 4471 2878 4525 referunt
2901 4486 3129 4523 causam
3160 4471 3225 4523 ad
3261 4472 3598 4543 principem,
3652 4473 3709 4527 id

2018 4566 2122 4627 est,
2172 4560 2686 4630 archiepiscopum,
2739 4560 2903 4630 cujus
2948 4559 3284 4615 auctoritate
3314 4562 3577 4632 expietur
3606 4562 3707 4616 fla-

2020 4650 2251 4721 gitium.

2090 4737 2314 4809 Mystice
2346 4740 2537 4790 autem
2566 4753 2775 4791 uxores
2813 4737 3173 4807 alienigenae,
3228 4738 3472 4792 haereses
3512 4744 3569 4793 et
3614 4756 3710 4794 sn-

2018 4827 2369 4897 perstitiosas
2385 4818 2866 4896 philosophorum
2886 4832 3061 4880 sectas
3074 4826 3418 4897 signiﬁcant,
3434 4844 3563 4899 quae
3581 4845 3709 4882 cum

2019 4916 2079 4969 in
2113 4916 2413 4971 Ecclesiam
2463 4916 2690 4969 incaute
2745 4915 3143 4977 admittuntur,
3198 4932 3393 4969 semen
3454 4923 3711 4971 sanctum

2021 5006 2312 5058 catholicas
2342 5005 2595 5057 veritatis
2624 5009 2679 5057 et
2723 5020 2882 5073 puras
2927 5002 3166 5056 actionis
3204 5020 3393 5059 errore
3434 5006 3713 5060 contami-

2020 5098 2178 5147 nant.
2214 5095 2446 5147 Peccata
2476 5108 2703 5163 quoque
2739 5092 2931 5145 omnia
2964 5091 3172 5161 quibus
3204 5094 3415 5146 ethnici
3442 5096 3711 5165 polluun-

2020 5188 2135 5247 tur,
2174 5182 2311 5235 dum
2361 5180 2665 5236 Christiani
2714 5196 2831 5233 non
2872 5180 3218 5234 erubescunt
3257 5180 3491 5245 imitari,
3543 5184 3708 5254 quasi

2022 5288 2125 5341 per
2147 5287 2347 5323 uxores
2364 5268 2715 5337 alienigenas
2741 5267 3090 5338 degenerant
3111 5285 3140 5321 a
3164 5270 3379 5323 semine
3404 5272 3559 5325 verbi
3592 5273 3712 5338 Dei,

2023 5376 2138 5431 quo
2168 5360 2394 5413 fuerant
2440 5356 2720 5427 generati,
2777 5356 3092 5410 secundum
3157 5357 3335 5412 illud:
3401 5360 3717 5413 Votuntarie

2022 5450 2204 5513 genuit
2229 5460 2322 5499 nos
2367 5444 2542 5507 verba,
2598 5449 2701 5498 etc.
2732 5446 2882 5515 (Jac.
2917 5447 2981 5515 ι),
3015 5450 3071 5499 et
3113 5445 3276 5516 quasi
3308 5446 3606 5515 profanam
3645 5446 3715 5500 de

2021 5534 2246 5589 ﬁliabus
2276 5537 2604 5589 exterorum
2629 5531 2880 5587 sobolem
2900 5538 3223 5605 procreant,
3254 5535 3391 5589 dum
3420 5535 3716 5591 illecebras
