3998 6178
320 253 414 304 711
928 245 1324 300 WALAFRIDI
1363 243 1612 300 STRABI
1653 241 1860 298 FULD.
1913 242 2078 299 MON.
2124 241 2276 299 OPP.
2319 241 2493 297 PARS
2528 240 2578 295 Ῑ.
2627 271 2694 280 -
2732 239 3200 300 THEOLOGICA.
3703 247 3799 301 712

320 369 636 427 errantium
687 368 886 434 secuti,
915 384 1212 439 perversos
1243 384 1308 421 ex
1357 366 1439 421 eis
1477 371 1633 421 actus
1673 366 1742 421 ad
1781 371 2010 420 cuncto-
2049 367 2096 421 A
2123 367 2520 436 paenitentiam
2551 381 2722 437 agere
2746 371 2866 422 toto
2901 367 3091 430 corde,
3125 371 3178 422 et
3209 367 3366 422 intus
3395 368 3460 422 ad
3509 369 3799 424 Dominum

321 476 451 514 rum
481 459 748 513 notitiam
774 457 1091 528 proferunt.

392 551 508 606 Non
528 553 606 604 est
622 553 924 617 separatus.
962 544 1174 616 (Beas,
1207 545 1368 614 ibid.)
1391 544 1716 598 Notandum
1742 549 1824 598 est
1862 544 2014 615 quod

324 639 563 693 abducto
595 636 765 691 Israel
784 636 841 690 in
865 635 1271 706 captivitatem,
1297 638 1424 699 etc.,
1449 649 1620 703 usque
1639 633 1713 688 ad
1727 633 2018 705 principes

323 727 422 799 qui
466 726 753 797 corrigere
813 724 1132 779 debuerant
1187 722 1402 794 primos
1464 738 1682 777 errasse
1738 722 2012 777 fatentur.

995 863 1218 918 CAPUT
1253 862 1344 916 ῘΧ.

391 992 553 1044 Vens.
587 991 637 1043 3.
670 1019 739 1028 —
784 986 937 1042 Scidi
989 987 1242 1056 pallium.
1288 983 1414 1054 (10.,
1466 983 1629 1053 ibid.)
1679 985 1787 1038 Per
1843 983 2014 1038 vesti-

319 1082 514 1132 menta
547 1078 731 1130 solent
759 1090 933 1146 opera
990 1073 1300 1144 designari,
1347 1076 1478 1138 etc.,
1536 1089 1705 1142 usque
1755 1073 1830 1127 ad
1859 1073 2018 1128 Sedit

322 1182 590 1232 maerens,
623 1170 685 1218 ut
714 1180 817 1235 per
855 1163 1102 1217 lamenta
1150 1161 1498 1233 paenitentiae
1530 1160 1752 1216 veniam
1784 1177 2014 1232 prome-

318 1256 557 1310 rendam
592 1269 712 1307 esse
743 1252 988 1306 doceret.

391 1345 559 1398 Vens.
594 1343 643 1395 4.
683 1372 751 1380 -
782 1341 1168 1396 Convenerunt.
1223 1340 1364 1393 Nota
1413 1327 1726 1410 quantum'
1759 1338 2018 1407 exempla

316 1434 615 1488 doctorum
640 1431 862 1500 juvant.
899 1427 1048 1483 Nihil
1083 1427 1348 1482 scribitur
1383 1427 1585 1480 Esdras
1614 1425 1840 1479 locutus
1871 1440 2013 1491 esse,

319 1522 412 1576 sed
445 1525 669 1574 tantum
693 1519 888 1572 audito
937 1517 1148 1570 scelere
1203 1518 1542 1586 lacrymasse
1581 1518 1638 1568 et
1690 1513 1916 1568 turbam
1945 1513 2018 1567 ad

320 1626 378 1664 se
411 1609 666 1663 ﬁdelium
699 1623 814 1661 non
854 1605 1220 1660 vociferando
1244 1608 1338 1658 sed
1366 1603 1728 1674 lacrymaudo
1761 1602 2011 1655 traxisse.

388 1699 774 1754 Convenerunt.
808 1696 1010 1764 Magna
1039 1692 1280 1746 mutatio
1315 1708 1504 1745 rerum
1531 1690 1771 1761 perfidia
1801 1689 2014 1760 princi-

318 1801 482 1857 pum,
513 1783 680 1837 multi
740 1783 1022 1836 luxuriam
1075 1781 1273 1844 secuti,
1324 1780 1542 1834 reducti
1597 1785 1750 1844 sunt,
1800 1795 2012 1849 magno

320 1873 580 1944 principe
624 1875 919 1937 mmrente,
979 1875 1033 1923 et
1089 1870 1226 1940 quid
1276 1869 1667 1939 peccatoribus
1724 1868 2011 1938 agendum

320 1967 469 2015 esset
491 1962 766 2014 innuente
789 1975 801 2012 :
828 1958 1176 2013 conveniunt
1205 1958 1272 2012 ad
1295 1974 1426 2012 eum
1453 1974 1652 2012 omnes
1683 1959 1782 2029 qui
1807 1959 2016 2012 timent

317 2051 557 2104 verbum
591 2048 710 2110 Dei,
743 2064 856 2118 quo
891 2053 1336 2117 transgressores
1393 2045 1714 2116 puniendos
1745 2061 1866 2100 esse
1904 2045 2013 2100 mi-

319 2145 508 2192 natur.

391 2229 566 2283 Scissa
585 2226 776 2296 pallio.
802 2226 998 2293 (Beas,
1032 2224 1194 2292 ibid.)
1248 2222 1476 2293 Typice,
1539 2223 1692 2294 quod
1725 2223 1892 2276 scisso
1925 2223 2014 2277 in-

321 2317 618 2381 dumento,
657 2319 785 2376 etc.,
828 2328 997 2383 usque
1043 2313 1117 2366 ad
1161 2311 1333 2366 etiam
1366 2328 1432 2365 ea
1477 2327 1606 2382 quae
1636 2311 1867 2366 illorum
1899 2312 2012 2366 fra-

319 2403 525 2475 gilitati
555 2403 831 2458 veraciter
883 2401 1317 2480 conveniebant,
1370 2400 1812 2455 misericorditer
1858 2401 1917 2454 in
1954 2417 2013 2454 se

316 2491 624 2548 transferre
646 2491 912 2561 dignatus
943 2493 1050 2544 est.

388 2581 548 2634 Vens.
605 2584 656 2634 5.
705 2608 778 2620 —
824 2579 1070 2632 Curvavi
1123 2592 1320 2645 genua,
1369 2580 1474 2630 etc.
1532 2575 1755 2630 Paravit
1806 2593 1864 2630 se
1912 2591 2013 2647 per

318 2668 822 2739 campum-tionem
871 2666 1075 2731 cordis,
1109 2672 1166 2720 et
1213 2664 1571 2719 affectionem
1625 2664 1900 2734 corporis,
1949 2667 2014 2718 ut

316 2758 524 2828 dignus
545 2757 869 2812 efficeretur
898 2755 1096 2809 auditu
1126 2769 1387 2823 superna:
1415 2752 1642 2823 pietatis
1669 2770 1682 2806 :
1720 2757 1777 2806 et
1803 2753 1860 2806 in
1892 2752 2012 2806 haec

315 2846 484 2899 verba
516 2845 788 2900 orationis
822 2842 1165 2914 prorumpit.
1194 2843 1402 2897 Curvat
1431 2846 1621 2896 autem
1679 2857 1886 2912 genua,
1915 2858 2009 2895 ex-

2126 452 2400 520 converti,
2434 457 2489 506 et
2520 468 2753 506 omnem
2783 452 2921 506 foris
2949 452 3226 523 peccandi
3259 453 3554 507 materiam
3576 455 3643 508 ab
3690 456 3801 524 ipsa

2129 540 2352 608 origine
2374 541 2639 595 resecari.

2197 630 2387 696 Surge.
2440 631 2714 684 llecenter
2739 629 2906 684 docet
2950 629 3241 700 quomodo
3269 629 3342 684 sit
3393 631 3543 702 apud
3575 633 3803 702 majores

2125 717 2364 770 consilio
2394 719 2703 788 agendum,
2731 723 2796 772 ut
2825 719 3058 784 scilicet,
3109 719 3354 790 quisque
3384 736 3488 790 pro
3519 736 3620 774 suo
3647 737 3800 775 sensu

2125 806 2281 876 quod
2308 807 2592 876 optimum
2623 807 2986 874 intellexerit,
3010 807 3098 860 vel
3127 807 3474 861 intellexisse
3518 808 3626 863 sibi
3662 809 3801 862 vide-

2123 898 2237 960 tur,
2269 893 2462 949 dicat:
2498 899 2556 949 et
2601 901 2796 948 tamen
2853 895 2907 948 ei
2958 895 3058 965 qui
3107 900 3329 965 praeest,
3380 895 3572 949 locum
3619 895 3804 951 discer-

2125 983 2300 1037 nendi
2321 983 2626 1054 relinquat,
2674 988 2908 1054 paratus
2959 983 3356 1054 obtemperare
3394 984 3660 1038 omnibus
3691 1001 3805 1055 qua:

2124 1070 2218 1123 ille
2248 1071 2561 1126 secundum
2609 1072 2963 1126 voluntatem
2994 1077 3050 1125 et
3088 1073 3276 1143 legem
3333 1073 3431 1126 Dei
3468 1074 3690 1144 agenda
3717 1075 3803 1130 de-

2124 1160 2382 1213 creverit.

2197 1248 2360 1301 Vans.
2393 1252 2444 1302 6.
2474 1276 2542 1289 —
2571 1249 2703 1302 Filii
2730 1249 2960 1303 Eliasib.
2995 1249 3104 1313 Qui
3151 1254 3289 1304 tunc
3318 1265 3583 1304 summus
3631 1265 3804 1304 sacer-

2124 1336 2222 1390 dos
2261 1341 2400 1399 erat,
2442 1341 2569 1406 post
2614 1338 2806 1390 Jesum
2863 1337 3047 1391 filium
3108 1339 3346 1392 Josedec
3395 1339 3614 1393 Joacim
3667 1340 3806 1393 ﬁlius

2125 1425 2268 1495 ejus,
2294 1431 2351 1479 et
2379 1431 2505 1496 post
2553 1441 2684 1479 eum
2716 1426 2925 1480 Eliasib
2967 1426 3120 1480 ﬁlius
3149 1427 3272 1496 ejus
3303 1443 3532 1481 summo
3563 1428 3805 1481 sacerdo-

2123 1514 2205 1567 tio
2245 1515 2482 1567 functus
2497 1518 2606 1568 est.

2195 1605 2390 1656 Panem
2435 1619 2540 1656 non
2572 1603 2816 1658 comedit.
2868 1604 3034 1674 (Beas
3078 1604 3174 1658 ubi
3218 1604 3432 1672 supra.)
3486 1604 3805 1674 Exemplum

2122 1690 2255 1744 hinc
2283 1691 2496 1744 habent
2526 1691 2866 1757 sacerdotes,
2921 1696 3051 1754 etc.,
3080 1707 3251 1763 usque
3279 1693 3354 1746 ad
3401 1709 3414 1746 :
3448 1694 3514 1748 Si
3558 1696 3697 1746 enim
3730 1710 3808 1747 re-

2121 1781 2390 1846 fugientes
2419 1782 2880 1848 coinquinationes
2920 1782 3128 1848 mundi,
3163 1795 3267 1836 etc.
3307 1783 3381 1851 (II
3413 1784 3555 1836 Petr.
3593 1781 3672 1850 ιι).

2190 1869 2353 1922 Vens.
2395 1872 2447 1923 9.
2483 1899 2548 1908 —
2579 1872 2697 1938 Ipse
2745 1873 2839 1922 est.
2875 1869 3042 1939 (Beas
3078 1871 3174 1926 ubi
3214 1871 3428 1939 supra.)
3470 1870 3580 1934 Qui
3610 1871 3679 1923 ab
3711 1871 3803 1924 He-

2121 1955 2288 2008 braeis
2328 1956 2548 2022 Casleu,
2597 1972 2630 2008 a
2682 1956 2954 2009 Romanis
3009 1962 3243 2011 vocatur
3300 1960 3634 2022 December,
3685 1964 3801 2019 etc.,

2121 2059 2289 2112 usque
2326 2044 2400 2097 ad
2455 2061 2568 2115 qua
2621 2049 2740 2098 arte
2800 2046 3036 2099 adversa
3092 2063 3222 2117 qua:
3275 2048 3528 2102 exterius
3586 2051 3804 2118 propter

2121 2137 2350 2202 peccata
2390 2132 2721 2198 desaeviunt,
2751 2138 2850 2186 aut
2878 2133 3106 2199 evitent,
3140 2139 3240 2188 aut
3280 2141 3571 2207 separent.

2190 2224 2261 2275 Et
2289 2221 2430 2275 sedit
2465 2223 2638 2275 omnis
2681 2223 2934 2291 populus.
2998 2223 3121 2292 (10.,
3173 2223 3337 2295 ibid.)
3398 2225 3460 2278 ld
3513 2230 3618 2292 est,
3675 2223 3804 2277 circa

2121 2309 2331 2364 atrium
2385 2309 2742 2363 sacerdotum
2773 2327 2887 2381 quo
2919 2310 3042 2382 ipsa
3089 2311 3296 2366 domus
3327 2314 3589 2384 undique
3629 2313 3804 2382 cinge-

2121 2397 2309 2463 batur,
2337 2397 2552 2451 habens
2579 2397 2727 2452 circa
2757 2415 2816 2451 se
2858 2415 2923 2452 ex
2974 2400 3132 2453 omni
3175 2406 3339 2471 parte
3387 2418 3494 2472 per
3537 2402 3802 2472 quadrum

2121 2485 2273 2541 ades
2304 2486 2581 2539 atriorum
2612 2486 3012 2556 amplissimas,
3038 2487 3098 2541 in
3121 2489 3330 2559 quibus
3365 2490 3545 2543 etiam
3574 2490 3805 2560 populus

2122 2575 2352 2646 quando
2386 2591 2490 2644 pro
2548 2575 2744 2644 pluvia
2789 2591 2934 2645 opus
2989 2582 3131 2644 erat,
3165 2583 3315 2632 stare
3362 2584 3613 2648 poterat,
3644 2583 3699 2631 et
3729 2577 3803 2629 vi-

2123 2665 2254 2718 dere
2285 2679 2352 2718 ea
2373 2680 2498 2734 quas
2526 2664 2586 2717 in
2637 2665 2839 2735 templi
2876 2666 3064 2735 januis
3103 2667 3473 2737 gerebantur,
3534 2670 3623 2723 vel
3669 2668 3802 2721 circa

2120 2753 2440 2823 templum;
2471 2752 2758 2806 habebant
2805 2754 2961 2807 enim
2995 2755 3296 2809 interiores
3355 2757 3608 2827 parietes
3651 2758 3799 2828 juxta

2119 2845 2330 2894 terram
2359 2840 2420 2894 in
2445 2841 2723 2895 columnis
2761 2843 2935 2896 factos
2959 2845 3266 2900 exteriores
3297 2847 3530 2902 solidos.

315 2934 514 3005 pandit
544 2949 767 3000 manus,
814 2937 870 2985 et
897 2931 1085 2986 fundit
1116 2947 1310 3001 preces
1340 2930 1400 2984 in
1439 2935 1696 3000 tempore
1745 2929 2007 2984 sacrificii
2035 2934 2076 2988 C
2182 2929 2341 2984 Vens.
2379 2933 2462 2983 l0.
2496 2961 2565 2970 —-
2601 2931 2684 2985 Et
2725 2935 2964 2986 surrexit
3023 2933 3246 2988 Esdras.
3306 2933 3431 3004 (10.,
3490 2934 3652 3006 ibid.)
3711 2931 3799 2986 Hic

316 3021 645 3092 vespertini,
701 3020 883 3074 sciens
941 3035 1062 3074 esse
1113 3019 1332 3090 gratius
1379 3019 1528 3090 quod
1581 3019 1646 3072 tit
1692 3018 1750 3071 in
1803 3018 2008 3089 spiritu
2115 3017 2271 3071 locus
2310 3019 2637 3089 respondet,
2681 3024 2812 3089 etc.,
2863 3037 3033 3091 usque
3080 3022 3155 3076 ad
3200 3031 3259 3077 et
3311 3024 3462 3078 facta
3523 3022 3798 3078 meritain

316 3110 656 3165 humilitatis
685 3109 825 3163 etin
857 3109 1048 3163 animo
1081 3107 1351 3173 contrito,
1385 3123 1559 3179 quam
1611 3108 1766 3178 quod
1823 3107 2007 3161 carni-

315 3199 423 3254 bus
452 3202 509 3253 et
538 3198 816 3270 sanguine
845 3197 1131 3268 pecudum
1151 3195 1405 3250 affertur.

1009 3336 1232 3391 CAPUT
1261 3337 1323 3390 Χ.

389 3464 557 3516 Vens.
594 3465 642 3516 1.
675 3492 746 3501 ——
774 3461 861 3516 Sic
918 3475 1043 3528 ergo
1097 3464 1285 3514 orante
1327 3458 1538 3525 Esdra,
1593 3461 1643 3513 et
1687 3457 2011 3526 implorante

323 3553 495 3605 Deum
569 3555 620 3604 ct
695 3552 1052 3617 ﬂente......
1133 3549 1305 3602 Flevit
1381 3547 1636 3617 populus.
1715 3547 1884 3616 (BEDA
1951 3547 2011 3598 in

318 3640 582 3705 Esdram,
613 3643 759 3692 tom.
826 3638 917 3707 Il.)
977 3637 1085 3702 Qui
1136 3637 1348 3691 scilicet
1394 3639 1790 3707 peccaverunt,
1832 3634 2012 3704 paeni-

318 3727 559 3782 tentiam
588 3731 842 3797 agentes,
897 3725 983 3780 vel
1031 3725 1130 3796 qui
1176 3725 1237 3778 in
1265 3725 1522 3780 castitate
1552 3729 2004 3795 permanserant,

319 3816 389 3871 de
415 3831 544 3870 casu
576 3815 815 3869 fratrum
851 3814 1133 3881 dolentes,
1167 3818 1309 3879 etc.,
1358 3828 1528 3883 usque
1572 3813 1646 3866 ad
1687 3813 1847 3866 Nunc
1878 3827 2010 3865 vero

316 3905 490 3960 etiam
520 3903 630 3976 ipsi
661 3903 758 3976 qui
790 3907 1166 3974 peccaverunt
1211 3919 1340 3956 cum
1391 3902 1666 3957 uxoribus
1690 3900 1806 3955 suis
1845 3906 1902 3955 et
1946 3899 2011 3953 li-

315 3995 492 4062 beris,
519 3993 914 4064 paenitentiam
963 3991 1142 4046 acturi
1165 3995 1581 4046 convenerunt.

388 4087 461 4138 De
501 4085 632 4152 ﬁliis
704 4082 899 4137 Elam.
972 4082 1133 4134 Hunc
1195 4079 1334 4133 dicit
1396 4079 1676 4149 Josephus
1755 4076 2009 4148 primum

315 4173 488 4226 fuisse
539 4170 1091 4241 Jerosolymitarum,
1166 4169 1268 4240 qui
1341 4172 1403 4221 ut
1454 4166 1772 4237 principem
1826 4165 2007 4230 decet,

2115 3107 2394 3160 memoria
2446 3111 2760 3176 teneretur,
2829 3125 2895 3163 ac
2971 3110 3215 3180 posteris
3265 3113 3556 3168 noscenda
3621 3111 3794 3166 trade-

2117 3199 2333 3249 rentur.

2187 3285 2347 3338 Vens.
2384 3285 2468 3339 16.
2505 3315 2573 3323 -
2625 3287 2695 3339 Et
2743 3286 2998 3341 sederunt
3047 3290 3106 3342 in
3162 3289 3268 3343 die.
3304 3291 3428 3360 (In,
3463 3291 3624 3360 ibid.)
3670 3291 3797 3346 Nota

2117 3387 2424 3426 numerum
2447 3373 2763 3427 ternarium
2803 3390 2923 3428 esse
2976 3377 3298 3447 mysticum,
3354 3384 3488 3447 etc.,
3546 3377 3800 3448 usquead

2119 3461 2274 3530 quod
2295 3460 2467 3514 etiam
2498 3477 2602 3515 nos
2633 3462 2902 3517 omnibus
2934 3465 3097 3518 annis
3126 3465 3186 3519 in
3220 3467 3664 3540 quadragesima
3689 3482 3797 3537 pas-

2117 3549 2239 3603 chae
2317 3549 2576 3618 oportuit
2633 3551 2870 3613 imitari,
2938 3553 3190 3608 instante
3248 3555 3464 3611 scilicet
3519 3554 3799 3611 Dominica

2117 3637 2573 3703 resurrectionis,
2603 3639 2920 3694 mandemus
2949 3655 3044 3696 nos
3096 3643 3164 3696 ab
3215 3646 3362 3697 omni
3407 3646 3798 3712 inquinamento

2117 3727 2299 3780 carnis
2355 3730 2405 3779 et
2456 3728 2710 3795 spiritus,
2760 3733 2822 3782 ut
2871 3732 3177 3800 participes
3240 3734 3653 3788 resurrectionis
3701 3744 3798 3785 esse

2115 3816 2391 3869 valeamus
2413 3813 2493 3884 (Π
2515 3815 2633 3870 Cor.
2661 3814 2780 3886 vn).

2187 3904 2259 3957 Et
2304 3904 2512 3961 inventi
2559 3908 2706 3958 sunt.
2768 3903 2890 3973 (11).,
2935 3907 3095 3976 ibid.)
3134 3909 3347 3978 Aptant
3403 3909 3629 3964 Hebraei
3677 3906 3797 3961 huic

2116 3990 2289 4058 loco.,
2321 3995 2432 4046 etc.
2449 4032 2465 4060 ,
2491 4006 2660 4060 usque
2689 3993 2764 4046 ad
2784 3993 2893 4048 Sed
2919 3993 3262 4050 intuendum
3296 3997 3450 4068 quod
3474 4013 3590 4052 non
3617 3995 3796 4051 scribit

2120 4077 2350 4132 Esdram
2403 4079 2597 4133 Jesum
2655 4080 3040 4151 alienigenam
3107 4085 3334 4140 duxisse
3396 4103 3649 4153 uxorem,
3709 4083 3794 4139 sed

2119 4167 2400 4237 quosdam
2428 4167 2498 4222 de
2526 4169 2660 4222 ﬁliis
2682 4174 2736 4224 et
2763 4170 3037 4226 fratribus
3068 4174 3204 4239 suis,
3239 4180 3343 4230 etc.

314 4260 564 4314 maxima
595 4258 932 4313 auctoritate
981 4273 1110 4311 mox
1165 4256 1548 4310 intentionem
1597 4255 1791 4308 Esdraa
1838 4253 2008 4324 juva—
2037 4287 2080 4340 Β
2191 4257 2353 4311 Vens.
2392 4260 2474 4312 18.
2507 4288 2578 4298 -
2630 4261 2702 4313 Et
2758 4262 2962 4326 fratres
3002 4262 3138 4331 ly'us.
3173 4265 3300 4334 (11).,
3353 4264 3520 4335 ibid.)
3578 4261 3794 4335 Cognati

312 4349 429 4414 bat,
463 4348 745 4418 populum
801 4361 994 4402 secum
1036 4361 1299 4416 peccasse
1338 4343 1686 4409 conﬁtendo,
1745 4347 1800 4396 et
1825 4341 2006 4412 poeni-

314 4436 556 4490 tentiam
590 4435 881 4490 suadendo
911 4434 1144 4505 abjectis
1176 4434 1449 4488 uxoribus
1472 4431 1833 4504 alienigenis,
1878 4445 2008 4484 cum

314 4525 514 4579 liberis
543 4524 678 4578 suis.

385 4615 456 4668 Et
477 4628 617 4666 nunc
641 4613 691 4666 si
720 4614 799 4666 est
841 4612 1166 4680 pamitentia
1219 4611 1276 4663 in
1309 4609 1502 4664 Israel.
1550 4607 1694 4672 Quia
1746 4607 1794 4660 si
1821 4623 2006 4677 popu-

313 4701 434 4755 lum
464 4701 637 4771 hujus
665 4699 881 4771 peccati
909 4699 1158 4770 perfecte
1185 4697 1447 4768 paenitet,
1509 4697 1695 4767 primo
1748 4694 2009 4749 conversi

313 4790 381 4844 ad
434 4789 762 4856 Dominum,
810 4787 1215 4842 correctionem
1246 4785 1669 4857 promittamus,
1698 4790 1756 4839 et
1785 4784 2009 4838 veniam

311 4879 704 4950 postulamus;
740 4875 946 4932 deinde
1003 4875 1074 4930 ad
1106 4890 1213 4929 nos
1243 4872 1473 4940 reversi,
1506 4889 1735 4927 omnem
1792 4870 2008 4943 peccati

313 4966 563 5022 radicem
627 4966 1006 5037 exstirpemus
1061 4968 1120 5018 et
1172 4961 1458 5028 fruticem,
1516 4961 1722 5032 ejectis,
1770 4960 2002 5026 scilicet,

315 5057 589 5112 uxoribus
614 5073 743 5113 cum
775 5056 934 5111 omni
970 5054 1181 5109 sobole
1215 5071 1228 5108 :
1260 5054 1368 5108 hoc
1399 5057 1484 5108 est
1539 5051 1692 5107 enim
1734 5050 2009 5105 veraciter

2116 4345 2350 4411 scilicet,
2391 4362 2508 4400 non
2539 4347 2693 4402 enim
2723 4347 2926 4404 fratres
2957 4352 3080 4422 ejus
3109 4355 3370 4422 germani
3428 4353 3489 4409 in
3522 4369 3686 4409 carne
3712 4368 3793 4406 ea-

2114 4438 2282 4488 tenus
2322 4434 2534 4502 vivere,
2603 4441 2661 4490 et
2713 4438 2993 4509 voluptati
3050 4457 3282 4511 operam
3343 4442 3480 4497 dare
3529 4444 3792 4514 poterant,

2115 4539 2246 4577 cum
2287 4528 2518 4578 centum
2575 4525 2714 4579 anni
2759 4531 2816 4580 et
2861 4529 3108 4599 amplius
3156 4537 3347 4585 essent
3404 4532 3693 4597 transacti,
3735 4544 3793 4583 ex

2117 4625 2232 4680 quo
2281 4610 2460 4680 Cyrus
2495 4627 2734 4682 regnare
2791 4614 3090 4685 incipiens,
3148 4618 3340 4672 Jesum
3391 4624 3449 4674 et
3503 4613 3792 4674 Zorobabel

2114 4715 2245 4753 cum
2301 4701 2808 4772 transmigratione
2849 4705 2993 4759 Juda
3039 4711 3097 4761 et
3167 4708 3488 4778 Benjamin,
3553 4709 3622 4763 ad
3671 4720 3790 4760 cou-

2116 4787 2449 4842 struendam
2477 4789 2712 4844 domum
2744 4792 2988 4855 Domini,
3009 4795 3426 4866 Jerosolymam
3449 4797 3690 4860 remisit.

2185 4876 2346 4930 Vens.
2385 4879 2474 4932 19.
2515 4907 2585 4920 -
2617 4880 2698 4934 Et
2745 4881 3028 4945 dederunt,
3087 4887 3189 4938 etc.
3223 4886 3353 4954 (10.,
3409 4886 3574 4958 ibid.)
3620 4884 3790 4940 Prima

2115 4977 2320 5017 uxores
2356 4963 2582 5020 illicitas
2603 4967 2896 5038 abjiciunt,
2951 4975 3082 5038 etc.,
3140 4987 3312 5042 usque
3359 4974 3434 5028 ad
3463 4974 3693 5045 dignum
3723 4970 3790 5026 fa-

2115 5050 2226 5105 ciat
2243 5059 2525 5123 perpetua
2553 5056 2812 5112 mercede
2839 5056 2899 5111 in
2931 5058 3107 5113 caelis.
