3998 6178
128 296 235 346 713

1245 301 1499 359 GLOSSA
1537 304 1942 364 0RDINARIA.
1983 339 2051 349 ——
2092 312 2219 366 LIB.
2261 312 2529 370 ESDRE.

3541 332 3646 386 714

1696 447 3636 479 ___________________

1450 534 1752 614 LIBER
1824 539 2334 622 NEHEMI/E.

1336 708 1471 786 QUI
1520 710 1627 775 ET
1675 712 1959 779 ESDRZE
2006 716 2441 784 SECUNDUS.

1649 876 2044 886 ———

701 954 925 1011 CAPUT
966 958 1258 1014 PRIMUM.

187 1060 366 1114 Vens.
416 1064 464 1114 1.
499 1090 570 1100 ——-
606 1062 780 1116 Verba
808 1064 1077 1119 Nehemiaz
1104 1067 1225 1133 ﬁlii.
1287 1067 1450 1137 (Ben.
1485 1071 1543 1123 in
1574 1070 1827 1139 Esdram,

115 1152 261 1201 tom.
323 1150 419 1219 Il.)
496 1149 795 1204 Nehemias
888 1152 1299 1222 interpretatur
1353 1158 1659 1213 consolator
1724 1164 1829 1215 Do-

110 1239 287 1305 mini,
321 1242 455 1304 etc.,
486 1253 655 1307 usque
700 1239 774 1293 ad
803 1241 963 1319 quasi
993 1242 1180 1296 diruta
1209 1245 1282 1297 ab
1328 1244 1594 1301 hostibus
1625 1247 1824 1302 Hiero-

115 1327 490 1397 solymorum
520 1328 734 1382 muenia
773 1335 1114 1385 restaurant.

196 1415 385 1468 Verba
460 1416 747 1470 Nehemiae.
830 1418 956 1487 (Ιυ.,
1034 1420 1194 1490 ibid.)
1278 1424 1583 1494 Hucusque
1654 1426 1828 1481 verba

114 1503 345 1570 Esdrae,
383 1508 518 1571 etc.,
546 1519 712 1572 usque
739 1506 813 1559 ad
843 1506 943 1576 qui
973 1523 1089 1561 non
1138 1509 1549 1565 blandimentis
1601 1517 1824 1585 tempo-

118 1593 342 1646 ralibus
401 1594 683 1659 enervari,
735 1595 833 1648 sed
879 1596 1315 1652 adversitatibus
1361 1602 1632 1668 exerceri,
1665 1607 1721 1657 et
1754 1604 1824 1658 ad

118 1682 391 1752 requiem
422 1682 828 1751 sempiternam
860 1684 1110 1754 gaudent
1139 1689 1466 1756 przeparari.

188 1772 255 1823 In
287 1785 469 1824 mense
500 1769 708 1826 Casleu.
758 1772 883 1841 (ID.,
914 1773 1077 1839 ibid.)
1134 1775 1335 1829 Mensis
1366 1777 1560 1832 Casleu
1592 1780 1711 1850 ipse
1742 1785 1826 1835 est

116 1875 297 1929 quem
326 1876 435 1913 nos
497 1860 860 1914 Decembrem
892 1877 1173 1924 vocamus,
1222 1865 1370 1933 apud
1421 1867 1685 1921 Hebraeos
1714 1886 1824 1922 no-

117 1965 249 2011 nus,
282 1947 439 2017 apud
479 1964 578 2001 nos
617 1948 869 2003 ultimus.
905 1951 1077 2019 Cujus
1109 1967 1317 2005 nomen
1350 1955 1505 2023 quod
1546 1972 1673 2026 spes
1703 1958 1825 2027 ejus

114 2037 562 2107 interpretatur,
607 2036 752 2091 bene
807 2039 1071 2106 congruit
1103 2040 1244 2093 votis
1293 2042 1437 2111 ejus,
1470 2043 1569 2113 qui
1598 2045 1663 2097 ad
1696 2047 1819 2098 rui-

115 2139 222 2177 nas
285 2129 503 2176 sancte
549 2123 790 2177 civitatis
850 2125 1181 2180 intendebat
1213 2128 1532 2197 erigendas.
1566 2130 1821 2186 Primum

116 2212 275 2265 enim
309 2212 482 2265 bona;
515 2211 753 2265 actionis
794 2212 1230 2267 fundamentum
1264 2220 1367 2281 est,
1420 2233 1576 2286 spem
1612 2220 1821 2275 habere
1855 2252 1893 2304 Β

117 2303 186 2353 de
220 2299 444 2353 auxilio
505 2300 729 2353 Domini
758 2301 827 2354 ad
885 2302 1297 2370 perﬁciendum
1340 2305 1489 2374 quod
1535 2308 1816 2377 cupimus.

116 2390 177 2441 In
240 2389 356 2442 hoc
415 2403 610 2441 mense
658 2394 824 2442 natus
880 2396 963 2442 est
1021 2390 1317 2458 Dominus,
1372 2395 1533 2463 cujus
1592 2397 1823 2450 nomine

118 2480 292 2549 longe
326 2480 463 2531 ante
494 2476 868 2546 ﬁgurabatur,
904 2480 1052 2549 quod
1086 2479 1141 2532 in
1172 2496 1237 2532 eo
1272 2496 1466 2534 mense
1501 2499 1664 2536 verus
1709 2486 1821 2537 Ne-

117 2566 344 2620 hemias
402 2564 502 2618 diu
543 2564 895 2620 desideratus
952 2568 1019 2621 ad
1068 2567 1502 2623 aediﬁcationem
1564 2573 1821 2627 Ecclesiae

118 2660 269 2709 esset
299 2660 598 2708 venturus.

186 2746 367 2798 Eram
426 2746 486 2796 in
542 2743 712 2798 Susis.
774 2743 894 2812 (Ιυ.,
929 2743 1088 2813 ibid.)
1134 2744 1288 2799 Susis
1342 2748 1677 2819 metropolis
1738 2754 1822 2803 est

120 2833 451 2896 Persarum,
487 2831 584 2884 sed
617 2834 774 2884 tanta
824 2831 1113 2900 ﬁrmitate,
1147 2838 1210 2886 ut
1257 2842 1505 2890 castrum
1557 2854 1678 2892 esse
1731 2838 1821 2892 vi-

119 2920 344 2985 deatur,
383 2924 439 2971 et
476 2918 890 2987 interpretatur
919 2920 1196 2989 equitatio
1222 2923 1309 2975 vel
1342 2930 1653 2992 revertens,
1688 2943 1818 2998 quae

119 3008 389 3061 ﬁdelibus
451 3007 857 3061 convenienter
900 3013 1147 3077 aptatur,
1189 3010 1271 3063 eis
1322 3013 1590 3082 maxime,
1621 3016 1720 3085 qui
1750 3017 1819 3070 de

116 3097 451 3168 captivitate
496 3096 810 3151 Jerusalem
867 3111 1063 3150 curam
1110 3104 1335 3168 gerunt,
1394 3101 1451 3155 id
1484 3107 1587 3169 est,
1630 3104 1698 3157 de
1730 3120 1817 3158 sa-

113 3188 230 3241 lute
259 3202 488 3250 eorum,
544 3184 642 3255 qui
695 3184 1003 3255 aliquando
1061 3203 1166 3256 per
1202 3187 1434 3244 insidias
1484 3192 1695 3246 diaboli
1748 3193 1817 3247 de

113 3275 368 3329 Ecclesia
418 3273 569 3343 rapti
620 3273 958 3342 pcenitentes
1009 3274 1199 3327 denuo
1256 3292 1359 3346 per
1409 3280 1653 3348 gratiam
1717 3282 1818 3336 Dei

108 3370 244 3418 sunt
272 3362 509 3417 redacti.
565 3362 725 3415 Tales
782 3361 936 3414 enim
990 3362 1209 3416 suntin
1264 3371 1579 3421 revertente
1608 3376 1813 3439 castro,

110 3454 166 3506 id
200 3458 311 3516 est,
348 3451 409 3503 in
456 3450 662 3503 robore
718 3450 926 3503 mentis
966 3457 1242 3505 revocatas
1272 3453 1343 3506 ab
1374 3453 1585 3508 inﬁmis
1613 3458 1683 3511 ad
1716 3459 1816 3512 de-

1865 969 1911 1020 A
1941 967 2149 1038 Cyrum
2171 969 2421 1039 primum
2463 973 2763 1028 Persarum
2810 992 3005 1047 regem
3059 979 3316 1036 Christus
3358 983 3639 1054 signiﬁca-

1938 1062 2051 1118 tur,
2079 1062 2398 1127 etc.,usque
2438 1060 2514 1114 ad
2543 1061 2613 1115 de
2663 1078 2776 1133 qua
2824 1068 2941 1118 tota
2997 1069 3295 1138 propheta:
3356 1075 3639 1130 sententia

1938 1144 2288 1215 plenissime,
2350 1154 2521 1217 prout
2575 1151 2756 1221 potui,
2788 1151 2849 1207 in
2884 1153 3028 1209 libro
3054 1162 3383 1228 temporum
3427 1162 3635 1219 edisse-

1938 1249 2064 1287 rere
2097 1250 2310 1288 Clll‘ﬁVl.

2008 1322 2167 1377 Vens.
2227 1324 2310 1376 10.
2353 1354 2423 1363 -
2474 1328 2545 1379 Et
2594 1327 2905 1383 audierunt.
2962 1332 3389 1391 Contristantur
3444 1338 3636 1395 haere-

1935 1408 2054 1478 tici,
2089 1415 2217 1476 etc.,
2240 1427 2408 1481 usque
2437 1414 2510 1467 ad
2561 1420 2616 1469 et
2662 1433 2775 1483 eos,
2810 1419 2908 1489 qui
2936 1423 3222 1490 peccando
3277 1432 3630 1496 erraverunt,

1936 1499 2265 1566 paenitendo
2298 1502 2483 1555 redire
2514 1511 2883 1573 cognoscunt.

2006 1587 2165 1641 Vens.
2229 1592 2310 1641 15.
2374 1619 2441 1629 -
2514 1592 2939 1650 Considerabant
3022 1614 3237 1654 murum
3313 1605 3627 1661 Jerusalem.

1938 1674 2165 1729 Diversa
2221 1676 2517 1732 destructas
2550 1681 2704 1734 urbis
2754 1682 2879 1737 loca
2909 1685 3205 1742 lustrando
3258 1699 3626 1763 pervagatur;

1934 1766 1990 1816 et
2019 1763 2241 1835 singula
2264 1768 2553 1836 quomodo
2598 1770 2844 1825 debeant
2887 1776 3161 1844 reparari,
3216 1779 3450 1834 sollicite
3472 1798 3629 1836 scru-

1933 1854 2102 1905 tatur.
2139 1854 2446 1909 Doctorum
2480 1873 2708 1928 quoque
2752 1860 3134 1929 spiritualium
3168 1870 3253 1919 est
3283 1868 3492 1939 saepius
3526 1887 3627 1925 no-

1933 1944 2027 1993 ctu
2085 1956 2337 2011 surgere,
2413 1948 2468 1997 et
2525 1946 2720 1999 solerti
2778 1947 3049 2019 indagine
3108 1956 3319 2008 statum
3370 1957 3627 2012 Ecclesiae

1933 2027 2354 2097 quiescentibus
2395 2034 2614 2086 caneris
2644 2034 2944 2104 inspicere,
2994 2044 3057 2092 ut
3108 2040 3408 2111 vigilanter
3435 2044 3627 2115 inqui-

1932 2121 2081 2184 rant,
2141 2119 2431 2186 quomodo
2484 2135 2549 2172 ea
2602 2137 2733 2190 quae
2787 2123 3055 2179 vitiorum
3126 2128 3290 2182 bellis
3339 2131 3630 2186 sordidata

1932 2204 2019 2256 vel
2044 2204 2258 2273 dejecta
2290 2210 2442 2272 sunt,
2466 2207 2754 2278 corrigant
2803 2215 2859 2264 et
2907 2212 3147 2283 erigant.
3194 2217 3385 2271 Murus
3434 2224 3629 2273 autem

1932 2291 2245 2345 Jerusalem
2308 2293 2615 2363 dissipatus
2664 2296 2836 2365 jacet,
2892 2303 2946 2351 et
2975 2303 3329 2356 conversatio
3369 2304 3628 2360 ﬁdelium

1932 2379 2176 2432 terrenis
2214 2384 2270 2433 et
2324 2381 2568 2435 inﬁrmis
2628 2384 2822 2439 sordet
2892 2386 3210 2444 affectibus.
3263 2392 3444 2446 Porta!
3495 2399 3630 2448 sunt

1933 2467 2055 2537 igni
2107 2476 2481 2541 consumpta},
2537 2489 2667 2526 cum
2727 2474 2787 2528 hi
2807 2476 2907 2546 qui
2961 2477 3087 2531 aliis
3142 2478 3443 2535 introitum
3494 2483 3627 2538 vita:

1931 2556 2183 2626 pandere
2239 2558 2573 2624 debuerant,
2630 2562 2830 2616 relicto
2882 2565 3136 2619 veritatis
3166 2567 3438 2638 magistro
3470 2586 3626 2624 com-

1930 2644 2113 2711 muni,
2146 2662 2275 2700 cum
2306 2648 2523 2701 caeteris
2559 2649 2786 2720 ignavia
2824 2655 3071 2722 torpent,
3118 2660 3173 2708 et
3215 2658 3629 2727 temporalibus

1934 2733 2084 2787 curis
2115 2734 2453 2791 inserviunt.

2000 2822 2165 2876 Vsus.
2219 2826 2303 2877 l7.
2355 2854 2424 2865 —
2482 2826 2623 2892 Quia
2674 2830 2972 2883 Jerusalem
3028 2830 3239 2885 deserta
3301 2838 3397 2888 est.
3451 2835 3625 2904 (Bao.,

1929 2909 2090 2979 ibid.)
2122 2912 2298 2965 Plana
2326 2918 2461 2967 sunt
2508 2914 2629 2968 haec
2684 2920 2741 2970 et
2788 2917 3069 2987 spirituali
3127 2936 3296 2975 sensu
3339 2938 3623 2993 congrua;

1929 2998 2066 3068 quia
2097 2998 2375 3065 doctores,
2433 3001 2550 3055 imo
2613 3019 2811 3057 omnes
2862 3005 2961 3076 qui
3008 3006 3128 3060 zelo
3162 3007 3262 3061 Dei
3308 3009 3625 3081 fervent,in

1929 3086 2242 3141 afﬂictione
2286 3089 2534 3143 maxima
2585 3095 2739 3157 sunt,
2773 3093 3030 3162 quandiu
3080 3096 3412 3166 Jerusalem,
3455 3099 3513 3154 id
3541 3104 3626 3154 est

1928 3172 2207 3228 visionem
2267 3176 2441 3245 pacis,
2500 3193 2672 3248 quam
2734 3179 2898 3233 nobis
2931 3182 3080 3235 Deus
3112 3184 3341 3255 reliquit
3371 3190 3427 3240 et
3461 3203 3624 3241 com-

1929 3263 2241 3329 mendavit,
2292 3264 2454 3318 bellis
2510 3265 2933 3322 dissensionum
2991 3277 3237 3325 cernunt
3292 3289 3410 3327 esse
3440 3275 3626 3329 deser-

1927 3354 2043 3405 tam
2068 3368 2081 3405 :
2113 3356 2168 3405 et
2197 3357 2392 3422 portas
2421 3352 2721 3423 virtutum,
2747 3371 2888 3425 quas
2912 3357 3110 3425 juxtas
3142 3360 3343 3415 Isaiam
3372 3362 3624 3418 laudatio

1927 3456 2202 3511 occupare
2259 3441 2552 3508 debuerat,
2598 3445 3040 3512 praevalentibus
3100 3447 3413 3505 inferorum
3444 3451 3625 3521 portis

108 3540 395 3594 siderium
450 3538 650 3608 patriai
705 3538 967 3605 caelestis,
998 3542 1055 3592 et
1092 3540 1150 3592 in
1193 3542 1449 3611 equitatu
1497 3553 1821 3601 sanctorum

1993 3530 2191 3600 :jectas,
2224 3534 2282 3584 et
2310 3530 2620 3601 opprobrio
2650 3532 2893 3590 habitas.

108 3629 403 3691 cordium,
438 3642 567 3696 quae
595 3626 805 3680 scilicet
834 3630 1066 3697 portant
1090 3644 1364 3683 sessorem
1392 3632 1589 3685 Deum.

177 3716 288 3781 Qui
362 3719 756 3768 remanserunt.
810 3714 908 3783 (In.
978 3714 1141 3785 ibid.)
1199 3717 1359 3769 Patet
1429 3717 1635 3772 litteras
1694 3736 1819 3775 sen-

106 3822 222 3870 sus,
259 3809 400 3870 etc.,
432 3818 601 3871 usque
650 3802 725 3856 ad
754 3802 1023 3872 indignos
1071 3819 1262 3857 arcere
1304 3804 1640 3875 debuerant,
1683 3825 1821 3862 ava-

105 3894 279 3960 ritiae,
314 3892 563 3947 luxurias
612 3896 1061 3961 casterorumque
1100 3891 1378 3947 vitiorum
1408 3894 1697 3963 gincendio
1725 3914 1822 3967 pe-

108 3983 247 4038 rire.

178 4073 359 4125 Vens.
388 4070 443 4124 4.
474 4098 543 4110 -
589 4070 735 4122 Flevi
786 4073 837 4122 et
865 4069 1004 4122 turri.
1062 4068 1120 4122 Si
1176 4068 1262 4122 vir
1308 4074 1534 4123 sanctus
1581 4072 1819 4126 audiens

108 4160 410 4213 destructa
439 4159 729 4229 lignorum
781 4161 837 4211 et
893 4157 1147 4227 lapidum
1179 4157 1419 4211 aediﬁcia
1473 4164 1627 4213 recte
1658 4161 1818 4231 luge-

110 4251 224 4316 bat,
285 4249 609 4319 jejunabat,
653 4252 710 4300 et
765 4247 983 4312 orabat,
1039 4246 1140 4301 diu
1195 4246 1397 4300 sedens
1455 4248 1514 4301 in
1568 4247 1816 4317 tristitia,

110 4343 337 4409 quanto
379 4336 563 4405 magis
616 4335 675 4389 in
724 4335 1108 4390 destructione
1153 4339 1209 4389 et
1264 4336 1435 4390 ruina
1490 4336 1812 4392 animarum

110 4426 410 4481 continuis
469 4425 736 4493 luctibus,
795 4430 851 4479 et
899 4424 1252 4480 orationibus
1283 4429 1366 4479 est
1415 4425 1812 4494 insistendum,

106 4522 169 4569 ut
221 4515 540 4569 miserante
592 4515 708 4568 Deo
750 4514 818 4568 ad
862 4513 1160 4584 pristinam
1219 4514 1515 4585 erigantur
1574 4516 1817 4585 sospita-

106 4611 246 4672 tem,
283 4604 389 4676 qui
418 4603 477 4656 in
508 4602 818 4674 cpprobrio
850 4602 1140 4672 religionis
1166 4604 1558 4673 triumphante
1585 4603 1818 4658 inimico

103 4694 383 4762 jacebant
396 4689 619 4745 diutina
634 4689 904 4743 vitiorum
927 4689 1093 4743 sorde
1118 4690 1462 4760 squalentes.

816 4812 1038 4867 CAPUT
1064 4810 1133 4865 II.

182 4941 357 4994 Vens.
392 4942 441 4992 1.
473 4967 543 4979 -
597 4938 818 4991 Factum
855 4942 933 4991 est
991 4940 1188 4991 autem.
1226 4935 1376 5007 (Ben.
1436 4939 1495 4991 in
1532 4938 1815 5011 Esdram.)

112 5029 221 5093 Qui
282 5028 498 5081 scilicet
551 5031 635 5080 est
680 5025 901 5096 primus
927 5025 1138 5079 mensis
1190 5024 1347 5094 anni,
1378 5029 1508 5093 etc.,
1548 5042 1716 5095 usque
1743 5029 1817 5083 ad

114 5133 289 5171 suum
321 5115 611 5168 intimare.
648 5114 779 5167 Erat
808 5108 1041 5183 quidem
1072 5113 1339 5184 princeps
1384 5114 1660 5185 vinarius,
1693 5117 1817 5187 regi

112 5206 391 5276 poculum
442 5202 790 5273 porrigebat,
850 5202 1105 5256 ofﬁcium
1162 5201 1379 5256 laetitiae
1409 5202 1547 5257 foris
1590 5205 1813 5274 agebat,

116 5294 214 5348 sed
284 5292 526 5346 interius
583 5290 840 5360 lugebat:
896 5290 1031 5360 quia
1082 5290 1367 5345 civitatein
1418 5296 1670 5346 sanctam
1738 5292 1819 5347 di-

118 5389 334 5448 rutam,
386 5385 491 5434 etc.
568 5379 749 5433 Unde:
825 5380 999 5447 Super
1052 5381 1277 5447 ﬂumina
1332 5378 1637 5450 Babylonis
1706 5382 1819 5435 illic

117 5473 378 5535 sedimus,
415 5473 521 5523 etc.
548 5467 711 5537 (Psal.
742 5467 942 5537 cxxvx.)

186 5562 358 5615 Vens.
392 5561 446 5613 5.
478 5587 548 5597 —-—
604 5557 667 5611 Si
704 5556 940 5623 videtur,
972 5560 1077 5611 etc.
1131 5554 1259 5625 (Ιυ.,
1289 5556 1448 5621 ibid.)
1505 5556 1663 5611 Sicut
1720 5572 1822 5626 per

434 5665 710 5730 PATROL.
765 5663 971 5728 CXIII.

2602 3674 2823 3727 CAPUT
2878 3674 2977 3728 III.

2002 3795 2163 3848 Vens.
2206 3798 2254 3848 1.
2288 3825 2357 3835 -
2394 3796 2477 3849 Et
2521 3800 2764 3849 surrexit
2800 3798 3010 3851 Eliasib
3040 3799 3310 3854 sacerdos.
3342 3802 3516 3869 (ΒεεοΑ
3563 3808 3623 3859 in

1927 3882 2181 3949 Esdram,
2223 3887 2360 3936 tom.
2399 3883 2471 3944 II,
2506 3883 2602 3937 lib.
2660 3884 2759 3953 in.)
2796 3884 2855 3937 Id
2902 3889 3004 3951 est,
3060 3886 3314 3954 pontifex
3344 3892 3621 3959 temporis

1926 3970 2081 4023 illius
2131 3970 2283 4024 ﬁlius
2312 3971 2588 4036 Joacbim,
2645 3970 2745 4041 qui
2802 3977 2932 4042 post
2987 3978 3211 4043 patrem
3253 3992 3379 4029 sum
3426 3980 3620 4033 Jesum

1928 4059 2113 4113 ﬁlium
2149 4060 2405 4129 Josedec,
2466 4076 2583 4113 non
2610 4076 2784 4130 parvo
2813 4066 3072 4132 tempore
3100 4064 3499 4133 pontiﬁcatum
3530 4071 3620 4121 te-

1926 4146 2071 4199 nuit.
2106 4146 2170 4200 Et
2226 4149 2375 4199 recte
2424 4146 2761 4201 restauratio
2805 4147 3105 4204 civitatisa
3164 4154 3454 4207 sacerdote
3502 4171 3621 4210 ma-

1925 4250 2039 4304 gno
2072 4240 2128 4288 et
2156 4234 2423 4289 fratribus
2482 4236 2605 4306 ejus
2634 4236 2805 4307 coepit
2833 4253 2845 4290 :
2877 4242 2940 4292 ut
2968 4239 3066 4310 qui
3092 4241 3275 4309 gradu
3316 4258 3619 4311 praecesse-

1926 4326 2055 4375 rant
2076 4322 2310 4387 ordinis,
2354 4326 2678 4394 exemplum
2736 4325 2942 4381 ﬁerent
2985 4328 3112 4382 aliis
3145 4328 3204 4383 in
3236 4330 3401 4384 bonis
3431 4333 3619 4403 operi-

1925 4409 2050 4464 bus.
2086 4411 2151 4463 Et
2179 4411 2323 4465 bene
2353 4412 2766 4468 ediﬁcentibus
2814 4417 3204 4471 sacerdotibus
3245 4418 3616 4490 adjungitur:

1925 4499 1995 4553 Et
2050 4513 2221 4567 usque
2267 4499 2341 4552 ad
2394 4503 2590 4555 turrim
2634 4506 2845 4557 centum
2901 4504 3202 4559 cubitorum
3254 4510 3621 4576 sanctiﬁcave-

1923 4591 2054 4640 runt
2072 4602 2189 4640 eam
2221 4602 2391 4657 usque
2420 4588 2496 4642 ad
2526 4592 2725 4644 turrim
2779 4593 3079 4646 Hananael.
3112 4593 3410 4648 Editicant
3465 4595 3620 4650 enim

1926 4675 2245 4729 sacerdotes
2303 4675 2362 4729 in
2420 4678 2745 4733 centenario
2802 4697 3042 4735 numero
3080 4682 3429 4751 cubitorum,
3488 4700 3620 4738 cum

1928 4778 2127 4816 omnes
2184 4778 2325 4834 quos
2384 4764 2674 4834 erudiunt,
2704 4784 2899 4823 amore
2957 4772 3012 4822 et
3043 4767 3328 4822 desiderio
3372 4775 3621 4826 aeterno-

1926 4865 2057 4904 rum
2086 4849 2418 4905 incendunt.
2444 4851 2582 4905 Nam
2641 4858 2894 4922 centum,
2928 4870 3055 4925 qua:
3090 4854 3150 4908 in
3181 4860 3452 4927 computo
3475 4858 3621 4929 digi-

1924 4942 2118 4993 torum
2148 4939 2217 4993 de
2249 4940 2387 4994 laeva
2426 4941 2806 4995 transeuntin
2856 4942 3168 5010 dexteram,
3196 4945 3447 5000 caelestia
3471 4946 3624 5002 bona

1926 5027 2199 5098 ﬁgurant,
2234 5044 2361 5098 quae
2392 5028 2744 5099 comparatio
2773 5034 3137 5084 terrenorum
3194 5032 3359 5102 quasi
3394 5034 3625 5088 dextera

1928 5116 1999 5171 ad
2029 5116 2319 5171 sinistram
2346 5123 2499 5172 sunt.

1996 5207 2069 5259 Et
2119 5205 2551 5275 adiﬁcavcrunt.
2611 5205 2732 5275 (Ιυ.,
2790 5205 2962 5274 ibid,)
2996 5207 3165 5261 Vetus
3192 5209 3491 5265 translatio
3518 5211 3620 5266 lia-

1927 5292 2045 5359 bet,
2079 5298 2207 5356 etc.,
2241 5309 2407 5362 usque
2434 5294 2509 5347 ad
2539 5299 2596 5348 et
2625 5294 2685 5346 in
2712 5293 2810 5346 illa
2839 5294 3119 5350 laventur.

2002 5382 2125 5451 (10.,
2157 5380 2316 5449 ibid.)
2378 5381 2613 5435 Videtur
2660 5382 2822 5450 juxta
2879 5381 3158 5450 litteram,
3187 5389 3318 5454 etc.,
3353 5402 3523 5458 usque
3551 5389 3626 5444 ad

1930 5470 2050 5523 sola
2070 5468 2310 5522 internze
2339 5468 2735 5522 retributionis
2766 5469 3087 5525 intentione
3110 5473 3476 5542 protendunt.

2000 5557 2223 5610 Portam
2265 5558 2463 5623 gregis.
2522 5556 2682 5625 Quae,
2724 5557 2955 5625 scilicet,
3015 5558 3248 5632 respicit
3288 5563 3511 5633 Joppen
3570 5568 3627 5617 et

3269 5676 3355 5734 23
