4062 6180
364 319 468 370 715

1004 307 1397 364 WALAFRIDI
1437 305 1682 360 STRABl
1724 300 1922 356 πω).
1970 300 2101 354 ΜοΝ

2222 298 2324 352 ΡΡ.
2374 295 2547 351 PARS
2586 296 2626 348 Ι.
2668 321 2740 334 -
2775 289 3230 348 THEOLOGICA.

3752 292 3855 342 716

370 435 701 507 Diospolim,
726 435 781 489 id
821 439 925 502 est,
981 432 1252 502 Lyddam,
1287 427 1525 481 vicinior
1565 425 1710 478 mari
1740 424 1890 478 inter
1921 439 2060 476 cun-
2091 426 2138 477 A
2174 421 2372 487 salem,
2401 423 2528 482 etc.,
2579 433 2747 487 usque
2785 417 2859 470 ad
2909 419 2970 469 ut
3003 414 3198 468 omnia
3227 431 3258 468 a
3285 429 3341 467 se
3396 412 3602 467 rudera
3631 412 3864 466 actionis

377 533 494 580 ctas
528 525 644 578 vias
697 523 1040 586 Jerusalem;
1073 535 1200 590 quae
1257 533 1407 570 nunc
1464 520 1631 586 porta
1689 512 1863 566 David
1895 513 2073 566 fertur

378 611 674 682 appellari,
733 615 787 663 et
842 625 960 663 esse
1011 608 1196 679 prima
1250 610 1545 676 portarum
1603 603 1671 656 ad
1721 601 2072 655 occidentem

378 699 588 753 montis
649 698 804 752 Sion.
883 697 1023 750 Huic
1097 693 1359 764 Opinioni
1425 691 1747 745 consentire
1805 690 2075 744 videntur

377 788 560 841 Verba
616 787 861 853 dierum,
900 785 996 837 ubi
1052 784 1323 853 scriptum
1378 786 1461 834 est
1507 781 1576 834 de
1631 780 1880 833 Manasse
1941 793 2074 848 rege

377 875 553 928 Juda:
609 876 734 927 Post
778 875 872 926 hoc
915 873 1206 938 adiﬁcavit
1235 887 1450 924 murum
1480 874 1638 922 extra
1683 871 1953 921 civitatem
1974 869 2076 920 Da-

376 963 492 1028 vid,
536 966 640 1015 etc.
672 963 747 1029 (ΙΙ
773 963 900 1015 Par.
928 961 1049 1027 xu.)
1307 974 1309 976 ·

452 1052 632 1119 (Bt-10.,
668 1049 840 1119 ibid.)
891 1048 1094 1118 Typice
1133 1052 1346 1112 autem,
1405 1045 1550 1099 sicut
1604 1060 1743 1113 grex
1797 1043 2080 1113 signiﬁcat

381 1137 609 1196 Domini
666 1137 880 1201 lideles,
927 1142 1058 1200 etc.,
1118 1151 1286 1204 usque
1339 1134 1412 1187 ad
1469 1131 1826 1202 temporibus
1884 1135 2077 1184 autem

383 1228 636 1282 Ezechiie
683 1225 1036 1296 duplicatum
1093 1224 1263 1277 fuisse
1312 1238 1540 1276 murum
1598 1220 1834 1274 civitatis
1899 1219 2080 1272 Verba

382 1316 608 1370 dierum
639 1315 718 1369 sic
770 1313 1111 1367 ostendunt:
1162 1312 1472 1380 Ediﬁcavit
1529 1325 1736 1379 quoque
1768 1323 1930 1375 agens
1985 1309 2080 1360 in-

382 1404 590 1457 dustrie
611 1417 816 1457 omnem
836 1417 1073 1469 murum,
1105 1405 1210 1453 etc.
1244 1401 1323 1467 (II
1338 1401 1462 1453 Par.
1493 1397 1676 1466 xxiii.)

288 1483 294 1488 ’
454 1490 657 1560 Typice
703 1493 892 1542 autem
939 1488 1042 1540 iste
1096 1485 1415 1556 Sophonias
1475 1500 1668 1537 vocem
1725 1481 1991 1535 clamoris
2049 1497 2082 1533 a

384 1585 548 1647 porta
595 1576 840 1646 piscium
872 1580 928 1628 et
977 1575 1257 1627 ululatum
1290 1572 1507 1626 audivit
1536 1590 1566 1624 a
1619 1571 1905 1625 secunda:
1944 1569 2080 1639 quia

386 1666 455 1718 ab
486 1665 743 1718 hostibus
789 1669 1091 1732 utramque
1126 1661 1503 1731 dejiciendam
1534 1659 1950 1729 praacognovit.
1991 1657 2078 1709 Fi-

385 1753 516 1806 dem
549 1753 701 1805 enim
727 1755 783 1804 et
822 1767 996 1821 opera
1026 1751 1322 1805 doctorum
1368 1766 1470 1818 per
1503 1765 1627 1818 quia
1658 1748 1729 1801 ab
1759 1747 1931 1800 undis
1959 1745 2087 1797 vitae

385 1841 776 1912 corruptibilis
823 1845 1056 1894 cmteros
1105 1838 1246 1904 erui,
1296 1838 1441 1891 etin
1500 1836 1800 1891 Ecclesiam
1857 1839 2086 1904 oporte-

387 1931 485 1985 bat
530 1930 742 1997 induci,
796 1929 936 1982 vidit
993 1928 1207 1982 diaboii
1273 1925 1496 1980 insidiis
1554 1930 1720 1979 terrae
1777 1941 1896 1978 esse
1954 1928 2088 1977 ster-

388 2018 596 2083 nenda,
636 2017 696 2070 id
744 2023 846 2084 est,
876 2033 978 2087 per
1007 2016 1324 2086 appetitum
1367 2020 1611 2068 terrenae
1641 2012 1948 2084 voluptatis
1978 2027 2091 2064 cce-

387 2106 626 2160 lestibus
653 2105 877 2176 gaudiis
907 2121 1026 2158 esse
1061 2104 1381 2175 privandos.
1416 2105 1565 2157 Bene
1598 2107 1788 2157 autem
1824 2102 1892 2155 ab
1925 2105 2090 2154 utra-

388 2209 500 2264 que
558 2198 742 2263 porta,
793 2193 1000 2262 prima,
1060 2192 1294 2258 scilicet,
1353 2195 1409 2245 et
1440 2191 1708 2250 secunda,
1749 2188 2012 2243 interiori
2038 2191 2094 2241 et

392 2281 677 2347 exteriori,
727 2297 916 2335 vocem
970 2280 1234 2334 clamoris
1279 2286 1336 2334 et
1371 2281 1621 2333 ululatus
1673 2279 1927 2333 audivit:
1959 2277 2094 2348 quia

396 2369 641 2424 exterius
667 2385 861 2438 opera,
922 2374 978 2422 et
1024 2369 1179 2422 intus
1229 2368 1396 2421 corda
1449 2367 1678 2421 diabolo
1732 2366 2092 2436 inpugnante

391 2457 535 2510 vidit
594 2456 995 2510 subvertenda.
1055 2455 1160 2509 Sed
1192 2455 1327 2524 quia
1377 2453 1652 2507 Dominus
1702 2453 1872 2522 erigit
1901 2452 2092 2518 elisos,

401 2545 705 2600 Nehemias
758 2549 986 2614 portam
1043 2542 1284 2612 piscium
1333 2547 1460 2612 post
1507 2541 1713 2595 ruinan
1763 2545 1956 2594 narrat
2012 2541 2098 2594 in-

399 2637 746 2687 stauratum:
805 2632 939 2702 quia
1007 2631 1053 2683 si
1107 2630 1286 2701 aliqui
1317 2630 1760 2700 praedicatorum
1810 2629 2096 2698 peccando

400 2721 740 2786 corruerint,
776 2736 890 2773 non
939 2720 1180 2773 deerunt
1216 2735 1398 2789 usque
1426 2719 1485 2772 iu
1534 2719 1707 2773 tinem
1754 2717 1964 2782 saeculi,
2001 2717 2098 2788 qui

404 2809 770 2864 succedentes
805 2812 998 2878 portas
1033 2808 1265 2878 iustitiae
1296 2807 1538 2861 Domino
1587 2807 1889 2876 adjuvante
1917 2805 2098 2860 fideli-

401 2896 510 2950 bus
540 2897 686 2951 bene
711 2897 954 2950 vivendo
986 2902 1041 2949 et
1069 2895 1440 2966 praedicando
1472 2895 1750 2966 aperiant.

477 2986 593 3053 Ipsi
625 2988 888 3038 texerunt.
948 2985 1074 3055 (10.,
1119 2984 1284 3053 ibid.)
1327 2983 1426 3036 Hic
1458 2998 1650 3035 versus
1681 2981 1854 3035 etiam
1907 2981 1975 3035 de
2009 2997 2106 3036 cie.

401 3072 536 3142 teris
562 3073 760 3142 portis,
818 3076 945 3138 etc.,
1004 3087 1171 3141 usque
1191 3071 1264 3125 ad
1307 3071 1406 3142 qui
1454 3071 1580 3140 plus
1641 3069 1880 3139 periculi
1931 3069 2095 3123 nobis

402 3160 686 3214 laudando
715 3160 968 3221 afferant,
1002 3176 1176 3230 quam
1205 3159 1469 3213 salutaris
1499 3156 1836 3212 adminiculi
1869 3173 1902 3211 a
1931 3157 2096 3211 nobis

403 3249 644 3302 videndo
677 3248 947 3300 referant.

477 3337 636 3389 Vens.
669 3339 720 3389 6.
765 3366 830 3373 --
863 3335 952 3388 Ad
977 3340 1196 3403 portam
1225 3339 1468 3387 veterem.
1508 3335 1584 3387 De
1622 3349 1734 3403 qua
1763 3331 1900 3387 dicit
1926 3333 2098 3385 Joan-

405 3439 540 3476 nes:
597 3425 938 3488 Charissimi,
999 3438 1103 3476 non
1153 3422 1472 3475 mandatum
1501 3437 1696 3475 novum
1723 3421 1897 3475 scribo
1926 3421 2096 3487 vobis,

406 3511 500 3564 sed
525 3514 674 3564 vetus
707 3509 850 3578 quod
881 3509 1149 3563 habuistis
1181 3510 1249 3562 ab
1279 3511 1438 3562 initio
1463 3510 1512 3578 (Ι
1556 3510 1726 3562 Joan.
1763 3508 1839 3576 ιι).
1874 3508 2101 3564 Manda-

408 3604 520 3651 tum
548 3603 697 3651 vetus
723 3603 800 3651 est
827 3597 1046 3650 verbum
1077 3598 1225 3666 quod
1253 3597 1510 3650 audistis.
1543 3599 1711 3650 Porta
1769 3613 1901 3651 vero
1944 3602 2102 3650 vetus

408 3686 720 3740 mditicatur
749 3686 806 3738 in
856 3687 1191 3748 Jerusalem,
1243 3702 1370 3738 cum
1430 3685 1663 3739 verbum
1695 3685 1829 3739 ﬁdei
1878 3689 1933 3739 et
1963 3685 2103 3740 dile-

408 3774 610 3828 ctionis
639 3773 789 3844 quod
813 3774 884 3827 ab
938 3773 1100 3827 initio
1131 3774 1392 3828 Ecclesiae
1430 3775 1702 3829 traditum
1743 3780 1845 3841 est,
1891 3777 1978 3829 vel
2009 3791 2104 3830 re-

410 3863 802 3933 cuperaturiu
855 3863 1194 3928 errantibus,
1232 3863 1321 3917 vel
1384 3863 1444 3916 in
1503 3880 1687 3935 nuper
1743 3863 2104 3918 credentibus

409 3953 748 4007 instituitur.

483 4043 620 4096 Vens
673 4045 724 4095 8.
756 4073 823 4080 —
847 4041 932 4094 Ad
959 4057 1189 4095 murum.
1222 4041 1588 4095 Firmitatum
1634 4041 1850 4096 scilicet
1875 4045 1930 4095 et
1978 4057 2104 4095 mu-

411 4130 731 4183 nimentum
796 4128 1060 4198 perfech
1120 4128 1439 4182 dilectionis
1468 4129 1527 4182 in
1581 4129 1846 4183 cordibus
1900 4129 2104 4183 electo-

411 4234 562 4283 rum,
593 4218 662 4270 ad
726 4233 896 4286 quam
943 4217 1311 4270 instructores
1355 4217 1478 4286 ejus
1520 4217 1854 4270 aedificando
1902 4233 2103 4286 perve-

411 4307 602 4370 niunt,
651 4321 782 4358 cum
835 4304 896 4356 in
945 4304 1212 4374 operibus
1270 4303 1561 4358 charitatis
1610 4304 1962 4374 proﬁciendo
2015 4304 2106 4358 di—

413 4399 572 4448 cunt:
631 4396 789 4447 Viam
817 4392 1201 4446 mandatorum
1257 4397 1471 4446 tuorum
1500 4395 1737 4459 cucurri,
1785 4397 1894 4447 etc.
1933 4393 2103 4463 (Psal.

414 4485 622 4552 cxvm),
672 4481 786 4545 illa,
858 4481 1070 4534 scilicet
1142 4480 1472 4534 dilatatione
1529 4481 1738 4535 mentis
1787 4481 2107 4549 illustratus,

415 4587 543 4641 qua:
577 4569 900 4623 etamicum
942 4569 999 4622 in
1033 4570 1145 4622 Deo
1173 4573 1230 4622 et
1271 4568 1570 4623 inimicum
1596 4569 1844 4640 diligunt
1874 4574 2110 4640 propter

416 4660 617 4713 Deum.

485 4749 643 4802 Vens.
703 4749 785 4800 13.
821 4777 888 4786 -
933 4749 1003 4800 Et
1047 4749 1261 4814 portam
1310 4745 1493 4801 vallis.
1530 4747 1717 4814 (BEDA,
1769 4746 1864 4800 ubi
1888 4745 2105 4814 supra.)

417 4837 585 4890 Vallis
629 4835 924 4904 Josaphat,
978 4850 1107 4904 quas
1155 4838 1209 4887 et
1231 4834 1565 4902 Gehenuon,
1628 4839 1760 4904 etc.,
1817 4850 1986 4903 usque
2035 4835 2108 4887 ad

416 4927 471 4980 id
504 4929 588 4979 est
619 4923 864 4978 humiles
891 4923 1040 4977 dono
1063 4939 1326 4993 supernae
1348 4923 1690 4978 refectionis.

486 5017 555 5068 Et
582 5017 795 5082 portam
823 5013 1000 5067 vallis.
1035 5013 1114 5078 (In
1145 5053 1160 5078 ,
1213 5012 1374 5080 ibid.)
1436 5013 1582 5066 Bene
1611 5016 1739 5083 post
1767 5016 1989 5082 portam
2017 5029 2110 5066 ve-

415 5107 596 5156 terem
654 5106 711 5154 et
758 5117 985 5154 murum
1045 5099 1261 5152 latioris
1318 5100 1524 5169 plateas
1581 5100 1895 5156 aediﬁcatur
1946 5105 2113 5170 porta

414 5189 592 5250 vallis,
648 5188 785 5259 quia
815 5192 945 5258 post
998 5187 1323 5242 rudimenta
1353 5187 1647 5241 catholica
1689 5187 1821 5242 ﬁdei
1852 5204 1982 5258 quae
2011 5203 2115 5257 per

419 5276 782 5331 dilectionem
813 5282 1102 5346 operatur,
1126 5293 1354 5330 necesse
1395 5281 1478 5330 est
1510 5280 1572 5330 ut
1621 5276 1914 5330 humilitas
1944 5277 2111 5330 nobis

417 5361 582 5431 quasi
616 5367 804 5416 custos
835 5364 1110 5417 virtutum
1148 5364 1395 5419 tenenda
1431 5364 1779 5434 insinuetur,
1803 5368 1865 5418 ut
1896 5368 2111 5435 quanto

417 5448 608 5518 magni
639 5466 855 5516 sumus,
887 5450 1262 5506 humiliemur
1288 5452 1347 5506 in
1374 5452 1664 5506 omnibus.

485 5539 556 5591 Et
575 5537 736 5592 mille.
792 5539 920 5610 (In,
965 5539 1126 5604 ibid.)
1187 5542 1396 5594 Ferunt
1427 5540 1560 5610 quia
1585 5541 1728 5596 situs
1758 5540 1915 5595 urbis
1950 5542 2110 5595 Jeru-

2181 510 2364 564 noxiae
2397 508 2613 564 inutilis
2641 505 2941 561 locutionis
2995 509 3052 559 et
3108 504 3279 558 etiam
3325 502 3627 574 superﬂuae
3661 501 3865 572 cogita-

2181 598 2354 651 tionis
2386 596 2632 667 ejiciant.

2254 688 2413 740 Vens.
2474 688 2557 738 l5.
2613 713 2682 724 —-
2719 686 2789 738 Et
2843 687 3060 752 portam
3108 683 3278 748 fontis
3335 679 3623 748 zdiﬁcavit
3677 678 3866 734 Selium

2181 773 2348 844 ﬁlius,
2381 780 2486 826 etc.
2521 772 2646 842 (ln.,
2689 771 2847 841 ibid.)
2908 771 3150 824 Narrant
3179 767 3498 838 scriptores,
3551 772 3676 828 etc.,
3709 780 3869 834 usque

2184 863 2258 915 ad
2314 862 2526 932 gradus
2572 861 2750 930 ipsius
2802 858 3056 912 Ecclesiae
3114 856 3481 910 incrementis
3513 860 3569 908 et
3615 853 3868 924 profecti-

2181 951 2288 1004 bus
2336 951 2620 1003 bonorum
2673 962 2932 1019 operum,
2985 963 3114 1017 qua:
3168 961 3271 1015 per
3320 944 3703 998 humilitatem
3734 943 3870 995 tiunt

2185 1055 2544 1109 comparans.
2845 1082 2849 1085 _

2257 1132 2331 1182 De
2382 1129 2600 1180 civitate
2653 1125 2845 1190 David,
2907 1127 3011 1178 etc.
3073 1123 3283 1176 Civitus
3343 1120 3514 1175 David
3562 1121 3726 1190 juxta
3781 1119 3872 1173 lit-

2190 1221 2370 1271 teram
2437 1231 2602 1268 mons
2662 1213 2794 1268 Sion
2844 1213 3184 1283 appellatur,
3243 1210 3342 1281 qui
3395 1226 3429 1264 a
3483 1209 3724 1262 meridie
3779 1225 3873 1279 po-

2188 1306 2328 1359 situs
2381 1319 2485 1373 pro
2563 1318 2689 1355 arce
2764 1301 2864 1354 ubi
2921 1300 3332 1370 supereminet,
3395 1303 3450 1352 et
3516 1298 3702 1367 major
3756 1313 3874 1368 pars

2189 1391 2433 1446 civitatis
2485 1390 2634 1444 infra
2685 1393 2941 1443 montem
2986 1389 3139 1458 jacet
3184 1389 3243 1440 in
3302 1386 3538 1456 planitie
3569 1385 3876 1439 humilioris

2189 1481 2348 1534 collis
2403 1480 2526 1533 sita.
2599 1478 2754 1534 Unde
2808 1479 2866 1531 in
2939 1477 3084 1531 libro
3158 1479 3414 1546 Regum:
3489 1477 3649 1544 Cepit
3713 1479 3877 1527 autem

2192 1569 2370 1623 David
2399 1584 2573 1622 arcem
2629 1568 2778 1633 Sion,
2829 1568 2936 1620 haec
2985 1571 3062 1620 est
3117 1568 3310 1619 civitas
3358 1563 3537 1618 David
3575 1563 3658 1634 (II
3682 1565 3784 1628 Reg
3808 1562 3876 1629 γ).

2191 1657 2259 1709 Et
2316 1658 2486 1726 paulo
2544 1660 2697 1726 post:
2764 1655 3046 1708 Habitavit
3094 1660 3271 1707 autem
3318 1651 3498 1706 David
3554 1654 3608 1704 in
3671 1665 3806 1713 arce,
3837 1652 3880 1700 et

2195 1749 2415 1800 vocavit
2445 1761 2560 1798 eam
2586 1747 2857 1798 civitatem
2888 1743 3066 1797 David
3093 1742 3298 1810 (Ibid).

2268 1836 2436 1887 Vens.
2478 1837 2560 1888 l6.
2590 1863 2657 1870 —
2700 1831 3014 1901 Ediﬁcavit
3043 1832 3325 1885 Nehemias
3343 1830 3490 1896 ﬁlius
3519 1826 3748 1890 Asboth,
3779 1830 3877 1878 etc.

2201 1923 2388 1990 (BEDA,
2422 1922 2518 1975 ubi
2545 1922 2758 1990 supra.)
2820 1921 2951 1973 Post
2989 1924 3214 1987 portam
3265 1916 3440 1970 fontis
3479 1920 3537 1967 et
3587 1929 3776 1966 muros
3804 1912 3876 1980 pi-

2200 2011 2371 2064 scina:
2421 2009 2596 2076 Siloe,
2657 2012 2787 2074 etc.,
2849 2022 3017 2076 usque
3063 2005 3138 2058 ad
3193 2011 3250 2058 et
3296 2005 3366 2059 ad
3397 2019 3640 2074 regnum
3674 2001 3878 2055 caeleste

2201 2115 2430 2152 ascensu
2442 2114 2530 2150 [‘03
2559 2101 2924 2167 cognoscant.

2273 2188 2470 2243 Contra
2502 2187 2804 2254 sepulcrum
2854 2183 3050 2250 David,
3084 2189 3188 2236 etc.
3243 2182 3361 2251 (10.,
3395 2181 3556 2250 ibid.)
3605 2182 3746 2234 Nota
3781 2179 3880 2230 Da-

2202 2275 2291 2329 vid
2325 2291 2442 2328 non
2469 2275 2528 2327 in
2563 2274 2912 2338 Bethlehem,
2934 2277 2996 2326 ut
3017 2273 3250 2342 quidam
3280 2275 3500 2340 putant,
3536 2269 3633 2322 sed
3656 2270 3715 2322 in
3741 2269 3878 2322 Jeru-

2203 2367 2378 2419 salem
2428 2380 2548 2418 esse
2596 2363 2885 2434 sepultum
2923 2367 3075 2416 certa
3127 2361 3348 2414 ratione
3408 2359 3686 2431 mysterii.
3743 2357 3881 2412 Sicut

2206 2453 2358 2506 enim
2382 2453 2441 2506 iu
2462 2453 2791 2506 Bethlehem
2811 2456 2977 2504 natus
2999 2450 3133 2504 etin
3163 2465 3354 2518 regem
3371 2453 3578 2502 unctus
3607 2447 3875 2500 Christum

2207 2543 2417 2596 ibidem
2465 2541 2817 2595 nasciturum
2851 2540 2920 2594 de
2976 2554 3080 2593 suo
3113 2538 3347 2603 semine,
3413 2542 3467 2590 et
3517 2552 3549 2589 a
3585 2536 3764 2606 magis
3793 2534 3882 2588 sub

2206 2646 2450 2700 persona
2494 2629 2644 2699 regis
2673 2628 3027 2682 adorandum
3067 2625 3362 2697 ﬁguravit;
3396 2624 3472 2678 ita
3499 2624 3556 2677 in
3587 2624 3883 2678 Jerusalem

2208 2719 2509 2774 defunctus
2563 2722 2620 2770 et
2666 2716 2924 2786 sepultus
2971 2717 3161 2786 ipsum
3194 2714 3254 2768 in
3283 2713 3485 2768 eadem
3515 2712 3746 2767 civitate
3774 2727 3886 2781 pas-

2209 2823 2404 2862 surum
2429 2823 2492 2859 ac
2519 2805 2931 2876 sepeliendum.

2286 2896 2374 2950 Ad
2395 2897 2682 2964 piscinam,
2715 2898 2820 2947 etc.
2845 2894 2967 2963 (10.,
2997 2890 3176 2961 ibid.)
3215 2890 3517 2956 Piscinam,
3547 2889 3883 2959 Scripturam

2143 2998 2181 3053 ς,
2213 2985 2426 3038 scilicet
2455 2982 2728 3048 divinam,
2777 2985 2907 3047 etc.,
2963 2995 3132 3049 usque
3155 2979 3228 3033 ad
3257 2983 3311 3032 et
3351 2978 3398 3032 si
3429 2978 3609 3032 hostis
3641 2978 3888 3048 antiquus

2202 3072 2422 3126 fontem
2464 3070 2628 3125 nobis
2679 3068 2975 3123 abstulerit
3019 3067 3178 3122 verbi
3224 3067 3344 3132 Dei,
3393 3066 3668 3121 continuo
3716 3066 3774 3119 in
3801 3082 3884 3120 ar-

2204 3176 2327 3214 cem
2361 3159 2563 3213 mentis
2585 3157 2879 3228 irrumpit.

2277 3251 2441 3302 Vens.
2503 3251 2591 3303 19.
2648 3277 2717 3287 —-
2769 3249 2838 3301 Et
2902 3245 3212 3314 aediﬁcavit,
3272 3249 3378 3298 etc.
3431 3243 3555 3311 (10.,
3590 3243 3754 3310 ibid.)
3786 3242 3882 3295 llu-

2206 3353 2417 3406 cusque
2434 3335 2653 3406 primus
2688 3333 2930 3388 civitatis
2964 3348 3159 3387 murus
3192 3331 3520 3398 exstruitur,
3554 3335 3687 3398 etc.,
3720 3345 3884 3398 usque-

2207 3425 2282 3479 ad
2302 3425 2358 3478 in
2383 3440 2494 3495 quo
2522 3423 2730 3478 interni
2758 3421 2983 3476 arbitrii
3009 3421 3202 3474 oculos
3227 3419 3606 3474 offendamus.

2280 3514 2494 3566 Contra
2550 3527 2848 3576 ascensum,
2898 3514 3003 3564 etc.
3042 3509 3140 3562 Hic
3170 3514 3258 3562 est
3307 3509 3558 3563 Christus
3587 3508 3766 3578 quiin
3787 3507 3880 3560 ﬁde

2210 3618 2310 3655 sua
2342 3606 2396 3654 et
2452 3601 2754 3655 dilectione
2809 3598 3141 3654 Judmorum
3197 3596 3794 3666 populum'adunavit
3843 3597 3885 3646 et

2211 3689 2500 3759 gentium:
2531 3689 2682 3744 unde
2727 3689 2869 3758 lapis
2918 3686 3206 3756 angularis
3235 3685 3463 3739 dicitur.
3517 3686 3723 3740 Contra
3747 3684 3885 3753 cujus

2213 3794 2510 3832 ascensum
2586 3793 2853 3831 mensura
2907 3775 3155 3830 secunda
3225 3774 3562 3840 aediﬁcatur,
3627 3790 3754 3827 cum
3805 3786 3888 3842 per

2214 3866 2554 3921 munditiam
2604 3865 2707 3936 pile
2742 3864 3108 3935 cogitationis
3153 3863 3224 3917 ad
3262 3863 3540 3916 visionem
3566 3864 3692 3933 ejus
3724 3861 3886 3915 tendi-

2214 3971 2361 4020 mus,
2395 3971 2524 4008 cum
2583 3955 2752 4008 etiam
2802 3953 2864 4006 in
2894 3953 3000 4006 hac
3047 3951 3160 4005 vita
3216 3951 3425 4004 retenti
3454 3951 3654 4005 crebro
3677 3949 3886 4003 visionis

2214 4043 2336 4112 ejus
2388 4042 2668 4096 desiderio
2720 4040 3094 4110 suspiramus.
3151 4040 3439 4108 Sequatur
3487 4038 3723 4109 plurimi
3751 4042 3885 4091 stru-

2213 4138 2436 4184 ctorum
2477 4130 2726 4194 ordines,
2760 4127 2861 4199 qui
2894 4143 3222 4182 mensuram
3264 4127 3575 4180 secundam
3606 4127 3888 4181 aediﬁcasse

2214 4223 2548 4273 narrantur:
2600 4217 2734 4288 quia
2790 4217 3034 4270 maxima
3083 4215 3344 4270 Ecclesiae
3393 4219 3678 4270 structura
3720 4219 3798 4269 est
3840 4212 3887 4265 in

2217 4306 2533 4362 munimine
2583 4305 2871 4360 interioris
2919 4305 3160 4370 virtutis,
3210 4320 3340 4358 cum
3371 4304 3584 4359 scilicet
3619 4303 3772 4358 omni
3799 4316 3887 4354 cu-

2213 4396 2400 4450 stodia
2430 4395 2722 4448 munimus
2770 4410 2866 4447 cor
2909 4398 3190 4459 nostrum,
3230 4393 3500 4462 quoniam
3553 4410 3617 4447 ex
3649 4393 3767 4462 ipso
3792 4389 3890 4442 vita

2213 4485 2486 4555 procedit.
2527 4483 2764 4553 Singula
2805 4499 2935 4535 vero
2986 4481 3055 4536 ad
3085 4481 3526 4552 intelligentiam
3559 4479 3887 4552 spiritualem

2216 4574 2442 4629 trahere
2457 4571 2629 4626 nimis
2660 4573 2894 4640 longum
2922 4575 3027 4624 est.

2287 4663 2445 4715 Vuas.
2480 4663 2568 4715 26.
2622 4690 2693 4699 —
2747 4661 3044 4716 Nat/tinxi.
3097 4658 3376 4713 Dicuntur
3412 4659 3758 4725 Gabaonitae,
3804 4652 3885 4724 qui

2217 4751 2276 4804 in
2305 4748 2689 4802 ministerium
2740 4748 2942 4801 domus
2999 4746 3228 4800 Domini
3272 4747 3438 4817 juxta
3478 4745 3884 4818 dispositionem

2216 4840 2385 4893 Josue
2421 4836 2522 4891 lilii
2545 4837 2672 4890 Nun
2698 4835 2854 4890 ﬁdeli
2889 4835 3188 4892 devotione
3203 4835 3557 4890 ‘serviebant.

2287 4929 2360 4980 In
2392 4926 2576 4996 Ophel.
2638 4926 2820 4994 (BEDA,
2879 4924 3055 4993 ibid.)
3094 4923 3287 4978 Turris
3345 4930 3467 4978 erat
3522 4940 3636 4978 non
3686 4923 3886 4990 longea

2219 5015 2431 5084 templo
2462 5013 2760 5067 altitudine
2800 5013 3047 5066 enormi.
3090 5013 3245 5066 Unde
3292 5012 3492 5082 Ophel,
3527 5012 3582 5066 id
3616 5019 3714 5077 est,
3747 5015 3884 5063 tene-

2221 5104 2452 5158 brarum
2484 5103 2571 5156 vel
2600 5101 2786 5156 nubili
2839 5117 3049 5156 nomen
3100 5102 3339 5172 accepit,
3363 5102 3498 5173 quia
3538 5101 3776 5156 nubibus
3803 5111 3882 5148 ca-

2221 5196 2324 5262 put
2377 5188 2637 5243 inseruit.
2692 5189 2949 5260 Denique
3002 5188 3100 5242 ubi
3129 5189 3186 5242 in
3217 5189 3445 5243 Michaea
3490 5189 3754 5259 scriptum
3783 5187 3880 5238 est:

2220 5283 2290 5335 Et
2317 5285 2375 5335 tu
2407 5281 2577 5333 turris
2634 5280 2815 5346 gregis
2869 5277 3124 5332 nebulosa
3190 5277 3374 5348 (Mich.
3409 5281 3506 5347 ιν),
3560 5273 3891 5351 benedicitnr

2217 5367 2397 5420 turris
2445 5366 2649 5436 Ophel.
2686 5367 2812 5419 Hch
2855 5366 3030 5420 turris
3057 5367 3116 5418 in
3170 5382 3283 5436 qua
3338 5372 3501 5438 parte
3546 5365 3616 5419 sit
3650 5359 3879 5418 civitatis,

2222 5455 2369 5509 liber
2411 5455 2886 5524 Paralipomenon
2944 5454 3213 5522 ostendit,
3270 5454 3463 5509 dicens
3513 5453 3660 5526 quod
3698 5454 3881 5508 Manas-

2221 5558 2302 5597 ses
2339 5543 2628 5612 zdiﬁcavit
2655 5559 2869 5597 murum
2917 5548 3078 5598 extra
3125 5546 3399 5598 civitatem
3442 5543 3620 5599 David
3667 5539 3736 5596 ad
3759 5536 3880 5592 occi-
