3998 6178
128 280 220 329 717

1221 276 1479 334 GLOSSA
1524 276 1929 334 ORDINARIA.
1962 306 2031 317 —
2078 275 2205 331 LIB.
2253 278 2519 333 ESDR/E.

3524 287 3625 339 ’718

124 398 334 453 dentem
388 400 569 453 Gihon
641 402 699 453 in
745 399 1002 465 convalle,
1070 399 1137 452 ab
1201 400 1430 453 introitu
1502 404 1672 469 porta:
1735 402 1896 469 pi-A
1935 400 2103 453 verba
2156 415 2356 454 eorum
2419 400 2518 469 qui
2558 416 2616 454 se
2670 400 3059 455 Samaritanos
3093 402 3524 473 cognominant,
3574 405 3634 460 id

122 491 296 541 scium
323 504 419 557 per
455 490 741 541 circuitum
770 502 940 555 usque
984 488 1058 541 ad
1102 488 1271 556 Ophel
1311 488 1391 557 (II
1435 490 1557 542 Par.
1621 495 1823 553 χχχιιι).

125 577 515 631 Conveniebat
545 592 681 647 ergo
716 578 877 645 juxta
922 576 1092 629 situm
1134 577 1259 641 loci,
1292 582 1356 631 ut
1384 577 1633 631 ministri
1684 582 1825 631 tem-

122 664 201 735 pli
228 664 292 717 in
319 664 507 717 vicina
535 664 752 734 templo
786 669 941 718 turre
972 664 1314 717 habitarent.

192 752 422 821 Mystice
449 756 639 805 autem
688 751 973 805 Nathiuaei
1014 752 1275 806 habitant
1306 753 1366 805 in
1396 754 1597 823 Ophel,
1636 754 1689 806 id
1722 759 1827 814 est,

122 839 176 893 iu
208 846 371 894 turre
401 841 692 907 nebulosa,
726 856 856 894 cum
890 840 949 893 hi
988 840 1088 910 qui
1119 840 1477 909 professione
1526 842 1829 911 perfectio-

123 931 198 983 ris
226 930 359 984 vitaa
392 929 563 984 dicati
605 934 735 983 sunt
768 931 904 998 Deo,
938 935 991 982 et
1026 930 1083 983 in
1133 930 1499 984 munimento
1545 936 1602 984 et
1644 931 1828 984 altitu-

122 1020 253 1073 dine
290 1019 567 1072 virtutum
604 1018 826 1072 actione
883 1034 1109 1089 semper
1141 1023 1197 1071 et
1228 1018 1571 1088 cogitatione
1602 1035 1831 1072 moran-

124 1114 233 1174 tur,
296 1112 352 1161 et
384 1108 736 1161 conversatio
785 1123 984 1160 eorum
1036 1108 1094 1159 in
1126 1108 1280 1161 caelis
1326 1112 1427 1173 est,
1460 1124 1603 1177 quos
1648 1107 1832 1161 admi-

122 1213 254 1250 rans
286 1198 491 1264 vulgus
524 1196 601 1249 ait
648 1213 659 1249 :
698 1198 802 1262 Qui
848 1201 975 1249 sunt
1022 1198 1120 1249 isti
1172 1199 1269 1264 qui
1318 1201 1379 1249 ut
1434 1196 1600 1250 nubes
1649 1197 1835 1249 volant

120 1286 255 1355 (Isa.
295 1286 413 1354 ιι),
451 1290 557 1338 etc.
599 1284 740 1338 Item
762 1284 1049 1338 Thecueni
1079 1284 1339 1338 habitant
1370 1285 1429 1338 in
1465 1286 1668 1355 Ophel,
1701 1302 1831 1339 cum

122 1374 341 1445 quique
396 1373 692 1443 religionis
747 1374 947 1427 habitu
978 1373 1237 1443 insignes
1274 1374 1467 1427 abdita
1515 1374 1833 1444 Scriptura-

125 1478 250 1515 rum
280 1462 352 1515 de
395 1460 606 1531 quibus
639 1460 917 1530 scriptum
947 1466 1030 1514 est
1063 1477 1075 1513 :
1116 1461 1413 1514 Tencbrosa
1455 1476 1603 1529 aqua
1628 1462 1685 1513 in
1718 1474 1829 1511 nu-

126 1551 278 1605 bibus
314 1554 458 1604 aeris
501 1552 671 1617 (Psal.
713 1550 867 1620 xm),
902 1550 955 1603 id
1019 1554 1117 1610 est,
1190 1550 1427 1618 mystica
1484 1549 1721 1602 scientia
1770 1547 1828 1600 in

128 1639 451 1710 prophetis,
495 1639 776 1692 illustrato
825 1638 993 1691 corde
1031 1642 1354 1708 penetrant,
1398 1642 1453 1691 et
1490 1637 1715 1691 assidue
1746 1636 1827 1690 le-

126 1734 290 1798 guut,
325 1732 385 1781 et
412 1728 779 1780 meditantur.

195 1820 421 1871 Contra.
483 1817 673 1884 (Bsm,
733 1814 895 1882 ibid.)
940 1814 1245 1867 Dominum
1278 1813 1510 1877 scilicet,
1565 1813 1830 1883 quiquo-

128 1907 264 1960 tidie
297 1922 407 1959 nos
431 1903 839 1958 misericordiae
864 1920 980 1955 sua?
1004 1903 1292 1972 gretia,ne
1316 1902 1371 1954 in
1402 1902 1671 1955 aerumnis
1705 1901 1830 1954 vitae

125 1996 393 2049 labamur
420 1992 717 2063 praesentis
756 1996 811 2045 et
840 1992 1192 2055 deﬁciamus,
1238 1991 1455 2060 irrigat,
1492 1995 1621 2055 etc.,
1664 2005 1831 2057 usque

128 2084 199 2137 ad
227 2090 284 2137 et
306 2082 447 2153 quia
462 2085 592 2151 post
613 2080 911 2151 praesentia
939 2080 1213 2133 virtutum
1236 2079 1387 2132 dona
1425 2079 1495 2132 ad
1524 2080 1829 2132 videndam

129 2172 450 2226 claritatem
502 2169 734 2223 Domini
785 2169 1138 2234 ascenditur,
1190 2173 1340 2222 recte
1389 2168 1663 2221 infertur:
1706 2170 1831 2221 Post

130 2278 250 2315 eum
278 2260 690 2328 zdiﬁcaverunt
723 2258 1006 2320 Thecueni,
1030 2262 1134 2310 etc.

200 2352 371 2403 Vens.
404 2351 493 2401 27.
520 2350 651 2399 -Α
690 2352 859 2399 turre.
894 2349 939 2399 A
968 2350 1125 2398 turre
1142 2360 1346 2415 magna
1365 2349 1419 2398 et
1445 2344 1717 2397 eminenti
1734 2359 1829 2396 us-

130 2456 234 2510 que
268 2438 341 2492 ad
373 2452 605 2490 murum
630 2434 824 2505 templi
847 2433 1108 2503 pervenit
1125 2437 1402 2485 structura
1422 2431 1829 2495 civitatis,cum

124 2527 254 2597 justi
286 2526 363 2579 ab
394 2524 696 2578 altitudine
727 2521 1251 2591 contemplationis,
1311 2537 1439 2590 quae
1473 2524 1725 2573 mentem
1770 2520 1830 2573 in

132 2615 229 2667 hac
274 2613 395 2666 vita
428 2610 710 2679 despectis
751 2608 1166 2679 temporalibus
1206 2608 1276 2661 ad
1325 2607 1576 2661 caelestia
1608 2607 1829 2661 deside-

133 2704 210 2756 ria
248 2701 634 2772 suspendunt,
676 2698 953 2752 veraciter
980 2698 1040 2750 in
1076 2697 1171 2750 illa
1222 2697 1334 2749 vita
1386 2696 1455 2749 ad
1516 2695 1831 2749 claritatem

136 2791 443 2845 Dominicas
476 2786 882 2841 incarnationis
926 2784 1283 2847 intuendam,
1330 2784 1611 2853 patefacta
1659 2783 1831 2837 etiam

134 2880 335 2933 divinae
369 2876 703 2931 aeternitatis
751 2874 931 2945 gloria
982 2873 1313 2927 ascendunt.
1351 2874 1414 2926 Et
1445 2871 1580 2942 quia
1610 2872 1834 2924 Thecua

133 2968 373 3022 buccina
401 2967 489 3019 vel
526 2966 681 3030 tuba,
712 2962 995 3018 Thecueni
1028 2961 1417 3016 buccinatores
1448 2961 1833 3029 interpretan-
1879 2962 1919 3015 C
1951 2959 2206 3013 ﬁdelium

137 3061 236 3120 tur,
292 3060 428 3126 apte
496 3054 701 3109 dicitur
749 3053 897 3123 quod
952 3050 1237 3105 Thecueni
1269 3050 1374 3103 hoc
1404 3047 1825 3102 aadiﬁcaveriut.

140 3147 445 3199 Doctorum
498 3143 654 3198 enim
714 3147 798 3195 est
842 3156 1085 3211 quorum
1136 3154 1305 3191 sonus
1362 3138 1473 3190 exit
1517 3136 1574 3189 in
1605 3150 1834 3189 omnem

134 3240 369 3300 terram,
424 3230 731 3304 prtesentia
777 3229 877 3283 Dei
920 3229 1069 3281 dona
1120 3228 1207 3279 vel
1257 3226 1449 3279 futura
1501 3225 1560 3279 in
1608 3224 1833 3278 civitate

137 3325 275 3394 ejus,
300 3323 363 3377 id
394 3327 495 3385 est,
534 3319 800 3374 ﬁdelibus
839 3317 1176 3388 patefacere.

204 3412 291 3466 Ad
357 3426 572 3464 murum
621 3408 824 3477 templi.
874 3408 1089 3475 Corpus
1136 3404 1351 3457 scilicet
1413 3403 1621 3457 Christi
1678 3418 1691 3455 :
1765 3401 1835 3455 de

141 3517 246 3571 quo
294 3499 510 3554 dicitur
540 3500 708 3552 Joan.
749 3513 785 3549 ιι
833 3515 848 3549 :
888 3495 1090 3549 Solvite
1122 3494 1373 3561 templum
1417 3493 1529 3557 hoc,
1573 3495 1620 3542 et
1649 3492 1706 3542 in
1730 3492 1834 3542 tri-

142 3590 231 3644 bus
264 3588 457 3642 diebus
480 3586 723 3640 excitabo
750 3584 891 3637 illud
932 3599 943 3635 :
978 3581 1131 3653 quod
1183 3580 1397 3633 scilicet
1446 3584 1835 3649 persecutores

140 3680 192 3731 in
217 3682 402 3732 morte
437 3676 741 3738 solverant,
766 3671 861 3725 sed
885 3671 1195 3724 excitatum
1221 3672 1275 3721 et
1316 3668 1387 3721 ad
1410 3670 1581 3719 cmlos
1628 3666 1836 3719 exalta-

138 3773 254 3821 tum
278 3768 570 3819 amatores
600 3762 790 3814 videre
812 3776 928 3813 non
960 3762 1183 3812 cessant
1210 3756 1266 3809 in
1298 3755 1500 3825 gloria.

206 3855 369 3907 VERS.
445 3853 529 3905 28.
594 3878 661 3890 -
714 3850 939 3904 Sursum
998 3852 1197 3911 autem,
1256 3849 1361 3899 etc.
1425 3844 1623 3913 (ΒεοΑ,
1700 3842 1835 3895 ibid.

139 3944 288 3997 Hanc
350 3942 577 4012 portam
625 3937 907 4007 signiﬁcat
960 3935 1237 3990 Jeremias
1284 3949 1403 3987 esse
1465 3932 1523 3985 in
1572 3930 1839 3984 orientali

141 4033 309 4102 plaga
343 4028 607 4092 civitatis,
664 4032 793 4091 etc.,
835 4041 1004 4095 usque
1035 4023 1108 4076 ad
1143 4022 1276 4093 equi
1308 4038 1433 4075 cum
1469 4021 1526 4074 in
1564 4020 1715 4073 bono
1749 4036 1843 4072 ac-

142 4122 461 4192 cipiuntur,
493 4117 637 4171 sicut
683 4115 847 4179 asini,
880 4114 1102 4176 cameli,
1156 4117 1212 4165 et
1243 4111 1405 4175 muli,
1441 4124 1741 4163 conversos
1771 4109 1842 4162 ad

1939 494 2043 552 est,
2070 489 2332 543 custodes
2362 489 2503 558 legis
2550 489 2667 551 Dei,
2698 494 2843 558 etc.,
2880 505 3049 559 usque
3095 491 3168 544 ad
3207 496 3262 544 et
3293 498 3634 547 ornamenta

1940 577 2214 631 virtutum
2235 578 2488 631 moribus
2509 578 2797 631 emendati
2821 584 3261 649 consequantur.

2012 665 2171 718 Vens.
2237 668 2286 719 3.
2346 697 2407 704 —
2468 666 2573 721 Sed
2601 672 2648 719 et
2684 667 2895 733 Tobias,
2931 670 3034 721 etc.
3082 669 3206 733 (Io.,
3237 669 3395 731 ibid.)
3456 670 3635 741 Hujus

1938 753 2129 806 Tohize
2181 770 2424 823 persona
2456 759 2511 807 et
2562 755 2732 808 verba
2780 756 3063 809 haereticis
3097 757 3462 827 conveniunt,
3509 765 3639 825 etc.,

1940 857 2107 909 usque
2129 842 2202 894 ad
2231 843 2440 911 quibus
2470 843 2789 897 fructiferas
2814 844 3071 899 ﬁdelium
3122 850 3342 900 mentes
3374 863 3638 902 corrum-

1943 945 2075 999 pere
2097 929 2377 983 nituntur.

2015 1019 2175 1072 Vens.
2228 1022 2278 1072 9.
2330 1020 2505 1073 —Et
2535 1022 2826 1075 oravimus.
2882 1023 2994 1074 Hoc
3026 1026 3109 1075 est
3157 1022 3389 1077 unicum
3434 1028 3632 1078 contra

1941 1106 2130 1160 hostes
2173 1108 2428 1161 Ecclesia:
2482 1109 2787 1178 refugium,
2820 1110 2999 1163 oratio
3060 1110 3275 1165 scilicet
3326 1114 3393 1165 ad
3437 1113 3639 1181 Deum,

1942 1198 1999 1248 et
2024 1194 2305 1248 industria
2334 1196 2654 1261 doctorum,
2685 1197 2783 1267 qui
2814 1196 2904 1250 die
2962 1203 3243 1268 nocteque
3264 1198 3324 1252 in
3366 1200 3487 1270 lege
3521 1202 3643 1271 ejus

1943 1284 2302 1351 meditantes,
2341 1285 2510 1338 corda
2556 1285 2814 1339 ﬁdelium
2846 1290 3039 1339 contra
3076 1286 3310 1340 insidias
3341 1288 3554 1342 diaboli
3583 1293 3638 1342 et

1944 1372 2195 1425 militum
2213 1373 2334 1442 ejus
2366 1373 2753 1443 praedicando,
2795 1374 3163 1442 consolando,
3197 1379 3251 1428 et
3282 1376 3633 1431 exhortando

1944 1461 2347 1530 prmmuniant.

2014 1550 2174 1603 Vens.
2212 1552 2272 1601 l0
2315 1579 2381 1589 —
2428 1552 2634 1603 IIumus
2674 1553 2845 1604 nimia
2895 1556 2991 1605 cst.
3024 1552 3213 1619 (Beas,
3263 1553 3425 1621 ibid.)
3489 1553 3633 1608 Con-

1942 1641 2121 1707 gesta,
2163 1637 2397 1701 scilicet,
2444 1638 2502 1690 in
2560 1638 2683 1691 loco
2716 1638 2887 1704 muri,
2940 1644 3067 1705 etc.,
3118 1655 3285 1707 usque
3335 1641 3408 1693 ad
3451 1645 3507 1694 et
3536 1658 3638 1712 pro

1946 1724 2117 1777 domo
2190 1725 2275 1777 vel
2327 1723 2551 1777 civitate
2615 1725 2865 1794 procella
2920 1725 3253 1778 tentationis
3311 1725 3638 1796 ingruente.

1940 1813 2167 1865 ruinam
2201 1812 2508 1865 mdiﬁcasse
2543 1813 2837 1883 probatur.

2012 1902 2171 1954 Vens.
2234 1904 2314 1953 ll.
2348 1931 2415 1938 —
2452 1903 2715 1954 Dixerunt
2741 1903 2935 1968 hostes,
2972 1905 3078 1955 etc.
3145 1903 3272 1956 Hinc
3305 1903 3361 1955 in
3392 1902 3633 1957 mdiﬁcio

1940 1988 2220 2059 spirituali
2277 1988 2369 2059 agi
2421 1990 2632 2055 solent;
2687 1996 2880 2044 manet
2927 1990 3081 2044 enim
3114 1990 3428 2044 indefessus
3460 1992 3639 2045 hostis

1938 2092 2066 2129 cum
2098 2077 2436 2131 satellitibus
2468 2078 2601 2142 suis,
2635 2077 2927 2146 spiritibus
2997 2078 3212 2131 scilicet
3240 2078 3555 2133 immundis
3584 2084 3641 2133 et

1939 2164 2268 2218 hominibus
2301 2164 2587 2234 malignis,
2620 2166 2718 2235 qui
2753 2182 2928 2235 opera
2958 2165 3237 2219 virtutum
3266 2171 3320 2219 et
3349 2167 3486 2221 ﬁdei
3535 2184 3639 2221 no-

1938 2252 2023 2306 bis
2058 2253 2298 2307 incautis
2348 2253 2623 2323 impedire
2675 2259 2731 2307 et
2784 2269 3113 2323 expugnare
3166 2256 3542 2321 contendunt,
3586 2263 3644 2310 et

1939 2347 2189 2395 mentem
2222 2343 2475 2395 ﬁdelium
2512 2358 2782 2397 mucrone
2824 2359 3013 2412 pravae
3055 2344 3438 2413 suggestionis
3468 2344 3639 2398 inter-

1938 2428 2128 2482 ﬁcere.
2162 2430 2269 2483 Sed
2297 2435 2491 2483 contra
2536 2432 2657 2484 haec
2689 2430 2855 2483 nobis
2896 2435 3183 2484 armatura
3214 2431 3313 2484 Dei
3358 2432 3640 2485 sumenda

1940 2524 2040 2581 est,
2077 2522 2140 2571 ut
2187 2518 2473 2587 possimus
2513 2518 2777 2572 resistere
2813 2518 2873 2572 in
2903 2518 2992 2572 die
3023 2519 3200 2588 malo,
3235 2524 3291 2573 et
3342 2520 3399 2573 in
3447 2520 3634 2573 omni-

1940 2606 2046 2659 bus
2078 2606 2311 2676 perfecti
2345 2611 2514 2661 stare.

2016 2695 2171 2748 Vens.
2238 2698 2319 2749 13.
2386 2727 2446 2734 -
2476 2696 2659 2751 Statui
2706 2699 2763 2749 in
2807 2698 2935 2761 loco,
2974 2700 3077 2749 etc.
3115 2697 3183 2750 Ut
3222 2702 3451 2765 agmine
3486 2696 3635 2750 scili-

1942 2788 2030 2836 cet
2087 2787 2440 2837 armatorum
2515 2784 2849 2838 circumdati
2904 2790 3230 2855 operatores
3288 2785 3522 2839 liberius
3585 2790 3640 2840 et

1945 2870 2196 2923 securius
2261 2870 2631 2926 aedificarent.
2701 2872 2992 2941 Dispertiti
3062 2871 3215 2925 enim
3267 2878 3401 2926 sunt
3430 2873 3641 2942 gradus

2255 2975 2267 3013 :
2313 2959 2409 3012 alii
2466 2959 2633 3013 bonis
2688 2960 2958 3030 operibus
3006 2959 3160 3013 intus
3215 2966 3482 3015 ornantes
3542 2962 3646 3014 Ec-

1944 3048 2169 3102 clesiam
2206 3048 2528 3101 aediﬁcant:
2566 3048 2662 3101 alii
2713 3048 2888 3101 armis
2928 3064 3101 3102 sacra:
3129 3049 3384 3102 lectionis
3428 3050 3638 3104 muniti

1944 3143 2139 3191 contra
2172 3136 2577 3206 impugnantes
2616 3136 2910 3189 haereticos
2950 3136 3207 3206 vigilant.
3256 3137 3323 3190 Hi
3369 3138 3638 3208 religiosa

1945 3225 2238 3279 devotione
2268 3225 2557 3294 proximos
2588 3223 2645 3276 in
2704 3223 2837 3277 ﬁdei
2889 3224 3123 3279 veritate
3172 3225 3516 3290 confortaut,
3552 3224 3637 3277 illi

1946 3314 2214 3368 adversus
2262 3312 2475 3367 diaboli
2497 3313 2583 3365 vel
2632 3312 2898 3365 vitiorum
2949 3314 3058 3365 tela
3109 3312 3638 3367 necessariumcer-

1944 3406 2137 3455 tamen
2167 3404 2446 3466 exercent,
2479 3404 2536 3453 et
2565 3400 2633 3453 ab
2668 3400 2799 3453 ovili
2852 3400 3139 3454 dominico
3188 3401 3523 3455 insidiantes
3553 3402 3640 3454 lu-

1947 3505 2052 3560 pos
2082 3487 2348 3559 pastorali
2373 3486 2757 3540 sollicitudine
2786 3494 2998 3541 arcent.

2016 3579 2178 3630 Vens.
2218 3579 2301 3630 16.
2334 3606 2401 3616 -
2428 3576 2475 3629 Α
2510 3576 2596 3629 die
2624 3577 2722 3630 illa
2751 3576 2929 3629 media
2950 3592 3105 3644 pars,
3140 3581 3244 3630 etc.
3277 3578 3451 3646 (Ben,
3480 3577 3641 3644 ibid.,

1947 3683 2070 3736 cap.
2098 3666 2210 3734 20.)
2253 3664 2596 3728 Notandum,
2635 3664 2768 3733 quia
2800 3681 2913 3717 non
2948 3665 3129 3717 solum
3166 3665 3351 3719 media
3379 3682 3508 3736 pars
3549 3666 3645 3734 ju-

1946 3770 2156 3809 venum
2193 3751 2434 3806 faciebat
2490 3768 2650 3821 opus,
2688 3757 2815 3814 etc.,
2850 3768 3018 3819 usque
3046 3753 3120 3805 ad
3167 3753 3522 3823 minorisque
3572 3754 3649 3807 la-

1949 3842 2103 3897 boris
2126 3846 2211 3894 est
2240 3838 2592 3909 incognitam
2635 3854 2832 3892 cavere
2853 3839 3037 3892 carnis
3078 3840 3451 3908 voluptatem,
3474 3856 3648 3910 quam

1957 3929 2191 3997 rejicere
2218 3926 2529 3996 cognitam.

2026 4020 2187 4072 Vens.
2247 4018 2334 4071 22.
2359 4044 2429 4056 -
2476 4017 2546 4068 Et
2574 4016 2685 4068 sint
2704 4014 2853 4068 vobis
2882 4016 3024 4068 vices
3054 4030 3155 4085 per
3173 4019 3375 4069 noctem
3406 4020 3455 4069 et
3487 4014 3646 4069 diem.

1952 4106 2060 4177 (lo.
2080 4146 2093 4173 ,
2124 4104 2283 4174 ibid.)
2307 4105 2447 4157 Nota
2470 4106 2749 4173 quantum
2774 4102 3028 4157 studium
3049 4103 3109 4156 in
3122 4103 3409 4174 operando
3435 4102 3649 4157 habue-

146 4191 455 4262 Dominum
489 4205 731 4275 populos
762 4202 1092 4267 Gentilium,
1127 4201 1212 4253 vel
1267 4215 1429 4253 curas
1460 4213 1653 4251 rerum
1694 4201 1839 4250 tcm-
1873 4242 1916 4294 Β
1954 4196 2090 4259 rint,
2125 4198 2256 4259 etc.,
2283 4207 2451 4261 usque
2504 4191 2579 4246 ad
2606 4191 3059 4247 contradicentes
3091 4194 3385 4263 arguendo
3444 4192 3513 4246 ab
3546 4192 3649 4245 Ec-

144 4298 453 4367 poralium,
496 4293 739 4347 Domino
776 4292 992 4346 scilicet
1021 4290 1227 4344 animas
1276 4287 1607 4357 subjugatas
1646 4290 1842 4339 osten-

148 4388 645 4542 dugs‘tdiﬁcaverunt
717 4468 1037 4532 sacerdotes,
1126 4469 1229 4520 etc.
1308 4463 1635 4518 Sacerdotes
1717 4476 1848 4513 vero

148 4563 386 4617 civitatis
441 4560 543 4614 Dei
589 4573 817 4612 murum
874 4556 944 4609 ad
975 4558 1199 4625 portam
1231 4568 1511 4623 aquarum
1544 4550 1845 4615 mdiﬁcant,

149 4668 273 4706 cum
329 4651 591 4705 doctores
638 4650 770 4715 post
800 4644 1153 4696 vocationem
1185 4641 1517 4695 Iudaeorum
1570 4639 1639 4692 ad
1671 4637 1849 4690 indu—

148 4740 356 4795 cendos
388 4739 449 4791 in
480 4734 782 4790 Ecclesium
808 4731 1078 4795 Gentiles,
1111 4728 1348 4783 verbum
1387 4727 1489 4782 Dei
1517 4725 1850 4781 seminando

148 4825 514 4898 perveniunt.

216 4918 415 4984 (Bena,
465 4911 628 4981 ibid.)
683 4910 942 4979 Longum
969 4908 1052 4960 est
1108 4906 1177 4960 de
1211 4903 1453 4974 singulis
1480 4900 1734 4956 adiﬁciis
1762 4899 1851 4954 vel

153 5001 594 5058 aediﬁcatoribus
628 4998 862 5069 mystice
905 4996 1201 5061 disserere,
1251 4998 1380 5059 etc.,
1431 5007 1599 5060 usque
1642 4989 1716 5044 ad
1745 5004 1853 5042 no-

153 5093 309 5146 mina
335 5088 643 5145 conscribit
668 5087 726 5141 in
747 5087 910 5141 cmlo.

835 5227 1059 5283 CAPUT
1100 5226 1187 5279 IV.

226 5357 389 5411 Vens.
442 5358 491 5409 1.
548 5383 609 5394 -
764 5351 1088 5408 Sunaballat
1207 5350 1381 5401 motus
1410 5344 1575 5398 nimis
1628 5341 1855 5395 subsan-

160 5448 307 5500 navit
354 5444 587 5499 Iudaeos.
652 5441 814 5510 (BeoA
871 5442 928 5492 in
980 5437 1234 5502 Esdram,
1296 5434 1397 5489 lib.
1458 5448 1541 5501 ιιι,
1591 5445 1715 5500 cap.
1772 5432 1855 5495 t9,

165 5540 295 5588 tom.
355 5533 445 5592 Il.)
535 5531 708 5584 Plane
782 5529 866 5581 ira
913 5525 1317 5581 haereticorum
1372 5526 1475 5575 est.
1540 5520 1670 5572 llam
1725 5522 1859 5570 sunt

1955 4282 2123 4337 clesia
2155 4281 2457 4351 repellunt.

2628 4402 2856 4457 CAPUT
2908 4404 2968 4457 V.

2026 4539 2190 4592 Vens.
2247 4540 2295 4588 t.
2351 4563 2420 4573 —
2480 4538 2551 4588 Et
2604 4538 2789 4602 factus
2845 4540 2923 4589 est
2957 4537 3178 4601 clamor,
3210 4540 3313 4587 etc.
3369 4535 3543 4601 (Beua
3594 4536 3654 4588 in

1956 4627 2143 4692 Esdr.,
2184 4623 2283 4678 lib.
2324 4639 2403 4687 ιιι,
2454 4639 2577 4694 cap.
2609 4626 2727 4693 21.)
2760 4624 3125 4678 Desiderabat
3148 4622 3395 4692 populus
3422 4637 3654 4676 murum

1958 4720 2305 4777 construere,
2346 4713 2477 4775 etc.,
2509 4726 2679 4779 usque
2708 4712 2782 4765 ad
2838 4716 2895 4764 et
2948 4726 3152 4764 manus
3184 4715 3407 4762 nostras
3437 4727 3467 4762 a
3519 4726 3653 4778 pro-

1958 4803 2098 4875 priis
2128 4798 2518 4870 voluptatibus
2550 4805 2808 4854 avertens
2867 4799 2937 4853 ad
2966 4798 3404 4852 construendam
3447 4797 3655 4852 Christi

1960 4894 2248 4949 convertat
2265 4886 2570 4943 civitatem.

2032 4983 2161 5052 (11).,
2190 4980 2346 5048 ibid.)
2377 4977 2581 5035 Tribus
2599 4977 2669 5030 de
2708 4975 2892 5028 causis
2922 4978 3167 5045 augetur
3196 4973 3411 5028 clamor
3437 4975 3654 5045 populi.

1962 5070 2206 5134 Quidam
2262 5070 2410 5123 fame
2471 5065 2651 5121 coacti
2706 5064 2853 5117 filios
2901 5079 3033 5115 suos
3078 5062 3376 5116 ditioribus
3416 5064 3658 5117 vendere

1964 5158 2228 5213 volebant
2268 5175 2280 5211 :
2342 5157 2436 5211 alii
2468 5154 2661 5208 liberis
2692 5156 2988 5223 parcentes
3042 5166 3208 5220 agros
3255 5151 3447 5221 potius
3478 5157 3533 5207 et
3564 5152 3659 5206 do-

1965 5264 2115 5301 mos.
2173 5244 2463 5306 Nonnulli,
2512 5242 2880 5313 prohibentes
2913 5240 3218 5294 liberorum
3269 5244 3326 5294 et
3389 5257 3659 5311 agrorum

1964 5334 2379 5399 venditionem,
2434 5332 2540 5385 hoc
2571 5336 2793 5384 tantum
2851 5329 3294 5399 persuadebant,
3352 5334 3415 5384 ut
3460 5332 3660 5382 mutuo

1969 5428 2264 5479 sumerent
2314 5419 2612 5492 pecuniam
2672 5418 2731 5471 in
2776 5418 2989 5472 tributa
3040 5418 3211 5487 regis,
3273 5416 3664 5488 oppigneratis

1968 5513 2119 5583 agris
2162 5514 2220 5563 et
2275 5508 2475 5573 vineis,
2534 5508 2714 5561 donec
2769 5507 3044 5561 redeunte
3079 5507 3368 5560 fertilitate
3424 5506 3661 5559 reddere
