3998 6178
389 318 494 370 719

1008 313 1403 369 WALAFRIDI
1443 313 1694 370 STRABI
1735 314 1935 370 FULD.
1979 315 2073 372 ΜΟ

2209 315 2333 372 lPP.
2378 317 2551 373 PARS
2588 317 2630 372 Ι.
2670 345 2740 354 ——
2778 315 3239 373 THEOLOGICA.
3743 327 3826 376 720

385 443 624 509 possent
716 437 1135 493 feneratoribus
1230 439 1382 509 quod
1469 443 1675 492 mutuo
1717 439 2084 511 accepissent.
2118 443 2166 494 A
2203 441 2289 494 vel
2346 441 2611 495 correctis
2671 439 2760 494 his
2808 439 2910 510 qui
2970 443 3301 494 erraverant
3355 439 3646 496 adiﬁcatas
3674 443 3825 509 fuerit,

461 531 623 582 Veas.
645 532 698 582 7.
728 557 795 568 —
817 530 884 583 Et
913 528 1190 596 increpavi
1219 531 1526 598 optimates,
1560 533 1690 594 etc.,
1715 528 1892 599 (Ben.,
1923 528 2087 600 ibid.)

383 619 678 688 Tanquam
739 617 850 670 dux
906 617 1156 686 optimus
1212 616 1434 671 militia
1475 617 1715 671 calestis
1759 621 1815 670 et
1860 617 2086 688 sapiens

386 706 725 761 architectus
772 704 1014 758 civitatis
1070 704 1190 771 Dei,
1251 709 1382 771 etc.,
1422 720 1592 774 usque
1616 705 1691 759 ad
1743 712 1807 760 ut
1834 705 2088 760 dimittat

383 795 548 849 nobis
568 796 735 848 Pater
763 793 953 847 debita
985 798 1194 848 nostra.

454 885 613 937 Vens.
648 886 730 936 13.
785 912 844 921 -
894 885 1122 951 Insuper
1155 885 1370 936 excussi
1397 884 1576 936 sinum
1605 897 1798 949 meum,
1834 887 1882 936 et
1912 883 2037 936 dimi
2071 899 2084 936 :

382 970 470 1024 Sic
516 972 757 1024 excutiat
805 973 940 1024 Deus
982 987 1151 1036 omne,
1203 976 1309 1024 etc.
1375 971 1516 1025 Huic
1549 971 1846 1024 sententia
1908 971 2083 1025 terri-

381 1059 512 1112 bilis
538 1060 790 1112 clausula
820 1059 1158 1128 imponitur.
1191 1059 1527 1129 Quicunque
1557 1059 1711 1112 enim
1735 1059 2083 1130 pauperibus

380 1146 832 1200 misericordiam
867 1165 981 1201 non
1013 1147 1316 1217 impendit,
1377 1148 1462 1199 vel
1495 1147 1566 1200 ab
1597 1147 1678 1200 eis
1707 1146 1807 1217 qui
1829 1163 1947 1200 non
1977 1147 2080 1200 lia-

379 1236 518 1290 bent
564 1237 898 1306 velutjuste
957 1237 1150 1306 exigit,
1185 1238 1252 1291 de
1305 1239 1474 1291 domo
1525 1253 1626 1290 sua
1667 1237 1969 1299 excutitur,
2023 1237 2081 1291 id

381 1328 484 1388 est,
530 1323 599 1376 de
653 1329 799 1377 catu
830 1324 1112 1389 Ecclesia,
1147 1323 1206 1376 in
1236 1340 1350 1394 qua
1389 1324 1630 1394 putabat
1685 1340 1745 1377 se
1797 1329 2076 1394 perpetuo

381 1427 633 1480 manere,
667 1416 722 1466 et
781 1412 850 1466 de
881 1412 1192 1480 laboribus,
1243 1412 1474 1477 scilicet,
1503 1412 1564 1464 in
1591 1411 1866 1466 fructibus
1897 1412 2075 1466 bono-

379 1517 504 1553 rum
537 1517 797 1571 operum,
829 1501 889 1554 in
929 1501 1136 1572 quibus
1171 1517 1229 1554 se
1260 1501 1623 1554 laudabiliter
1653 1501 1938 1554 laborasse
1967 1517 2076 1570 pu-

378 1589 536 1643 tabat
581 1607 594 1643 z
642 1589 724 1643 nil
778 1606 1009 1660 prorsus
1067 1588 1278 1642 laboris
1329 1588 1578 1659 recipiet.
1624 1588 1865 1642 Labores
1920 1589 2076 1642 enim

379 1678 501 1732 sine
549 1677 762 1747 pietate
796 1694 912 1732 non
956 1683 1198 1748 possunt
1227 1679 1381 1748 apud
1415 1679 1590 1731 Deum
1629 1678 1900 1732 fructuosi
1931 1694 2070 1732 esse.

446 1769 516 1820 Et
549 1767 695 1819 dixit
749 1769 1005 1820 universa
1045 1767 1358 1829 multitudo,
1400 1769 1591 1820 Amen.
1625 1767 1914 1830 Quantum
1974 1768 2074 1820 Ne-

378 1855 585 1909 hemia
617 1855 941 1924 objurgatio
973 1855 1058 1908 vel
1094 1854 1428 1924 imprecatio
1459 1855 1632 1908 corda
1664 1854 1926 1908 omnium
1951 1871 2078 1908 mo-

379 1944 547 2008 verit,
582 1943 900 1996 ostenditur
932 1959 944 1996 :
981 1943 1173 1996 audita
1212 1943 1366 1996 enim
1406 1943 1815 1996 contestatione
1845 1959 2079 2013 respon-

382 2032 602 2097 dentes,
632 2047 821 2096 ainen,
869 2035 925 2084 et
973 2031 1154 2084 Deum
1203 2031 1610 2094 collaudantes,
1661 2031 1921 2085 fecerunt
1950 2047 2080 2102 qua

375 2119 644 2188 jusserat.
681 2119 744 2171 In
791 2133 903 2188 quo
952 2122 1109 2187 patet
1141 2133 1154 2170 :
1189 2118 1324 2187 quia
1354 2133 1472 2172 non
1505 2118 1732 2185 timore,
1755 2118 1855 2172 sed
1884 2134 2078 2172 amore

382 2207 535 2261 dicta
561 2206 680 2277 ejus
706 2211 1098 2275 susceperunt.

451 2295 608 2348 Vens.
647 2297 728 2348 14.
766 2324 834 2334 -
854 2297 953 2348 Per
980 2309 1148 2348 annos
1179 2294 1476 2350 duodecim.
1511 2293 1702 2365 (Bene,
1735 2295 1830 2348 ubi
1857 2297 2074 2367 supra.)

379 2385 492 2437 Hoc
519 2382 753 2452 exponit
785 2382 1110 2452 Apostolus,
1141 2382 1334 2434 dicens
1368 2399 1380 2435 :
1416 2384 1556 2448 Quia
1595 2385 1792 2436 statuit
1822 2385 2078 2438 Dominus

375 2487 460 2526 eos
517 2473 614 2540 qui
638 2471 994 2536 Evangelium
1041 2472 1393 2536 annuntiant,
1426 2471 1491 2523 de
1518 2472 1812 2537 Evangelia
1851 2473 2029 2526 vivere
2061 2489 2074 2526 :

375 2576 468 2627 ego
499 2564 678 2613 autem
701 2561 850 2612 nullo
885 2559 1073 2612 horum
1122 2573 1252 2612 usus
1304 2574 1423 2612 sum
1477 2559 1524 2629 (Ι
1547 2559 1665 2614 Cor.
1699 2560 1794 2627 ix).
1851 2560 2075 2614 Duode-

375 2648 486 2701 cim
520 2652 711 2702 autem
745 2647 908 2700 annis
943 2646 1245 2700 Nehemias
1284 2663 1413 2700 cum
1456 2647 1725 2700 fratribus
1753 2645 1870 2701 suis
1899 2647 1978 2701 ita
2015 2647 2076 2702 in

374 2736 581 2790 ducatu
611 2735 894 2801 vivebant,
943 2740 1009 2788 ut
1056 2751 1312 2788 annonas
1360 2751 1489 2804 qua
1523 2735 1759 2789 ducibus
1789 2735 2072 2789 debeban-

372 2830 486 2890 tur,
528 2840 645 2878 non
700 2823 1064 2877 comederent
1097 2839 1109 2876 :
1170 2822 1467 2877 insinuans
1499 2824 1893 2894 evangelicum
1929 2840 2074 2894 opus

371 2928 492 2965 esse
549 2911 611 2965 in
659 2911 939 2981 regimine
990 2910 1196 2979 plebis,
1257 2927 1402 2980 opus
1452 2911 1688 2964 rectoris
1740 2911 2075 2966 notabiliter

2194 546 2325 584 mox
2358 529 2640 601 ponenda
2684 534 2818 582 sunt
2869 529 3044 583 valva
3099 529 3379 598 regularis
3419 529 3738 601 disciplina;
3773 551 3829 589 ne

2193 619 2476 688 diabolus,
2506 618 2605 689 qui
2633 617 2796 688 quasi
2826 617 2916 671 leo
2940 617 3173 688 rugiens
3213 617 3491 685 circumit,
3521 618 3578 672 in
3601 619 3726 674 ovile
3751 621 3830 675 Dei

2194 705 2375 776 possit
2406 707 2750 774 irrumpere.

2259 796 2518 849 Recensui
2545 794 2841 862 janitores.
2879 792 3005 863 (10.,
3055 793 3216 861 ibid.)
3243 791 3523 846 Ianitores
3546 793 3653 863 qui.
3708 795 3832 849 scili-

2189 888 2294 949 cet,
2328 883 2512 937 claves
2553 881 2716 952 regni
2747 881 3020 937 calorum
3052 887 3455 952 perceperunt,
3487 887 3551 936 ut
3594 883 3768 953 dignos
3790 889 3835 937 et

2190 971 2436 1026 humiles
2487 971 2838 1042 suscipiant;
2906 970 3182 1041 superbos
3233 986 3365 1024 vero
3397 975 3452 1025 et
3498 970 3739 1040 indignos
3781 974 3834 1026 ab

2188 1059 2446 1129 ingressu
2511 1075 2773 1129 superna
2822 1057 3066 1112 civitatis
3105 1063 3355 1123 arceant,
3407 1058 3636 1113 dicendo
3687 1076 3699 1112 :
3748 1061 3836 1115 Non

2186 1153 2264 1200 est
2295 1149 2397 1200 tibi
2449 1164 2604 1216 pars,
2662 1163 2834 1215 neque
2890 1162 3006 1200 sors
3057 1149 3117 1199 in
3175 1161 3413 1200 sermone
3443 1147 3556 1201 hoc.
3591 1148 3681 1203 Cor
3725 1152 3836 1201 enim

2188 1241 2338 1289 tuum
2362 1241 2558 1290 nonest
2588 1241 2788 1290 rectum
2816 1251 2996 1290 coram
3026 1238 3126 1290 Deo
3159 1237 3300 1304 (Act.
3327 1237 3463 1304 vni).

2260 1325 2417 1378 Vens.
2479 1326 2528 1377 3.
2582 1355 2649 1363 —
2706 1324 2821 1378 Non
2866 1326 3189 1392 aperiantur
3229 1329 3402 1392 porta
3445 1365 3458 1376 .
3504 1367 3515 1378 .
3560 1340 3734 1392 .usque
3781 1325 3837 1378 ad

2183 1413 2413 1466 calorem
2469 1413 2618 1481 solis,
2671 1417 2775 1466 etc.
2826 1413 2951 1483 (ln.,
3005 1412 3190 1482 ibid),
3226 1412 3281 1466 id
3315 1417 3418 1477 est,
3454 1417 3570 1467 toto
3620 1417 3836 1483 tempore

2183 1500 2388 1566 noctis,
2421 1505 2549 1566 etc.,
2583 1516 2751 1569 usque
2779 1500 2858 1554 ad
2887 1500 3039 1554 unde
3073 1517 3086 1554 :
3120 1503 3188 1556 Et
3207 1507 3380 1570 porta:
3427 1504 3544 1570 ejus
3589 1518 3684 1556 non
3711 1503 3835 1556 clau-

2181 1589 2379 1642 dentur
2396 1604 2493 1657 per
2515 1589 2675 1656 diem,
2707 1604 2818 1643 nos:
2837 1604 2944 1642 non
2973 1591 3076 1642 erit
3108 1591 3220 1642 illic
3253 1590 3440 1658 (Apoc.
3465 1593 3595 1659 χχι).

2255 1679 2335 1732 Et
2387 1680 2546 1746 posui
2583 1677 2845 1732 custodes.
2896 1678 3024 1746 (10.,
3067 1678 3230 1747 ibid.)
3255 1679 3529 1733 Custodes
3557 1679 3833 1733 animarum

2189 1783 2302 1820 non
2343 1773 2475 1820 sunt
2498 1767 2565 1819 de
2597 1766 2900 1837 neopliytis
2929 1767 3017 1820 vel
3045 1766 3114 1820 de
3152 1767 3320 1836 plebe
3342 1769 3728 1835 constituendi,
3761 1767 3838 1821 sed

2188 1853 2258 1908 de
2287 1853 2400 1908 illis
2431 1853 2532 1923 qui
2583 1869 2617 1906 a
2645 1853 2957 1907 certamine
2987 1853 3256 1907 vitiorum
3290 1855 3393 1907 Dei
3422 1855 3601 1925 gratia
3630 1855 3836 1918 liberati,

2180 1943 2301 2012 jam
2341 1947 2593 1996 mentem
2651 1942 2710 1994 in
2773 1943 3107 2010 Jerusalem,
3155 1942 3215 1995 id
3266 1943 3432 1996 estin
3489 1943 3687 1996 visione
3711 1946 3838 1995 tran-

2188 2029 2382 2099 quilla
2413 2028 2566 2099 pacis
2587 2029 2820 2093 habent,
2853 2044 3100 2099 quorum
3139 2030 3497 2083 conversatio
3516 2030 3572 2084 in
3592 2031 3732 2083 catis
3758 2033 3839 2082 est.

2184 2113 2327 2172 Aliis
2357 2118 2512 2171 enim
2540 2123 2936 2171 consummato
2967 2133 3140 2171 cursu
3168 2117 3239 2170 de
3259 2118 3365 2170 hac
3392 2119 3517 2173 luce
3557 2117 3838 2184 subtractis,

2185 2205 2282 2258 alii
2311 2221 2443 2258 mox
2475 2205 2923 2272 substituuntur,
2979 2221 3084 2258 nec
3115 2222 3370 2276 unquam
3413 2206 3620 2260 desinit
3647 2206 3737 2277 qui
3761 2222 3837 2275 pa-

2184 2310 2307 2348 cem
2350 2294 2605 2347 Ecclesia
2661 2293 2995 2347 excubando
3051 2294 3310 2348 ambiant
3353 2301 3589 2366 propter
3634 2296 3836 2348 timores

2185 2386 2494 2437 nocturnos
2549 2382 2866 2436 secundum
2922 2381 3065 2436 illud
3111 2400 3123 2436 :
3166 2385 3270 2438 Pro
3326 2384 3578 2452 patribus
3613 2385 3710 2438 tuis
3750 2384 3841 2436 nati

2182 2477 2309 2526 sunt
2335 2472 2432 2524 tibi
2460 2472 2566 2540 ﬁlii
2592 2470 2755 2540 (Psal.
2781 2470 2948 2541 xLiv).

2255 2561 2383 2614 Hac
2412 2559 2493 2613 illi
2525 2559 2773 2628 tempori
2810 2559 2996 2630 typice
3049 2561 3416 2626 conveniunt,
3459 2577 3574 2631 quo
3602 2559 3841 2614 seminato

2182 2663 2286 2717 per
2321 2647 2608 2717 apostolos
2656 2647 2825 2716 longe
2876 2648 3103 2717 lateque
3154 2648 3252 2702 Dei
3300 2649 3472 2702 verbo
3521 2655 3667 2702 totus
3719 2647 3843 2700 orbis

2183 2752 2397 2789 novum
2443 2733 2579 2788 ﬁdei
2617 2750 2855 2804 germen
2895 2735 3134 2804 accepit,
3178 2737 3418 2790 necdum
3456 2736 3703 2790 Ecclesia
3732 2733 3842 2787 adi-

2181 2824 2385 2889 ﬁcata,
2409 2825 2506 2878 sed
2536 2827 2762 2877 tantum
2789 2821 2988 2877 auditu
3020 2823 3178 2876 verbi
3209 2828 3266 2877 et
3286 2824 3656 2878 sacramentis
3683 2819 3846 2893 populi

2182 2912 2365 2966 adhuc
2397 2911 2569 2966 rudes
2597 2915 2758 2965 erant
2787 2910 3016 2965 imbuti.
3064 2911 3197 2965 Ideo
3247 2913 3610 2982 congregatis
3637 2927 3740 2965 non
3768 2926 3846 2962 so-

373 3001 524 3055 circa
553 2999 860 3053 Ecclesiam
910 3014 1190 3063 exercere,
1234 3004 1292 3053 et
1337 3016 1370 3052 a
1424 2999 1663 3054 subditis
1709 3000 2072 3054 commodum
2105 3011 2146 3065 (ζ
2183 2999 2305 3054 lum
2349 2999 2745 3069 optimatibus,
2779 2999 2876 3053 sed
2925 3005 2982 3054 et
3015 3000 3183 3069 vulgo
3213 3000 3522 3071 diligenter
3549 3015 3733 3054 eorum
3760 3012 3847 3050 nu-

370 3093 664 3144 terrenum
695 3103 810 3141 non
841 3103 1118 3158 quarere.

1033 3235 1254 3290 CAPUT
1295 3235 1382 3288 VI.

444 3361 610 3414 Vens.
657 3360 718 3413 2.
753 3388 824 3398 —
860 3360 1012 3425 Veni,
1047 3364 1097 3412 et
1134 3361 1500 3427 percutiamus
1519 3359 1718 3428 fadus,
1747 3362 1852 3413 etc.
1886 3360 2072 3430 (Bene,

371 3451 430 3502 in
458 3449 644 3512 Esdr.,
679 3447 779 3500 lib.
813 3463 894 3505 Ill.
924 3463 1046 3516 cap.
1080 3450 1172 3511 25,
1203 3451 1342 3500 tom.
1375 3448 1464 3515 Il,)
1501 3448 1701 3501 Hostes
1755 3453 1964 3502 sancta
1992 3449 2074 3503 ci-

373 3536 565 3590 vitatis
589 3535 1011 3605 persuadebant
1046 3533 1335 3588 Nehemia
1365 3535 1424 3587 in
1459 3535 1800 3605 campestria
1847 3537 2075 3592 descen-

374 3627 527 3689 dere,
563 3629 696 3691 etc.,
727 3638 896 3691 usque
924 3622 999 3675 ad
1028 3623 1165 3693 quia
1197 3626 1459 3676 versutus
1489 3623 1665 3677 hostis
1689 3639 1917 3695 semper
1942 3641 2069 3679 ma-

375 3729 482 3766 nus
541 3717 763 3765 nostras
822 3714 1006 3764 tentat
1077 3709 1377 3780 impedire,
1410 3726 1678 3765 curemus
1710 3727 1805 3766 eas
1842 3729 2072 3785 semper

375 3801 564 3855 divino
598 3799 810 3853 auxilio
833 3798 1176 3853 confortare.

438 3889 594 3942 Vens.
633 3890 715 3942 10.
749 3918 815 3926 -
843 3890 914 3942 Et
943 3889 1239 3954 ingressus.
1272 3887 1535 3942 Pulsatus
1564 3887 1789 3942 insidiis
1818 3890 2071 3946 hostium

375 3975 676 4029 Nehemias
735 3976 974 4030 domum
1029 3975 1304 4031 Samaria
1353 3976 1514 4046 quasi
1545 3977 1714 4031 amici
1767 3984 1825 4032 et
1877 3979 2072 4033 fratris

373 4065 715 4136 ingreditur,
757 4066 852 4120 sed
894 4066 1084 4136 ipsum
1137 4065 1528 4120 insidiatorem
1559 4072 1616 4120 et
1645 4067 1868 4122 hostem
1921 4069 2073 4122 inve-

373 4155 478 4220 nit,
547 4159 817 4224 tanquam
864 4159 1230 4207 externorum
1282 4154 1446 4207 donis
1499 4159 1557 4208 et
1595 4155 1846 4210 amicitia
1877 4173 2065 4212 corru-

371 4248 554 4312 ptum.
586 4243 820 4311 Semper
849 4242 1004 4295 enim
1033 4242 1195 4295 electi
1217 4241 1432 4295 habent
1459 4241 1596 4295 foris
1640 4259 1883 4314 pugnas,
1916 4245 2070 4298 intus

371 4329 626 4395 timores,
659 4344 763 4381 nec
812 4329 1000 4381 solum
1037 4329 1299 4397 apostoli,
1334 4329 1433 4382 sed
1465 4334 1521 4383 et
1570 4333 1868 4402 propheta
1915 4333 2076 4402 peri-

372 4416 514 4471 culis
560 4432 627 4470 ex
677 4432 906 4486 genere,
945 4416 1216 4486 periculis
1247 4433 1316 4471 ex
1369 4419 1653 4486 gentibus,
1688 4422 1956 4491 periculis
2009 4438 2075 4476 ex

370 4505 524 4559 falsis
546 4504 815 4558 fratribus
828 4510 1146 4575 suspectam
1170 4505 1345 4559 vitam
1365 4507 1636 4577 agebant.

440 4594 605 4648 Vens.
637 4597 720 4646 15.
754 4621 823 4632 -
880 4595 1078 4648 Mensis
1105 4593 1289 4648 Eliud.
1333 4594 1520 4665 (BeoA,
1567 4596 1665 4650 ubi
1699 4597 1914 4668 supra.)
1965 4599 2073 4663 Qui

369 4681 684 4735 secundum
717 4681 983 4734 Hebraos
999 4685 1190 4735 sextus
1218 4686 1323 4744 est,
1358 4687 1466 4736 etc.
1495 4699 1666 4752 usque
1694 4685 1788 4752 ad,
1821 4692 1878 4739 et
1907 4686 2070 4740 dein-

368 4785 501 4840 ceps
528 4787 586 4823 se
614 4769 672 4823 in
709 4768 810 4823 Dei
826 4775 881 4824 et
911 4769 1155 4840 proximi
1186 4769 1489 4825 dilectione
1518 4771 1580 4826 in
1601 4772 1772 4828 bonis
1797 4775 2070 4844 operibus

371 4857 674 4911 adornent.

438 4946 601 4998 Vens.
639 4947 722 4998 16.
755 4973 824 4986 —
857 4946 1126 5000 Uni-uersa
1152 4951 1352 5012 gentes.
1383 4947 1510 5015 (Im,
1541 4947 1704 5017 ibid.)
1735 4947 1844 5012 Qui
1874 4953 2069 5011 autem

369 5037 670 5086 structores
750 5037 959 5087 sancta
1029 5033 1274 5088 civitatis
1332 5039 1546 5088 terrere
1601 5035 1891 5106 volebant,
1922 5041 2063 5106 etc.,

369 5135 537 5191 usque
565 5121 639 5176 ad
668 5125 725 5176 et
745 5121 814 5176 ab
844 5121 1094 5176 Ecclesia
1114 5122 1357 5193 expulsi.

1022 5263 1246 5319 CAPUT
1284 5265 1402 5319 VII.

439 5386 596 5440 Vens.
627 5389 676 5439 1.
734 5415 804 5426 -
830 5387 1122 5454 Postquam
1167 5392 1345 5442 autem
1365 5387 1668 5454 adiﬁcatas
1721 5393 1801 5444 est
1852 5405 1964 5444 mm
1977 5406 2061 5458 us,

370 5478 474 5530 etc.
510 5475 705 5544 )Bens,
726 5476 787 5528 in
808 5474 997 5541 Esdr.,
1025 5475 1124 5530 lib.
1147 5493 1225 5543 Ill,
1251 5492 1374 5546 cap.
1398 5478 1486 5542 24,
1517 5481 1653 5531 tom.
1672 5477 1767 5549 ll.)
1797 5479 2058 5548 Mystice:

369 5562 473 5619 ubi
520 5561 780 5618 Ecclesia
803 5577 1005 5618 murus
1045 5563 1292 5619 collectis
1322 5565 1394 5620 ad
1420 5566 1597 5622 ﬁdem
1643 5566 1803 5621 novis
1833 5567 2061 5640 populis

2184 3104 2408 3142 merum
2442 3103 2738 3142 recensere
2760 3087 2997 3156 curavit,
3028 3093 3092 3142 ut
3112 3093 3409 3158 perspecta
3439 3088 3695 3142 omnium
3722 3102 3846 3140 sum-

2183 3192 2299 3243 ma,
2333 3177 2654 3230 discernere
2679 3181 2893 3246 posset,
2926 3177 3026 3247 qui
3054 3176 3116 3230 in
3161 3177 3501 3244 Jerusalem,
3544 3176 3642 3248 qui
3666 3176 3720 3248 in
3744 3174 3849 3228 aliis

2181 3264 2504 3318 civitatibus
2533 3263 2790 3318 habitare
2811 3263 3103 3318 deberent.

2257 3355 2693 3421 Unumquemque
2747 3357 2935 3406 contra
2985 3353 3221 3408 domum.
3289 3353 3378 3408 Sic
3435 3353 3591 3407 enim
3629 3350 3852 3408 custodia

2183 3445 2393 3495 sanctae
2445 3441 2703 3496 Ecclesia
2749 3440 2857 3494 rite
2894 3441 3208 3510 perﬁcitur,
3249 3441 3298 3495 si
3341 3442 3591 3513 quisque
3619 3443 3693 3496 ita
3726 3439 3849 3494 solli.

2181 3529 2496 3584 citudinem
2553 3529 2811 3582 omnium
2839 3529 3099 3584 ﬁdelium
3129 3536 3311 3600 gerat,
3356 3535 3422 3584 ut
3453 3531 3764 3602 specialiter
3789 3528 3852 3582 eis

2181 3617 2390 3688 quibus
2428 3619 2539 3670 Deo
2565 3622 2796 3672 auctore
2838 3618 3109 3687 pralatus
3133 3624 3235 3687 est,
3268 3637 3465 3675 curam
3509 3616 3852 3692 diligentioris

2181 3706 2357 3761 studii
2385 3705 2699 3776 impendat.

2250 3795 2410 3847 Vens.
2446 3795 2532 3847 66.
2560 3822 2622 3832 —
2657 3791 2846 3847 Omnis
2888 3793 3180 3848 multitudo
3201 3797 3364 3863 quasi
3383 3799 3475 3850 vir
3502 3811 3662 3851 unus.
3691 3794 3849 3864 (lose)

2180 3883 2467 3951 Populum
2497 3881 2668 3934 etiam
2700 3896 2868 3952 agros
2893 3883 3172 3936 colentem
3219 3883 3471 3938 decimas
3498 3883 3774 3939 fructuum
3798 3880 3852 3935 ad

2183 3970 2642 4040 Hierosolymam
2686 3969 2853 4039 jussit
2885 3969 3110 4037 offerre,
3166 3977 3233 4025 ut
3257 3971 3539 4026 habentes
3569 3972 3853 4027 sacerdotes

2181 4063 2239 4113 et
2267 4059 2450 4113 levita
2477 4058 2765 4126 alimenta,
2800 4065 3081 4128 perpetua
3138 4060 3436 4131 religionis
3469 4062 3604 4132 jura
3634 4077 3740 4114 non
3770 4058 3853 4112 de-

2179 4145 2590 4214 relinquerent.
2640 4147 2708 4200 Et
2759 4146 2820 4200 hi
2893 4147 3130 4217 quidem
3193 4149 3441 4204 libenter
3498 4151 3856 4221 sequebantur

2184 4234 2410 4288 decreta
2467 4234 2778 4288 Nehemia.
2841 4235 3142 4290 Civitatem
3179 4253 3314 4292 vero
3372 4239 3582 4292 exinde
3639 4235 3852 4306 contigit

2186 4321 2487 4376 hominum
2529 4322 2898 4378 multitudine
2958 4325 3252 4395 compleri.
3303 4326 3478 4380 Multa
3519 4328 3690 4381 etiam
3743 4323 3854 4378 talia

2183 4409 2335 4464 bona
2367 4415 2424 4464 et
2451 4410 2718 4464 laudibus
2748 4411 2922 4481 digna
2957 4428 3088 4466 cum
3126 4430 3351 4468 summa
3397 4415 3626 4469 fecisset
3655 4411 3850 4482 magni-

2182 4499 2412 4553 ﬁcentia
2460 4499 2780 4568 Nehemias,
2806 4501 2876 4554 ad
2903 4506 3254 4557 senectutem
3296 4504 3642 4574 perveniens
3681 4502 3851 4556 defun-

2183 4592 2307 4642 ctus
2342 4590 2445 4641 est.

2828 4677 3053 4732 CAPUT
3092 4679 3230 4733 VIII.

2251 4773 2412 4826 Vens.
2473 4775 2522 4826 l.
2557 4802 2620 4813 -—-
2653 4775 2723 4828 Et
2752 4779 2974 4828 venerat
2999 4777 3196 4830 mensis
3232 4778 3511 4845 septimus.
3571 4777 3772 4847 (Herm,
3803 4775 3850 4825 in

2178 4860 2374 4925 Esdr.,
2411 4860 2488 4914 lib
2521 4877 2604 4930 IlI,
2629 4877 2732 4932 cap
2774 4864 2862 4928 26,
2913 4867 3052 4919 tom.
3096 4864 3193 4934 ΙΙ.)
3235 4865 3343 4929 Qui
3390 4881 3506 4919 non
3544 4867 3710 4935 longe
3738 4863 3850 4918 abe-

2179 4954 2286 5003 rat.
2320 4950 2463 5004 Cum
2490 4949 2646 5003 enim
2674 4966 2874 5005 murus
2905 4956 3054 5006 esset
3081 4952 3347 5007 vicesima
3377 4954 3576 5024 quinta
3598 4954 3688 5008 die
3731 4947 3851 5005 sexti

2177 5037 2390 5092 mensis
2444 5039 2759 5107 completus
2813 5039 3069 5110 quinque
3145 5045 3370 5094 tantum
3419 5042 3542 5095 dies
3579 5037 3849 5094 exordium

2178 5125 2408 5197 septimi
2435 5127 2647 5180 mensis
2676 5133 3034 5196 supererant,
3065 5129 3168 5199 qui
3192 5145 3227 5182 a
3249 5130 3438 5200 prima
3469 5130 3562 5184 die
3593 5143 3765 5200 usque
3789 5124 3844 5178 ad

2175 5214 2503 5268 vicesimam
2534 5215 2842 5269 secundam
2867 5221 3019 5271 totus
3049 5216 3323 5288 legitimis
3352 5217 3707 5273 caremoniis
3733 5229 3851 5268 con-

2175 5309 2424 5358 secratus
2480 5307 2581 5370 est,
2631 5305 2840 5375 quibus
2886 5304 2966 5359 ita
3020 5305 3128 5360 rite
3199 5307 3514 5374 celebratis,
3549 5305 3744 5361 deinde
3789 5299 3846 5354 ad

2172 5391 2551 5462 disponendos
2579 5391 2738 5448 urbis
2757 5408 3052 5448 mansores
3085 5409 3216 5449 cum
3241 5394 3600 5467 principibus
3629 5399 3685 5448 et
3706 5389 3844 5463 plebe

2168 5496 2432 5536 reversus
2463 5485 2572 5535 est.

2243 5570 2714 5638 Congregatusque
2769 5573 2942 5627 omnis
2972 5573 3204 5642 populus
3257 5574 3419 5641 quasi
3465 5574 3556 5627 vir
3597 5583 3729 5626 unus
3779 5562 3844 5620 ad
