3998 6178
148 296 231 345 721
1247 288 1504 346 GLOSSA
1544 290 1945 346 ORDINARlA.
1986 319 2060 333 —
2100 292 2224 346 LIB.
2270 292 2535 348 ESDRIE.

3538 302 3649 353 722

146 416 375 485 plateam
403 429 538 483 quae,
568 417 674 468 etc.
703 415 891 485 (8am,
917 412 1077 484 ibid.)
1106 413 1370 468 Notanda
1389 413 1614 467 devotio
1636 412 1833 485 populi
1854 413 1910 465 Α
2017 416 2211 470 Ramos
2258 416 2590 486 palmarum.
2643 414 2768 486 (10.,
2842 414 3004 486 ibid.)
3063 416 3273 471 Remos
3323 419 3644 490 palmarum

150 508 197 557 et
221 502 541 569 concordia,
602 506 728 567 etc.,
764 517 933 571 usque
975 502 1049 555 ad
1101 517 1346 572 quarum
1390 504 1561 555 cantu
1589 501 1839 572 populus

148 594 288 647 inter
314 591 599 645 orationes
632 596 688 645 et
717 590 933 645 hostias
980 590 1272 643 ardentius
1324 590 1396 644 ad
1446 590 1587 660 legis
1617 606 1835 644 memo-

145 682 280 735 riam
312 681 677 734 excitaretur.

207 770 432 839 Mystice
481 785 714 840 quoque
770 768 1050 822 aediﬁcata
1106 767 1333 822 civitate
1393 772 1622 839 oportet
1668 768 1832 839 sequi

146 859 445 913 lectionem
502 858 773 919 divinam,
804 863 860 911 et
910 857 1075 912 tubas
1130 873 1336 911 sonare
1387 857 1721 923 crebriores,
1775 861 1837 910 ut

146 947 402 1018 populus,
440 947 807 1001 sacramentis
824 946 1145 1000 coelestibus
1168 945 1426 1000 initiatus
1453 946 1623 999 etiam
1662 945 1835 999 sacris

149 1035 385 1105 eloquiis
416 1051 486 1088 ex
515 1041 773 1105 tempore
807 1034 1073 1088 solertius
1106 1034 1351 1105 qualiter
1388 1034 1575 1087 vivere
1606 1032 1831 1099 debeat,

147 1125 474 1178 instruatur.

208 1214 348 1267 Ante
373 1216 594 1281 portam
617 1227 905 1280 aquarum.
937 1212 1067 1278 (10.,
1097 1210 1257 1273 ibid.)
1292 1213 1521 1264 Portam
1550 1225 1836 1280 aquarum

146 1314 266 1353 reor
294 1298 405 1352 dici
455 1298 517 1351 in
575 1298 722 1351 atrio
778 1297 1160 1364 sacerdotum,
1213 1303 1343 1363 etc.,
1383 1312 1552 1365 usque
1580 1297 1654 1351 ad
1683 1296 1830 1351 bene

148 1403 270 1458 ergo
320 1389 454 1439 ante
514 1392 738 1455 portam
798 1402 1079 1456 aquarum
1129 1386 1396 1439 collectus
1447 1390 1533 1438 est
1588 1386 1830 1455 populus

148 1482 409 1545 tanquam
442 1491 546 1544 per
577 1474 892 1527 antistitem
945 1490 1111 1527 suum
1144 1475 1376 1528 ﬂuentis
1406 1473 1829 1544 Scripturarum

148 1563 510 1633 spiritualiter
534 1564 839 1633 potandus.

209 1653 364 1705 Vens.
394 1656 454 1705 4.
487 1682 557 1691 —
584 1652 744 1707 Stetit
776 1656 955 1706 autem
986 1652 1193 1706 Esdras
1250 1651 1429 1705 scriba
1486 1665 1647 1720 super
1698 1666 1825 1718 gra-

146 1740 278 1794 dum.
310 1741 463 1810 (10.,
496 1739 921 1810 ibid.)'Videtur
973 1740 1325 1805 meminisse,
1381 1744 1510 1807 etc.,
1554 1754 1723 1807 usque
1754 1739 1827 1792 ad

146 1830 457 1883 nttimidus
506 1834 563 1882 et
593 1829 934 1883 erubescens
988 1846 1118 1899 quas
1171 1828 1292 1898 ipse
1332 1844 1450 1883 non
1492 1828 1646 1896 fecit,
1700 1828 1825 1882 aliis

145 1916 383 1970 faciendo
422 1916 702 1987 prmdicit,
728 1922 833 1970 etc.

206 2005 339 2059 Cum
406 2007 681 2076 praesules
734 2008 1014 2076 quantum
1080 2004 1318 2068 honore,
1370 2008 1596 2059 tantum
1649 2019 1824 2075 opere

143 2092 383 2147 subditos
444 2095 811 2160 antecellunt,
866 2093 976 2164 ipsi
1016 2109 1213 2148 eorum
1273 2094 1548 2164 exemplis
1603 2092 1825 2147 incitati

145 2182 261 2236 vita
290 2198 407 2236 suae
442 2182 683 2253 gradum
714 2187 1110 2253 exsequuntur
1139 2182 1350 2251 devoti,
1408 2187 1464 2235 et
1511 2182 1583 2236 ab
1619 2182 1699 2235 eis
1730 2181 1824 2250 pie

149 2271 413 2325 admoniti
467 2288 572 2342 pro
628 2271 874 2342 peccatis
907 2272 995 2324 vel
1040 2270 1321 2325 desiderio
1350 2270 1554 2341 patriae
1584 2268 1825 2324 caelestis

144 2358 403 2428 lacrymas
433 2360 782 2429 profundere
815 2359 1191 2413 delectantur.
1227 2359 1383 2413 Unde
1437 2359 1582 2413 bene
1630 2356 1823 2411 subdi-

145 2451 244 2513 tur,
277 2448 453 2502 tlebat
478 2448 633 2502 enim
678 2448 863 2502 omnis
894 2448 1162 2518 populus,
1214 2462 1344 2501 cum
1398 2447 1625 2501 audiret
1650 2445 1825 2499 verba

146 2535 288 2606 legis,
327 2540 435 2590 etc.

206 2626 360 2679 Vens.
398 2626 486 2679 l0.
521 2655 593 2664 -
639 2627 716 2680 lte
767 2628 817 2678 et
862 2625 1135 2691 comedite,
1193 2628 1298 2679 etc.
1353 2625 1481 2692 (10.,
1541 2624 1696 2691 ibid.)
1755 2624 1824 2677 Ut

152 2712 482 2766 inﬁrmiores
543 2713 918 2768 conscientias
950 2713 1346 2783 proximorum
1395 2713 1658 2782 exemplo
1709 2710 1821 2781 piae

147 2803 378 2872 actionis,
415 2808 474 2858 et
498 2804 775 2857 suavitate
823 2803 1041 2857 devotas
1072 2802 1480 2858 admonitionis
1534 2802 1820 2856 conforta-

146 2906 276 2957 mus,
304 2892 585 2963 principit,
644 2896 927 2961 quatenus
981 2892 1126 2945 sicut
1164 2892 1329 2961 adipe
1380 2896 1438 2945 et
1469 2891 1819 2962 pinguedine

1949 502 2261 569 efferimus,
2323 504 2478 575 quod
2533 508 2618 559 est
2663 520 2868 558 manus
2921 505 3166 560 victricis
3220 512 3477 569 ornatus,
3512 523 3642 561 cum

1948 596 2198 645 mentem
2252 591 2523 648 vitiorum
2585 591 2876 646 victricem
2938 592 3211 663 gerimus,
3258 598 3312 647 et
3370 592 3643 648 invictam

1890 711 1913 731 .
1947 678 2164 733 cunctis
2201 679 2480 749 hostibus,
2537 684 2599 734 ut
2663 685 2877 733 stemus
2937 685 3061 735 ante
3118 682 3368 736 thronum
3425 685 3483 737 in
3515 698 3639 737 con-

1945 773 2129 837 Spectu
2158 770 2325 835 Agni,
2355 772 2543 823 amicti
2571 770 2724 823 stolis
2769 769 2931 837 albis,
2963 773 3013 822 ct
3036 771 3235 839 palma:
3290 773 3349 824 in
3388 771 3639 824 manibus

1944 859 2143 911 nostris
2170 857 2360 927 (Apoc.
2396 858 2510 921 vn).

2015 945 2180 998 Vens.
2217 948 2300 998 l6.
2342 975 2407 983 —-
2457 947 2837 1013 Unusquisque
2867 947 2925 998 in
2999 945 3226 999 domate.
3287 947 3416 1015 (11).,
3472 947 3635 1017 ibid.)

1945 1035 2005 1087 In
2028 1033 2255 1086 domate
2282 1050 2406 1098 suo,
2442 1037 2569 1098 etc.,
2625 1048 2796 1104 usque
2842 1034 2915 1086 ad
2973 1038 3028 1086 et
3073 1034 3132 1086 in
3182 1034 3494 1103 majoribus
3529 1035 3630 1088 ιω.

1942 1137 2031 1175 nae
2062 1120 2299 1174 actionis
2328 1120 2587 1191 frugibus
2619 1120 2906 1173 abundare
2936 1137 3274 1174 mereamur.

2014 1210 2171 1262 Vens.
2234 1212 2317 1263 t8.
2372 1239 2439 1248 —
2490 1210 2699 1278 Septem
2760 1210 2964 1264 diebus.
3026 1211 3149 1280 (11).,
3211 1210 3376 1279 ibid.)
3434 1212 3635 1267 Sceno-

1940 1297 2109 1369 pegia
2138 1301 2355 1367 septem
2388 1297 2587 1350 diebus
2620 1298 2911 1368 agebatur,
2945 1303 3073 1363 etc.,
3108 1314 3276 1367 usque
3315 1300 3389 1352 ad
3417 1299 3474 1353 in
3498 1315 3633 1353 con-

1940 1390 2137 1457 spectu
2169 1385 2268 1440 Dei
2312 1392 2709 1456 congregatus,
2763 1392 2817 1440 et
2884 1403 3178 1458 nunquam
3240 1388 3633 1458 segregandus

1939 1474 2321 1530 exsultaverit.

2597 1544 2822 1598 CAPUT
2853 1545 2935 1598 1X.

2010 1653 2172 1705 Vens.
2210 1655 2256 1705 1.
2293 1682 2358 1689 -
2400 1652 2462 1705 In
2520 1650 2610 1705 die
2665 1656 2861 1704 autem.
2899 1655 2985 1705 etc
3036 1651 3237 1720 (Bson,
3297 1654 3390 1707 ubi
3438 1668 3629 1722 supra,

1935 1757 2057 1812 cap.
2102 1740 2216 1811 28.)
2284 1739 2545 1793 Notanda
2620 1739 2857 1793 correcti
2926 1740 3127 1811 populi
3191 1742 3439 1808 devotio,
3494 1746 3625 1809 etc.,

1933 1845 2103 1899 usque
2160 1829 2234 1882 ad
2284 1844 2416 1882 cum
2475 1845 2507 1881 a
2553 1828 2773 1882 caeteris
2833 1828 3125 1883 laboribus
3185 1834 3438 1883 cessatur
3480 1828 3628 1883 divi-

1933 1919 2024 1973 nis
2051 1916 2392 1971 lectionibus
2421 1932 2585 1970 aures
2612 1916 2846 1971 liberius
2886 1912 3343 1972 co'mmodantur.

2004 2008 2085 2061 Et
2105 2006 2251 2060 dimit
2262 2005 2485 2060 Esdras.
2513 2006 2699 2076 Usque
2720 2006 2789 2059 ad
2810 2006 2983 2060 tinem
3007 2006 3284 2060 orationis
3298 2006 3385 2060 vel
3404 2005 3626 2059 confes-

1934 2095 2106 2150 sionis
2136 2095 2276 2164 ejus,
2311 2094 2467 2164 quod
2496 2109 2669 2164 supra
2721 2094 2936 2148 dictum
2970 2100 3077 2163 est,
3110 2095 3245 2165 quia
3284 2094 3623 2149 conﬁteban-

1935 2188 2027 2238 tur
2062 2187 2292 2254 peccata
2330 2197 2453 2247 sua,
2486 2185 2543 2235 et
2584 2186 2809 2251 peccata
2851 2186 3080 2251 patrum
3110 2198 3366 2248 suorum,
3397 2182 3628 2252 plenius

1931 2271 2110 2325 Esdra
2140 2271 2479 2340 deprecante
2510 2269 2755 2340 qualiter
2782 2270 2995 2323 factum
3022 2270 3111 2337 sit,
3144 2270 3481 2325 ostenditur.

2002 2362 2173 2414 Vsus.
2223 2362 2308 2413 38.
2354 2388 2419 2399 -—
2471 2359 2646 2427 Super
2687 2357 2931 2411 omnibus
2983 2373 3107 2426 ergo
3163 2359 3268 2411 his.
3330 2359 3519 2425 (Baoa,
3566 2361 3627 2413 in

1930 2448 2129 2515 Esdr.,
2163 2447 2261 2502 lib.
2308 2464 2388 2513 ιιι,
2448 2450 2589 2500 tom.
2633 2447 2722 2514 Il.)
2774 2446 3034 2500 Ostendit
3081 2450 3295 2516 quanta
3324 2446 3627 2501 devotione

1932 2552 2135 2591 omnes
2160 2551 2423 2606 personae
2459 2551 2655 2589 eorum
2678 2550 2891 2588 novum
2938 2538 3067 2604 post
3096 2534 3237 2588 festa
3267 2534 3627 2605 scenopegiat

1933 2628 2276 2679 conventum
2310 2623 2566 2690 fecerint,
2602 2627 2667 2676 ut
2724 2622 2935 2676 scilicet
2966 2627 3087 2676 tota
3134 2639 3191 2676 se
3244 2621 3563 2676 intentione
3595 2640 3627 2677 a

1932 2714 2211 2769 scelerum
2264 2712 2537 2781 contagiis
2588 2716 2930 2781 expurgatos
2987 2711 3178 2764 divino
3238 2710 3435 2765 foederi
3490 2727 3623 2765 con-

1923 2804 2258 2874 jungerent,
2311 2806 2367 2855 et
2413 2800 2639 2855 foederis
2685 2800 2864 2853 sancti
2916 2799 3306 2853 conditionem
3362 2815 3624 2853 sermone

1929 2893 2227 2946 ﬁrmarent
2257 2894 2313 2943 et
2343 2889 2591 2958 scripto;
2652 2892 2708 2941 et
2740 2888 2819 2941 sic
2872 2887 2941 2941 ab
2980 2887 3291 2958 impiorum
3339 2887 3624 2944 consortio

146 2981 476 3050 repleantur,
557 2979 796 3051 aliisque
848 2980 1237 3034 exsultationis
1292 2980 1529 3034 laudent
1598 2996 1811 3034 nomen
1845 2982 1887 3037 C.
1924 2979 2188 3050 separati,
2246 2977 2559 3032 securiores
2606 2977 2898 3046 replerent
2953 2992 3118 3046 opus,
3187 2976 3339 3046 quod
3401 2977 3621 3030 dudum

147 3068 368 3123 Domini.
399 3071 573 3124 Juxta
621 3068 869 3122 litteram
899 3084 1127 3140 quoque
1158 3084 1289 3123 cum
1321 3068 1383 3122 in
1420 3068 1576 3122 festis
1616 3068 1816 3123 diebus

143 3161 256 3227 post
284 3158 607 3213 orationem
638 3157 937 3211 lectionem
971 3162 1027 3211 et
1053 3157 1409 3227 psalmorum
1441 3156 1627 3210 studia
1657 3173 1814 3210 com-

144 3247 279 3316 pleta
327 3263 560 3302 carnem
592 3246 897 3311 reﬁcimus,
934 3262 1256 3317 pauperum
1285 3248 1341 3299 et
1369 3245 1812 3316 peregrinorum

145 3336 452 3391 meminisse
485 3335 778 3389 debemus.

207 3427 363 3480 Nolite
392 3427 732 3481 contristari.
768 3426 1036 3478 Doctores
1083 3423 1185 3493 qui
1217 3426 1437 3476 mentes
1488 3422 1817 3476 auditorum

146 3511 293 3565 sacris
346 3512 690 3566 lectionibus
739 3510 811 3564 ad
881 3512 1159 3581 lacrymas
1223 3510 1488 3576 excitant,
1544 3514 1600 3563 et
1644 3510 1817 3564 iidem

146 3601 511 3665 consolantur,
548 3600 686 3653 dum
720 3600 926 3670 gaudia
951 3603 1211 3652 secutura
1241 3599 1602 3670 promittunt.

206 3688 352 3743 Vens.
408 3692 495 3743 11.
530 3718 597 3727 -
630 3689 773 3753 Quia
818 3688 931 3741 dies
984 3692 1201 3741 sanctus
1254 3691 1349 3741 est.
1412 3687 1557 3740 Dum
1610 3684 1821 3740 scilicet

144 3775 310 3828 verbis
368 3775 603 3830 Domini
661 3775 955 3828 audiendis
986 3780 1041 3828 et
1093 3774 1401 3844 implendis
1441 3788 1675 3843 operam
1720 3774 1819 3827 da-

144 3876 271 3929 mus,
303 3864 364 3917 in
421 3879 541 3934 quo
573 3863 664 3916 die
702 3862 963 3933 quamvis
1015 3862 1264 3916 exterius
1313 3862 1547 3915 adversa
1595 3861 1817 3931 patien-

141 3953 230 4018 tes,
268 3968 369 4005 nos
398 3952 460 4005 in
519 3967 616 4021 spe
650 3952 897 4021 gaudere
955 3956 1204 4020 oportet.
1252 3951 1443 4005 Unde:
1505 3951 1679 4016 Quasi
1718 3952 1819 4003 tri-

139 4044 251 4106 stes,
276 4056 483 4109 semper
511 4044 690 4093 autem
715 4040 1008 4107 gaudentes
1037 4039 1120 4109 (11
1148 4040 1266 4096 Cor.
1299 4039 1394 4109 v1),
1428 4043 1534 4092 etc.

200 4130 357 4183 Vens.
397 4130 483 4184 14.
514 4157 588 4169 -
612 4130 682 4183 Et
709 4131 1045 4195 invenerunt,
1089 4131 1193 4181 etc.
1234 4127 1338 4198 (Ba
1352 4143 1441 4192 DA,
1472 4126 1569 4180 ubi
1595 4126 1818 4195 supra.)

144 4216 252 4269 Haec
280 4217 340 4270 in
371 4216 620 4271 Levitico
671 4216 895 4286 plenius
939 4215 1147 4286 scripta
1185 4219 1339 4279 sunt,
1377 4221 1516 4280 etc.,
1550 4230 1719 4284 usque
1747 4214 1821 4268 ad

143 4306 453 4359 meminisse
486 4322 591 4358 nos
640 4309 883 4374 oportet,
913 4304 1049 4375 quia
1090 4306 1276 4359 incolae
1305 4318 1487 4358 sumus
1534 4305 1593 4357 in
1655 4310 1818 4369 terra,

143 4398 183 4447 et
205 4396 475 4462 peregrini
503 4396 643 4448 sicut
660 4398 848 4462 patres
878 4393 1056 4448 nostri
1075 4394 1245 4461 (Psal.
1283 4391 1536 4461 xxxvm).

204 4482 363 4537 Vens.
403 4484 486 4537 t3.
514 4512 587 4522 —
608 4482 775 4547 Ligni
792 4482 1168 4550 pulcherrimi,
1192 4485 1292 4535 etc.
1313 4481 1435 4550 (11).,
1460 4480 1579 4533 ibid
1604 4480 1625 4550 )
1658 4478 1819 4543 Quod

145 4569 335 4625 scilicet
364 4570 590 4626 Hebraei
645 4575 849 4625 vocant
881 4571 1134 4624 cedrum.
1172 4570 1420 4624 Frondes
1486 4585 1618 4622 vero
1652 4567 1823 4638 myrti

146 4661 193 4710 et
212 4659 678 4714 obumbraculum
710 4659 819 4713 sibi
839 4659 1001 4714 affert
1031 4658 1129 4729 qui
1152 4658 1337 4712 dicere
1369 4661 1573 4727 potest,
1621 4657 1827 4713 Christi

147 4746 294 4803 bonus
321 4750 452 4805 odor
472 4766 655 4805 sumus
686 4754 790 4806 Deo
829 4752 889 4803 in
918 4751 1064 4803 omni
1093 4750 1201 4802 loco
1233 4748 1330 4817 (II
1369 4748 1486 4802 Cor.
1521 4745 1598 4815 ιι).

210 4838 430 4893 Frondes
490 4840 628 4906 ligni
678 4839 1046 4908 pulcherrimi
1094 4841 1145 4890 et
1191 4836 1413 4902 frondes
1474 4836 1663 4902 myrti,
1715 4838 1822 4887 etc.

150 4924 368 4980 Fructus
416 4926 707 4980 charitatis
754 4943 885 4997 quas
955 4925 1107 4979 inter
1155 4940 1354 4979 omnes
1408 4923 1645 4976 virtutes
1692 4922 1826 4992 pul-

148 5011 436 5081 cherrima,
463 5030 568 5084 per
614 5030 786 5084 quam
835 5020 893 5068 et
937 5014 1192 5070 Christus
1248 5012 1470 5084 lignum
1516 5010 1697 5064 crucis
1726 5027 1828 5081 pro

149 5106 329 5156 nostra
358 5106 541 5156 salute
569 5102 839 5166 ascendit,
870 5103 1033 5174 cujus
1090 5103 1416 5173 passionem
1452 5100 1588 5155 dum
1641 5116 1826 5170 quan-

152 5190 261 5243 tum
291 5206 615 5261 possumus,
666 5191 982 5257 imitamur,
1018 5192 1316 5245 frondibus
1371 5189 1627 5261 profecto
1689 5187 1831 5259 ligni

153 5278 513 5345 pulcherrimi
543 5284 599 5333 et
629 5280 799 5351 myrti
830 5281 888 5334 in
920 5279 1420 5333 mortiﬁcationem
1460 5279 1733 5333 vitiorum
1778 5281 1834 5331 et

156 5363 447 5422 libidinum
468 5370 845 5439 protegimur.
878 5368 1025 5439 Magi
1070 5368 1224 5422 enim
1268 5366 1508 5421 Domino
1544 5366 1834 5436 myrrham

157 5454 439 5511 offerentes
468 5458 805 5523 docuerunt,
865 5458 1000 5528 quia
1056 5456 1158 5528 qui
1188 5455 1374 5511 Christ
1403 5458 1553 5521 sunt,
1605 5469 1831 5508 carnem

160 5557 303 5598 suam
330 5562 463 5600 cum
486 5546 633 5601 vitiis
657 5551 715 5602 et
738 5546 1213 5618 concupiscentiis
1234 5544 1593 5616 cruciﬁgunt.

1927 3072 2233 3139 coeperant,
2284 3066 2342 3120 id
2393 3071 2497 3128 est,
2542 3070 2607 3119 ut
2664 3080 2946 3135 congruos
2998 3064 3157 3119 urbis
3212 3064 3359 3118 cives
3414 3065 3483 3119 de
3508 3081 3624 3119 nu-

1927 3172 2085 3211 mero
2116 3155 2427 3226 impiorum
2464 3153 2848 3207 instituerent.

2625 3260 2851 3315 CAPUT
2882 3261 2945 3314 Χ.

2000 3370 2169 3424 Vens.
2227 3372 2367 3424 t.—
2400 3368 2731 3435 Signatores,
2774 3370 2879 3420 etc.
2936 3364 3061 3420 Alia
3112 3365 3450 3419 translatio:
3510 3368 3623 3423 Ne-

1928 3461 2131 3513 hemias
2170 3459 2266 3526 qui
2324 3458 2625 3510 Athersala
2674 3458 2872 3522 fertur,
2907 3459 3028 3507 erat
3086 3454 3241 3508 enim
3297 3454 3619 3525 dionymos,

1927 3548 2079 3601 unde
2112 3544 2480 3616 singulariter
2537 3544 2905 3614 subjungitur
2958 3542 3110 3596 ﬁlius
3163 3543 3414 3607 Achelai,
3468 3542 3621 3613 quod

1930 3636 2189 3706 snperius
2255 3634 2510 3704 apertius
2569 3632 2803 3685 dicitur:
2865 3633 3021 3686 Dimit
3091 3636 3269 3686 autem
3314 3631 3617 3697 Nehemias,

1929 3730 1979 3778 et
2006 3726 2119 3792 ipse
2149 3727 2225 3776 est
2254 3723 2555 3775 Athersata
2595 3722 2670 3788 (II
2694 3720 2827 3774 Esd.
2860 3719 2977 3789 vn).

2001 3813 2129 3879 (1b.,
2188 3809 2348 3879 ibid.)
2408 3808 2580 3863 Nobis
2643 3824 2873 3879 quoque
2942 3807 3240 3861 sabbatum
3324 3806 3621 3876 spirituale

1931 3914 2156 3970 semper
2212 3897 2496 3968 agendum
2535 3900 2639 3961 est,
2696 3901 2819 3961 etc.,
2877 3910 3045 3963 usque
3074 3895 3149 3948 ad
3189 3893 3377 3964 primo
3433 3894 3524 3947 die
3592 3911 3622 3946 a

1931 3988 2095 4042 malis
2146 3986 2459 4040 emundare
2515 4000 2743 4038 necesse
2800 3988 2903 4045 est,
2962 3983 3167 4037 deinde
3210 3981 3375 4036 bonis
3405 3981 3623 4035 actibus

1931 4075 2214 4131 adornari.

2604 4142 2830 4197 CAPUT
2860 4141 2945 4196 X1.

1849 4258 1909 4323 ι).
2003 4252 2163 4306 Vens.
2210 4255 2257 4305 1.
2293 4280 2361 4289 -
2404 4249 2800 4304 Habitaverunt
2830 4252 3028 4301 autem.
3067 4246 3273 4317 (BEDA,
3307 4249 3367 4300 in
3419 4245 3619 4312 Esdr.,
3723 4264 3735 4277 ·

1930 4341 2029 4396 lib.
2066 4357 2148 4403 ιιι,
2179 4344 2319 4394 tom.
2350 4339 2446 4407 ll.)
2482 4339 2642 4391 Nunc
2670 4338 2953 4407 completa
2994 4341 3078 4390 est
3125 4334 3443 4406 dispositio,
3491 4339 3621 4399 etc.,

1929 4445 2099 4500 usque
2162 4429 2237 4483 ad
2280 4428 2375 4481 sed
2426 4426 2633 4481 occulti
2681 4426 2889 4496 judicis
2939 4430 2996 4479 et
3049 4424 3337 4494 largitoris
3383 4437 3625 4476 munere

1930 4517 2275 4590 percipiunt.

2002 4608 2165 4661 Vens.
2199 4608 2250 4660 3.
2281 4634 2350 4645 —
2386 4606 2456 4660 Et
2487 4605 2544 4658 in
2567 4605 2881 4659 Jerusalem.
2942 4603 3069 4670 (11).,
3120 4599 3283 4671 ibid.)
3315 4598 3409 4655 His
3439 4595 3628 4651 verbis

1934 4694 2270 4758 ostenditur,
2300 4697 2431 4757 etc.,
2480 4708 2650 4761 usque
2696 4692 2771 4745 ad
2824 4707 2956 4745 nam
3017 4690 3314 4761 sequitur:
3370 4691 3444 4743 De
3490 4686 3627 4750 ﬁliis

1930 4783 2090 4837 Juda
2115 4782 2498 4835 habitaverunt
2528 4783 2586 4834 in
2624 4780 2981 4836 Cariatharbe
3010 4778 3081 4849 (ΙΙ
3110 4779 3241 4832 Esd.
3279 4776 3377 4846 xx).

2008 4870 2322 4941 (In.,ibid.)
2369 4869 2540 4922 ludas
2604 4868 3013 4938 interpretatur
3049 4869 3300 4935 conﬁtens
3358 4864 3446 4917 vel
3505 4878 3629 4917 con-

1933 4962 2122 5028 fessio,
2153 4964 2282 5025 etc.,
2315 4973 2485 5026 usque
2514 4956 2589 5011 ad
2630 4972 2760 5009 cum
2790 4971 2987 5009 eorum
3039 4954 3141 5026 qui
3193 4957 3325 5009 sunt
3381 4952 3442 5006 in
3493 4967 3631 5023 agro

1936 5066 2086 5103 unus
2116 5052 2457 5112 assumetur,
2504 5050 2560 5101 et
2590 5046 2731 5099 alter
2759 5044 3131 5115 relinquetur.

2599 5169 2825 5225 CAPUT
2853 5168 2965 5222 XII.

2011 5280 2177 5334 Vens.
2215 5281 2263 5332 1.
2286 5307 2359 5319 -
2399 5280 2473 5332 Hi
2517 5281 2643 5331 sunt
2672 5280 2870 5341 autem,
2910 5277 3013 5328 etc.
3046 5274 3253 5341 (Bnoa,
3286 5273 3383 5326 ubi
3410 5270 3636 5341 supra.)

1944 5369 2042 5423 Hic
2069 5367 2355 5439 principes
2372 5366 2731 5420 sacerdotum
2754 5379 2869 5417 una
2889 5379 3017 5417 cum
3040 5360 3310 5416 fratribus
3332 5360 3471 5428 suis,
3499 5364 3634 5426 etc.,

1942 5468 2111 5521 usque
2160 5451 2235 5505 ad
2283 5451 2530 5519 ideoque
2582 5448 2745 5503 illum
2798 5448 3103 5517 superstite
3149 5446 3333 5501 adhuc
3364 5443 3638 5500 Nehemia

1948 5541 2100 5595 nasci
2132 5538 2407 5611 potuisse.
