3998 6178
381 275 489 328 723

1001 268 1401 324 WALAFRIDI
1445 269 1691 324 STRABI
1733 269 1931 324 FULD.
1981 267 2152 326 MON.
2196 267 2357 327 OPP.
2404 270 2578 324 PARS
2614 270 2666 324 Ι.
2713 297 2779 308 -
2819 267 3283 324 THEOLOGICA.
3754 276 3845 326 72-3

461 394 835 464 (Ben.,ibid.)
865 392 1156 463 Descripta
1185 397 1270 446 est
1313 391 1590 445 successio
1638 391 1964 462 principum
1996 408 2082 445 sa-
2112 393 2162 448 Α
2270 393 2430 446 Vens.
2484 393 2572 446 39.
2630 422 2699 431 —
2744 392 3123 460 Steteruntque
3172 392 3279 446 duo
3326 393 3491 447 chori.
3535 394 3656 461 (ln.,
3711 395 3842 462 ibid.)

383 485 683 538 cerdotum
705 488 762 536 et
791 482 1115 549 levitarum,
1145 486 1275 543 etc.,
1319 496 1488 550 usque
1543 480 1617 534 ad
1666 480 1849 534 amica
1894 481 2082 552 provi-

385 573 544 626 sione
575 575 916 637 restaurant,
941 575 996 625 et
1027 569 1218 624 debito
1250 570 1466 624 honore
1495 569 1766 624 exaltant.

457 663 583 731 (11).,
617 661 774 724 ibid.)
807 659 1153 714 Jamdudum
1202 658 1480 712 aediﬁcata
1528 663 1650 712 erat
1700 657 1916 723 civitas,
1949 661 2080 725 etc.,

389 766 557 819 usque
581 750 654 803 ad
704 754 840 802 tunc
880 748 940 802 in
991 764 1052 801 re
1099 748 1226 818 ipsa
1276 746 1590 801 fruentium
1621 747 1814 800 divina
1862 746 2082 800 visione

387 839 688 892 beatorum
709 836 1014 890 hominum
1043 836 1104 889 in
1132 835 1468 906 corporibus
1493 834 1888 905 spiritualibus
1933 835 2084 888 inter

385 926 644 996 angelica
662 925 912 994 agmina.

460 1016 629 1068 Vens.
663 1016 750 1068 27.
791 1044 859 1054 —
884 1016 951 1069 Et
974 1016 1032 1068 in
1054 1013 1330 1082 cymbalis,
1385 1016 1497 1067 etc.
1527 1013 1661 1082 (11).,
1718 1013 1884 1082 ibid.)
1920 1013 2085 1084 Cym-

387 1103 537 1168 bala,
570 1103 841 1173 psalteria
877 1107 933 1155 et
983 1102 1236 1167 citharae,
1298 1106 1425 1166 etc.,
1476 1117 1646 1170 usque
1676 1101 1749 1155 ad
1801 1107 1858 1156 et
1915 1101 2087 1155 corda

386 1191 788 1262 proximorum
821 1191 887 1245 ad
916 1206 1172 1245 amorem
1200 1191 1322 1261 ejus
1352 1190 1688 1256 accendunt,
1729 1195 1834 1244 etc.

459 1281 625 1336 Vens.
659 1282 745 1333 28.
777 1310 846 1317 —-
877 1281 1008 1334 Filii
1050 1285 1348 1334 cantorum.
1385 1279 1507 1349 (11).,
1541 1279 1704 1348 ibid.)
1767 1277 2088 1332 Imitatores

387 1366 602 1421 scilicet
633 1384 855 1435 eorum,
909 1373 1038 1434 etc.,
1090 1383 1259 1436 usque
1311 1368 1384 1421 ad
1437 1372 1493 1422 et
1547 1367 1605 1420 in
1647 1367 1770 1437 ipso
1828 1371 2087 1436 tempore

389 1455 776 1521 dedicationis,
809 1456 866 1510 id
897 1460 999 1523 est,
1026 1461 1324 1527 perpetua:
1356 1455 1832 1509 remunerationis
1875 1455 2086 1510 ibidem

388 1545 607 1616 pariter
639 1545 884 1598 uniuntu
896 1562 937 1598 r.

462 1634 628 1687 Vens.
659 1634 744 1688 30.
780 1663 840 1674 —
877 1635 949 1687 Et
983 1632 1256 1687 mandati.
1285 1631 1411 1702 (10.,
1433 1630 1594 1701 ibid.)
1624 1632 1817 1685 Justus
1850 1631 2086 1686 omnino

392 1722 553 1789 ordo,
577 1726 706 1786 etc.,
740 1737 911 1790 usque
938 1721 1012 1774 ad
1040 1725 1098 1774 et
1127 1720 1328 1774 vinctis
1367 1720 1632 1773 manibus
1653 1725 1710 1774 et
1737 1719 1979 1790 pedibus
2028 1720 2088 1774 in

390 1811 656 1865 tenebras
687 1809 1003 1864 exteriores
1051 1808 1327 1864 mittatur.

466 1901 626 1953 Vens.
652 1901 738 1953 31.
765 1928 834 1937 -
861 1900 1140 1968 Principes
1164 1898 1342 1963 Juda,
1367 1901 1500 1963 etc.,
1532 1897 1590 1952 id
1614 1901 1697 1952 est
1717 1897 2088 1952 confessionis

393 1987 481 2041 vel
513 1987 717 2053 laudis,
743 1986 1113 2056 perfectiores
1137 1991 1269 2040 sunt
1303 1985 1558 2041 Ecclesiae
1588 1986 1864 2051 doctores,
1905 1985 2005 2056 qui
2040 1985 2098 2039 in

397 2075 760 2130 dedicatione
791 2075 1039 2129 civitatis
1093 2091 1266 2144 super
1299 2091 1528 2128 murum
1559 2075 1907 2129 ascendunt:
1963 2074 2102 2145 quia

395 2163 458 2217 in
487 2168 746 2234 tempore
774 2163 1163 2218 tribulationis
1190 2164 1512 2232 generalem
1545 2163 1806 2218 Ecclesiae
1864 2178 2100 2216 conver-

402 2253 684 2306 sationem
715 2252 886 2306 altius
907 2251 1148 2305 vivendo
1179 2251 1596 2306 transcendisse
1627 2252 1965 2322 probantur.
2021 2253 2101 2306 De

396 2340 487 2394 his
519 2341 675 2394 enim
707 2340 952 2395 dicitur:
987 2341 1160 2409 Super
1200 2355 1380 2395 muros
1432 2346 1549 2394 tuos
1601 2342 1911 2395 Jerusalem
1966 2356 2099 2394 con-

397 2431 558 2483 stitui
599 2430 842 2484 custodes
900 2429 1054 2498 (Isai.
1114 2430 1266 2498 Lxu),
1305 2433 1412 2482 etc.
1437 2431 1570 2483 Jure
1601 2445 1738 2498 ergo
1794 2429 1893 2499 qui
1947 2445 2099 2482 nunc

401 2517 581 2571 muris
627 2517 884 2572 Ecclesiae
914 2522 1188 2588 tanquam
1219 2517 1418 2588 vigiles
1459 2523 1734 2587 praesunt,
1778 2522 1913 2570 tunc
1956 2533 2100 2588 quo-

401 2621 512 2676 que
543 2606 758 2660 eisdem
789 2605 972 2676 gloria
1001 2605 1484 2660 remunerationis
1516 2605 1990 2676 praieminebunt.

469 2696 540 2748 Et
580 2696 752 2748 statui
774 2694 908 2748 duos
954 2696 1158 2749 choros.
1215 2695 1310 2749 Vel
1346 2694 1677 2764 spurcitiam
1734 2699 2100 2764 peccatorum

399 2782 462 2835 in
493 2783 760 2852 praesenti
799 2783 868 2836 de
905 2783 1149 2837 Ecclesia
1180 2783 1486 2837 correctius
1516 2783 1780 2850 vivendo,
1814 2787 1871 2837 et
1901 2799 2101 2836 erran-

399 2870 838 2941 tescorrigendo
872 2913 885 2937 ,
919 2876 1255 2942 expurgent,
1304 2877 1362 2925 et
1408 2871 1467 2924 in
1498 2872 1690 2925 futuro
1741 2871 1840 2942 qui
1889 2871 2099 2941 corrigi

2192 481 2608 535 Perambulatis
2634 480 2920 534 moenibus
2950 485 3007 534 et
3036 480 3218 550 portis
3265 480 3526 547 civitatis,
3554 487 3673 548 etc.,
3702 499 3844 552 usque

2193 570 2266 623 ad
2292 570 2351 623 in
2393 570 2555 640 cujus
2614 569 2906 641 implenda
2960 570 3251 624 voluntate
3302 569 3638 640 infatigabili
3683 577 3846 626 mente

2192 674 2523 728 permaneo.

2264 748 2423 802 Vens.
2458 749 2545 801 41.
2577 777 2646 786 -
2679 750 2745 800 Et
2786 749 2928 801 clare
2979 747 3301 802 cecinerunt.
3355 748 3628 817 Dirupisti
3663 751 3846 802 vincula

2191 853 2348 890 mea:
2383 837 2483 889 tibi
2525 837 2843 906 sacrificabo
2895 837 3124 889 hostiam
3183 835 3383 890 laudis.
3441 838 3580 889 Vota
3621 851 3728 889 mea
3759 840 3846 890 Do-

2192 927 2338 979 mino
2384 925 2612 979 reddam
2659 927 2717 978 in
2762 927 2922 978 atriis
2980 925 3166 978 domus
3225 925 3471 990 Domini,
3513 926 3570 977 in
3611 931 3851 993 conspectu

2197 1016 2369 1067 omnis
2398 1016 2591 1083 populi
2621 1016 2680 1067 in
2705 1013 2880 1066 medio
2911 1015 3010 1068 tui.
3043 1013 3339 1067 Jerusalem
3369 1013 3532 1078 (Psal.
3581 1013 3707 1078 cxv).
3753 1012 3846 1065 Hoc

2195 1103 2262 1156 tit
2294 1119 2424 1156 cum
2455 1102 2517 1155 in
2545 1102 2754 1156 caelesti
2783 1101 2969 1172 patria
2994 1101 3255 1155 omnium
3287 1105 3614 1154 sanctorum
3634 1101 3851 1153 multitu-

2195 1191 2328 1245 dine
2359 1197 2723 1261 congregata,
2752 1207 2844 1243 eas
2875 1207 2979 1260 pro
3012 1189 3220 1260 quibus
3249 1189 3307 1242 iu
3335 1188 3604 1257 praesenti
3628 1189 3854 1257 geminus

2198 1295 2454 1350 quasque
2485 1279 2800 1348 gratiarum
2827 1278 3051 1332 actione
3081 1277 3418 1348 quotidiana
3464 1276 3733 1330 desiderio
3760 1278 3854 1330 siti-

2198 1383 2348 1435 mus,
2380 1367 2574 1421 laudes
2618 1366 2927 1420 efferimus.

2271 1457 2448 1511 Vens.
2481 1458 2570 1510 42.
2618 1486 2687 1496 -
2735 1459 2872 1509 Deus
2921 1457 3062 1508 enim
3121 1455 3644 1512 laetiﬁcaverat.etc.
3690 1454 3854 1520 (Bene,

2201 1544 2361 1614 ibid.)
2416 1546 2543 1598 Haec
2595 1544 2667 1598 ad
2717 1542 3141 1597 dedicationem
3183 1547 3392 1595 sancta:
3443 1541 3705 1607 civitatis,
3745 1548 3854 1605 etc.,

2200 1648 2368 1702 usque
2397 1631 2472 1685 ad
2500 1636 2555 1684 et
2580 1630 2837 1684 victimas
2876 1631 3161 1684 bonorum
3187 1645 3426 1700 operum
3459 1630 3728 1684 maximas
3775 1630 3858 1684 im-

2209 1723 2421 1776 molare
2443 1719 2736 1774 curabant.

2282 1809 2386 1865 Sed
2417 1813 2466 1862 et
2517 1823 2733 1873 umores,
2797 1811 2903 1861 etc.
2955 1805 3098 1871 Quia
3151 1811 3409 1877 tempore
3469 1805 3860 1860 resurrectionis

2210 1913 2321 1951 non
2344 1897 2528 1950 solum
2558 1895 2658 1965 qui
2688 1894 3053 1965 praedicando
3097 1895 3185 1948 vel
3216 1895 3436 1948 fortiter
3467 1894 3744 1964 operando
3788 1895 3859 1947 Ec-

2209 1985 2441 2041 clesium
2474 1983 2850 2048 aediﬁcarunt,
2883 1983 3127 2037 fructum
3179 1983 3390 2037 laboris
3415 1982 3755 2052 percipiunt,
3789 1983 3858 2034 sed

2210 2075 2380 2129 etiam
2412 2073 2758 2127 inﬁrmiores
2776 2072 3028 2142 ejusdem
3057 2073 3193 2125 tidei
3213 2080 3528 2137 consortes,
3552 2073 3739 2124 eadem
3767 2071 3860 2122 vitae

2210 2162 2582 2235 perceptione
2611 2162 2894 2215 laetantur.
2930 2161 3225 2214 Bmediwit
3255 2159 3407 2213 enim
3441 2161 3702 2214 Dominus
3727 2161 3862 2228 pusil-

2211 2252 2278 2306 lis
2298 2265 2417 2304 cum
2445 2249 2745 2317 majoribus
2767 2249 2931 2318 (Psal.
2962 2248 3134 2316 cxm).

2282 2339 2455 2393 Vens.
2485 2338 2574 2391 43.
2609 2367 2674 2376 -—
2708 2338 3108 2392 Recensuerunt
3130 2352 3357 2406 quoque,
3379 2341 3487 2390 etc.
3523 2336 3713 2407 (Beas,
3735 2334 3857 2398 ibid.)

2211 2426 2602 2482 Gaudentibus
2633 2426 2868 2491 cunctis,
2901 2431 3032 2490 etc.,
3060 2441 3228 2494 uSque
3284 2426 3358 2479 ad
3399 2429 3456 2479 et
3509 2442 3638 2479 cum
3694 2440 3862 2494 magna
3962 2453 3963 2456 η

2210 2517 2377 2572 laude
2407 2520 2462 2570 et
2493 2515 2690 2570 laetitia
2721 2521 2843 2570 erat
2872 2515 3146 2570 dedicata.

2875 2604 3096 2658 CAPUT
3142 2605 3280 2658 XIII.

2280 2693 2459 2746 Vens.
2505 2695 2553 2746 l.
2582 2723 2650 2730 —
2679 2693 2742 2746 In
2771 2692 2859 2745 die
2900 2697 3077 2746 autem
3129 2694 3221 2746 illo
3267 2693 3458 2747 lectum
3490 2697 3597 2747 etc.
3621 2693 3787 2755 (Bene
3822 2691 3866 2742 in

2209 2781 2397 2846 Esdr.,
2441 2780 2540 2834 lib.
2601 2797 2680 2848 III,
2739 2783 2877 2835 tom.
2939 2780 3030 2850 ll.)
3093 2781 3158 2833 Hi
3203 2781 3337 2851 quia
3387 2782 3458 2835 de
3518 2781 3725 2834 incestu
3773 2779 3867 2831 nati

2211 2874 2363 2935 sunt,
2397 2873 2527 2934 etc.,
2558 2884 2727 2937 usque
2761 2869 2836 2922 ad
2866 2870 2962 2922 sed
2996 2871 3144 2923 Deus
3167 2869 3631 2923 maledictionem
3678 2867 3869 2921 Balaam

400 2960 730 3026 noluerunt,
757 2958 1061 3030 judiciaria
1109 2964 1383 3030 potestate
1452 2960 1520 3014 de
1569 2960 1794 3014 civitate
1850 2959 2095 3024 Domini,
2127 2966 2169 3023 C
2207 2959 2268 3013 in
2298 2957 2758 3012 benedictionem
2797 2958 3000 3028 papuli
3029 2957 3117 3010 sui
3176 2957 3482 3026 convertit,
3539 2963 3596 3011 et
3649 2972 3768 3010 eum
3819 2954 3873 3007 ab

399 3047 459 3101 id
489 3052 572 3102 est
616 3047 878 3118 ingressu
903 3048 1103 3118 patrias
1132 3048 1393 3103 caelestis.
1438 3050 1742 3120 expellant,
1786 3050 1883 3102 Vel
1936 3049 2100 3103 chori

402 3136 762 3190 laudantium
796 3138 862 3191 ad
916 3137 1205 3191 dexteram
1261 3142 1462 3192 euntes
1517 3153 1689 3207 super
1747 3153 1974 3190 murum
2031 3137 2099 3190 ad

401 3238 628 3296 portam
657 3225 1001 3295 sterquilinii
1027 3226 1361 3285 ascendunt.
1388 3226 1524 3280 dum
1549 3242 1644 3278 eos
1685 3225 1886 3294 dignos
1934 3225 2099 3280 laude

403 3311 735 3382 praedicant,
765 3313 864 3383 qui
886 3329 1112 3366 omnem
1141 3313 1571 3366 immunditiam
1595 3314 1662 3366 de
1694 3313 1936 3367 Ecclesia
1957 3330 2102 3382 prse-

403 3398 666 3464 dicando,
696 3401 1013 3468 arguendo,
1044 3401 1611 3462 excommunicando,
1645 3401 1964 3455 eliminant.

477 3487 634 3539 Vens.
662 3489 748 3541 34.
791 3517 858 3527 —
889 3490 960 3542 Et
1015 3487 1080 3541 de
1142 3490 1274 3557 ﬁliis
1323 3489 1682 3555 sacerdotum,
1722 3494 1826 3543 etc.
1883 3491 1944 3543 In
1995 3489 2101 3543 hac

405 3573 518 3628 vita
548 3573 653 3628 tilii
683 3576 1042 3630 sacerdotum
1071 3576 1128 3629 in
1156 3577 1511 3631 dedicatione
1539 3577 1783 3631 civitatis
1817 3577 1920 3632 Dei
1948 3577 2101 3631 tubis

405 3667 638 3728 canunt,
671 3663 770 3734 qui
792 3664 862 3717 ad
895 3665 1232 3719 memoriam
1266 3665 1464 3735 patrias
1511 3666 1752 3720 caelestis
1797 3666 1967 3720 corda
2007 3681 2102 3719 au-

407 3749 658 3803 ditorum
678 3750 1040 3820 praedicando
1072 3752 1439 3806 succendunt.

476 3837 636 3890 Vens.
672 3839 758 3891 35.
792 3869 858 3912 έ
886 3840 947 3892 In
971 3842 1117 3893 vasis
1157 3842 1356 3894 cantici
1386 3841 1582 3894 David.
1636 3839 1780 3904 Quia
1837 3857 1954 3895 non
1998 3857 2099 3894 suo

406 3942 576 3980 sensu
606 3927 692 3980 vel
717 3927 1015 3982 desideriis
1060 3928 1406 3995 innituntur,
1441 3930 1538 3984 sed
1570 3935 1799 4000 patrum
1853 3935 1908 3984 et
1963 3945 2100 4001 pro-

403 4014 710 4084 phetarum
749 4016 922 4070 vitam
956 4021 1013 4071 et
1043 4016 1356 4071 doctrinam
1405 4034 1506 4088 per
1553 4018 1746 4072 omnia
1797 4022 2101 4090 sequentes

405 4103 578 4158 verbo
611 4104 1038 4174 praedicationis
1070 4106 1358 4160 insistunt.

474 4193 556 4246 Et
599 4192 807 4248 Esdras
857 4193 1054 4247 scriba.
1114 4194 1255 4257 Quia
1302 4195 1361 4248 in
1421 4194 1688 4249 omnibus
1745 4211 1875 4266 quas
1919 4199 2096 4266 agunt

300 4277 307 4286 ’
405 4278 579 4338 verba
602 4284 807 4333 sanctae
843 4279 1150 4349 Scriptura:
1201 4297 1317 4350 prae
1372 4282 1548 4335 oculis
1598 4282 1832 4347 habent,
1887 4283 2095 4353 quibus

408 4366 645 4421 ducibus
677 4366 745 4420 ad
778 4365 1101 4437 ingressum
1144 4367 1273 4420 vitae
1332 4373 1562 4422 wternae
1620 4369 1974 4439 perveniant,
2035 4375 2100 4425 ut

405 4451 766 4506 inebrientur
787 4453 858 4507 ab
889 4454 1150 4507 ubertate
1185 4453 1388 4507 domus
1426 4456 1547 4522 Dei,
1597 4462 1654 4509 et
1706 4461 1957 4510 torrente
1997 4473 2095 4511 vo-

408 4539 637 4609 luptatis
667 4540 807 4610 ejus,
837 4541 985 4612 apud
1019 4557 1190 4612 quem
1226 4547 1309 4596 est
1331 4542 1454 4597 fons
1484 4543 1630 4610 vitae,
1664 4549 1770 4600 etc.

477 4629 638 4682 Vens.
687 4631 778 4684 36.
809 4658 876 4668 -—
908 4632 977 4684 Et
1006 4635 1192 4684 contra
1223 4645 1307 4685 eos
1329 4632 1688 4686 ascenderunt
1722 4635 1779 4686 in
1810 4633 2092 4700 gradibus.

407 4717 590 4787 (Ben,
642 4715 799 4787 ibid.)
850 4717 990 4772 Cum
1049 4717 1241 4772 civitas
1299 4719 1697 4786 aediﬁcaretur,
1757 4725 1879 4782 etc.,
1928 4737 2098 4789 usque

405 4805 484 4862 ad
522 4810 774 4859 sanctam
829 4805 1166 4860 Trinitatem
1216 4807 1365 4861 socia
1416 4809 1791 4863 exsultatione
1839 4810 2095 4863 concele-

405 4894 591 4948 brant.

476 4983 650 5052 Super
701 4983 916 5038 domum
967 4985 1166 5039 David.
1225 4985 1353 5056 (11).,
1396 4986 1557 5057 ibid.)
1612 4985 1940 5041 Ascendunt
1990 4983 2098 5040 ﬁlii

405 5071 783 5140 sacerdotum,
817 5078 1145 5144 etc.,usque
1199 5075 1272 5128 ad
1325 5079 1632 5145 ortumque
1683 5074 1818 5129 solis
1858 5073 2097 5144 justitiaa

403 5159 523 5213 sine
551 5176 752 5214 occasu
783 5161 970 5216 videre
1002 5167 1311 5218 merentur.

473 5249 632 5302 Vens.
659 5252 742 5304 37.
774 5280 841 5290 —
875 5253 943 5305 Et
966 5265 1128 5320 super
1158 5255 1354 5307 turrim
1400 5254 1712 5319 furnorum.
1747 5253 1870 5322 (10.,
1927 5252 2094 5319 ibid.)

402 5335 662 5406 Longum
701 5342 786 5391 est
801 5339 870 5392 de
891 5339 1130 5410 singulis
1158 5341 1341 5411 portis
1370 5342 1455 5396 vel
1488 5342 1740 5397 turribus
1773 5340 2096 5413 specialiter

401 5424 699 5491 disserere,
732 5431 862 5496 etc.,
893 5443 1060 5497 usque
1091 5429 1165 5483 ad
1189 5429 1598 5500 circumspecta
1634 5446 1860 5502 semper
1888 5434 1970 5484 est
1992 5446 2092 5484 ne-

400 5529 552 5568 cesse
581 5515 801 5570 cautela
829 5521 886 5572 et
915 5517 1296 5573 sollicitudine
1330 5519 1562 5574 muniri.

2208 3047 2383 3100 armis
2410 3045 2777 3100 inimicorum
2825 3045 3086 3100 munivit.

2278 3135 2447 3189 Vens.
2495 3139 2637 3189 3.—
2695 3137 2913 3188 Factum
2965 3140 3040 3188 est
3088 3140 3287 3202 autem,
3329 3140 3436 3188 etc.
3486 3134 3630 3198 Quia
3681 3147 3872 3186 necesse

2207 3228 2290 3277 est
2322 3239 2424 3276 nos
2462 3222 2687 3277 auditui
2742 3223 2995 3276 veritatis
3043 3224 3360 3288 intendere,
3404 3224 3504 3277 ubi
3533 3239 3657 3277 cum
3690 3223 3754 3276 ab
3779 3235 3871 3272 uno

2208 3311 2467 3382 quolibet
2491 3311 2627 3364 vitio
2673 3311 2915 3364 lectione
2959 3311 3152 3365 divina
3201 3311 3601 3382 prohibemur,
3632 3310 3868 3366 continuo

2207 3399 2380 3454 etiam
2402 3399 2678 3470 quidquid
2712 3399 2834 3453 vitii
2863 3399 3207 3455 sordidantis
3237 3401 3296 3453 in
3330 3400 3497 3454 nobis
3531 3397 3868 3470 deprehendi-

2209 3504 2354 3555 mus,
2387 3488 2454 3541 ab
2483 3488 2706 3541 actione
2740 3492 2935 3542 nostra
2956 3493 3012 3542 et
3042 3489 3396 3542 conscientia
3425 3489 3782 3558 repellamus.

2279 3577 2443 3630 Vens.
2472 3579 2523 3631 6.
2560 3607 2621 3616 —
2647 3576 2716 3630 In
2745 3577 2991 3632 omnibus
3037 3578 3142 3631 his.
3179 3577 3366 3644 (Beo.,
3419 3578 3580 3636 ibid.)
3613 3579 3731 3631 Haec
3759 3590 3865 3628 sen-

2206 3664 2406 3732 tentia,
2449 3670 2579 3732 etc.,
2609 3680 2778 3734 usque
2828 3665 2903 3719 ad
2958 3681 3087 3735 quae
3125 3681 3384 3720 reversus
3432 3665 3734 3720 Nehemias
3761 3677 3866 3716 mox

2209 3753 2555 3824 exstirpavit.

2279 3842 2453 3896 Vens.
2487 3843 2537 3896 8.
2566 3871 2636 3882 —
2665 3843 2734 3896 Et
2749 3840 2957 3910 projeci
2976 3856 3110 3895 vasa
3130 3841 3317 3896 domus
3353 3843 3533 3897 Tobiae
3557 3843 3688 3911 (10.,
3735 3839 3864 3906 ibid.)-

2207 3927 2316 3992 Qui
2348 3928 2706 3999 supradictus
2733 3934 2818 3982 est
2865 3945 3060 3982 servus
3110 3928 3466 3983 Ammonites
3499 3929 3758 3983 inimicus
3785 3942 3866 3995 po-

2208 4017 2331 4088 puli
2362 4017 2483 4083 Dei,
2513 4021 2641 4084 etc.,
2661 4033 2831 4087 usque
2855 4017 2930 4070 ad
2954 4034 3082 4088 quas
3125 4017 3574 4072 communicatio
3622 4014 3869 4071 hiereticis

2208 4111 2263 4158 et
2295 4105 2666 4160 schismaticis
2696 4123 2826 4160 cum
2858 4107 3190 4160 orthodoxis
3220 4110 3276 4160 et
3324 4106 3577 4176 paciﬁcis
3608 4106 3733 4159 ﬁliis
3759 4101 3861 4157 Dei.

2276 4196 2346 4248 Et
2377 4194 2604 4263 profeci.
2666 4195 2786 4265 (11).,
2839 4192 2994 4263 ibid.)
3055 4195 3137 4248 Tu
3189 4210 3420 4265 quoque
3447 4193 3722 4265 quidquid
3751 4192 3870 4244 inter

2207 4281 2403 4336 fideles
2446 4281 2800 4336 inﬁdelitatis
2857 4286 2914 4336 et
2976 4283 3358 4337 immunditia:
3405 4283 3708 4352 repereris,
3758 4284 3864 4340 etc.,

2204 4386 2373 4440 usque
2403 4370 2476 4424 ad
2505 4371 2651 4424 sicut
2706 4370 2858 4424 enim
2921 4371 3222 4425 Nehemias
3267 4371 3328 4425 in
3380 4371 3623 4440 caeteris,
3651 4371 3724 4424 ita
3746 4375 3793 4422 et
3818 4366 3864 4418 in

2205 4458 2314 4513 hoc
2343 4459 2466 4529 ejus
2485 4475 2789 4529 personam
2821 4461 3267 4530 repraesentavit.

2275 4546 2407 4614 (10.,
2439 4546 2598 4617 ibid.)
2629 4546 2736 4600 Sex
2784 4546 2984 4600 diebus
3014 4547 3239 4616 operari
3270 4563 3372 4617 per
3403 4548 3592 4617 legem
3643 4562 3762 4617 quas
3790 4558 3865 4597 ne-

2206 4634 2448 4689 cessaria
2503 4639 2659 4703 sunt,
2718 4635 2780 4688 in
2827 4635 3069 4706 septima
3107 4636 3381 4706 jubemur
3410 4641 3717 4707 quiescere,
3756 4638 3861 4696 etc.,

2203 4739 2373 4792 usque
2399 4723 2472 4777 ad
2494 4723 2562 4777 ab
2590 4723 2679 4777 his
2710 4740 2838 4794 qua:
2864 4724 2936 4778 ad
2961 4724 3174 4779 victum
3205 4729 3261 4778 et
3287 4725 3557 4780 vestitum
3587 4725 3860 4796 pertinent.

2205 4829 2438 4883 prorsus
2469 4812 2744 4867 intuitum
2775 4818 3051 4879 avertant,
3084 4815 3176 4868 sed
3218 4830 3471 4885 congruo
3503 4809 3860 4869 moderamine

2206 4901 2560 4972 dispensent.

2281 4989 2458 5044 Vens.
2499 4993 2581 5043 l6.
2614 5020 2683 5028 —
2713 4991 3008 5058 Inferentes
3033 4991 3213 5060 pisces
3261 4995 3312 5046 et
3341 4994 3540 5059 omnia,
3600 4995 3698 5045 etc.
3754 4987 3858 5056 (11)..

2204 5077 2360 5146 ibid.)
2402 5077 2574 5132 Piscis
2601 5077 2808 5146 bonus,
2831 5083 2915 5131 est
2942 5077 3038 5148 pia
3063 5079 3223 5142 fides,
3252 5096 3425 5150 quam
3471 5080 3570 5150 qui
3595 5096 3628 5134 a
3657 5074 3861 5132 Domino

2204 5166 2345 5236 petit
2397 5172 2719 5237 serpentem
2763 5166 3116 5221 inﬁdelitatis
3166 5184 3283 5223 non
3315 5169 3537 5240 accipit.
3592 5165 3754 5222 Piscis
3779 5176 3858 5215 au-

2203 5259 2320 5308 tem
2381 5256 2582 5321 malus,
2633 5254 2865 5310 inﬁrma
2911 5255 3180 5326 cogitatio
3225 5272 3356 5327 quas
3403 5274 3461 5312 se
3529 5257 3673 5310 curis
3715 5251 3857 5319 hujus

2203 5343 2406 5397 mundi
2437 5345 2586 5397 ultra
2624 5344 2860 5398 modum
2885 5343 3197 5416 immergit,
3223 5361 3396 5416 quam
3429 5344 3588 5399 nobis
3613 5339 3768 5412 Tyrii,
3810 5334 3854 5387 id

2204 5435 2305 5496 est,
2336 5432 2724 5503 coangustatis
2771 5438 3035 5504 quaerunt
3061 5433 3122 5488 in
3179 5434 3412 5488 sabbato
3466 5433 3720 5495 vendere,
3749 5438 3854 5480 cum

2201 5519 2489 5574 immundi
2542 5519 2776 5591 spiritus
2827 5520 3084 5592 quietem
3133 5527 3347 5578 nostras
3400 5518 3740 5594 cogitationis
3764 5515 3852 5568 im-
