3998 6178
112 266 194 315 7‘25

1193 263 1455 321 GLOSSA
1492 265 1896 320 ORlllNARlA.
1939 298 2005 305 —
2048 268 2179 321 LIB.
2222 266 2467 321 TOBUE.

3477 272 3583 322 726

108 389 331 454 porlune
365 382 665 453 profundis
696 384 888 437 saculi
946 384 1095 437 curis
1126 384 1367 438 obruere
1399 390 1638 440 tentant.
1671 386 1776 440 Sed
1808 392 1855 442 Α
1892 388 2135 443 civitatis
2183 394 2240 442 et
2292 388 2494 458 templi
2555 389 2802 448 Domini,
2856 394 2920 442 ut
2977 389 3299 444 emundatis
3368 391 3584 445 civibus

109 489 195 544 pro
221 470 319 524 tali
345 476 601 524 mercatu
634 472 935 525 Nehemias
964 472 1269 541 optimates
1320 474 1586 544 objurgat
1631 475 1777 529 Juda

109 568 154 615 et
175 560 417 629 castigat,
452 559 587 613 dum
638 560 830 613 divina
860 561 1159 631 inspiratio
1188 579 1283 614 eos
1308 564 1407 631 qui
1439 562 1777 633 professioni

108 649 310 721 pietatis
341 648 552 702 servire
598 654 897 715 conantur,
929 650 1001 703 ab
1047 651 1379 720 hujusmodi
1414 651 1775 721 cogitationi-

108 738 196 791 bus
225 740 449 807 purgat.

166 826 328 879 Vens.
368 828 453 879 19.
486 855 555 864 -
602 827 822 880 Factum
851 830 930 880 est
958 832 1154 881 autem.
1202 829 1390 897 (380.,
1439 828 1595 897 ibid).
1628 829 1774 882 Con-

110 914 317 967 scientia
346 918 561 978 nostra,
596 920 726 979 etc.,
756 930 925 984 usque
976 916 1050 969 ad
1079 916 1208 970 ideo
1237 917 1440 971 merito
1495 916 1773 987 sequitur.

168 1004 453 1057 “2113.22.
495 1034 562 1040 —
610 1003 773 1055 Dixit
830 1020 1038 1073 quoque
1085 1008 1287 1059 Levitis
1344 1011 1403 1058 ut
1454 1006 1775 1059 mandaren-

110 1098 198 1156 tur,
230 1096 329 1143 etc.
354 1092 483 1158 (11).,
516 1091 673 1157 ibid.)
703 1092 960 1145 Mundari
998 1108 1093 1145 eos
1138 1110 1171 1145 a
1222 1094 1559 1163 quotidiano
1590 1094 1779 1164 operis

109 1178 344 1233 exercitio
374 1194 605 1231 necesse
636 1184 739 1243 est,
774 1183 906 1245 etc.,
937 1196 1108 1248 usque
1132 1182 1205 1233 ad
1252 1186 1477 1250 oportet
1527 1187 1589 1234 ut
1618 1182 1779 1251 prius

109 1271 333 1321 mentem
366 1282 531 1320 suam
563 1271 620 1319 et
667 1272 824 1320 actus
877 1268 1184 1337 puriﬁcent
1224 1270 1293 1322 ab
1325 1269 1483 1322 omni
1516 1284 1779 1323 errorum

106 1356 213 1409 labe
225 1397 237 1408 .

167 1445 319 1497 Vens.
349 1446 438 1497 23.
477 1473 538 1482 -—-
572 1443 676 1498 Sed
730 1449 780 1497 et
820 1447 878 1497 in
926 1444 1113 1499 diebus
1148 1447 1279 1499 illis.
1313 1446 1442 1514 (11).,
1500 1446 1661 1515 ibid.)
1719 1448 1779 1500 In

108 1532 323 1585 Ecclesia
369 1548 574 1585 uxores
608 1532 957 1602 alienigenas
1001 1534 1233 1599 ducunt,
1299 1538 1429 1600 etc.,
1485 1551 1654 1603 usque
1707 1536 1781 1589 ad

111 1623 190 1677 sed
216 1623 407 1693 gentili
433 1639 607 1676 sensu
637 1622 1103 1691 interpretantes.

166 1711 317 1764 Vens.
352 1713 435 1764 39.
472 1742 543 1749 —
572 1713 750 1778 Igitur
779 1712 1041 1766 mandavi
1087 1727 1188 1766 eos.
1225 1713 1349 1780 (11).,
1394 1711 1550 1781 ibid.)
1592 1715 1775 1783 Aper-

111 1800 205 1851 tius
230 1815 324 1869 per
372 1798 570 1853 omnia
626 1799 757 1854 ﬁnis
808 1806 863 1854 et
902 1799 1221 1871 condignus
1273 1800 1515 1855 adiﬁcio
1565 1805 1775 1855 sancta

1809 1683 1846 1735 Β

1886 479 2087 531 aliena
2127 495 2158 531 a
2204 479 2315 531 Deo
2346 477 2705 548 pollutionis,
2740 478 2970 531 ordines
3004 479 3361 532 sacerdotum
3394 485 3449 533 et
3503 481 3583 532 Ie-

1883 566 2131 620 vitarum
2189 566 2247 619 in
2305 565 2626 619 ministerio
2677 583 2779 619 suo
2815 566 2919 618 rite
2947 566 3359 632 custodiantur,
3391 572 3455 621 ut
3489 568 3583 620 in-

1886 655 2065 709 stituti
2107 654 2451 725 regulariter
2503 654 2760 724 magistri
2820 654 3073 707 Ecclesia
3118 655 3453 725 castigatum
3511 656 3581 709 ab

1886 742 2045 795 omni
2076 746 2306 812 peccato
2332 741 2611 811 populum
2634 742 2702 793 de
2726 746 2930 794 caetero
2954 741 3013 794 in
3038 742 3188 794 bono
3220 757 3578 811 permanere,

1886 834 1943 884 et
1971 845 2221 883 crescere
2263 845 2489 898 semper
2519 830 2905 882 exhortantur.

1956 920 2141 973 VERS.
2177 921 2262 974 81.
2289 950 2353 957 —
2385 919 2465 971 Et
2494 921 2550 971 in
2573 918 2839 971 oblatione
2868 919 3135 983 lignorum
3166 922 3221 971 in
3252 920 3580 987 temporibus

1884 1008 2188 1059 constitutis
2238 1010 2287 1059 et
2326 1008 2383 1057 in
2409 1007 2689 1073 primitiis.
2728 1006 2877 1057 Inter
2907 1011 3119 1061 catera
3150 1006 3394 1075 populus
3425 1006 3578 1076 ligna

1887 1095 2052 1148 offert
2080 1095 2147 1147 ad
2181 1094 2372 1164 ignem
2420 1094 2616 1146 altaris
2656 1093 3048 1159 nutriendum,
3082 1110 3209 1147 cum
3264 1111 3431 1165 opera
3466 1096 3579 1147 vir-

1886 1186 2076 1236 tutum
2108 1182 2298 1235 divina
2324 1182 2746 1234 consecratione
2769 1182 2940 1251 digna
2971 1189 3303 1252 Operantur.
3366 1182 3580 1236 Ardent

1885 1270 2043 1340 ligna
2074 1275 2131 1323 et
2171 1275 2586 1323 consummatur
2618 1270 2674 1321 in
2734 1269 2898 1321 altari
2931 1270 3415 1337 holocaustorum,
3451 1287 3577 1324 curn

1885 1360 1947 1411 in
1976 1358 2244 1412 cordibus
2270 1358 2604 1423 electorum,
2637 1373 2809 1428 Opera
2838 1359 3078 1428 justitia
3122 1359 3355 1412 ﬂamma
3394 1358 3579 1412 chari-

1888 1447 2021 1501 tatis
2052 1447 2443 1517 perﬁciuntur.

1960 1538 2217 1589 Memento
2246 1538 2371 1599 mei,
2402 1538 2565 1602 Deus,
2592 1536 2647 1587 in
2689 1535 2900 1587 bonum.
2928 1534 3126 1589 Merito
3157 1535 3285 1588 talis
3312 1534 3579 1588 conditor

1888 1629 1943 1676 et
1971 1623 2261 1676 dedicator
2299 1621 2556 1687 civitatis,
2591 1628 2722 1692 post
2753 1624 2959 1676 multos
2987 1624 3304 1677 devotionis
3334 1623 3576 1690 labores,

1886 1712 2179 1765 memoria
2210 1728 2267 1765 se
2293 1710 2575 1765 Creatoris
2606 1715 2662 1763 et
2688 1710 2972 1781 largitoris
3004 1712 3263 1765 omnium
3294 1712 3577 1765 bonorum

1885 1801 2266 1855 commendat.

1471 2022 1768 2100 LIBER
1842 2020 2193 2098 TOBl/E.

647 2259 874 2312 CAPUT
905 2258 1200 2311 PRIMUM.

170 2386 322 2456 Vens.
364 2407 416 2455 1.
455 2432 531 2441 ——
564 2425 589 2449 ‹‹
620 2400 842 2454 Tobias.
871 2421 897 2447 ι
935 2402 1102 2463 Βεθ..
1160 2402 1219 2453 in
1278 2398 1426 2465 Tob.,
1476 2402 1615 2451 tom.
1680 2397 1769 2466 11.)

116 2491 250 2544 Liber
273 2490 453 2545 Tobia
485 2495 574 2543 est
602 2489 660 2542 in
694 2488 994 2558 superﬁcie
1045 2489 1247 2542 litterae
1279 2487 1540 2541 salubris.
1601 2486 1769 2540 Maxi-

116 2578 201 2631 mis
228 2579 366 2631 enim
399 2578 536 2630 vita
570 2576 800 2629 moralis
847 2575 1121 2645 exemplis
1178 2575 1454 2641 abundat,
1485 2580 1541 2627 et
1584 2573 1770 2625 moni-

115 2662 186 2717 tis.
214 2665 305 2718 Sed
332 2670 617 2736 quantum
649 2680 819 2733 poma
853 2663 1021 2730 foliis,
1072 2668 1292 2716 tantum
1354 2661 1602 2715 historia
1633 2662 1769 2713 alle-

116 2756 246 2823 goria
273 2756 559 2826 pracellit.
597 2754 835 2809 Maxima
866 2754 1019 2806 enim
1069 2752 1331 2806 Ecclesia
1384 2751 1643 2806 continet
1684 2767 1768 2802 sa-

114 2850 379 2899 cramenta.
413 2847 543 2915 Ipse
576 2845 725 2897 enim
760 2843 963 2896 Tobias
996 2843 1277 2912 populum
1329 2842 1499 2895 Israel
1544 2840 1768 2910 signiti-

116 2938 202 2996 cat,
228 2933 313 3003 qui
333 2932 554 2987 caeteris
586 2932 850 3002 gentibus
878 2931 1214 2983 idololatria
1246 2930 1473 2997 deditis,
1517 2928 1628 2982 ﬁde
1676 2944 1767 2979 re-

116 3025 185 3071 cta
210 3026 257 3072 et
278 3020 546 3090 operibus
562 3019 676 3072 Deo
696 3018 997 3071 serviebat.
1024 3018 1209 3071 Unde:
1243 3018 1414 3072 «Cum
1435 3017 1605 3080 irent,
1625 3020 1768 3067 etc.»

114 3106 372 3161 Jeroboam
427 3123 685 3177 namque
745 3105 843 3176 qui
897 3106 1195 3159 fabricavit
1251 3106 1322 3158 ad
1376 3104 1771 3174 deceptionem

116 3195 430 3249 subditorum
461 3195 677 3248 vitulos
717 3210 941 3260 aureos,
996 3194 1333 3247 idololatria
1390 3194 1637 3246 cultores
1676 3208 1768 3244 ex-

114 3284 299 3352 primit.
326 3301 569 3355 quorum
602 3283 905 3352 complices
957 3282 1354 3352 signiﬁcantur
1401 3282 1460 3334 in
1502 3279 1766 3334 subditis.

174 3388 195 3417 α
225 3368 528 3437 Nephthali.
554 3368 679 3436 »(Iu
710 3408 750 3436 .,
786 3368 941 3429 ibid.)
976 3366 1340 3425 Latitudo,de
1362 3382 1497 3435 qua:
1522 3384 1548 3414 α
1569 3365 1768 3417 Latum

117 3457 412 3509 mandatum
434 3461 600 3509 tuum
632 3454 803 3507 nimis
827 3454 1217 3524 (Psal.cxv111),
1249 3473 1276 3504 ι)
1298 3454 1457 3523 cujus
1484 3454 1687 3518 tribus,
1712 3454 1768 3508 id

117 3548 182 3596 est
207 3544 298 3598 ﬁlii
319 3545 565 3615 papulus
596 3542 802 3611 ﬁdelis,
834 3544 956 3612 ejus
986 3542 1181 3597 civitas
1205 3543 1472 3607 Ecclesia,
1508 3543 1576 3596 de
1617 3559 1766 3612 qua:

120 3633 271 3685 «Non
298 3638 480 3703 potest
528 3632 726 3685 civitas
782 3631 1051 3686 abscondi
1098 3647 1271 3701 supra
1328 3636 1578 3684 montem
1610 3631 1767 3701 posi—

113 3723 160 3772 ta
185 3720 382 3787 (Matth.
413 3724 529 3791 xv).
566 3742 593 3769 »

170 3828 194 3856 ε
221 3810 390 3880 Supra
421 3812 699 3864 Naasson.
734 3828 761 3857 ι
813 3809 1061 3862 Naasson
1093 3807 1420 3878 augurium,
1482 3806 1653 3877 hujus
1686 3806 1771 3859 ci-

113 3896 231 3950 vitas
259 3897 551 3968 superiora
583 3904 916 3967 auguratur,
951 3896 1008 3950 id
1048 3900 1153 3964 est,
1185 3895 1605 3964 contemplatur
1652 3910 1768 3948 coe-

114 3983 269 4037 lestia.

171 4075 337 4142 (Bans
364 4077 457 4130 ubi
501 4076 713 4145 supra.)
762 4073 953 4128 Tobia
1002 4071 1297 4143 captivitas
1326 4070 1568 4125 humani
1598 4087 1770 4141 gane-

112 4161 175 4214 ris
201 4165 574 4233 captivitatem
604 4162 864 4233 designat
893 4178 995 4232 per
1024 4176 1217 4231 regem
1272 4160 1531 4213 omnium
1562 4176 1767 4230 pravo-

116 4265 238 4317 rum,
270 4252 321 4306 id
372 4258 456 4306 est
504 4252 821 4317 diabolum,
882 4249 980 4321 qui
1012 4266 1114 4303 nos
1156 4250 1225 4303 de
1258 4248 1438 4318 patria
1468 4247 1679 4302 calesti
1712 4248 1770 4301 in
1799 4237 1842 4290 D

116 4336 258 4408 hujus
284 4341 464 4395 exsilii
495 4341 701 4394 vallem
736 4339 957 4409 dejecit.

170 4447 321 4501 Vens.
355 4450 404 4502 3.
439 4479 506 4487 —
568 4466 595 4497 α
626 4447 707 4499 Ita
740 4450 803 4498 ut
835 4443 1049 4509 omnia,
1082 4448 1186 4497 etc.
1225 4462 1251 4495 »
1286 4443 1413 4511 (11).,
1470 4441 1628 4511 ibid.)
1682 4441 1772 4495 Sic

115 4536 327 4604 populus
360 4537 527 4589 Israel
555 4551 654 4605 per
676 4535 931 4588 doctores
961 4532 1138 4587 divini
1164 4532 1318 4585 verbi
1350 4532 1769 4601 eleemosynam

116 4637 208 4676 non
236 4625 413 4679 solum
445 4624 683 4679 rudibus
712 4639 827 4676 sua
852 4622 1037 4693 gentis
1067 4621 1445 4687 auditoribus,
1471 4620 1569 4673 sed
1594 4618 1773 4688 genti-

116 4709 201 4763 bus
244 4713 309 4765 ad
359 4713 715 4767 Judaismum
766 4711 1126 4765 venientibus
1157 4710 1534 4764 ministrabat.
1596 4707 1771 4772 Quid-

117 4800 231 4869 quid
260 4803 404 4856 enim
437 4802 781 4856 naturaliter
825 4801 964 4854 boni
1022 4800 1223 4853 habuit
1278 4799 1434 4869 quod
1477 4798 1656 4851 hostis
1688 4814 1775 4849 ca-

118 4889 309 4954 ptivans
339 4908 451 4945 non
511 4890 765 4958 abstulit,
804 4890 912 4944 hoc
963 4888 1080 4942 suis
1110 4888 1171 4942 in
1202 4888 1523 4956 exemplum
1550 4885 1775 4938 virtutis

118 4979 416 5033 ostendebat
448 4985 504 5033 et
538 4980 859 5050 portionem
890 4977 1155 5031 salutaris
1215 4977 1463 5030 scientia
1496 4981 1772 5045 tanquam

119 5064 364 5123 decimam
418 5086 532 5123 sua
579 5068 911 5123 substantia
969 5067 1221 5135 advenis,
1251 5066 1309 5120 id
1338 5071 1421 5119 est
1460 5064 1776 5119 Gentilibus

121 5152 379 5211 offerebat.

179 5252 340 5308 Vens.
401 5257 451 5310 4.
492 5284 564 5297 -
595 5273 624 5305 α
658 5255 809 5309 Nihil
862 5260 1055 5309 tamen
1098 5252 1338 5323 puerile.
1379 5273 1405 5300 »
1459 5252 1581 5305 Jam
1633 5250 1777 5304 illud

125 5344 457 5407 apostolicum
480 5345 710 5415 gerebat
734 5344 792 5398 in
821 5349 1047 5415 pectore
1072 5360 1128 5397 :«
1156 5342 1359 5403 Nolite,
1389 5340 1574 5411 pueri,
1607 5340 1772 5403 eflici,

126 5430 209 5480 etc.
233 5432 282 5487 (ι
309 5434 430 5485 Cor.
455 5433 593 5501 xrv).
634 5435 745 5487 Hoc
764 5438 951 5487 autem
976 5432 1289 5486 secundum
1320 5430 1673 5484 illosdictum
1697 5434 1781 5482 est

129 5519 254 5583 quod
283 5519 611 5576 incedebant
654 5523 713 5577 in
761 5522 1039 5589 mandatis
1081 5520 1307 5575 Domini
1355 5520 1475 5573 sine
1524 5520 1776 5589 querela,

1881 2252 2193 2305 secundum
2224 2251 2379 2304 illam
2431 2251 2689 2320 regulam
2718 2250 2969 2320 Tyconii,
3007 2267 3120 2321 qua
3171 2255 3443 2320 tanquam
3506 2251 3575 2305 de

1880 2342 2083 2395 eodem
2112 2345 2363 2410 agentes,
2396 2339 2704 2409 aliquando
2732 2345 2969 2408 propter
2990 2339 3167 2391 bonos
3196 2354 3395 2391 omnes
3442 2340 3567 2392 lau-

1880 2429 2102 2493 damus,
2131 2428 2437 2499 aliquando
2465 2433 2698 2497 propter
2721 2428 2898 2480 malos
2930 2443 3126 2480 omnes
3154 2426 3563 2497 vituperamus,

1884 2518 2031 2589 quod
2063 2523 2147 2571 est
2175 2517 2423 2571 secunda
2451 2517 2671 2586 regula,

1954 2606 2129 2660 Vens.
2168 2610 2217 2658 6.
2244 2636 2309 2643 —
2335 2627 2357 2655 ι
2394 2605 2597 2659 Omnia
2628 2602 2917 2674 primitiva
2951 2604 3072 2669 (11).,
3095 2602 3254 2668 ibid).
3295 2623 3315 2649 ι
3341 2602 3575 2655 Videtur

1882 2694 2135 2765 obloqui,
2172 2694 2325 2765 quod
2384 2694 2569 2763 prima
2600 2692 2899 2746 decimatio
2948 2691 3181 2745 cedebat
3211 2690 3270 2743 in
3302 2707 3435 2744 usus
3465 2691 3573 2743 Le-

1883 2784 2145 2848 vitarum,
2199 2783 2445 2835 secunda
2514 2782 2572 2834 in
2626 2780 2958 2834 necessariis
3012 2779 3315 2849 erogandis
3345 2779 3574 2849 quando

1880 2871 2213 2925 visitabatur
2251 2871 2551 2940 templum.
2603 2870 2709 2924 Sed
2745 2869 2896 2923 tertii
2946 2868 3082 2922 anni
3132 2868 3380 2921 decimas
3428 2884 3570 2937 quas

1880 2965 2015 3014 tunc
2045 2962 2459 3013 consueverant
2499 2959 2704 3020 facere,
2763 2956 3152 3010 concedebant
3202 2956 3570 3026 pauperibus.

1883 3050 1945 3102 Et
1978 3048 2106 3101 ideo
2138 3047 2378 3101 dicimus
2411 3063 2643 3100 omnem
2676 3047 2834 3099 illam
2887 3046 2973 3098 vel
3024 3061 3220 3098 omnes
3276 3045 3571 3112 secundas,

1881 3136 2017 3208 quia
2048 3152 2161 3189 non
2189 3140 2411 3206 poterat
2437 3135 2703 3188 accedere
2763 3134 2830 3186 ad
2884 3134 3163 3203 templum
3211 3133 3416 3186 timore
3473 3149 3572 3187 cu-

1883 3224 2106 3279 stodum
2137 3224 2305 3294 regis.

1952 3314 2137 3366 Vens.
2175 3314 2204 3365 9
2236 3343 2298 3349 —
2327 3311 2519 3381 «Cum
2543 3326 2676 3363 vero
2699 3309 2878 3363 factus
2910 3312 3059 3362 esset
3082 3308 3169 3361 vir
3202 3308 3327 3376 (11).,
3357 3307 3519 3378 ibid.)
3543 3329 3570 3357 ››

1880 3401 1968 3455 Sic
2002 3400 2251 3471 populus
2281 3400 2472 3464 Israel,
2505 3404 2633 3465 etc.,
2664 3414 2834 3467 usque
2885 3398 2958 3451 ad
2997 3397 3184 3451 unde:
3221 3417 3245 3444 α
3282 3396 3573 3465 Primoge-

1882 3492 2036 3545 nitus
2059 3506 2219 3543 meus
2252 3490 2423 3542 Israel
2453 3489 2657 3558 (Exod.
2692 3492 2790 3556 γι).
2826 3508 2853 3539 »

1979 3580 2165 3633 Vens.
2202 3582 2285 3633 10.
2318 3606 2385 3618 -
2423 3598 2449 3625 ‹‹
2481 3579 2662 3641 Quem
2688 3577 2758 3631 ab
2815 3575 3055 3629 infantia
3108 3574 3331 3642 timere,
3370 3596 3396 3621 ››
3443 3578 3570 3640 etc.,

1882 3667 2167 3721 credendo
2216 3671 2273 3720 et
2298 3666 2623 3719 conﬁtendo
2651 3665 2863 3718 scilicet
2918 3664 3071 3735 quod
3110 3679 3405 3733 nunquam
3436 3678 3575 3733 pec-

1882 3761 2071 3809 catum
2100 3756 2327 3819 faceret,
2356 3755 2453 3808 sed
2483 3753 2671 3823 ipsum
2703 3752 2922 3806 timoris
2955 3751 3183 3806 Domini
3215 3751 3421 3821 spiritu
3465 3751 3573 3804 im-

1921 3844 2085 3899 leret.

1882 3860 2085 3914 pieret.

1953 3933 2138 3986 Vens.
2177 3934 2259 3985 13.
2295 3961 2359 3968 ——
2392 3932 2501 3983 «In
2529 3931 2832 3998 conspectu
2854 3928 3234 3991 Salmanasar,
3257 3948 3284 3974 »
3321 3931 3427 3979 etc.
3453 3926 3576 3980 Non

1884 4019 2215 4089 obloquitur
2260 4018 2411 4089 quod
2450 4016 2585 4070 alibi
2645 4015 2853 4069 dicitur
2897 4016 3278 4080 Salmanasar,
3362 4013 3462 4083 qui
3520 4019 3577 4067 et

1884 4108 2302 4163 Sennacherib:
2363 4110 2485 4159 erat
2540 4104 2691 4159 enim
2724 4102 3037 4171 binomius,
3095 4102 3183 4154 vel
3231 4100 3576 4172 generaliter

1883 4211 2082 4250 omnes
2107 4211 2269 4265 reges
2300 4196 2588 4249 Medorum
2645 4193 2723 4246 sic
2775 4192 3123 4245 vocabantur
3152 4191 3296 4244 sicut
3351 4188 3576 4259 [Egypti

1883 4285 2229 4339 Pharaones.

1952 4374 2128 4427 Vens.
2158 4376 2239 4427 16.
2263 4402 2330 4412 -
2365 4390 2393 4421 ‹‹
2414 4373 2556 4425 Dum
2574 4369 3046 4435 autemvenisset,
3070 4374 3173 4422 etc.
3208 4388 3235 4419 »
3259 4370 3378 4434 (11).,
3412 4368 3577 4436 ibid.)

1880 4462 1970 4516 Sic
1998 4463 2246 4532 populus
2279 4462 2397 4528 Dei,
2431 4466 2558 4523 etc.,
2591 4475 2760 4529 usque
2816 4459 2889 4512 ad
2928 4462 2983 4511 et
3039 4459 3345 4527 Scriptura
3377 4471 3580 4509 arcana

1880 4551 2164 4620 pandunt

1955 4640 2141 4693 Vens.
2174 4637 2349 4703 20.2—
2382 4656 2409 4688 «
2432 4637 2795 4707 Sepulturam
2827 4634 3150 4698 exhibebat,
3172 4638 3305 4699 etc.,
3334 4652 3356 4679 ι
3389 4645 3580 4700 pecca-

1881 4732 2075 4781 torum
2110 4745 2122 4780 :
2149 4733 2211 4780 ut
2231 4743 2333 4779 nec
2357 4725 2631 4779 memoria
2652 4725 2710 4777 in
2738 4723 2849 4776 illis
2877 4723 3222 4775 remaneret.
3254 4719 3371 4772 Tali
3389 4717 3573 4786 sepul-

1881 4823 2009 4872 tura
2042 4817 2348 4868 voluerunt
2377 4820 2566 4883 patres
2598 4812 2777 4866 nostri
2810 4809 3080 4865 honorari
3117 4809 3282 4877 juxta
3313 4807 3577 4876 sepultu-

1883 4922 2006 4959 ram
2056 4904 2281 4959 Christi.
2319 4904 2473 4957 Unde
2501 4903 2671 4956 Jacob
2701 4901 2762 4953 in
2787 4900 2983 4953 Judaa
3016 4913 3072 4950 se
3102 4895 3284 4949 voluit
3323 4893 3573 4963 sepeliri,

1884 4999 1940 5048 et
1962 4992 2168 5062 Joseph
2194 4993 2262 5045 de
2293 4991 2513 5044 ossibus
2543 4990 2659 5042 suis
2698 4987 3005 5041 mandavit.

1955 5083 2139 5135 Vens.
2174 5084 2233 5134 2t
2260 5125 2264 5130 .
2306 5111 2369 5118 —
2396 5101 2421 5125 ‹‹
2456 5079 2712 5148 Denique
2743 5092 2871 5129 cum
2904 5089 3162 5129 reversus
3194 5075 3359 5132 esset,
3418 5073 3521 5123 etc.
3549 5088 3575 5118 ››

1887 5172 2036 5224 Bene
2066 5168 2452 5223 Sennacherib
2485 5167 2553 5219 de
2572 5166 2764 5220 Judaa
2795 5163 2976 5233 fugit:
3007 5160 3269 5215 diabolus
3295 5158 3450 5212 enim
3483 5172 3578 5211 ve-

1884 5276 2008 5313 ram
2038 5257 2457 5311 confessionem
2481 5252 2865 5325 pertimescit:
2902 5258 2957 5305 et
3016 5255 3145 5304 ante
3202 5247 3410 5301 faciem
3459 5246 3580 5316 ejus

1889 5364 2006 5402 non
2036 5346 2308 5401 subsistit.

2585 5413 2806 5468 CAPUT
2848 5413 2915 5465 11.

1966 5519 2248 5571 VensJO.
2276 5537 2351 5560 ~u
2386 5512 2687 5583 Contigit,»
2721 5515 2808 5564 etc
2848 5509 3116 5575 (Ben.,in
3144 5505 3293 5567 Tob.,
3318 5508 3455 5558 tom.
3494 5503 3584 5572 ll.)
