4082 6184
364 209 467 261 727

981 201 1373 259 WALAFBIDI
1414 203 1663 258 STRABI
1702 203 1903 257 FULD.
1950 204 2110 259 MON.
2150 202 2301 259 OPP.
2344 202 2519 259 PARS
2555 203 2599 255 Ι.
2639 230 2709 241 —-
2745 200 3197 257 THEOLOGICA.

3758 207 3856 258 728

364 328 544 383 Nemo
573 326 813 382 miretur
862 325 909 379 si
938 324 1248 395 aliquando
1296 324 1516 377 bonum
1582 322 1768 393 typice
1818 323 2055 390 malum,
2087 325 2134 378 Α
2172 339 2416 394 regnum
2480 324 2773 377 ccelorum.
2830 323 3026 391 (Math.
3086 322 3246 393 111.)»
3306 324 3369 377 Et
3433 323 3858 394 desperantibus

364 417 517 472 male.
548 413 1115 485 bonumsigniﬁcent.
1149 412 1205 466 Si
1228 411 1379 465 enim
1412 411 1519 465 hoc
1549 427 1666 465 non
1688 410 1886 464 liceret
1911 426 2061 465 nun-

365 521 537 577 quam
557 504 722 574 nigro
738 506 1076 565 atramento,
1112 500 1211 554 sed
1234 515 1463 570 semper
1478 499 1819 553 aurolucido
1853 515 2063 554 nomen

367 593 470 648 Dei
508 592 851 646 scriberetur
882 607 894 644 :
930 589 1066 660 quia
1087 591 1237 643 Deus
1269 589 1363 642 lux
1387 593 1489 641 est.
1525 588 1632 642 Sed
1651 587 1699 641 si
1717 604 1930 641 nomen
1948 588 2063 642 dia-

365 681 482 736 boli
513 680 730 734 calculo
756 678 997 733 candido
1018 676 1249 743 scribas,
1284 675 1660 730 nihilominus
1698 676 1961 730 tenebras
1988 676 2062 730 si-

365 768 624 838 gniﬁcat.
667 768 922 822 Caecatus
951 781 1088 836 ergo
1133 764 1337 819 Tobias
1367 765 1650 834 populum
1680 765 1851 818 Israel
1884 764 2062 834 signi-

364 858 520 913 ﬁcat.
591 877 619 906 ‹‹
651 856 880 911 Caecitas
937 854 1094 909 enim
1160 869 1223 907 ex
1278 858 1439 923 parte
1488 852 1732 923 contigit
1785 853 1843 906 in
1890 853 2064 907 Israel

367 946 551 1016 (Rom.
584 944 665 1016 ιι).
703 965 730 994 ››
775 943 1064 1013 Fatigatus
1112 959 1145 996 a
1191 942 1489 1012 sepultura
1545 946 1602 995 et
1640 945 1914 996 caecatus.
1957 941 2064 1005 Qui

369 1034 525 1087 enim
555 1032 930 1104 infatigabilis
985 1032 1045 1084 in
1087 1030 1251 1085 bonis
1306 1030 1575 1101 Operibus
1626 1029 1900 1099 persistit,
1931 1030 2065 1085 ﬁdei

368 1122 568 1175 lumen
590 1137 705 1175 non
727 1119 999 1175 admittit.
1042 1120 1125 1173 Ita
1145 1118 1521 1189 spiritualiter
1540 1117 1809 1187 fatigatus
1833 1119 2059 1183 dormit,

373 1210 473 1280 qui
504 1209 763 1280 vigilare,
799 1214 946 1263 stare
976 1208 1215 1261 viriliter
1275 1222 1462 1276 agere,
1515 1210 1570 1259 et
1621 1205 1930 1259 confortari
1974 1223 2066 1259 ne-

371 1298 562 1368 gligit.
596 1298 701 1352 Cui
733 1298 971 1351 dicitur:
1018 1316 1045 1344 α
1076 1296 1256 1365 Surge
1290 1294 1391 1365 qui
1412 1292 1629 1348 dormis
1672 1298 1728 1348 et
1766 1310 2004 1365 exsurge
2035 1312 2067 1349 a

372 1386 614 1441 mortuis
647 1387 874 1455 (Ephes.
907 1385 980 1454 v).
1018 1404 1045 1435 ι)

444 1474 635 1543 (830.,
654 1474 793 1526 ibid.
814 1476 831 1541 )
850 1471 1197 1526 Hirundiues
1224 1475 1461 1540 propter
1479 1470 1659 1523 levem
1684 1470 1961 1536 volatum,
1980 1487 2069 1523 su-

373 1562 633 1634 perbiam
658 1562 1061 1630 levitatemque
1093 1558 1452 1629 signiﬁcant:
1488 1573 1733 1629 quarum
1760 1555 2069 1610 immundi-

372 1648 454 1702 tia
492 1648 702 1719 quibus
730 1648 1056 1702 dominatur
1085 1650 1345 1701 excaecat.
1382 1645 1525 1699 Nido
1559 1644 1904 1699 hirundineo
1938 1660 2067 1714 sup-

372 1737 595 1807 positus
646 1736 873 1798 dormit,
909 1735 1009 1806 qui
1038 1734 1255 1789 levitati
1287 1733 1548 1799 lascivias,
1582 1749 1645 1787 ac
1692 1733 1977 1802 superbiae
2008 1748 2066 1785 se

377 1823 637 1877 incautus
660 1822 903 1892 subjicit.
940 1823 1069 1875 Haec
1098 1822 1319 1875 caecitas
1364 1820 1581 1891 populo
1627 1820 1822 1886 Israel,
1881 1819 2068 1872 immi-

378 1915 547 1965 nente
576 1910 803 1965 Domini
831 1911 1077 1964 adventu
1108 1910 1169 1963 in
1199 1925 1389 1974 carne,
1448 1908 1690 1961 maxime
1742 1908 2064 1979 praevaluit,

375 2015 504 2053 cum
551 2015 804 2054 romanae
857 1998 1142 2052 servitutis
1193 1999 1333 2068 jugo
1392 1998 1696 2064 laboraret,
1754 2001 1810 2050 et
1862 1995 2069 2049 divinae

374 2087 518 2158 legis
543 2092 826 2158 praecepta
851 2087 997 2140 male
1029 2086 1269 2140 vivendo
1300 2086 1558 2139 violaret.

448 2176 606 2229 Vens.
652 2176 730 2229 14.
766 2204 837 2214 -
871 2196 892 2223 ι
926 2174 1031 2229 Sed
1062 2173 1403 2230 immobilis.
1440 2195 1468 2223 »
1503 2177 1614 2226 etc.
1665 2171 1808 2236 Quia
1837 2188 1870 2225 a
1897 2171 2069 2225 domo

378 2263 481 2318 Dei
524 2262 726 2332 incipit
749 2261 1053 2332 judicium.
1090 2262 1288 2316 Unde:
1323 2282 1350 2310 α
1384 2263 1431 2314 Α
1461 2259 1783 2314 sanctuario
1814 2276 1940 2313 meo
1979 2259 2070 2313 in-

376 2351 544 2422 cipite
570 2350 779 2421 (Ezech.
807 2350 902 2419 1x.)
932 2371 959 2399 »
997 2348 1104 2413 Qui
1135 2365 1250 2402 non
1277 2347 1585 2415 corripitur
1616 2362 1731 2400 non
1771 2349 1854 2399 est
1883 2345 2069 2399 ﬁlius:

381 2462 409 2490 «
436 2439 544 2504 Qui
575 2438 758 2510 parcit
784 2439 979 2509 virga,
1013 2437 1133 2491 odit
1171 2436 1356 2490 ﬁlium
1408 2437 1584 2507 (Prov.
1650 2436 1793 2503 xui).
1867 2434 2074 2487 Paulus

377 2536 654 2601 tanquam
684 2544 829 2599 puer
858 2527 1265 2599 colaphizatur,
1294 2532 1568 2597 tanquam
1619 2523 1845 2594 juvenis
1898 2522 2074 2577 extol-

377 2618 533 2673 litur.

451 2708 608 2760 Vens.
645 2708 728 2759 15.
760 2735 814 2744 -
852 2722 881 2756 α
913 2703 1271 2758 Insultabant
1299 2718 1482 2772 reges,
1518 2723 1544 2751 ››
1575 2705 1682 2756 etc.
1704 2697 2074 2771 (Ben.,ibid.)

381 2796 555 2849 Erant
602 2794 665 2848 in
692 2793 929 2864 populo,
964 2798 1096 2858 etc.,
1144 2807 1312 2860 usque
1386 2791 1460 2845 ad
1514 2791 1705 2844 unde:
1758 2812 1785 2839 «
1820 2788 2073 2844 Charitas

379 2883 605 2953 patiens
634 2887 740 2949 est,
765 2881 1011 2951 benigna
1041 2886 1126 2935 est
1154 2881 1247 2950 (ΙΙ
1271 2881 1391 2936 Cur.
1430 2881 1576 2949 χιιι).
1611 2898 1638 2930 ι)

1061 3004 1284 3059 CAPUT
1318 3004 1411 3057 III.

456 3113 620 3166 Vsus.
646 3115 700 3164 7.
722 3138 791 3152 —
821 3130 843 3160 ι
881 3111 952 3165 Ut
979 3109 1136 3176 Sara,
1170 3115 1275 3163 etc.
1306 3132 1333 3158 ››
1357 3108 1520 3180 (Bao.
1541 3110 1626 3173 ,in
1660 3108 1786 3162 Tob.
1812 3111 1950 3160 tom.
1975 3105 2072 3177 II.)

382 3200 628 3255 Turbam
660 3199 963 3253 notionum
996 3197 1201 3268 signat,
1264 3203 1394 3262 etc.,
1454 3212 1622 3264 usque
1673 3196 1746 3249 ad
1794 3194 1989 3248 Daniel
2019 3194 2077 3247 in

384 3288 674 3341 caenaculo
698 3290 841 3354 orat,
873 3291 929 3339 et
959 3284 1191 3339 Elisasus
1220 3285 1395 3338 habet
1443 3284 1751 3349 casuacula,
1801 3286 1859 3337 et
1913 3280 2076 3336 Chri-

385 3378 506 3428 stus
537 3374 599 3427 in
633 3373 925 3427 ccenaculo
946 3372 1158 3441 pascha
1188 3372 1449 3425 celebrat.

1052 3494 1278 3549 CAPUT
1318 3494 1417 3548 IV.

456 3610 621 3663 Vens.
654 3611 706 3663 3.
739 3638 808 3650 —
841 3629 869 3659 «
911 3609 1129 3680 Corpus
1184 3626 1376 3663 meum
1408 3608 1606 3679 sepeli.
1648 3630 1675 3658 ››
1712 3610 1964 3679 Corpora
1992 3623 2077 3661 se-

386 3697 653 3769 peliendo
686 3697 850 3768 quasi
877 3703 1304 3752 sacrosanctum
1353 3697 1679 3768 depositum
1709 3702 1875 3752 terrae
1920 3712 2076 3750 com-

386 3785 746 3853 mendamus,
796 3802 926 3856 quas
957 3787 1249 3841 reddenda
1276 3791 1332 3840 et
1360 3786 1728 3857 gloriﬁcanda
1782 3785 1843 3839 in
1888 3800 2077 3839 resur-

387 3873 641 3927 rectione
666 3872 973 3927 credimus.

1077 4004 1303 4058 CAPUT
1334 4005 1396 4058 V.

456 4123 620 4178 Vens.
650 4128 711 4177 7.
737 4152 803 4163 —
830 4144 857 4173 «
883 4125 960 4178 Ex
987 4123 1119 4179 ﬁliis
1146 4125 1345 4180 Israel.
1380 4146 1408 4173 »
1444 4126 1573 4179 Erat
1600 4126 1753 4179 enim
1784 4139 1850 4179 ex
1877 4139 2077 4178 nume-

388 4226 452 4263 ro
478 4212 836 4281 angelorum,
870 4213 968 4283 qui
1000 4218 1134 4267 sunt
1152 4214 1256 4267 ﬁlii
1290 4214 1484 4281 Israel,
1539 4214 1673 4284 quia
1730 4229 1957 4284 semper
2003 4213 2082 4267 vi-

383 4299 519 4352 dent
549 4300 729 4353 Deum
759 4299 902 4353 facie
932 4301 1003 4354 ad
1034 4301 1254 4367 faciem,
1288 4306 1345 4355 et
1387 4317 1538 4370 saepe
1559 4302 1866 4355 mittuntur
1899 4300 1960 4355 in
1989 4317 2082 4355 cu-

386 4386 573 4441 stodia
600 4386 856 4441 ﬁliorum
884 4389 1081 4454 Israel,
1113 4388 1173 4442 id
1195 4394 1279 4443 est
1306 4389 1622 4443 videntium
1652 4391 1852 4443 Deum.
1890 4389 2076 4444 Unde:

387 4495 415 4523 «
448 4475 728 4529 Constitui
758 4475 1037 4529 terminos
1072 4477 1421 4547 populorum
1443 4477 1604 4547 juxta
1661 4493 1968 4531 numerum
2012 4477 2080 4531 ﬁ-

384 4562 594 4616 liorum
625 4563 796 4617 Israel
824 4564 999 4633 (Deut.
1041 4564 1153 4635 Lu).
1190 4586 1217 4614 ››

456 4652 616 4706 Vens.
654 4654 738 4705 10.
766 4681 837 4692 -
889 4670 918 4703 α
949 4653 1104 4706 Tunc
1162 4653 1474 4723 ingressus,
1508 4674 1535 4701 ››
1568 4657 1681 4707 etc.
1723 4654 1916 4723 (830.,
1983 4654 2080 4708 ubi

382 4740 605 4811 supra.)
635 4741 920 4811 Apparuit
945 4743 1185 4812 angelus
1208 4743 1393 4797 Tobiae
1424 4749 1479 4797 et
1498 4743 1714 4797 socium
1744 4760 1803 4797 se
1833 4743 2080 4813 praebuit

380 4834 438 4883 et
471 4830 646 4883 Filius
679 4829 779 4883 Dei
813 4830 1107 4884 hominem
1141 4832 1471 4901 assumpsit,
1529 4835 1584 4885 et
1618 4831 1914 4885 visibiliter
1947 4848 2076 4885 cum

380 4917 713 4972 hominibus
759 4924 1124 4972 conversatus
1190 4918 1506 4974 humanum
1584 4934 1766 4989 genus
1819 4918 2073 4976 salvavit.

382 5005 704 5060 Introduxit
732 5006 936 5061 Tobias
982 5007 1250 5078 angelum
1309 5007 1383 5061 ad
1423 5011 1667 5077 patrem,
1705 5012 1849 5071 etc.,
1882 5010 1938 5061 et
1965 5008 2078 5061 Do-

385 5092 575 5146 minus
604 5109 709 5164 per
732 5095 1010 5149 miracula
1039 5111 1165 5166 quae
1184 5095 1244 5150 in
1272 5111 1441 5149 carne
1471 5095 1603 5149 fecit
1623 5095 1836 5165 populo
1864 5095 2078 5149 Iudaeo-

384 5196 535 5247 rum,
584 5198 653 5235 ex
708 5198 823 5253 quo
890 5199 1121 5238 carnem
1197 5188 1544 5253 susceperat,
1600 5182 1882 5249 ostendit;
1939 5182 2077 5253 quia

385 5273 471 5322 est
498 5269 652 5323 ﬁlius
685 5274 742 5323 et
766 5272 1027 5341 angelus,
1058 5272 1115 5325 id
1145 5277 1230 5326 est
1258 5272 1495 5326 nuntius
1535 5275 1783 5342 paterna;
1811 5272 2075 5326 volunta-

385 5355 480 5421 tis,
511 5356 602 5409 cui
631 5357 802 5411 etiam
834 5358 1111 5428 gaudium
1142 5365 1430 5430 perpetuae
1488 5359 1685 5413 salutis
1728 5359 2073 5430 praedicavit,

483 5456 617 5497 ens:
677 5465 706 5494 «
730 5445 1132 5501 Paenitentiam
1157 5447 1332 5517 agite,
1387 5446 1870 5519 appropinquavit
1916 5446 2075 5501 enim

2174 413 2244 467 de
2274 412 2490 466 lumine
2510 411 2753 466 ccelesti.
2784 432 2812 459 ‹‹
2843 413 2958 481 Ego
2990 428 3136 478 sum,
3159 412 3366 483 inquit,
3396 412 3492 467 lux
3516 413 3734 477 mundi,
3763 415 3860 485 qui

2172 500 2436 571 sequitur
2473 516 2584 563 me,
2611 516 2729 554 non
2773 501 3027 554 ambulat
3068 501 3128 554 in
3160 501 3412 555 tenebris
3442 501 3619 565 (Jonn.
3659 502 3793 572 vin).
3835 524 3853 549 ι

2240 591 2398 644 Vens.
2457 592 2540 643 15.
2576 617 2638 628 -
2673 608 2699 637 α
2747 590 2814 643 Et
2842 588 2984 643 dixit
3035 588 3087 643 ei
3142 590 3462 658 angelus.»
3518 589 3636 659 (10..
3702 588 3862 659 ibid.)

2172 677 2461 732 Promittit
2485 677 2724 748 angelus
2752 678 2940 730 Tobiae
2972 678 3177 731 ducere
3209 677 3395 731 ﬁlium
3422 693 3590 731 suum
3619 677 3677 731 in
3726 677 3861 731 civi—

2171 771 2346 820 tatem
2385 765 2678 818 Medorum
2718 777 2771 817 ct
2820 764 3113 831 reducere,
3145 768 3275 830 etc.,
3321 779 3490 832 usque
3535 765 3607 817 ad
3632 764 3861 818 interro-

2172 859 2341 925 gante
2363 854 2632 923 angelum
2644 852 2823 915 Tobia
2851 853 3002 906 unde
3028 857 3193 908 esset.

2243 945 2406 997 Vsus.
2459 945 2542 997 18.
2582 972 2651 981 -
2695 963 2723 991 ‹‹
2756 943 2871 1011 Ego
2911 957 3058 1008 sum,
3094 940 3301 1012 inquit,
3344 941 3572 994 Azarias
3628 942 3857 995 Ananiae

2172 1031 2368 1101 magni
2423 1030 2597 1096 ﬁlius,
2646 1031 2769 1097 (11).,
2821 1029 2983 1098 ibid.)
3040 1030 3268 1083 Azarias
3325 1030 3567 1097 adjutor,
3618 1030 3858 1083 Ananias

2171 1122 2348 1188 gloria
2405 1122 2521 1174 Dei.
2583 1118 2838 1172 Christus
2892 1134 3122 1189 quoque
3164 1118 3433 1173 ﬁdelibus
3462 1118 3578 1171 suis
3633 1117 3853 1179 indicat,

2174 1210 2311 1279 quia
2368 1208 2489 1279 ipse
2546 1212 2629 1261 est
2663 1208 2733 1262 de
2791 1223 2906 1277 quo
2951 1206 3198 1260 dicitur:
3253 1228 3280 1253 ‹‹
3327 1208 3564 1274 Adjutor
3608 1221 3769 1259 meus
3809 1209 3861 1257 et

2175 1298 2449 1352 liberator
2505 1313 2666 1350 meus
2726 1312 2785 1349 es
2823 1302 2903 1363 tu,
2960 1295 3223 1363 Domine,
3279 1311 3350 1348 ne
3400 1294 3641 1347 moreris
3695 1294 3856 1360 (Psal.

2175 1386 2345 1456 inx.)
2370 1407 2396 1435 ››
2435 1406 2462 1435 α
2488 1387 2552 1439 Et
2605 1385 2854 1441 vidimus
2909 1384 3150 1455 gloriam
3211 1385 3353 1454 ejus,
3394 1382 3557 1454 quasi
3591 1381 3863 1452 unigeniti

2175 1491 2209 1527 a
2239 1476 2401 1528 Patre
2432 1474 2610 1545 (Joan.
2654 1476 2746 1543 1).»

2248 1563 2412 1617 Vens.
2444 1564 2530 1615 22.
2574 1593 2642 1601 —
2675 1580 2702 1612 «
2732 1563 2889 1616 Tunc
2937 1560 3174 1631 paratis.
3214 1580 3240 1610 ι
3297 1562 3460 1627 Ben,
3507 1561 3603 1614 ubi
3658 1560 3865 1629 supra.)

2176 1652 2500 1719 Apparente
2532 1649 2774 1704 Domino
2795 1650 2854 1703 in
2885 1665 3073 1716 carne,
3109 1654 3238 1713 etc.,
3292 1665 3461 1718 usque
3512 1649 3585 1703 ad
3611 1654 3672 1703 et
3710 1649 3788 1701 sic
3808 1646 3868 1702 ad

2177 1739 2418 1792 salutem
2447 1738 2704 1810 gentium
2735 1754 2840 1809 per
2860 1739 3143 1809 apostolos
3175 1719 3464 1810 perv’enit.

2866 1879 3090 1934 CAPUT
3120 1881 3206 1933 VI.

2252 2008 2407 2060 Vsus.
2442 2009 2491 2059 l.
2520 2035 2588 2045 —
2627 2026 2648 2055 ι
2680 2006 2971 2060 Profectus
3005 2012 3157 2071 est,»
3197 2010 3300 2059 etc.
3351 2006 3560 2074 (BEDA,
3596 2006 3660 2059 in
3690 2003 3865 2069 Esdr.,

2179 2100 2318 2148 tom.
2354 2093 2444 2162 II.)
2495 2094 2740 2148 Domino
2768 2094 3031 2148 veniente
3063 2094 3130 2147 ad
3163 2099 3361 2164 gentes
3391 2093 3712 2160 salvandas,
3746 2097 3863 2154 etc.,

2181 2198 2349 2251 usque
2373 2182 2447 2235 ad
2477 2186 2533 2236 et
2562 2198 2693 2235 oves
2732 2182 3057 2252 spirituales
3103 2199 3137 2235 a
3185 2181 3409 2235 furibus
3456 2187 3511 2234 et
3545 2179 3866 2234 bestialibus

2181 2272 2472 2344 spiritibus
2504 2276 2562 2326 et
2590 2271 2871 2325 haereticis
2903 2272 3237 2326 defendunt.

2253 2362 2418 2415 Vens.
2450 2364 2503 2415 2.
2527 2391 2597 2401 —
2632 2383 2659 2409 «
2682 2362 2744 2415 Et
2783 2378 2909 2415 ecce
2964 2362 3154 2432 piscis,
3190 2382 3215 2411 »
3259 2366 3359 2414 etc.
3392 2360 3491 2430 (BE
3506 2375 3594 2426 DA,
3648 2359 3741 2412 ubi
3786 2374 3866 2411 su-

2180 2450 2329 2521 pra.)
2381 2449 2689 2504 Dominicas
2758 2450 3038 2518 passionis
3094 2454 3513 2504 sacramentum
3582 2448 3868 2501 manifeste

2184 2538 2558 2607 signiﬁcatur,
2634 2543 2763 2604 etc.,
2844 2554 3013 2608 usque
3091 2539 3164 2591 ad
3214 2554 3320 2591 nec
3375 2537 3433 2590 in
3487 2552 3554 2589 eo
3614 2535 3869 2606 princeps

2184 2626 2385 2680 mundi
2410 2627 2643 2681 veniens
2683 2627 3001 2697 quidquam
3024 2626 3246 2681 habuit.

2259 2735 2287 2767 ι(
2315 2715 2513 2770 Exivit.
2548 2736 2575 2765 ››
2602 2715 2732 2786 (ln.,
2766 2716 2903 2778 ibd.)
2953 2716 3207 2769 Christus
3250 2719 3491 2768 mortem
3521 2712 3615 2767 cui
3662 2712 3739 2765 nil
3794 2712 3873 2765 de-

2186 2803 2359 2858 bebat
2395 2803 2629 2875 accepit,
2668 2810 2732 2857 ut
2760 2806 2954 2875 pedes,
2984 2804 3196 2857 scilicet
3239 2819 3391 2869 suos,
3425 2802 3480 2856 id
3512 2807 3600 2855 est
3628 2800 3874 2855 membra

2109 2890 2148 2943 C
2186 2908 2287 2945 sua
2313 2909 2343 2945 a
2367 2893 2704 2962 contagione
2733 2893 2947 2962 peccati
2976 2898 3031 2945 et
3062 2893 3261 2945 mortis
3314 2892 3592 2945 ablueret.
3632 2889 3876 2945 Occurrit

2185 2979 2356 3049 piscis
2407 2995 2536 3033 eum
2605 2980 2879 3033 devorare
2927 2980 3181 3051 cupiens,
3228 2984 3282 3033 et
3341 2980 3584 3033 Domino
3617 2979 3679 3032 in
3717 2992 3873 3032 cruce

2186 3084 2351 3138 passo
2381 3068 2663 3136 diabolus,
2706 3085 2820 3139 quo
2855 3075 3119 3123 movente
3151 3068 3452 3122 cruciﬁms
3505 3073 3648 3134 erat,
3712 3067 3872 3121 adve-

2187 3157 2291 3221 nit,
2324 3173 2589 3228 quaerens
2614 3157 2661 3210 si
2693 3156 2831 3228 quid
2863 3158 3080 3227 peccati
3108 3157 3169 3210 in
3217 3173 3282 3211 eo
3315 3156 3657 3212 invenisset.

2260 3246 2417 3299 Vens.
2454 3248 2503 3299 3.
2536 3276 2601 3284 —
2644 3263 2672 3297 ‹‹
2714 3246 2893 3308 Quem
2943 3262 3330 3315 expavescens,
3369 3267 3396 3295 ››
3455 3251 3570 3299 etc.
3628 3243 3872 3299 Christus

2186 3332 2525 3386 imminente
2584 3334 2783 3388 mortis
2822 3335 3059 3389 articulo
3114 3334 3284 3405 coepit
3321 3350 3527 3403 pavere
3558 3339 3618 3387 et
3648 3333 3868 3395 taedere,

2189 3437 2302 3475 non
2328 3422 2643 3489 diabolum,
2673 3423 2767 3477 sed
2807 3428 3076 3491 mortem,
3107 3439 3236 3494 qua:
3285 3422 3502 3477 invidia
3550 3421 3766 3476 diaboli
3801 3420 3871 3472 in-

2186 3508 2352 3563 travit
2400 3508 2460 3562 in
2500 3508 2720 3578 orbem,
2771 3510 3015 3563 naturali
3063 3509 3248 3563 carnis
3290 3508 3602 3579 fragilitate
3645 3507 3870 3577 perhor—

2186 3610 2449 3650 rescens:
2506 3596 2691 3651 unde:
2749 3616 2777 3648 ς(
2836 3599 3019 3665 Pater,
3107 3599 3350 3651 transfer
3433 3594 3669 3648 calicem
3735 3593 3873 3647 hunc

2188 3699 2220 3737 a
2240 3700 2333 3738 me
2365 3686 2557 3754 (Marc.
2586 3685 2723 3757 xw).
2753 3705 2781 3737 »

2258 3773 2419 3828 Vens.
2450 3776 2504 3829 4.
2537 3805 2606 3813 -
2642 3792 2669 3825 ‹‹
2702 3774 3081 3845 Apprehende
3112 3773 3464 3840 branchiam,
3498 3775 3655 3826 uetc.
3694 3771 3870 3840 (Ben,

2185 3862 2350 3931 ibid.)
2378 3862 2773 3933 Apprehendit
2793 3862 3046 3918 Christus
3076 3860 3365 3917 diabolum
3389 3861 3488 3931 qui
3516 3876 3653 3915 eum
3686 3874 3871 3929 capere

2187 3951 2248 4004 in
2268 3967 2432 4004 cruce
2463 3950 2659 4018 voluit,
2692 3956 2749 4005 et
2776 3952 3076 4005 moriendo
3105 3950 3258 4005 vicit.
3288 3950 3689 4019 Apprehendit
3749 3961 3871 4017 ergo

2186 4037 2538 4105 branchiam,
2581 4044 2645 4092 ut
2683 4042 2851 4108 caput
2881 4039 3297 4109 nequissimum
3328 4056 3359 4091 a
3388 4054 3652 4108 corpore,
3681 4041 3871 4107 poten-

2185 4126 2278 4179 tiae
2335 4143 2451 4181 suae
2504 4127 2735 4181 dextera
2782 4132 3089 4196 separaret,
3140 4126 3196 4181 id
3236 4133 3321 4181 est
3349 4126 3610 4197 nequitia
3659 4121 3871 4193 antiqui

2192 4215 2365 4269 hostis
2396 4216 2466 4269 ab
2496 4214 2603 4282 his,
2632 4230 2775 4285 quos
2823 4215 2930 4269 sibi
2978 4231 3186 4284 corpus
3239 4215 3465 4282 fecerat,
3528 4214 3794 4276 auferret,
3821 4212 3870 4262 et

2188 4302 2291 4356 hos
2321 4301 2548 4372 corpori
2571 4319 2692 4365 suo,
2727 4301 2781 4355 id
2811 4307 2896 4355 est
2922 4301 3177 4355 Ecclesia
3221 4299 3478 4354 inferret.
3542 4298 3869 4354 Branchiam

2189 4389 2341 4444 enim
2369 4390 2540 4444 habet
2569 4390 2738 4461 piscis
2767 4390 2827 4443 in
2862 4390 3111 4443 conﬁnio
3159 4389 3362 4459 capitis
3413 4394 3468 4443 et
3495 4389 3771 4460 corporis,
3794 4388 3871 4440 est

2188 4484 2380 4533 autem
2447 4479 2705 4533 Christus
2752 4483 2922 4549 caput
2990 4478 3273 4543 Ecclesiae,
3324 4494 3454 4548 qua:
3531 4483 3619 4531 est
3674 4489 3866 4544 corpus

2187 4568 2332 4637 ejus,
2374 4573 2429 4621 et
2475 4568 2736 4622 diabolus
2773 4572 2944 4638 caput
3001 4567 3358 4636 iniquorum,
3410 4565 3511 4637 qui
3568 4570 3705 4620 sunt
3754 4577 3869 4618 cor-

2186 4672 2293 4727 pus
2312 4657 2359 4726 ej
2371 4672 2452 4710 us.

2261 4764 2283 4793 ε
2319 4744 2482 4808 Quod
2512 4759 2640 4797 cum
2671 4743 2910 4810 fecisset,
2943 4762 2971 4795 »
3023 4743 3166 4808 Quia
3202 4758 3332 4797 cum
3363 4743 3641 4797 Dominus
3684 4736 3869 4810 nequi-

2184 4832 2323 4886 tiain
2356 4832 2565 4887 diaboli
2598 4832 3005 4899 manifestaret,
3038 4832 3269 4885 molitus
3322 4836 3407 4886 est
3456 4832 3644 4887 adhuc
3690 4826 3867 4883 electis

2186 4921 2300 4975 suis
2324 4920 2779 4992 persecutionem
2811 4936 3169 4974 commovere
3199 4936 3210 4973 :
3254 4920 3313 4974 hi
3363 4920 3517 4973 enim
3548 4923 3682 4973 sunt
3707 4916 3866 4989 pedes

2185 5008 2309 5078 ejus
2333 5025 2435 5079 per
2463 5025 2608 5080 quos
2637 5009 2892 5064 ambulat
2916 5008 3149 5062 interra
3176 5007 3276 5078 qui
3306 5023 3410 5077 per
3437 5006 3632 5061 omnia
3680 5004 3865 5074 regnat

2183 5093 2245 5148 in
2274 5096 2433 5149 caelo.

2260 5183 2417 5236 Vens.
2449 5186 2501 5236 5.
2534 5212 2603 5223 —
2642 5203 2669 5231 ‹
2704 5183 2980 5236 Exentera
3028 5180 3181 5235 hunc
3231 5180 3465 5250 piscem.
3502 5200 3531 5227 »
3600 5176 3861 5232 Dominus

2183 5270 2396 5340 piscem
2456 5270 2827 5339 exenteravit,
2876 5285 3007 5323 cum
3064 5268 3381 5339 nequitiam
3440 5267 3654 5321 diaboli
3704 5262 3859 5319 latius

2184 5359 2393 5411 sanctis
2423 5358 2686 5428 aperuit:
2722 5362 2778 5412 et
2803 5358 2967 5429 quasi
3013 5373 3217 5411 arcana
3244 5357 3584 5410 insidiarum
3616 5355 3737 5425 ejus
3778 5364 3853 5403 re-

2183 5445 2405 5500 seravit.
2435 5446 2710 5518 Reposuit
2762 5446 2874 5502 sibi
2900 5461 2997 5501 cer
3022 5446 3168 5517 ejus,
3200 5445 3337 5517 quia
3362 5444 3724 5501 calliditatem
3750 5440 3860 5509 ejus
