3998 6178
199 310 308 361 7‘29

1344 306 1594 362 GLOSSA
1634 306 2036 362 ORDINARIA.
2078 338 2146 345 —
2190 308 2319 361 LIB.
2359 306 2603 362 TOBIAS.

3605 311 3710 367 730

196 428 264 483 in
297 427 602 498 Scripturis
656 426 950 493 indicavit,
1004 427 1073 483 de
1124 444 1238 498 quo
1298 428 1533 481 dicitur:
1572 449 1597 479 (ι
1655 430 1900 499 Serpens
1930 432 1976 484 A
2016 429 2224 482 Cantus
2281 430 2596 499 pullorum,
2627 434 2758 495 etc.,
2791 444 2959 498 usque
2990 431 3063 483 ad
3096 432 3368 485 veraciter
3421 433 3709 488 Christum

197 522 329 572 erat
355 517 611 571 callidior
656 516 874 570 cunctis
914 516 1302 571 animantibus
1333 521 1501 570 terra:
1549 518 1697 573 (Gen.
1734 516 1836 585 ιιι),
1872 536 1899 568 ι»

198 612 263 660 et
290 606 455 659 alibi:
498 626 524 655 σι
556 607 704 661 Num
735 606 1067 675 ignoramus
1088 606 1326 659 astutias
1356 607 1479 675 ejus
1502 608 1579 673 (II
1607 608 1727 661 Cor.
1764 608 1841 674 ιι).
1871 626 1900 657 ι)

200 696 300 750 Fel
365 711 592 766 quoque
651 694 926 765 reposuit,
988 693 1122 764 quia
1182 700 1395 763 quanto
1428 694 1661 747 malitiae
1711 696 1903 749 furore

198 788 409 837 contra
441 799 620 854 genus
673 782 991 835 humanum
1023 781 1241 847 saeviat,
1274 782 1345 835 ad
1377 782 1609 836 cautelae
1648 784 1904 838 studium

200 871 382 925 scribi
405 878 460 925 et
504 871 825 926 conservari
874 870 1077 924 voluit.
1119 871 1285 923 Jecur
1316 871 1588 939 reposuit,
1622 872 1754 941 quia
1785 888 1894 925 ma-

198 961 367 1030 ligna
400 962 520 1029 ejus
581 958 814 1013 consilia
846 959 1145 1012 adversum
1179 974 1283 1011 nos
1340 975 1442 1027 per
1472 958 1730 1012 doctores
1762 960 1902 1013 veri-

197 1048 341 1101 tatis
375 1047 685 1101 insinuavit
712 1065 724 1101 :
772 1048 944 1101 Aiunt
974 1048 1126 1100 enim
1160 1046 1416 1116 physici:
1478 1048 1609 1117 quia
1639 1049 1821 1102 calore
1852 1054 1908 1103 et

201 1138 431 1191 occulta
485 1137 691 1190 virtute
749 1136 958 1206 jccoris
1014 1141 1405 1205 cxcoquantur
1458 1142 1513 1189 ct
1576 1137 1908 1207 digerantur

200 1225 339 1279 cibi.
379 1226 519 1279 Cum
576 1241 707 1277 vero
737 1241 865 1293 qua:
897 1240 1064 1293 agere
1094 1223 1469 1293 disponimus,
1507 1225 1701 1279 sedula
1749 1227 1905 1296 cogi-

199 1313 427 1368 tatione
484 1329 597 1383 quo
656 1312 855 1365 ordine
905 1313 1017 1365 sint
1059 1312 1277 1382 agenda
1328 1313 1693 1382 requirimus,
1743 1316 1908 1385 quasi

200 1406 472 1470 acceptos
520 1402 581 1454 in
640 1405 931 1455 stomacuo
986 1400 1165 1468 cibos,
1227 1400 1428 1454 ardore
1476 1402 1689 1471 jecoris
1738 1419 1907 1456 exco-

204 1490 465 1559 quimus.

278 1598 307 1627 ιι
353 1579 500 1633 Sunt
546 1577 700 1631 enim
730 1576 853 1631 haec
882 1576 1219 1630 necessaria.
1258 1596 1285 1627 ι)
1332 1577 1552 1631 Astutia
1593 1578 1798 1633 diaboli
1852 1586 1909 1634 et

199 1666 467 1737 nequitia
532 1666 760 1737 cognita
841 1664 1005 1718 nobis
1072 1666 1139 1719 ad
1216 1666 1501 1720 medelam
1564 1668 1903 1736 proﬁciunt:

201 1760 425 1825 quanto
482 1755 638 1808 enim
677 1771 743 1808 ea
795 1755 1003 1807 certius
1060 1755 1439 1825 exploramus,
1494 1760 1651 1810 tanto
1694 1756 1907 1810 certius

199 1843 584 1896 declinamus.

279 1933 445 1991 Vens.
469 1935 520 1985 6.
555 1962 623 1971 -—
653 1950 681 1982 α
728 1932 949 1985 Assavit
993 1947 1193 1986 carnes
1224 1932 1368 2002 ejus,
1402 1954 1430 1981 »
1466 1937 1571 1987 etc.
1608 1933 1777 1997 BEDA,
1811 1932 1907 1985 ubi

202 2019 420 2089 supra.)
462 2019 747 2089 Quidquid
778 2019 885 2072 sibi
940 2036 1004 2072 ex
1035 2019 1143 2073 hoc
1173 2019 1325 2089 pisce
1353 2020 1739 2090 assumpserit,
1774 2025 1905 2089 etc.,

204 2123 382 2176 usque
435 2108 507 2161 ad
564 2107 747 2161 donec
800 2108 860 2161 in
917 2108 1189 2177 gentibus
1237 2108 1499 2163 Ecclesiae
1538 2109 1910 2163 fundamenta

208 2196 560 2249 locarentur.

283 2285 456 2337 Vens.
488 2286 569 2337 l2.
603 2314 671 2323 -—
703 2302 730 2334 α
762 2284 826 2336 Et
858 2288 1097 2353 oportet.
1139 2307 1159 2331 υ
1197 2284 1322 2354 (In.,
1358 2285 1525 2355 ibid.)
1558 2286 1771 2355 Raguel
1806 2301 1908 2355 po-

210 2376 421 2443 pulum
452 2372 711 2441 gentium
742 2372 945 2441 signat,
982 2377 1115 2438 etc.,
1161 2388 1330 2441 usque
1376 2374 1449 2426 ad
1479 2378 1536 2426 et
1585 2373 1685 2442 qui
1716 2373 1910 2427 audire

208 2462 425 2530 dignus
452 2462 549 2514 sit:
589 2482 611 2509 ι
669 2462 790 2514 Jam
826 2477 941 2514 non
974 2460 1157 2514 dicam
1208 2477 1304 2515 vos
1331 2478 1539 2528 servos,
1572 2462 1667 2516 sed
1700 2462 1912 2516 amicos

209 2566 380 2604 meos
410 2552 585 2620 (Joan.
621 2551 729 2617 xv).

895 2666 1119 2720 CAPUT
1153 2666 1265 2719 VII.

282 2774 446 2826 Vens.
483 2775 566 2826 ll.
593 2804 657 2813 —
696 2794 718 2821 ι
756 2773 877 2837 Quo
913 2772 1107 2827 audito
1152 2772 1323 2827 verbo
1363 2772 1579 2843 Raguel
1610 2771 1854 2843 expavit,
1880 2789 1904 2823 ι

210 2867 320 2915 etc.
359 2863 557 2927 (BEDA,
589 2862 685 2915 ubi
710 2862 925 2930 supra.)
957 2861 1207 2915 Audiens
1228 2861 1476 2931 populus
1508 2861 1765 2930 gentium
1783 2876 1909 2913 ver-

207 2949 351 3003 bum
405 2949 557 3015 ﬁdei,
621 2954 750 3016 etc,
808 2966 976 3019 usque
1031 2950 1104 3004 ad
1160 2954 1219 3002 ut
1274 2948 1374 3019 qui
1407 2950 1577 3003 stulta
1631 2949 1887 3004 dicerent

209 3038 386 3091 stulte
416 3036 690 3108 perirent.

882 3141 1106 3196 CAPUT
1131 3142 1274 3196 VIII.

281 3256 457 3309 Vens.
495 3258 541 3308 l.
576 3284 643 3292 -—
676 3273 703 3304 α
764 3255 1075 3324 Postquam
1124 3270 1257 3308 vero
1318 3259 1704 3319 caanaverunt,
1745 3275 1767 3302 ι
1802 3259 1909 3310 etc.

204 3346 407 3413 (ans,
441 3346 498 3397 in
532 3344 768 3407 Tobiam,
802 3346 940 3397 tom.
972 3344 1063 3414 II.)
1097 3344 1455 3397 Introductus
1482 3343 1685 3397 Tobias
1714 3345 1785 3399 ad
1815 3361 1912 3399 cu-

205 3434 466 3488 biculum
501 3432 762 3503 protulit,
813 3437 919 3486 etc.
958 3432 1100 3485 Deus
1126 3438 1463 3502 accepturus
1511 3433 1813 3487 Ecclesiam
1843 3434 1913 3488 de

208 3522 501 3593 gentibus,
532 3520 594 3574 in
650 3519 1101 3590 desponsationis
1154 3520 1339 3583 initio,
1368 3521 1532 3590 jubet
1561 3537 1687 3575 eam
1740 3522 1912 3577 abre-

207 3609 481 3664 nuntiare
513 3608 759 3675 diabolo,
817 3613 875 3662 et
927 3609 1196 3662 omnibus
1226 3609 1453 3680 pompis
1496 3609 1618 3679 ejus
1649 3615 1704 3663 et
1727 3612 1909 3666 conﬁ-

206 3698 319 3752 teri
342 3697 516 3752 ﬁdem
545 3702 752 3751 sanctae
801 3696 1093 3751 Trinitatis
1124 3696 1182 3750 in
1217 3697 1612 3751 remissionem
1656 3704 1914 3769 peccato-

204 3802 373 3841 rum:
411 3785 567 3856 quod
624 3788 709 3839 est
763 3784 966 3839 intima
1015 3784 1190 3855 piscis
1220 3787 1434 3839 viscera
1488 3785 1627 3838 vivis
1656 3802 1910 3841 cremare

201 3872 570 3927 carbonibus.

277 3960 475 4029 (Bena,
528 3962 622 4015 ubi
667 3962 884 4029 supra.)
946 3960 1090 4025 Quia
1148 3967 1275 4032 post
1347 3961 1909 4016 abrenuntiationem

202 4049 444 4115 diaboli,
521 4054 652 4119 post
718 4049 1133 4103 confessionem
1210 4064 1357 4103 verae
1434 4050 1590 4118 ﬁdei,
1653 4050 1910 4122 sequitur

202 4142 576 4207 peccatorum
607 4137 887 4199 remissio,
949 4154 1051 4208 per
1081 4155 1290 4208 aquam
1350 4139 1615 4209 baptismi
1673 4140 1907 4209 expulso

202 4225 461 4289 diabolo,
508 4225 800 4278 diabolum
865 4226 1257 4296 ligavitzquia
1309 4242 1338 4278 a
1388 4226 1647 4279 ﬁdelium
1674 4227 1905 4280 laesione

204 4312 483 4366 cessando
512 4314 885 4382 compescuit,
936 4330 1081 4383 quos
1131 4318 1187 4367 et
1239 4314 1287 4367 si
1344 4314 1653 4385 aliquando
1685 4320 1905 4369 tentare

203 4400 607 4472 probationem
666 4401 1039 4472 permittitur,
1114 4418 1386 4472 superare
1454 4406 1647 4456 tamen
1704 4403 1903 4473 prohi-

202 4489 397 4543 betur.

276 4579 442 4632 Veas.
493 4580 549 4633 3.
606 4609 674 4617 —
707 4595 736 4629 α
768 4577 1063 4649 Religavit.
1118 4600 1146 4628 »
1196 4580 1491 4633 Desertum
1522 4583 1580 4633 et
1628 4579 1905 4650 Egyptus

203 4668 385 4721 corda
438 4666 756 4720 inﬁdelium
804 4666 1148 4737 signiﬁcant,
1202 4684 1333 4739 quae
1388 4684 1422 4721 a
1481 4669 1593 4721 Deo
1652 4670 1901 4722 deserta:

202 4755 345 4827 quia
373 4754 497 4823 ejus
526 4754 875 4808 habitatione
901 4754 1158 4826 indigna,
1193 4761 1250 4810 et
1287 4757 1452 4827 juxta
1478 4756 1903 4827 interpretatio-

203 4858 342 4897 nem
374 4842 602 4912 rEgypti
630 4842 880 4912 perﬁdiae
926 4859 1044 4897 suae
1073 4844 1324 4899 tenebris
1352 4844 1673 4899 obscurata.
1706 4845 1903 4899 Merito

199 4936 403 4985 autem
433 4936 489 4983 et
518 4930 618 5000 qui
649 4948 683 4984 a
743 4932 861 4984 Deo
917 4931 1200 4985 deseritur
1228 4948 1261 4986 a
1310 4931 1596 4986 daemonio
1627 4933 1899 5003 repletur.

200 5020 463 5088 Angelus
479 5034 612 5071 vero
638 5019 960 5074 daemonem
985 5022 1086 5091 qui
1116 5021 1351 5075 Tobiam
1365 5021 1623 5075 occidere
1657 5023 1899 5088 volebat,

198 5108 262 5163 in
296 5108 520 5161 deserto
549 5108 766 5178 ligavit,
796 5108 895 5178 qui
920 5108 1238 5162 cohibitum
1271 5126 1303 5163 a
1335 5109 1619 5175 ﬁdelibus,
1642 5110 1742 5181 qui
1772 5115 1906 5164 sunt

200 5196 470 5250 membra
498 5196 725 5261 Christi,
764 5196 1055 5251 diabolum
1086 5197 1146 5251 in
1200 5197 1527 5253 inﬁdelibus
1553 5204 1777 5253 tantum
1799 5199 1905 5252 do-

202 5285 421 5339 minari
450 5284 753 5355 permittit,
807 5286 867 5339 in
917 5287 1129 5357 quibus
1178 5291 1371 5342 tamen
1399 5293 1558 5342 tenet
1597 5304 1727 5342 eum
1768 5288 1905 5358 liga-

202 5379 350 5435 tum,
385 5374 520 5444 quia
538 5389 645 5428 nec
674 5374 828 5445 ipsos
858 5379 1080 5429 tantum
1108 5376 1315 5431 laedere
1346 5376 1698 5448 permittitur
1727 5392 1906 5448 quan-

202 5466 335 5516 tum
364 5461 582 5516 nititur.

279 5552 441 5603 Vens.
500 5554 583 5604 11.
644 5571 767 5599 -‹‹
816 5552 884 5605 Et
932 5551 1145 5607 factum
1195 5556 1299 5608 est.
1358 5571 1388 5605 ν
1447 5557 1549 5607 etc.
1585 5554 1709 5623 (Io.,
1742 5552 1903 5623 ibid.)

2014 517 2175 571 hoste
2233 520 2499 588 superato
2559 534 2831 588 sponsum
2893 534 3013 572 esse
3065 525 3270 573 sanctae
3323 521 3581 576 Ecclesia
3615 538 3710 575 co-

2014 610 2353 676 gnoverunt.

2084 696 2244 747 Vens.
2285 698 2365 748 l7.
2423 724 2491 734 —
2540 715 2567 745 ‹‹
2630 695 3027 750 Benedicimus
3082 700 3161 763 te,
3213 697 3454 752 Domine
3480 700 3647 754 Deus.
3689 722 3710 750 ι

2014 784 2138 852 (1ι).,
2167 783 2332 853 ibid.)
2376 784 2623 837 Laetatur
2645 783 2858 853 Raguel
2893 784 2962 837 de
2993 783 3104 837 vita
3136 785 3348 851 Tobiae,
3385 791 3514 855 etc.,
3546 802 3715 856 usque

2014 872 2088 925 ad
2113 877 2247 925 sunt
2274 872 2447 925 crassi
2478 872 2661 941 gratia
2692 888 2955 942 superum
2980 872 3305 926 dilectionis
3337 874 3550 935 referti,

2087 962 2241 1013 Vens.
2301 964 2492 1013 22-
2554 980 2581 1010 et
2641 962 2791 1014 Duas
2842 978 3092 1031 quoque,
3140 983 3161 1009 ι
3222 964 3484 1029 etc.,(In.,
3545 964 3709 1034 ibid.)

2013 1049 2317 1120 Apostolus
2346 1051 2607 1120 gentium
2655 1068 2749 1104 eos
2806 1050 2906 1119 qui
2953 1051 3021 1104 ad
3054 1051 3225 1104 ﬁdem
3250 1056 3540 1115 venerant,
3576 1057 3708 1116 etc.,

2014 1154 2181 1206 usque
2213 1139 2287 1191 ad
2316 1139 2413 1209 qui
2437 1140 2633 1209 epulas
2667 1156 2731 1192 ex
2766 1142 2846 1192 eis
2871 1156 3113 1209 quorum
3157 1140 3490 1193 reﬁciuntur
3519 1155 3709 1193 exem-

2015 1227 2123 1298 plis
2150 1227 2455 1298 accipiunt.

2088 1334 2115 1366 α
2142 1316 2399 1379 Quatuor
2430 1316 2655 1371 arietes.
2692 1337 2719 1365 »
2745 1316 2888 1380 Quia
2918 1316 3094 1369 sancti
3121 1316 3381 1369 doctores
3411 1322 3467 1371 et
3499 1320 3709 1386 marty-

2014 1418 2104 1454 res
2137 1407 2381 1472 quatuor
2402 1402 2575 1455 libros
2608 1402 2899 1471 Evangelii
2929 1403 3038 1455 ﬁde
3070 1407 3125 1455 et
3150 1419 3321 1472 opere
3352 1408 3710 1469 conservant,

2018 1490 2340 1559 prudentia,
2372 1490 2615 1560 justitia,
2650 1490 3006 1556 fortitudine,
3030 1491 3409 1560 temperantia
3442 1491 3711 1545 muniun-

2016 1583 2130 1644 tur,
2185 1583 2240 1631 et
2298 1584 2548 1649 quatuor
2612 1579 2869 1649 partibus
2923 1578 3124 1632 mundi
3183 1578 3474 1633 instruunt
3526 1580 3709 1634 Eccle-

2016 1667 2157 1720 siam
2179 1667 2295 1721 Dei.

2091 1777 2113 1804 ι
2141 1756 2333 1810 Occidi
2389 1755 2537 1810 fecit.
2573 1776 2598 1807 ιι
2635 1755 2777 1820 Quia
2812 1754 2907 1808 alii
2956 1761 3156 1825 sponte
3204 1756 3551 1811 mortiﬁcant
3580 1772 3709 1810 cor-

2015 1859 2157 1913 pora
2212 1860 2332 1909 sua,
2393 1849 2457 1897 ut
2524 1844 2638 1897 sint
2694 1844 2873 1897 hostia
2930 1844 3083 1897 viva:
3143 1845 3239 1898 alii
3296 1845 3445 1899 inter
3506 1860 3712 1898 manus

2014 1932 2334 1985 inﬁdelium
2396 1932 2642 1985 subeunt
2698 1932 3007 2002 martyria:
3042 1948 3144 2001 per
3201 1948 3359 1985 arma
3416 1932 3714 2001 justitiaea

2015 2019 2224 2073 dextris
2246 2026 2303 2073 et
2339 2037 2369 2072 a
2428 2020 2688 2085 sinistris,
2726 2020 2783 2073 id
2840 2026 2946 2088 est,
2980 2020 3036 2072 in
3072 2020 3360 2090 prosperis
3380 2025 3436 2074 et
3465 2020 3713 2073 adversis

2017 2107 2241 2162 hostem
2272 2108 2561 2161 vincentes
2595 2108 2917 2177 antiquum.

2092 2182 2257 2249 Vnus.
2320 2198 2407 2249 23.
2460 2224 2527 2236 —
2580 2214 2609 2245 ‹‹
2671 2196 2734 2248 Et
2781 2196 3065 2264 adjuravit
3122 2197 3336 2266 Raguel
3395 2197 3649 2251 Tobiam.
3686 2218 3713 2247 ›

2018 2285 2209 2354 (ΒευΑ,
2259 2284 2416 2351 ibid.)
2475 2283 2823 2353 Adjuramus
2856 2284 3144 2340 Christum
3170 2293 3232 2338 ut
3265 2291 3494 2338 maneat
3525 2286 3717 2339 nobis-

2017 2390 2170 2442 cum,
2229 2374 2409 2427 donec
2461 2373 2865 2443 perfectionem
2896 2372 3101 2443 quietis
3142 2390 3244 2443 per
3264 2373 3507 2442 Spiritus
3538 2373 3717 2427 sancti

2019 2463 2261 2532 gratiam
2316 2478 2759 2532 consequamur,
2812 2478 2923 2531 qua
2982 2462 3402 2531 rcquiescamus
3436 2466 3491 2515 et
3530 2479 3560 2515 a
3587 2476 3717 2532 pec-

2020 2551 2159 2604 catis
2224 2551 2281 2604 in
2336 2566 2594 2621 corpore,
2668 2556 2725 2604 et
2794 2566 2827 2604 a
2894 2550 3083 2620 pravis
3143 2550 3579 2620 cogitationibus
3656 2550 3718 2603 in

2019 2644 2232 2693 mente.

2712 2710 2934 2765 CAPUT
2964 2711 3047 2764 IX.

2090 2800 2251 2852 Vnus.
2286 2802 2336 2853 3.
2366 2830 2435 2837 —
2460 2820 2487 2847 «
2517 2799 2731 2852 Tamen
2791 2799 3025 2853 obsecro
3052 2803 3125 2852 te.
3160 2820 3187 2847 ››
3220 2798 3411 2867 (ΒΕΒΑ,
3444 2814 3511 2852 ea:
3550 2797 3711 2868 Isid.)

2019 2886 2256 2957 Aliquos
2286 2887 2354 2940 de
2385 2887 2749 2941 credentibus
2781 2888 3090 2940 servientes
3120 2886 3223 2941 tibi
3266 2887 3475 2956 quibus
3513 2886 3720 2957 praedi-

1895 2991 1909 3018 ν
1943 2997 1983 3053 C
2022 2974 2189 3027 candi
2216 2975 2539 3028 committas
2570 2975 2825 3029 ofﬁcium
2858 2976 2923 3029 ad
2956 2975 3303 3045 colligendas
3330 2981 3552 3047 gentes,
3584 2991 3713 3046 quas

2021 3062 2278 3115 nondum
2310 3062 2443 3116 ﬁdei
2494 3063 2831 3134 mysterium
2861 3070 3253 3133 susceperunt,
3278 3066 3371 3118 sed
3406 3069 3598 3117 tamen
3628 3065 3714 3118 fa-

2022 3167 2176 3205 mam
2205 3152 2540 3207 audierunt:
2598 3158 2655 3207 et
2698 3153 2983 3206 talentum
3015 3153 3171 3206 verbi
3202 3153 3353 3224 quod
3384 3153 3535 3207 fama
3563 3153 3715 3207 didi-

2020 3244 2242 3301 cerunt,
2279 3256 2381 3308 per
2410 3240 2544 3294 ﬁdei
2575 3240 2959 3294 obedientiam
2989 3241 3250 3295 reddant.
3309 3242 3496 3294 Novus
3529 3242 3720 3311 quoti-

2020 3329 2111 3382 die
2177 3329 2422 3399 populus
2481 3329 2542 3383 in
2598 3330 2843 3383 Ecclesia
2900 3330 3206 3401 colligitur,
3274 3334 3461 3400 potest
3525 3336 3719 3383 tamen

2017 3416 2341 3486 specialiter
2403 3418 2668 3487 intelligi,
2725 3417 2824 3489 qui
2855 3419 3108 3472 litteram
3160 3419 3300 3487 legis
3348 3418 3716 3489 septuaginta

2017 3504 2360 3576 interpretes
2426 3512 2823 3597 acceperunt”
2860 3511 2916 3560 et
2974 3507 3103 3562 ideo
3181 3508 3355 3562 ﬁdem
3404 3507 3570 3561 citius
3623 3524 3717 3561 su-

2019 3600 2338 3665 sceperunt.

2709 3666 2934 3721 CAPUT
2962 3668 3022 3720 X.

2089 3754 2251 3807 Vens.
2313 3755 2363 3806 8.
2424 3783 2492 3791 —
2523 3774 2545 3803 ι
2600 3756 2672 3807 At
2712 3770 2847 3806 vero
2894 3753 3134 3823 Baguel,
3178 3773 3200 3800 ι
3243 3757 3371 3817 etc.,
3419 3754 3594 3823 (830..
3627 3754 3719 3807 ubi

2015 3841 2229 3911 supra.)
2262 3842 2402 3895 Cum
2428 3841 2726 3910 plenitudo
2752 3842 3011 3910 gentium
3034 3840 3351 3905 intraverit,
3388 3856 3558 3894 nemo
3582 3858 3719 3911 pro-

2014 3929 2212 3983 hibere
2244 3934 2445 4000 potest,
2483 3929 2623 3999 quin
2658 3929 2933 3982 Dominus
2985 3928 3226 3981 salutem
3258 3929 3430 3981 Israel
3481 3928 3716 3994 tribuat,

2016 4023 2072 4071 et
2100 4018 2412 4071 caecitatem
2467 4018 2611 4087 ejus,
2654 4034 2783 4088 quas
2827 4034 2891 4070 ex
2923 4022 3085 4088 parte
3126 4016 3384 4086 contigit,
3427 4016 3712 4087 respiciat.

2016 4106 2328 4161 Recordata
2393 4110 2476 4159 est
2544 4106 2700 4159 enim
2773 4105 2967 4159 divina
3046 4105 3368 4171 clementia,
3439 4105 3717 4175 quoniam

2015 4196 2245 4249 tristitia
2277 4210 2485 4265 magna
2515 4200 2571 4247 et
2598 4194 2905 4247 continuus
2934 4194 3100 4249 dolor
3129 4199 3213 4248 est
3239 4193 3450 4248 Judmis
3480 4194 3715 4247 creden-

1936 4285 1978 4339 D
2016 4283 2168 4338 tibus
2198 4299 2301 4354 pro
2330 4282 2600 4336 fratribus
2630 4282 2977 4338 inﬁdelibus.

2088 4369 2250 4425 Vens.
2322 4372 2404 4426 lO.
2465 4399 2529 4411 —
2592 4390 2619 4419 ‹‹
2666 4370 2940 4436 Tradidit,
2994 4389 3021 4422 ι)
3055 4374 3161 4424 etc.
3215 4368 3604 4423 Remittuntur
3656 4367 3716 4421 in

2017 4457 2131 4511 ﬁne
2190 4458 2446 4512 doctores
2480 4458 2740 4511 Ecclesia
2767 4458 2836 4512 ad
2868 4457 3177 4523 Christum,
3207 4472 3337 4510 cum
3375 4455 3497 4527 ipsa
3530 4456 3714 4509 Eccle-

2018 4546 2120 4612 sia,
2162 4546 2440 4601 virtutum
2489 4546 2703 4600 divitiis
2735 4548 2923 4617 plena,
2956 4546 3025 4600 ad
3076 4546 3250 4599 ﬁdem
3292 4544 3714 4611 illustraudam,

2016 4632 2416 4704 bonorumque
2452 4650 2694 4704 operum
2726 4634 3043 4687 substantia
3068 4632 3361 4687 ditandam
3390 4631 3712 4686 Judznorum

2019 4726 2272 4792 gentem,
2306 4738 2373 4776 ex
2404 4738 2518 4793 qua
2548 4723 2647 4777 Dei
2672 4723 2845 4777 Filius
2868 4722 3115 4792 sumpsit
3142 4736 3393 4775 carnem.

2702 4828 2926 4884 CAPUT
2971 4829 3056 4884 XI.

2092 4936 2252 4990 Vnus.
2288 4938 2340 4990 3.
2389 4966 2459 4975 ——
2514 4957 2541 4984 α
2592 4936 3005 4991 Ρῑεθεθᾶαωιιε.
3036 4955 3061 4982 »
3112 4933 3310 5004 (Beas,
3353 4933 3449 4987 ubi
3494 4934 3711 5001 supra.)

2016 5025 2324 5093 Postquam
2346 5024 2703 5077 illuminatus
2725 5028 2810 5077 est
2852 5024 3096 5094 populus
3133 5022 3412 5091 gentium,
3448 5021 3716 5091 prazcedit

2017 5112 2209 5166 divina
2236 5114 2420 5183 gratia
2453 5113 2522 5165 ad
2556 5112 2989 5167 illuminandam
3014 5109 3327 5163 caacitatem
3357 5110 3709 5176 Iudaeorum,

2015 5205 2081 5253 ut
2112 5199 2173 5252 in
2229 5200 2391 5253 libris
2445 5199 2561 5253 suis
2591 5204 2935 5268 cognoscant
2965 5198 3253 5253 Christum
3286 5212 3486 5250 verum
3521 5196 3708 5250 homi-

2016 5304 2147 5342 nem
2170 5293 2226 5342 et
2248 5304 2448 5342 verum
2484 5289 2682 5353 Deum,
2712 5292 2769 5341 et
2802 5286 2880 5339 sic
2929 5286 3157 5340 tandem
3184 5284 3346 5357 quasi
3367 5286 3484 5339 viso
3510 5286 3712 5357 angelo

2015 5382 2072 5430 et
2103 5377 2220 5429 ﬁlio
2279 5393 2380 5429 suo
2426 5392 2570 5446 quos
2636 5374 2733 5429 diu
2780 5391 2899 5428 non
2966 5374 3226 5428 viderant
3284 5375 3529 5429 multum
3579 5391 3715 5446 gau-

2015 5466 2215 5530 deant;
2277 5464 2531 5529 tandem,
2608 5463 2914 5529 scilicet,se
2975 5462 3235 5517 Ecclesiae
3283 5462 3353 5516 de
3423 5464 3710 5533 gentibus,

2015 5559 2376 5625 congregatae
2407 5553 2811 5623 mysteriorum
2841 5552 3242 5607 communione
3274 5552 3601 5622 conjungat.

3716 4886 3755 4926 ἔ
