4082 6184
348 295 446 345 731

1102 291 1492 346 WALAFRIDI
1533 291 1778 346 STRABI
1816 291 2018 346 FULD.
2063 291 2222 346 MON.
2264 293 2439 347 PARS
2481 292 2520 344 l.
2602 321 2630 329 —
2670 291 3136 348 THEOLOGICA.
3741 295 3833 345 732

411 415 571 467 Vens.
606 416 658 467 9.
694 443 763 452 —
817 435 838 460 ι
887 411 1302 466 Blandimento.
1359 431 1386 464 »
1449 413 1622 480 (Beo.,
1665 413 1761 466 ubi
1815 415 2038 483 supra.)
2070 414 2116 468 Α
2154 414 2318 466 Pater
2373 413 2432 467 in
2493 412 2631 467 Filio
2685 411 2774 467 sit.
2821 412 3076 484 Angelus
3107 411 3253 467 redit
3281 412 3351 466 ad
3406 413 3602 477 Deum,
3638 412 3831 466 Tobias

343 503 512 556 Canis
542 501 830 571 gaudebat
857 499 997 554 dum
1027 504 1174 553 tecta
1200 499 1565 553 dominorum
1599 500 1700 554 diu
1731 500 1910 554 invisa
1957 517 2043 554 re-

345 591 570 644 viseret.
605 590 866 645 Gaudent
895 588 1152 642 doctores
1183 587 1252 641 de
1310 589 1515 642 effectu
1547 589 1634 643 sui
1671 590 1881 660 operis,
1909 605 2038 644 cum

342 679 604 734 Judaam
653 695 683 732 a
738 676 980 731 Domino
1013 675 1456 746 recolligendam
1507 677 1852 747 intelligant.
1887 679 2040 732 Gau-

342 767 480 821 dent
535 766 604 820 de
653 764 893 835 pramio
967 765 1097 816 vita
1155 768 1404 829 aterna,
1455 768 1511 818 et
1571 765 1787 819 cunctis
1841 766 2040 820 eodem

341 854 579 925 pramio
620 854 790 906 corda
836 852 1210 906 exhilaranda
1240 852 1580 922 pradicunt,
1625 859 1680 907 et
1710 854 1903 908 statim
1935 854 2034 908 ad-

345 949 640 996 venturam
660 941 903 1011 gratiam
936 941 1113 993 sancti
1137 939 1380 1010 Spiritus
1411 941 1609 995 edunt.

407 1032 570 1084 Vens.
611 1033 694 1084 l0.
728 1059 795 1071 —-
829 1050 857 1080 (ι
907 1030 1244 1099 Exsurgens.
1282 1051 1308 1077 »
1370 1030 1576 1084 Audito
1625 1049 1656 1084 a
1714 1031 2039 1086 doctoribus

334 1118 506 1172 verbo
537 1118 754 1183 salutis,
775 1117 1028 1188 exsurgit
1059 1118 1305 1187 populus
1325 1119 1652 1173 Judaorum
1686 1121 1752 1174 de
1785 1121 2037 1190 perﬁdia

336 1224 454 1262 sua
473 1206 723 1260 cacitate
746 1207 936 1276 longa,
964 1211 1018 1259 et
1046 1221 1239 1258 amore
1271 1207 1447 1260 currit
1477 1208 1544 1262 ad
1574 1208 1912 1275 Dominum;
1941 1210 2038 1264 sed

336 1295 634 1350 offendens
663 1295 950 1365 gressibus
983 1310 1240 1364 operum,
1267 1295 1448 1349 donec
1467 1303 1699 1350 renatus
1727 1298 2036 1352 instructus

333 1385 398 1438 in
429 1384 650 1439 Christo
671 1383 803 1437 Iidei
825 1388 880 1438 et
909 1382 1259 1453 operationis
1292 1383 1488 1438 lumen
1518 1386 1812 1456 percipiat.

405 1475 564 1528 Vens.
614 1476 699 1528 l3.
730 1501 799 1512 —
829 1494 856 1520 «
913 1473 1068 1526 Tunc
1121 1487 1432 1525 sumens.»
1484 1473 1669 1541 (Bena,
1715 1474 1875 1544 ibid.)
1925 1475 2032 1528 Do-

335 1562 526 1616 minus
557 1561 918 1616 credentibus
977 1566 1170 1630 aperte
1219 1563 1434 1616 revelat
1465 1568 1679 1633 quanta
1714 1562 1785 1616 sit
1814 1563 2036 1634 antiqui

333 1649 515 1704 hostis
542 1649 778 1715 malitia,
811 1647 912 1719 qui
957 1647 1144 1718 ipsum
1177 1648 1239 1702 in
1271 1649 1530 1718 passione
1560 1650 1829 1704 devorare
1861 1651 2033 1722 gesti-

333 1738 439 1803 vit;
489 1739 586 1792 sed
630 1753 735 1807 per
789 1737 898 1790 hoc
959 1736 1192 1806 occisus,
1223 1739 1482 1793 membra
1511 1755 1632 1807 sua,
1693 1740 1748 1794 id
1777 1745 1881 1806 est,
1933 1756 2030 1795 eos

334 1843 472 1897 quos
501 1830 633 1881 ante
667 1826 918 1891 tenebat,
949 1825 1161 1880 amisit.

403 1917 562 1969 Vens.
596 1918 680 1972 14.
713 1943 782 1956 -
817 1937 840 1964 ι
871 1913 1115 1984 Albugo.
1167 1936 1188 1962 ι
1224 1915 1401 1984 (Ben.,
1435 1915 1594 1985 ibid.)
1635 1917 1814 1970 Habet
1843 1916 2030 1971 adhuc

331 2002 580 2071 populus
607 2001 939 2055 Judaorum
972 2003 1230 2056 velamen
1260 2009 1390 2057 ante
1441 2004 1640 2058 faciem
1671 2004 1876 2072 cordis,
1899 2011 2026 2071 etc.,

333 2104 501 2157 usque
555 2090 631 2144 ad
661 2089 760 2160 qui
789 2095 981 2144 autem
1010 2091 1331 2161 fragilitatis
1354 2097 1407 2146 et
1437 2092 1778 2162 ignorantia
1822 2094 2031 2148 conscii

333 2177 550 2243 dicunt,
604 2179 845 2232 Domine
903 2180 1071 2247 Deus,
1131 2179 1398 2234 illumina
1455 2181 1720 2236 tenebras
1767 2198 1951 2249 meas;
1997 2201 2032 2238 a

335 2266 574 2320 Domino
603 2267 1023 2321 illuminantur.

403 2355 567 2408 Vens.
603 2358 682 2409 18.
716 2386 786 2395 -
816 2376 843 2406 (ι
908 2357 1169 2426 Ingressa
1193 2361 1300 2426 est,
1335 2377 1364 2410 ιι
1419 2361 1522 2412 etc.
1557 2360 1682 2430 (10.,
1722 2360 1888 2430 ibid.)
1913 2362 2028 2416 Lu-

329 2458 452 2497 cem
484 2443 686 2513 gratia
745 2443 1078 2514 spiritualis,
1130 2461 1260 2516 qua
1307 2447 1656 2514 septiformis
1705 2455 1789 2502 est
1818 2449 2032 2520 signiﬁ-

328 2535 434 2584 cat.
511 2532 641 2585 Post
719 2538 940 2602 septem
1016 2533 1136 2588 dies
1202 2534 1641 2589 illuminationis
1709 2537 2029 2607 ingreditur

328 2636 504 2673 uxor:
539 2621 673 2690 quia
730 2627 1036 2692 postquam
1089 2623 1285 2676 Judaa
1341 2639 1444 2693 per
1473 2623 1645 2678 ﬁdem
1706 2625 2029 2682 illuminata

329 2707 521 2772 fuerit,
552 2712 856 2778 postquam
905 2708 1147 2778 gratiam
1196 2710 1443 2780 Spiritus
1501 2713 1680 2765 sancti
1707 2715 2023 2784 acceperit;

329 2789 687 2858 ingredietur
742 2792 814 2846 ad
859 2809 984 2846 eam
1036 2794 1300 2860 Ecclesia,
1349 2799 1414 2848 ut
1452 2795 1524 2849 sit
1554 2813 1732 2851 unum
1793 2799 1941 2853 ovile
1972 2805 2028 2854 et

331 2893 476 2931 unus
516 2883 728 2949 pastor,
787 2885 844 2935 et
889 2881 963 2934 sit
992 2881 1194 2936 domus
1247 2883 1455 2937 Christi
1488 2900 1622 2950 una,
1681 2902 1796 2940 uno
1838 2887 2025 2958 lapide

326 2968 589 3038 angulari
621 2968 864 3024 ﬁrmata.

995 3059 1219 3115 CAPUT
1247 3061 1364 3116 XII.

402 3146 556 3200 Vens.
595 3147 676 3200 14.
703 3176 771 3187 -
828 3168 855 3196 ‹‹
888 3149 951 3201 Et
981 3164 1151 3213 nunc,
1188 3168 1214 3200 ››
1251 3155 1355 3204 etc.
1406 3149 1592 3220 (Bena,
1646 3155 1703 3206 in
1759 3153 2024 3223 Tobiam.)

328 3233 634 3288 Rediturus
680 3235 741 3288 in
798 3237 1005 3290 calum
1065 3239 1303 3307 angelus
1360 3240 1614 3308 apertius
1664 3241 1805 3311 quid
1848 3242 1920 3295 sit
1973 3247 2030 3296 et

327 3337 501 3390 quare
544 3323 778 3385 venerit,
845 3329 899 3377 et
951 3341 1065 3393 quo
1119 3342 1448 3380 reversurus
1506 3327 1578 3380 sit
1637 3329 1910 3398 exponit:
1972 3335 2027 3383 et

328 3410 581 3464 Christus
610 3411 798 3464 eidem
846 3413 1060 3482 populo
1089 3413 1258 3467 latius
1288 3415 1604 3484 proﬁcienti
1636 3417 2023 3471 conditionem

326 3514 491 3551 suam
547 3499 832 3569 patefecit,
886 3502 1212 3568 ostendens,
1271 3503 1423 3573 quod
1480 3504 1689 3574 ipsein
1747 3507 1933 3571 Patre,
1968 3513 2024 3561 et

2150 507 2407 556 remanet
2463 503 2614 573 apud
2673 503 2921 566 Patrem,
2955 508 3012 555 et
3058 500 3314 557 Christus
3344 518 3375 554 a
3431 500 3694 555 ﬁdelibus
3723 501 3834 554 suis

2148 590 2496 661 intelligitur
2554 590 2848 645 divinitate
2879 589 3030 644 Patri
3059 589 3318 660 aqualis,
3351 589 3704 644 humanitate
3734 589 3834 642 ho-

2147 680 2398 735 minibus
2417 679 2940 736 consubstantialis.

2804 803 3029 858 CAPUT
3059 804 3200 858 XIII.

2219 929 2379 983 Vens.
2416 933 2463 982 1.
2496 959 2563 967 -
2594 950 2620 975 ‹‹
2668 927 2946 998 Aperiens
2989 932 3182 981 autem
3233 927 3438 980 Tobias
3495 943 3558 980 os
3583 942 3772 980 suum.
3803 946 3829 977 η

2146 1018 2331 1086 (Bene,
2361 1019 2420 1071 in
2473 1017 2736 1086 Tobiam.)
2761 1016 3059 1070 Confessus
3087 1021 3173 1070 est
3219 1016 3512 1069 veritatem
3534 1021 3591 1069 et
3618 1015 3836 1068 miseri-

2144 1106 2417 1172 cordiam,
2449 1111 2578 1171 etc.,
2610 1121 2776 1174 usque
2804 1105 2878 1158 ad
2920 1105 3163 1159 calestis
3194 1105 3395 1174 patria
3443 1103 3650 1175 gaudia
3685 1120 3834 1174 pra.

2145 1195 2402 1249 dicando.

2818 1282 3038 1336 CAPUT
3071 1282 3200 1335 XIV.

2216 1390 2376 1443 Vens.
2431 1393 2477 1442 1.
2539 1419 2606 1427 -
2643 1408 2668 1437 α
2719 1389 2783 1441 Et
2828 1391 3132 1458 postquam
3191 1386 3548 1440 illuminatus
3597 1391 3681 1439 est
3735 1387 3839 1440 To-

2148 1498 2176 1527 «
2217 1477 2357 1544 bias,
2407 1495 2434 1526 ι)
2491 1481 2621 1542 etc.,
2680 1475 3166 1546 quadragenarius
3211 1491 3483 1528 numerus
3524 1475 3841 1528 laboriosus

2145 1569 2247 1632 est,
2275 1563 2485 1634 jejunii
2514 1569 2571 1618 et
2592 1563 2972 1618 abstinentia.
3026 1563 3137 1616 Nos
3178 1567 3366 1616 autem
3414 1578 3613 1616 omnes
3670 1563 3843 1627 huius

2144 1654 2275 1707 vita
2305 1653 2525 1706 labores
2564 1651 2837 1706 debemus
2869 1650 3168 1717 sustinere,
3218 1666 3348 1704 cum
3382 1649 3482 1704 Dei
3511 1655 3568 1704 et
3593 1651 3843 1722 proximi

2145 1741 2470 1807 dilectione,
2499 1745 2554 1795 et
2583 1739 2662 1794 sic
2685 1738 3166 1794 fructiﬁcabimus.

2210 1830 2368 1883 Vens.
2424 1832 2474 1884 3.
2514 1858 2582 1867 —
2616 1847 2642 1878 «
2700 1826 3123 1898 Quinquaginta
3154 1841 3402 1897 namque
3431 1829 3488 1880 et
3527 1843 3620 1880 sex
3653 1841 3843 1881 anno-

2140 1935 2168 1972 ι
2197 1935 2326 1972 rum
2371 1918 2567 1972 lumen
2608 1917 2906 1970 oculorum
2949 1914 3157 1976 amisit.
3184 1919 3342 1968 setc.
3387 1914 3682 1969 Sacratum
3728 1931 3842 1968 nn-

2140 2021 2365 2060 merum
2423 2002 2986 2076 quinquagenarium
3015 2000 3340 2068 transierat,
3375 2017 3479 2054 nec
3504 2000 3578 2055 ad
3601 2017 3840 2072 sexage-

2139 2094 2390 2156 narium,
2418 2093 2515 2163 qui
2555 2091 2987 2163 perfectionem,
3020 2094 3258 2161 propter
3287 2089 3598 2156 senarium,
3632 2090 3695 2143 in
3727 2106 3840 2161 quo

2139 2182 2335 2237 omnia
2362 2181 2504 2235 facta
2523 2185 2675 2248 sunt,
2708 2179 3012 2251 signiﬁcat,
3045 2183 3400 2249 pervenerat.

2209 2273 2368 2326 Vens.
2431 2274 2482 2324 5.
2516 2299 2584 2310 —
2617 2292 2638 2317 ·
2695 2270 2754 2322 In
2803 2269 2948 2323 hora
2987 2272 3180 2321 autem
3234 2266 3432 2320 mortis
3473 2281 3593 2320 sua
3621 2265 3844 2320 vocavit

2142 2381 2169 2408 α
2199 2359 2270 2412 ad
2328 2375 2385 2412 se
2430 2358 2742 2412 Tobiam.»
2803 2357 2989 2425 (BEDA,
3043 2357 3103 2410 in
3167 2354 3442 2425 Esdram.)
3495 2353 3723 2418 Tobias,
3781 2354 3838 2408 id

2139 2451 2244 2515 est,
2275 2447 2535 2501 doctores
2583 2445 2936 2510 Jndaorum,
2971 2445 3070 2516 qui
3099 2444 3168 2498 de
3223 2445 3329 2497 hoc
3383 2443 3598 2496 mundo
3628 2441 3837 2496 exituri

2138 2532 2479 2604 propinquis
2537 2531 2654 2585 suis
2687 2531 3068 2585 annuntiant:
3104 2529 3240 2601 quia
3271 2529 3523 2583 mundus
3550 2529 3620 2583 ad
3659 2528 3840 2583 ﬁnem

2136 2621 2582 2694 appropinquat,
2606 2626 2661 2674 et
2679 2620 2885 2674 futura
2905 2619 3034 2673 vita
3064 2619 3214 2673 bona
3245 2617 3305 2671 in
3325 2617 3588 2688 proximo
3619 2617 3837 2671 futura.

2209 2713 2370 2764 Vens.
2425 2711 2506 2763 14.
2562 2738 2628 2748 -
2680 2730 2706 2757 (ι
2754 2709 2957 2762 Tobias
3005 2708 3274 2761 abscessit
3329 2723 3396 2760 ex
3456 2706 3656 2760 Ninive
3709 2723 3842 2760 cum

2143 2822 2170 2849 ‹‹
2222 2815 2399 2853 uxore
2454 2815 2577 2863 sua,
2630 2802 2685 2850 et
2740 2797 2870 2851 filiis
2925 2802 2982 2851 et
3030 2797 3283 2850 ﬁliorum
3314 2795 3523 2862 ﬁliis,»
3568 2800 3675 2848 etc.
3709 2795 3836 2865 (In,

2136 2889 2291 2956 ibid.)
2353 2887 2468 2940 Hoc
2526 2886 2782 2956 quotidie
2834 2885 2967 2940 facit
3015 2885 3292 2950 Christus,
3351 2898 3480 2950 etc.,
3538 2899 3711 2952 usque
3763 2885 3838 2938 ad

2062 2982 2103 3038 C
2133 2978 2229 3033 diu
2253 2977 2442 3030 vivens
2471 2975 2649 3029 animi
2670 2974 2954 3029 levitatem
2991 2990 3106 3028 nou
3137 2973 3366 3027 deserit.

2206 3067 2364 3119 Vens.
2404 3067 2486 3119 l6.
2520 3094 2587 3104 —
2617 3083 2644 3116 α
2693 3063 3068 3133 Sepelierunt.
3121 3082 3147 3113 η
3183 3061 3485 3132 Sepultura
3543 3060 3740 3115 Tobia
3766 3061 3835 3115 ﬁ-

2135 3170 2267 3208 nem
2310 3153 2510 3207 mundi
2541 3152 2821 3222 designat,
2856 3167 2968 3222 quo
3014 3150 3288 3206 Dominus
3319 3154 3514 3202 noster
3543 3165 3674 3202 cum
3707 3163 3836 3202 cor-

2132 3259 2272 3314 pore
2305 3258 2432 3310 suo,
2488 3241 2643 3312 quod
2697 3246 2782 3294 est
2810 3240 3072 3303 Ecclesia,
3107 3239 3166 3293 in
3210 3239 3466 3309 requiem
3499 3238 3676 3291 intrat
3725 3253 3837 3291 an-

2133 3331 2275 3402 gelis
2334 3331 2404 3385 de
2462 3330 2730 3384 societate
2795 3329 3100 3383 hominum
3165 3326 3721 3398 congratulantibus,
3783 3330 3841 3378 et

2131 3419 2393 3488 singulos
2441 3433 2546 3488 per
2619 3417 2870 3472 diversas
2929 3417 3256 3471 mansiones
3313 3431 3418 3485 pro
3492 3413 3840 3468 meritorum

2130 3508 2410 3578 qualitate
2441 3506 2871 3561 collocantibus.

1727 3718 2022 3796 LIBER
2077 3718 2462 3798 JUDITH.

1180 3903 1598 3974 PROLOGUS
1646 3911 2098 3978 HIERONYMI
2169 3915 2252 3979 IN
2309 3913 2618 3979 LIBRUM
2671 3912 2982 3978 JUDITH.

1368 4033 1537 4100 (Vide
1556 4035 1698 4088 inter
1729 4051 1892 4105 opera
1923 4036 2067 4090 beati
2094 4039 2429 4105 Hieronymi,
2462 4042 2587 4091 tom.
2629 4035 2801 4104 VIII.)

981 4201 1364 4257 PRIEFATIO.

400 4319 553 4387 (ΗΑΒ.
612 4335 772 4390 cmpos
847 4323 927 4392 (in
980 4323 1054 4377 lib
1119 4325 1338 4395 Judith,
1418 4331 1557 4382 tom.
1611 4327 1730 4398 IlI.)
1802 4329 2022 4393 Quari-

325 4410 420 4460 tur
489 4424 605 4478 quo
671 4412 928 4480 tempore
987 4411 1264 4482 quibusve
1324 4415 1556 4484 regibus
1635 4417 1875 4471 historia
1921 4419 2020 4472 Ju-

325 4495 449 4549 dith
509 4496 700 4563 fuerit,
759 4503 887 4567 etc.,
941 4515 1109 4569 usque
1158 4503 1232 4555 ad
1287 4502 1395 4557 nisi
1426 4505 1571 4560 forte
1617 4505 1839 4560 dicatur
1867 4507 2018 4576 quod

326 4584 630 4654 Cambyses
695 4586 795 4656 qui
889 4593 1087 4658 gentes
1160 4590 1432 4645 ﬁnitimas
1497 4593 1889 4665 impugnasse,
1966 4600 2022 4649 et

323 4674 629 4743 Egyptum
692 4691 990 4744 superasse
1041 4677 1270 4746 dicitur,
1332 4697 1459 4734 cum
1488 4698 1724 4753 regnum
1763 4683 2018 4753 Assyrio-

322 4777 453 4815 rum
502 4765 672 4833 atque
726 4764 1026 4820 Persarum
1077 4784 1255 4821 unum
1306 4774 1470 4836 esset,
1524 4772 1778 4840 aliquem
1821 4788 2016 4842 regem

320 4850 559 4906 nomine
635 4853 923 4923 Arphaxat
983 4853 1040 4906 in
1094 4856 1274 4909 Media
1325 4863 1744 4928 repugnantem
1800 4859 2015 4926 vicerit,

324 4942 493 5008 atque
514 4955 616 4993 suo
639 4940 882 5011 imperio
901 4941 1306 5013 subjugaverit.

889 5063 1114 5118 CAPUT
1155 5065 1450 5122 PRIMUM.

394 5166 556 5222 Vens.
601 5171 648 5223 1.
707 5187 836 5220 -α
888 5170 1194 5241 Arphaxat.
1257 5193 1284 5224 »
1343 5174 1628 5244 (Rae.,ubi
1655 5177 1871 5245 supra.)
1896 5177 2016 5247 My-

323 5253 481 5321 stice,
543 5271 646 5326 per
700 5257 992 5328 Arphaxat
1041 5261 1272 5330 superbi
1304 5263 1724 5332 exprimuntur,
1768 5281 2015 5334 quorum

321 5346 556 5396 conatus
585 5349 640 5398 et
668 5345 828 5399 labor
857 5347 956 5418 qui
987 5364 1093 5418 per
1118 5354 1339 5404 vastum
1379 5351 1641 5406 tumioris
1664 5358 1722 5408 et
1749 5354 2016 5408 elationis

319 5431 510 5502 agitur
560 5432 721 5486 facile
759 5434 815 5487 in
850 5441 1206 5505 potestatem,
1239 5439 1785 5510 Nabuchodonosor,
1835 5442 1894 5496 Id
1924 5453 2009 5498 est

321 5520 534 5576 diaboli
574 5521 760 5576 cadit:
814 5523 934 5594 ipse
987 5530 1072 5580 est
1099 5526 1253 5580 enim
1288 5543 1384 5582 rex
1436 5545 1609 5598 super
1636 5547 1834 5586 omnes
1863 5531 2012 5586 ﬁlios

2047 4209 2090 4261 D
2131 4208 2445 4278 superbia:
2474 4229 2497 4257 ι
2533 4208 2714 4272 Quam
2750 4205 3077 4276 appellavit.
3111 4225 3139 4256 ι)
3171 4207 3308 4270 Qua
3365 4205 3559 4259 Media
3589 4209 3837 4275 provin-

2133 4296 2234 4351 cia
2289 4297 2624 4368 metropolis
2685 4302 2789 4360 est,
2849 4311 3024 4366 quam
3083 4295 3320 4349 Deiocus
3370 4295 3666 4349 Medorum
3740 4314 3839 4352 rex

2129 4385 2400 4452 condidit,
2435 4387 2530 4440 sed
2575 4385 2868 4454 Arphaxat
2898 4381 3239 4437 mirabiliter
3263 4381 3655 4451 ampliﬁcavit,
3688 4384 3842 4439 sicut

2131 4472 2328 4526 Daniel
2399 4474 2696 4543 propheta,
2771 4470 3087 4526 secundum
3155 4470 3468 4539 Josephum
3535 4471 3642 4525 sub
3736 4475 3842 4528 Da-

2127 4559 2212 4612 rio
2232 4575 2367 4630 rege
2421 4560 2482 4614 in
2531 4561 2730 4615 eadem
2760 4559 2981 4614 civitate
3012 4558 3208 4613 Media
3253 4559 3631 4614 mausolaum
3669 4563 3839 4617 valde

2125 4647 2467 4714 praclarum
2497 4653 2885 4702 constructum
2915 4647 3060 4701 mira
3090 4652 3211 4701 arte
3242 4647 3446 4716 posuit,
3484 4650 3644 4718 quod
3676 4667 3833 4721 qua-

2126 4749 2352 4805 cunque
2407 4735 2496 4789 die
2562 4735 2813 4790 cernitur
2857 4735 3054 4790 eadem
3122 4740 3513 4790 constructum
3570 4743 3836 4807 putatur,

2127 4822 2263 4893 quia
2292 4822 2370 4877 sic
2399 4823 2765 4894 pulchritudo
2788 4840 2936 4878 nova
2963 4829 3018 4876 et
3043 4823 3283 4878 materia
3305 4823 3503 4878 solida.
3535 4825 3619 4878 Ibi
3647 4842 3838 4898 usque

2125 4910 2296 4964 hodie
2324 4927 2486 4981 reges
2539 4913 2838 4965 Persarum
2914 4916 3084 4982 atque
3136 4911 3424 4966 Medorum
3466 4913 3836 4982 sepeliuntur

2126 5004 2184 5053 et
2208 5000 2299 5052 cui
2331 4999 2452 5053 hac
2476 5016 2612 5054 cura
2639 4998 3028 5054 committetur
3057 4999 3319 5053 sacerdos
3347 5000 3581 5055 Judaus
3611 5008 3722 5057 est.

2200 5110 2221 5138 ι
2257 5089 2321 5143 In
2341 5088 2538 5159 gloria.
2574 5088 2693 5144 nili
2723 5088 2785 5142 in
2832 5087 3093 5143 curribus
3140 5094 3196 5142 et
3243 5088 3302 5142 hi
3355 5088 3415 5142 in
3473 5089 3660 5159 equis,
3723 5097 3836 5146 etc.

2124 5177 2234 5232 Sed
2258 5179 2405 5231 Deus
2435 5193 2667 5231 currum
2716 5176 3028 5231 Pharaonis
3073 5181 3130 5231 et
3177 5177 3488 5231 exercitum
3543 5179 3670 5248 ejus
3704 5197 3837 5250 pro-

2116 5266 2254 5336 jecit
2276 5265 2335 5319 in
2353 5281 2538 5320 mare:
2570 5281 2706 5336 ergo
2727 5266 2826 5336 qui
2849 5265 3151 5335 gloriatur,
3170 5265 3227 5318 iu
3258 5265 3498 5320 Domino
3518 5268 3831 5336 glorietur.

2193 5356 2352 5409 Vens.
2397 5358 2448 5409 6.
2481 5385 2549 5394 —
2576 5375 2601 5400 σι
2640 5355 2704 5408 In
2734 5370 2937 5424 campo
2969 5370 3197 5425 magno.
3233 5375 3255 5402 ι
3283 5355 3468 5425 (ΒΑΒ.,
3492 5357 3590 5410 ubi
3608 5359 3828 5426 supra.)

2124 5443 2457 5498 Nominibus
2506 5445 2786 5511 locorum,
2818 5449 2948 5509 etc.,
2981 5458 3149 5512 usque
3189 5443 3264 5497 ad
3293 5449 3350 5497 et
3379 5443 3614 5499 demum
3653 5446 3836 5502 victo-

2123 5533 2237 5588 rias
2264 5532 2334 5587 ad
2359 5531 2655 5588 Chaldaos
2698 5533 2783 5588 vel
2842 5533 3102 5604 Assyrios
3130 5532 3529 5589 concesserint.
