3998 6178
187 304 295 355 733

1310 293 1566 350 GLOSSA
1604 294 2007 350 ORDINARH.
2048 326 2113 333 -—
2157 297 2286 351 LIB.
2329 297 2597 353 JUDl’l‘H.

3600 302 3704 353 734

267 442 295 469 ‹‹
329 422 486 475 Tunc
516 420 826 474 exaltatum
857 421 943 471 est
982 436 1011 466 ››
1063 416 1204 470 Cum
1237 415 1498 469 diabolus
1532 414 1888 485 perditorum
1921 420 1967 470 A
2006 421 2228 470 ctorum
2262 417 2609 483 corroborat,
2672 417 2822 471 unde
2878 418 2982 472 Job
3040 422 3188 487 (Cap.
3222 420 3316 485 xii)
3369 436 3380 472 :
3424 421 3701 475 Instaurati

186 509 628 563 multitudinem
686 523 802 561 sua:
856 504 1139 559 voluntati
1197 504 1447 574 subjicit,
1490 504 1745 557 elevatur
1804 520 1903 557 cor

184 598 338 668 ejus,
371 597 620 668 propriae
646 595 785 650 illud
818 594 1117 664 assignans
1148 592 1364 652 virtuti.
1398 608 1514 646 non
1538 592 1739 646 divinae
1769 609 1898 662 per-

184 688 453 741 missioni
492 705 504 741 :
541 692 596 740 et
625 702 691 739 eo
724 684 907 755 magis
962 683 1204 737 ardescit
1233 683 1301 736 ad
1354 682 1733 752 plurimorum
1768 699 1898 753 per-

183 776 446 830 ditorum
470 774 935 839 destructionem,
961 788 1073 842 quo
1106 788 1163 825 se
1201 771 1351 826 videt
1381 771 1726 842 quibusdam
1746 788 1897 842 pra:-

186 867 383 920 valere
417 881 521 935 per
550 880 783 935 pravam
806 861 1253 933 suggestionem,
1305 861 1458 915 unde
1492 860 1789 931 sequitur:

268 973 293 1005 ι
357 955 422 1007 Et
467 951 623 1005 misit
652 950 717 1004 ad
752 966 974 1004 omnes.
1009 969 1030 995 ι
1070 949 1249 1015 illam,
1300 948 1464 1015 ibid.)
1497 948 1767 1001 Diabolus
1796 964 1901 1018 per

187 1042 449 1095 diversas
496 1039 819 1111 provincias
878 1039 1095 1108 legatos
1170 1036 1365 1103 mittit,
1414 1042 1544 1103 etc.,
1603 1052 1769 1106 usque
1826 1038 1899 1091 ad

186 1131 349 1184 unde
402 1147 478 1183 ια
513 1130 722 1183 Omnes
784 1143 899 1181 uno
951 1126 1143 1179 animo
1176 1125 1663 1191 contradixerunt,
1714 1132 1823 1181 etc.
1872 1149 1892 1172 ι

262 1221 431 1272 Vsus.
482 1222 565 1272 l2.
630 1248 695 1256 —
750 1236 777 1265 ι(
831 1217 985 1269 Tunc
1060 1214 1391 1284 indignatus
1441 1214 1893 1268 Nabuchodono-

184 1325 308 1364 sor.
377 1331 398 1357 ι
434 1306 701 1361 Diabolus
730 1304 966 1376 propria
996 1302 1266 1373 superbia
1297 1308 1628 1369 excaecatus,
1660 1308 1894 1373 arrogat

188 1397 304 1450 sibi
354 1395 664 1466 imperium
697 1393 872 1447 totius
900 1392 1072 1457 orbis,
1108 1391 1457 1444 contendens
1488 1396 1553 1444 ut
1583 1391 1895 1444 abstractos

186 1502 222 1539 a
267 1485 432 1538 cultu
488 1482 741 1553 pietatis,
783 1485 1073 1534 consortes
1144 1495 1261 1532 suae
1310 1478 1478 1532 faciat
1536 1478 1893 1549 impietatis:

188 1574 293 1645 qui
328 1574 398 1626 de
420 1570 680 1643 potentia
710 1568 875 1639 regni
907 1568 1216 1631 exsultans,
1250 1567 1328 1619 ait
1363 1584 1374 1621 :
1413 1588 1439 1615 ‹‹
1497 1567 1812 1620 Ascendam
1836 1567 1897 1620 in

190 1663 428 1727 castum,
468 1666 525 1713 et
564 1674 776 1730 ponam
808 1656 999 1711 sedem
1030 1670 1218 1709 meam
1249 1656 1307 1708 in
1337 1656 1703 1726 Aquilonem,
1738 1660 1793 1709 et
1821 1655 1895 1708 si-

190 1751 353 1805 milis
376 1766 473 1803 ero
504 1748 812 1803 Altissimo.
872 1766 898 1796 »
935 1746 997 1798 Et
1052 1744 1113 1797 in
1154 1744 1454 1815 Evangelio
1488 1761 1502 1799 :
1545 1763 1573 1795 α
1611 1746 1740 1799 Haac
1779 1761 1896 1798 om—

188 1841 289 1894 nia
322 1838 431 1894 tibi
453 1838 622 1903 dabo,
664 1838 712 1889 si
733 1832 1055 1889 adoraveris
1086 1849 1199 1888 me.
1228 1852 1256 1884 ι)

885 1940 1107 1994 CAPUT
1148 1940 1216 1993 II.

265 2052 430 2104 Vens.
508 2052 562 2101 7.
619 2078 687 2086 —
721 2066 747 2096 (ι
801 2048 957 2100 Tunc
1008 2044 1361 2099 Holofernes.
1397 2062 1427 2096 ι)
1461 2044 1643 2114 (Rau,
1698 2046 1756 2097 in
1798 2044 1891 2098 lib.

187 2140 425 2203 Judith,
454 2142 571 2191 tom
634 2137 753 2204 ΙΙΙ.)
804 2133 1134 2188 Holofernes
1166 2132 1259 2186 ille
1290 2132 1580 2202 principes
1614 2132 1892 2200 gentium,

190 2228 294 2299 qui
356 2225 657 2281 Ecclesiam
716 2222 965 2293 perscuti
1023 2226 1157 2275 sunt
1224 2220 1527 2290 signiﬁcat,
1565 2226 1695 2287 etc.,
1729 2235 1897 2288 usque

189 2317 267 2369 ad
305 2319 373 2368 ut
428 2328 626 2367 omnes
672 2312 913 2364 adorent
956 2309 1283 2376 draconem,
1344 2308 1443 2378 qui
1498 2306 1693 2361 bestiae
1723 2307 1895 2361 talem

190 2404 357 2459 dedit
385 2406 712 2473 potestatm.

265 2492 437 2543 Vens.
470 2491 553 2542 12.
586 2516 656 2528 --
708 2510 735 2535 ‹‹
762 2488 1019 2555 Cumque
1063 2483 1479 2556 pertransisset.
1515 2503 1541 2534 ι)
1576 2485 1698 2553 (lo.,
1734 2482 1893 2552 ibid.)

192 2578 304 2630 Per
325 2576 575 2630 diversas
611 2574 947 2645 provincias,
979 2579 1035 2627 et
1062 2573 1300 2627 nomina
1330 2573 1604 2635 locorum,
1655 2589 1785 2643 quae
1833 2572 1894 2625 in

185 2664 437 2719 historia
489 2662 877 2728 continentur,
954 2677 1329 2732 personarum
1389 2661 1781 2715 distinctiones
1838 2666 1895 2714 et

191 2753 504 2823 graduum,
565 2756 622 2805 et
690 2750 1056 2819 dignitatum,
1105 2749 1501 2820 designantur,
1563 2766 1627 2802 ex
1683 2748 1893 2819 quibus

189 2842 458 2895 diabolus
508 2839 752 2893 vindicat
797 2838 903 2892 sibi
951 2838 1200 2909 aliquam
1248 2842 1491 2907 partem,
1548 2853 1651 2890 nec
1683 2852 1892 2907 pugnas

191 2930 470 2984 formidat
501 2928 918 2992 difﬁcultatem,
975 2927 1069 2980 sed
1142 2926 1374 2997 grandis
1404 2925 1676 2995 potentias
1721 2941 1892 2996 gran-

191 3019 328 3073 dem
358 3022 534 3071 certat
554 3018 777 3071 efﬁcere
798 3015 1045 3069 ruinam.

262 3109 431 3161 Veas.
470 3109 555 3161 l3.
590 3136 658 3146 —
689 3128 714 3153 ‹‹
756 3104 1151 3174 Ρτωᾰεινὶιῳιθ
1178 3118 1398 3167 omnes.
1430 3122 1456 3154 »
1489 3102 1749 3156 Scientiaa
1785 3101 1895 3155 uti-

189 3197 418 3250 litatem
463 3196 746 3261 auferens,
803 3201 860 3248 et
914 3198 1119 3247 caetera
1166 3192 1374 3262 quibus
1427 3191 1636 3245 servire
1692 3190 1899 3244 debue-

187 3289 325 3338 rant
358 3285 501 3350 Deo;
537 3289 594 3337 et
632 3284 691 3335 in
730 3298 896 3336 usum
928 3280 1146 3335 servitii
1193 3281 1281 3333 sui
1331 3284 1709 3333 convertens:
1756 3278 1897 3331 resi-

186 3378 406 3427 stentes
452 3372 661 3425 occidit
702 3371 763 3424 in
792 3387 888 3424 ore
919 3370 1115 3440 gladii,
1169 3369 1304 3440 quia
1348 3385 1493 3438 quos
1545 3368 1772 3421 tlectere
1826 3367 1898 3421 ad

188 3477 543 3516 consensum
568 3460 787 3530 nequit,
819 3460 1193 3529 corporaliter
1223 3458 1447 3512 occidit.

261 3552 431 3604 Vens.
486 3554 569 3603 17,
598 3578 670 3589 -
705 3568 732 3598 «ι
776 3548 1072 3602 Descendit
1115 3547 1176 3601 in
1215 3563 1467 3617 campos.
1517 3565 1541 3596 ι)
1593 3547 1898 3599 Damascus

188 3646 366 3710 potus
399 3638 691 3709 sanguinis
739 3637 1166 3706 interpretatur,
1200 3635 1261 3688 in
1308 3651 1420 3705 qua
1443 3634 1731 3705 principes
1757 3649 1898 3703 gen—

186 3729 339 3783 tium
370 3728 796 3797 exprimuntur,
858 3725 955 3795 qui
990 3724 1193 3777 sitiunt
1223 3722 1565 3794 sanguinem
1588 3722 1846 3775 ﬁdelium
1882 3737 1893 3774 :

185 3817 443 3872 maxime
475 3816 533 3869 in
564 3819 819 3886 tempore
847 3814 1064 3880 messis,
1101 3812 1159 3866 id
1186 3816 1290 3880 est,
1320 3812 1381 3864 in
1403 3810 1896 3864 consummatione

184 3905 389 3961 saaculi
441 3904 823 3958 debacchante
912 3918 1014 3972 per
1061 3901 1428 3955 latitudinem
1486 3898 1639 3954 orbis
1702 3898 1896 3951 furore

182 3992 548 4049 Antichristi.

872 4078 1101 4134 CAPUT
1150 4077 1250 4132 Ill.

258 4190 427 4241 Vaas.
496 4191 544 4241 1.
682 4209 701 4235 ι
746 4186 901 4239 Tunc
940 4184 1239 4249 miserunt,
1287 4205 1313 4232 »
1347 4188 1453 4235 etc.
1487 4183 1752 4236 Potentes
1799 4198 1901 4234 3&3-

2010 510 2165 560 testes
2194 511 2377 561 contra
2398 523 2499 575 me,
2548 512 2605 560 et
2629 507 2833 560 Paulus
2863 507 2933 560 ad
2982 507 3248 561 Hebraeos
3276 507 3409 561 tidei
3439 508 3704 563 virtutem

2008 593 2250 648 laudans
2300 599 2529 666 patrum
2586 595 2813 664 copiosa
2859 595 3087 649 induxit
3150 597 3435 665 exempla,
3478 597 3577 667 qui
3605 613 3707 668 per

2008 682 2180 737 ﬁdem
2215 683 2467 738 vicerunt
2490 700 2684 754 regna,
2721 684 2941 753 operati
2966 689 3100 737 sunt
3120 685 3424 753 justitiam.

2682 792 2903 846 CAPUT
2970 793 3028 845 V.

2078 898 2237 951 Vens.
2298 901 2348 951 5.
2391 927 2459 937 --
2518 918 2543 948 ‹‹
2595 899 2750 951 Tunc
2806 898 3016 952 Acbior
3063 898 3194 958 dux,
3255 918 3281 947 ι)
3338 904 3445 951 etc.
3533 898 3703 962 Quasi

2005 986 2269 1057 princeps
2323 987 2726 1041 haereticorum
2790 988 3033 1058 quilibet
3085 987 3424 1041 idololatriae
3480 986 3705 1040 deditus

2006 1076 2104 1145 qui
2157 1075 2226 1129 de
2296 1075 2504 1129 divinis
2535 1077 2804 1146 operibus
2848 1080 2903 1129 et
2952 1076 3241 1129 miraculis
3281 1075 3544 1145 cognovit
3575 1091 3704 1144 quae

2006 1180 2155 1234 saepe
2201 1164 2324 1217 aliis
2365 1164 2521 1229 dicit,
2580 1165 2838 1233 quamvis
2877 1165 3048 1218 ﬁdem
3092 1164 3424 1216 catholicam
3458 1164 3703 1233 perfecte

2006 1267 2121 1303 non
2153 1252 2431 1315 didicerit,
2471 1259 2525 1304 et
2557 1252 2765 1306 Christi
2817 1252 3157 1322 baptismate
3186 1256 3413 1304 renatus
3464 1234 3577 1304 non
3609 1250 3700 1304 sit.

2006 1340 2103 1393 Vel
2136 1356 2239 1410 per
2290 1340 2502 1393 Achior
2530 1340 2785 1393 haeretici
2837 1340 3230 1410 designantur,
3280 1340 3379 1409 qui
3426 1339 3557 1392 licet
3602 1355 3705 1409 per

2008 1428 2201 1481 omnia
2229 1428 2381 1481 viam
2413 1428 2668 1482 veritatis
2699 1445 2812 1481 non
2846 1434 3097 1488 teneant,
3134 1434 3325 1481 tamen
3358 1429 3417 1481 in
3447 1428 3705 1481 doctrina

2008 1534 2107 1570 sua
2165 1517 2344 1570 multa
2415 1518 2751 1587 prazdicant,
2810 1534 2939 1587 quae
2984 1523 3190 1571 nostra:
3276 1517 3410 1571 ﬁdei
3476 1532 3703 1570 concor-

2009 1606 2163 1659 dant.
2203 1605 2269 1659 Hi
2308 1611 2506 1659 contra
2538 1606 2841 1659 Ecclesiam
2889 1606 3229 1659 catholicam
3271 1610 3550 1676 pugnant,
3604 1604 3700 1658 sed

1931 1707 1968 1760 Β
2011 1694 2226 1747 ratione
2259 1694 2510 1765 superati
2541 1695 2841 1748 veritatem
2867 1694 3104 1748 omnino
3132 1711 3247 1748 non
3279 1695 3485 1761 celant,
3519 1695 3701 1748 baare-

2002 1782 2100 1836 tici
2157 1782 2309 1836 enim
2366 1783 2513 1836 bona
2552 1783 2716 1837 malis
2766 1782 3149 1853 permiscent;
3199 1783 3334 1853 quia
3383 1783 3429 1835 si
3480 1798 3705 1851 semper

2002 1871 2156 1925 mala
2184 1871 2457 1935 dicerent,
2514 1872 2687 1924 latere
2740 1887 2859 1924 non
2897 1876 3155 1941 possent;
3199 1871 3342 1923 sicut
3374 1871 3474 1940 qui
3500 1871 3703 1924 veneni

2001 1960 2272 2029 poculum
2348 1959 2610 2028 porrigit,
2661 1959 2885 2012 labrum
2933 1959 3121 2012 calicis
3168 1959 3333 2012 melle
3390 1958 3593 2027 tangit,
3645 1965 3713 2033 ut.

2005 2048 2157 2117 quod
2202 2048 2364 2101 dulce
2401 2053 2504 2113 est,
2565 2048 2754 2117 primo
2814 2049 3111 2114 sentiatur,
3144 2052 3214 2101 ne
3272 2048 3424 2118 quod
3457 2047 3706 2101 mortife-

2004 2152 2132 2189 rum
2165 2142 2248 2189 est
2276 2136 2564 2190 timeatur.
2609 2137 2931 2211 Aliquando
2963 2141 3156 2190 tamen
3185 2137 3424 2190 correcti
3482 2138 3705 2190 salvan-

2002 2229 2117 2289 tur,
2152 2225 2199 2278 si
2231 2229 2295 2277 ut
2342 2224 2555 2277 Achior
2615 2224 2811 2278 videns
2884 2224 3176 2278 victoriam
3234 2225 3447 2289 Judith,
3502 2241 3704 2278 conso-

2004 2312 2183 2366 ciatus
2230 2314 2439 2383 populo
2473 2312 2572 2366 Dei
2609 2313 2963 2366 circumcidit
2992 2329 3221 2366 carnem
3253 2313 3519 2383 prmputii
3566 2313 3653 2367 sui
3688 2330 3700 2367 :

2004 2401 2218 2471 leprosi
2274 2417 2507 2472 quoque
2538 2402 2852 2471 evangelici
2882 2401 3178 2454 haereticos
3222 2400 3573 2469 exprimunt,
3604 2401 3704 2471 qui

2005 2491 2141 2543 dum
2182 2491 2353 2543 rectis
2406 2506 2582 2558 prava
2636 2490 2917 2555 inserunt,
2978 2488 3143 2560 quasi
3192 2490 3439 2541 colorem
3498 2504 3703 2541 sanum

2002 2578 2240 2632 maculis
2272 2583 2603 2649 aspergunt.

2677 2666 2901 2720 CAPUT
2943 2667 3028 2719 Vl.

2077 2773 2234 2824 Vens.
2300 2775 2381 2826 10,
2431 2804 2496 2810 -
2534 2794 2561 2821 «
2612 2774 2786 2826 Porro
2814 2772 2918 2826 ﬁlii
2968 2773 3139 2825 Israel
3188 2772 3593 2826 descendentes
3634 2770 3704 2825 de

2004 2861 2265 2914 Bethulia
2322 2866 2621 2915 venerunt.
2658 2882 2684 2909 »
2734 2861 2859 2914 Filii
2912 2878 2924 2915 :
2974 2862 3235 2914 doctores
3296 2860 3555 2914 Ecclesiae
3633 2860 3701 2914 ad

1925 2989 1965 3044 Ο
2002 2950 2265 3003 arborem
2301 2949 2540 3020 ligatum
2574 2951 2821 3012 solvunt,
2870 2966 3000 3003 cum
3051 2950 3491 3003 catechumenos
3548 2965 3700 3014 suos,

2007 3054 2110 3091 nec
2159 3042 2587 3107 persecutorum
2633 3037 2870 3103 rabiem,
2905 3054 3007 3091 nec
3029 3042 3270 3091 mortem
3300 3037 3703 3107 pertimescere

2006 3124 2228 3179 docent.
2264 3125 2434 3188 Quasi
2482 3125 2553 3179 ad
2608 3125 2872 3179 arborem
2918 3126 3162 3196 ligatum
3226 3126 3469 3193 solvunt,
3512 3141 3640 3179 cum
3672 3142 3703 3178 a

2005 3213 2313 3267 formidine
2352 3213 2533 3266 crucis
2569 3220 2817 3267 mentem
2874 3214 3136 3284 pavidam
3169 3218 3358 3277 erunt,
3403 3220 3459 3267 et
3490 3214 3554 3267 ad
3594 3231 3700 3284 pa-

2004 3302 2263 3356 tiendum
2292 3303 2603 3368 instruunt,
2648 3304 2755 3356 hoc
2785 3307 2977 3357 autem
3009 3303 3213 3357 melius
3260 3302 3345 3367 ﬁt,
3408 3302 3452 3354 si
3497 3304 3705 3371 (exem-

2004 3392 2102 3461 plo
2152 3392 2305 3446 Oxiae
2347 3396 2405 3445 et
2448 3392 2674 3447 Carmin
2704 3392 2804 3463 qui
2830 3392 3213 3445 confortantes
3246 3391 3469 3452 Achior,
3504 3406 3703 3461 preces

2004 3478 2236 3532 devotas
2276 3495 2406 3532 cum
2439 3478 2596 3531 omni
2622 3480 2836 3549 p0pulo
2892 3478 3133 3532 Domino
3189 3476 3533 3546 etfuderunt)
3583 3492 3704 3530 ma-

2004 3567 2166 3637 gistri
2202 3568 2462 3621 Ecclesiae
2484 3584 2614 3621 cum
2649 3567 2871 3622 caeteris
2915 3567 3179 3622 ﬁdelibus
3233 3567 3523 3620 auditores
3573 3582 3705 3618 suos

2006 3656 2248 3710 Domino
2306 3656 2833 3711 commendaverint
2882 3656 3099 3710 devotis
3130 3656 3414 3726 precibus,
3464 3660 3531 3708 ut
3579 3655 3701 3725 ejus

2005 3744 2155 3798 dono
2179 3744 2477 3807 habeatur,
2499 3745 2647 3815 quod
2673 3745 2926 3798 humana
2946 3744 3252 3798 inﬁrmitas
3285 3761 3399 3797 non
3426 3748 3697 3797 meretur.

2076 3835 2232 3887 Vens.
2294 3838 2376 3889 19.
2431 3863 2493 3873 -
2553 3852 2581 3885 (ι
2640 3835 2702 3887 Et
2754 3834 2887 3887 fecit
2945 3834 2998 3887 ei
3049 3849 3268 3886 coenam
3314 3848 3600 3901 magnam.
3664 3854 3689 3881 »

2006 3923 2237 3993 Expleto
2264 3922 2487 3993 jejunio
2520 3922 2671 3989 facit,
2701 3922 2799 3993 qui
2837 3922 3088 3975 animam
3130 3922 3230 3975 diu
3254 3921 3613 3990 languidam,
3645 3925 3701 3974 et

2004 4028 2154 4083 pane
2202 4011 2361 4065 verbi
2396 4010 2620 4064 Domini
2665 4015 2952 4081 egentem,
2995 4010 3325 4081 evangelica
3354 4008 3615 4063 doctrina
3645 4015 3702 4063 et

2004 4099 2245 4170 dapibus
2294 4099 2571 4153 virtutum
2600 4100 2798 4153 reﬁcit.
2862 4098 3003 4154 Huic
3042 4098 3299 4153 convivio
3352 4098 3702 4152 advocantur

2006 4204 2205 4243 omnes
2282 4188 2622 4258 presbyteri,
2689 4194 2749 4242 ut
2822 4205 3021 4242 eorum
3092 4186 3580 4242 exhortationibus
3646 4191 3702 4240 et

182 4277 300 4331 culi
332 4280 392 4330 et
421 4276 781 4345 voluptatum
825 4277 1127 4338 amatores,
1177 4271 1275 4342 qui
1315 4270 1628 4341 principem
1686 4268 1887 4324 mundi
1925 4274 1972 4329 D
1996 4277 2272 4348 exemplis
2317 4277 2758 4331 corroborentur
2790 4277 3067 4348 neophyti
3096 4277 3167 4332 ad
3205 4276 3379 4332 ﬁdem
3410 4274 3700 4345 accipien-

183 4366 428 4420 student
475 4363 845 4417 reconciliare
911 4361 1040 4425 sibi,
1092 4364 1158 4414 ut
1213 4360 1412 4413 mortis
1466 4359 1782 4429 periculum
1832 4363 1888 4412 et

182 4455 525 4523 voluptatis,
550 4451 957 4506 detrimentum
1006 4448 1245 4503 evadere
1283 4447 1530 4518 possint;
1582 4448 1650 4501 de
1680 4447 1890 4517 quibus

180 4543 399 4598 dicitur
427 4559 439 4595 :
477 4560 504 4592 ‹‹
546 4540 653 4605 Qui
682 4541 804 4594 vult
832 4556 950 4592 esse
971 4537 1190 4592 amicus
1219 4537 1390 4606 hujus
1442 4536 1655 4598 saeculi,
1690 4536 1890 4590 inimi—

182 4648 286 4686 cus
310 4631 415 4685 Dei
435 4628 822 4683 constituitur.
858 4647 886 4677 »
940 4628 1003 4681 In
1034 4627 1123 4681 his
1162 4625 1317 4680 enim
1353 4624 1673 4679 sollicitudo
1718 4625 1889 4693 hujus

184 4719 410 4787 saeculi,
432 4716 727 4771 etfallacia
750 4715 1079 4770 divitiarum
1102 4714 1339 4769 suffocat
1365 4713 1623 4780 verbum,
1659 4716 1714 4766 et
1762 4713 1888 4766 fru-

182 4813 341 4863 ctum
395 4823 511 4859 non
543 4805 692 4870 facit,
750 4804 806 4857 hi
857 4804 1011 4856 enim
1045 4804 1360 4857 secundum
1405 4803 1640 4855 nomina
1683 4802 1888 4855 harum

180 4896 593 4967 provincarum
662 4892 932 4962 superbia
1003 4892 1375 4958 extolluntur,
1435 4889 1745 4943 vanitatem
1794 4905 1890 4943 se-

181 4989 447 5056 quuntur
496 5000 508 5036 :
540 4990 751 5037 terram
783 4982 1004 5035 duabus
1042 4980 1146 5033 viis
1204 4979 1630 5050 ingrediuntur,
1690 4984 1745 5047 et
1776 4995 1885 5034 coe-

181 5078 311 5128 tum
374 5070 699 5142 lugentium
744 5070 830 5123 vel
861 5068 1103 5123 luxuriaz
1136 5085 1253 5122 sua:
1284 5083 1479 5138 pcenas
1519 5067 1799 5122 luentium
1828 5068 1887 5122 in

182 5161 417 5216 inferna
448 5160 821 5214 sociabuntur
853 5176 865 5212 :
895 5158 995 5213 ubi
1020 5158 1091 5212 ad
1137 5157 1383 5211 calorem
1424 5156 1667 5210 nimium
1698 5161 1887 5210 trans-

178 5250 354 5304 ibunt
378 5250 450 5303 ab
483 5248 647 5319 aquis
678 5247 917 5313 nivium,
977 5264 1005 5297 α
1040 5250 1099 5301 et
1130 5245 1338 5300 vermis
1364 5261 1565 5299 eorum
1596 5260 1711 5298 non
1760 5261 1883 5298 mo-

179 5338 390 5407 rietur,
424 5341 482 5391 et
509 5337 661 5407 ignis
687 5352 805 5390 non
834 5335 1249 5406 exstinguetur.
1294 5354 1316 5382 ι

864 5444 1091 5499 CAPUT
1123 5443 1213 5497 IV.

258 5553 423 5606 Vens.
470 5553 551 5605 l3.
609 5552 961 5605 —Mcmores
1020 5553 1200 5604 estote.
1262 5549 1367 5602 Per
1434 5546 1697 5618 exempla
1759 5564 1887 5601 san-

1998 4368 2129 4421 dam
2154 4368 2239 4420 vel
2266 4366 2730 4421 conservandam.

2672 4472 2896 4525 CAPUT
2933 4472 3026 4524 Vll

2068 4576 2235 4630 Vaas.
2268 4580 2319 4629 7.
2355 4607 2419 4614 —
2453 4597 2473 4622 α
2513 4576 2683 4629 Erant
2718 4580 2911 4629 tamen
2950 4590 3067 4628 non
3094 4575 3263 4644 longe
3295 4591 3326 4628 a
3358 4572 3537 4627 muris
3566 4574 3698 4627 fon-

1996 4668 2102 4718 tes.
2139 4682 2164 4715 ι
2211 4663 2367 4717 Sicut
2394 4663 2452 4716 in
2510 4664 2651 4718 libro
2711 4665 2930 4732 Regum
2975 4662 3325 4717 Philisthiim
3370 4662 3557 4715 fabros
3586 4662 3697 4715 fer-

1997 4753 2178 4806 rarios
2238 4752 2525 4816 auferunt,
2578 4768 2649 4805 ne
2697 4751 2906 4804 faciant
2960 4751 3210 4805 Hebraeis
3259 4755 3359 4804 aut
3414 4751 3695 4815 lanceam,

1999 4846 2098 4894 aut
2152 4839 2426 4909 gladium.
2480 4841 2545 4894 Et
2590 4839 2884 4894 descendit
2927 4838 3114 4892 omnis
3161 4839 3333 4891 Israel
3391 4838 3460 4893 ad
3531 4838 3699 4892 Phili-

1998 4928 2218 4994 sthiim,
2268 4935 2336 4984 ut
2364 4934 2662 4983 exacueret
2691 4943 3004 4993 vomerem,
3072 4932 3125 4981 et
3156 4926 3408 4997 ligonem
3452 4931 3507 4981 et
3537 4943 3696 4980 secu-

1997 5017 2128 5085 rim,
2161 5022 2215 5071 et
2242 5017 2548 5073 sarculum.
2576 5019 2692 5071 Hoc
2716 5016 2869 5070 enim
2902 5016 3150 5070 maxime
3172 5016 3433 5070 diabolus
3486 5017 3693 5083 studet,

1995 5112 2061 5162 ut
2085 5106 2356 5161 doctrinae
2386 5107 2602 5161 ﬂuenta
2632 5110 2689 5159 et
2736 5105 3011 5159 virtutum
3042 5120 3203 5159 arma
3260 5104 3499 5171 auferat,
3536 5111 3591 5158 et
3619 5105 3697 5159 sic

1996 5196 2311 5267 nequitiam
2344 5212 2502 5250 suam
2542 5196 2603 5249 in
2629 5194 2925 5249 interitum
2955 5210 3247 5247 servorum
3302 5194 3401 5247 Dei
3430 5194 3697 5247 velociter

1996 5285 2220 5354 expleat
2255 5302 2267 5338 :
2300 5285 2433 5338 hinc
2464 5284 2751 5355 principes
2782 5283 3039 5352 gentium
3062 5288 3115 5336 et
3154 5282 3414 5336 Julianus
3439 5286 3695 5353 apostata

1995 5390 2111 5428 non
2144 5374 2330 5427 solum
2360 5373 2633 5439 divinam,
2669 5372 2769 5426 sed
2800 5375 2857 5425 et
2884 5372 3198 5426 humanam
3231 5371 3568 5425 Christianis
3597 5371 3689 5424 in-

1993 5460 2282 5517 terdicunt
2306 5461 2754 5530 philosophiam.

2066 5552 2224 5605 νεεδ.
2289 5552 2369 5603 12.
2434 5568 2459 5597 ‹‹
2514 5550 2670 5603 Tunc
2708 5550 2778 5604 ad
2825 5548 3014 5603 Oziam
3057 5547 3410 5617 congregati.
3468 5574 3493 5597 ››
3555 5549 3687 5603 Car-
