4082 6184
343 312 446 365 735

979 305 1375 360 WALAFRIDI
1411 303 1661 360 STRABI
1700 303 1900 359 FULD.
1943 302 2104 357 MON.
2145 303 2298 359 OPP.
2342 301 2537 358 PARS.
2575 302 2620 356 Ῑ.
2663 330 2732 342 —
2769 301 3233 358 THEOLOGICA.

3746 302 3844 355 736

343 433 502 487 nales
547 431 648 502 qui
694 430 891 486 dicunt
923 450 944 477 ι
984 429 1245 495 Domine,
1310 427 1567 496 Domine,
1599 444 1697 482 cor
1739 432 1934 482 autem
1956 444 2049 482 eo-
2079 430 2125 482 Α
2158 428 2260 482 lui.
2312 429 2415 483 Cui
2447 429 2532 482 vir
2560 444 2694 482 suus
2725 428 2957 500 reliquit
3006 427 3230 483 divitias
3270 427 3582 499 spiritualis
3622 429 3847 499 sapien-

344 536 475 574 rum
523 521 690 591 longe
733 523 818 574 est
857 535 890 572 a
927 535 1018 572 me
1064 519 1280 586 (Matth.
1318 533 1412 584 vn,
1447 516 1557 587 xv).
1619 536 1648 568 »
1691 519 1835 571 Sunt
1889 516 2042 570 enim

345 609 408 663 in
468 625 679 680 sagena
717 607 944 662 Domiui
993 611 1052 660 et
1105 605 1241 660 boni
1274 609 1330 659 et
1360 605 1494 660 mali
1526 605 1728 676 pisces,
1766 621 1943 676 usque
1975 607 2044 660 ad

347 698 506 753 littus
550 697 730 752 futuri
777 695 998 767 judicii,
1057 695 1156 765 qui
1189 695 1486 766 praesentis
1518 697 1648 748 vita!
1679 695 2047 749 iueommoda

350 787 598 859 graviter
639 789 909 852 ferentes,
960 785 1185 850 malunt
1231 783 1612 856 praesentibus
1656 785 1740 838 uti
1803 785 2042 852 deliciis,

351 892 523 947 quam
553 874 804 929 cmlestia
834 875 984 928 bona
1016 875 1121 928 sibi
1149 874 1210 927 in
1241 874 1435 928 futuro
1468 874 1768 939 reservari,
1801 874 1902 945 qui
1923 891 2046 927 ma-

351 965 562 1035 gistros
619 980 750 1016 suos
809 963 1156 1033 importunis
1221 962 1619 1033 quaerimoniis
1649 962 1932 1033 affligunt,
1994 967 2052 1016 et

349 1052 458 1106 sibi
487 1052 558 1106 ad
583 1052 779 1106 luxum
811 1053 1002 1106 saeculi
1031 1051 1308 1105 assentire
1325 1057 1556 1121 cogunt,
1587 1051 2046 1122 undesequitur:

425 1143 587 1195 Vens.
623 1144 710 1196 '23.
737 1172 805 1180 —
837 1164 858 1190 ε
897 1142 958 1194 Et
993 1141 1097 1194 hos
1127 1141 1382 1210 quinque
1411 1140 1550 1204 dies,
1588 1161 1607 1186 ι
1647 1145 1751 1194 etc.
1789 1140 2050 1210 Quinque

352 1229 474 1284 dies
505 1230 761 1301 quinque
810 1246 1009 1283 seusus
1062 1229 1338 1299 corporis,
1394 1229 1604 1300 quibus
1658 1245 1908 1300 praesens
1938 1229 2086 1290 vita,

353 1318 602 1374 ducitur.
637 1317 802 1388 quasi
848 1317 1104 1388 quinque
1134 1317 1358 1371 dierum
1391 1317 1642 1371 inducias
1673 1318 1868 1370 doctor
1899 1317 2052 1370 iners

353 1407 582 1478 expetit,
637 1406 736 1478 qui
781 1407 1077 1476 corporale
1143 1405 1347 1460 vitium
1389 1405 1656 1460 solatium
1697 1406 2053 1460 auditoribus

350 1495 654 1550 indiscrete
686 1495 990 1564 promittit,
1028 1495 1190 1566 quasi
1238 1495 1297 1547 in
1325 1499 1602 1565 potestate
1658 1511 1761 1548 sua
1791 1494 1862 1548 sit
1892 1511 2048 1548 sum-

351 1583 432 1638 mi
476 1583 688 1638 datoris
741 1583 1186 1654 magniﬁcentia,
1247 1598 1377 1636 cum
1428 1582 1613 1652 magis
1666 1587 1894 1652 tempus
1948 1583 2052 1636 tri-

349 1672 588 1739 buendi,
627 1676 684 1726 et
704 1671 924 1738 modus,
946 1671 1004 1725 in
1023 1671 1208 1724 dantis
1230 1687 1403 1742 quam
1428 1671 1758 1740 accipientis
1779 1676 2052 1742 potestate

351 1761 620 1814 consistat
653 1775 667 1826 ;
727 1760 774 1813 si
805 1759 958 1813 enim
1010 1759 1305 1828 praesentis
1335 1763 1461 1812 vitae
1491 1763 1733 1828 negatur
1761 1759 2050 1825 solatium,

353 1849 614 1903 subditos
644 1849 936 1914 deserunt,
971 1853 1034 1902 ut
1087 1848 1350 1901 cedentes
1380 1847 1896 1917 persecutionibus,
1931 1863 2051 1900 cor-

351 1938 550 2008 porale
581 1936 837 1990 devitant
865 1935 1234 2006 supplicium.
1285 1936 1438 1989 Hanc
1469 1935 1904 1989 conventionem
1957 1950 2056 1989 uo-

355 2028 473 2078 stra
491 2023 706 2090 Judith,
740 2024 796 2077 id
837 2028 921 2078 est
945 2022 1207 2086 Ecclesia,
1243 2023 1461 2092 respuit
1490 2027 1545 2076 et
1573 2024 1910 2077 contemnit.

995 2163 1222 2218 CAPUT
1271 2164 1410 2218 VIII.

427 2288 588 2342 Vens.
622 2289 669 2340 1.
701 2315 774 2327 -
805 2307 833 2334 ‹‹
893 2287 956 2341 Et
1007 2287 1221 2341 factum
1249 2290 1335 2340 est
1367 2302 1518 2353 cum,
1555 2308 1576 2335 ι
1607 2291 1740 2352 etc.,
1795 2287 2057 2358 sequitur

431 2393 460 2425 ς(
513 2373 654 2428 Filia
713 2374 933 2428 Merari.
976 2393 1005 2426 ››
1077 2375 1137 2429 Id
1195 2379 1278 2429 est
1333 2374 1753 2429 amaritudinis.
1814 2374 2058 2429 Ecclesia

359 2461 514 2517 enim
546 2478 649 2533 per
678 2462 1120 2517 amaritudinem
1179 2468 1235 2516 et
1285 2463 1715 2516 tribulationem
1749 2463 1818 2517 ad
1846 2463 2056 2516 futurae

356 2551 487 2606 vitae
545 2551 754 2621 gaudia
831 2557 1182 2620 generatur:
1216 2552 1317 2605 ubi
1358 2551 1666 2607 Dominum
1724 2551 2056 2606 laudabitin

357 2644 658 2694 aeternum.
716 2639 877 2704 Quod
934 2639 1088 2694 enim
1147 2639 1471 2710 quindecim
1525 2639 1890 2709 generatioue
1930 2655 2059 2709 pro-

357 2728 551 2799 genita
582 2731 866 2792 narratur,
902 2727 1186 2797 signiﬁcat
1216 2728 1374 2798 quod
1408 2727 1652 2781 Ecclesia
1671 2743 1774 2797 per
1803 2727 2056 2781 hebdoa-

357 2818 486 2872 dem
537 2817 678 2886 legis
737 2821 793 2870 et
848 2817 1166 2886 ogdoadem
1196 2816 1499 2887 evangelii,
1534 2817 1602 2871 de
1633 2815 1972 2886 patriarchis
2004 2821 2062 2871 et

359 2905 632 2976 apostolis
663 2909 747 2959 est
797 2905 970 2971 edita,
1027 2909 1082 2959 et
1122 2905 1192 2959 ad
1243 2906 1529 2960 caelestem
1586 2905 1830 2975 gratiam
1861 2922 2056 2960 ascen-

2113 517 2249 572 ‘tias
2280 522 2337 572 et
2378 517 2604 572 virtutis
2652 534 2665 572 :

2718 521 2774 572 et
2819 517 3116 582 familiam,
3153 517 3207 572 id
3241 523 3326 572 est
3364 518 3620 588 gentium
3659 519 3850 572 multi-

2153 608 2415 663 tudinem
2447 608 2796 679 aggregavit.

2226 699 2386 752 Vens.
2413 702 2462 751 7.
2498 727 2569 737 —
2625 718 2646 744 ι
2684 697 2786 750 Cui
2833 697 2920 750 vir
2951 713 3086 751 suus
3118 697 3426 768 reliquerat
3454 696 3678 750 divitias
3709 697 3850 750 mul-

2155 791 2258 840 tas.
2296 805 2322 837 ››
2357 787 2428 840 Ex
2460 785 2668 840 veteris
2699 785 2839 856 legis
2870 790 2925 840 et
2951 802 3017 840 ex
3051 785 3425 856 philosophia:
3458 785 3852 850 instructione,

2157 875 2502 945 moralisque
2551 874 2887 943 disciplima,
2935 875 3276 944 multiplices
3303 891 3439 945 opes
3470 874 3538 928 ad
3573 873 3855 928 Christum

2156 966 2391 1020 veniens
2423 965 2611 1018 attulit
2653 963 2934 1029 Ecclesia;
2992 963 3144 1017 unde
3178 968 3234 1016 et
3267 963 3472 1016 Paulus
3502 979 3562 1016 se
3588 963 3656 1016 ad
3688 963 3858 1033 pedes

2159 1053 2430 1108 Gamaliel
2491 1052 2772 1106 nutritum
2828 1052 3126 1122 gloriatur,
3177 1057 3235 1105 et
3281 1052 3492 1120 Moyses
3547 1050 3704 1104 omni
3766 1067 3855 1103 sa-

2158 1141 2374 1213 pientia
2403 1141 2797 1211 Egyptiorum
2829 1140 3087 1194 eruditus
3118 1139 3346 1210 legitur.

2230 1232 2388 1284 Vaas.
2440 1233 2524 1284 12.
2571 1259 2641 1272 —-
2681 1249 2708 1280 (ι
2747 1231 2870 1284 Non
2901 1236 2987 1283 est
3038 1229 3142 1282 iste
3183 1246 3440 1283 sermo.»
3475 1229 3616 1284 Cum
3663 1227 3860 1282 afflicti

2161 1335 2380 1386 sumus,
2438 1335 2540 1373 nec
2609 1324 2857 1390 tempus,
2909 1335 3013 1372 nec
3047 1319 3280 1373 modum
3335 1317 3704 1389 prmscribere
3752 1317 3862 1370 Do-

2162 1408 2320 1463 mino
2353 1407 2626 1462 debemus
2669 1408 2766 1461 sed
2819 1408 3000 1478 magis
3026 1407 3260 1460 arbitrio
3289 1407 3413 1478 ejus
3443 1411 3646 1460 cuncta
3677 1405 3861 1458 relin-

2163 1513 2424 1568 quamus.
2454 1497 2610 1552 Unde
2642 1496 2875 1567 quidam
2904 1502 3123 1567 patrum
3151 1497 3207 1549 in
3239 1496 3497 1550 oratione
3520 1511 3622 1548 sua
3652 1493 3860 1548 dixisse

2162 1585 2415 1656 legitur:
2453 1605 2479 1635 α
2515 1585 2615 1639 Fili
2656 1584 2775 1648 Dei,
2820 1585 2902 1638 ﬁli
2954 1584 3073 1651 Dei,
3121 1584 3266 1637 sicut
3300 1584 3426 1650 scis,
3477 1587 3532 1636 et
3562 1581 3708 1636 sicut
3755 1583 3861 1647 vis,

2097 1707 2137 1761 Β
2168 1674 2438 1728 miserere
2480 1674 2594 1727 mei
2648 1674 2866 1745 (Matth.
2924 1677 3020 1740 vr).
3076 1691 3104 1724 »
3165 1674 3426 1742 Regnum
3485 1676 3710 1726 tantum
3764 1669 3864 1724 Dei

2167 1779 2424 1834 querere
2476 1763 2772 1831 debemus,
2820 1768 2876 1815 et
2926 1761 3118 1815 omnia
3182 1761 3537 1832 adjiciantur.
3608 1761 3868 1815 Praesens

2161 1853 2277 1906 vita
2327 1853 2401 1906 sit
2443 1851 2705 1906 fidelibus
2761 1851 2820 1904 in
2867 1866 2996 1918 usu,
3053 1851 3246 1904 futura
3289 1849 3350 1904 in
3409 1849 3616 1904 fructu.
3666 1848 3755 1904 Sit
3779 1865 3869 1904 res

2161 1941 2492 2012 temporalis
2522 1941 2584 1994 in
2622 1939 2847 2006 itinere,
2895 1939 3250 1994 desideretur
3281 1944 3497 1993 aeterna
3526 1938 3585 1992 in
3624 1953 3869 2010 perven-

2162 2034 2339 2086 tione.

2234 2123 2396 2174 Veas.
2446 2122 2535 2174 28.
2575 2147 2644 2158 —
2676 2135 2704 2169 ‹‹
2741 2117 2800 2171 Et
2830 2116 3115 2172 dixerunt.
3149 2136 3177 2166 »
3213 2116 3576 2186 Quaecunque
3607 2113 3868 2185 loquitur

2164 2208 2408 2263 Ecclesia
2457 2208 2518 2262 in
2576 2205 2931 2262 confessione
2978 2205 3112 2260 fidei
3154 2205 3215 2259 in
3243 2205 3503 2260 doctrina
3540 2203 3863 2275 religionis,

2162 2297 2471 2353 laudabilia
2491 2300 2547 2350 et
2593 2294 3123 2366 irreprehensibilia
3151 2299 3302 2360 sunt,
3344 2295 3466 2348 haec
3507 2293 3766 2364 singulos
3797 2291 3864 2346 ti-

2162 2387 2316 2441 deles
2347 2385 2562 2440 orando
2591 2387 2930 2454 praemonet,
2960 2382 3007 2436 si
3036 2383 3278 2454 quisque
3308 2381 3454 2436 sicut
3481 2381 3742 2452 probavit
3765 2396 3868 2435 ve-

2163 2492 2291 2530 rum
2322 2491 2442 2529 esse
2463 2475 2618 2545 quod
2649 2473 2834 2539 docet,
2865 2472 2945 2526 ita
2969 2471 3241 2542 operibus
3269 2470 3471 2541 implet
3503 2487 3517 2525 :
3552 2469 3700 2525 unde
3730 2468 3868 2523 sub-

2164 2564 2319 2619 ditur
2351 2581 2364 2618 :

2236 2655 2393 2707 Vens.
2427 2655 2514 2707 30.
2547 2681 2616 2692 —
2650 2674 2672 2700 ι
2708 2652 2775 2706 Et
2804 2649 2946 2704 dixit
2983 2648 3096 2703 illis
3122 2648 3337 2703 Judith.
3365 2669 3392 2700 ιι
3420 2646 3638 2712 Iudith,
3683 2646 3742 2701 id
3780 2652 3868 2702 est

2166 2740 2428 2806 Ecclesia,
2457 2740 2820 2795 commendat
2852 2737 3212 2809 presbyteris
3241 2741 3484 2808 portam.
3529 2735 3588 2789 id
3632 2741 3720 2790 est
3767 2753 3868 2790 ca-

2167 2835 2416 2884 strorum
2441 2829 2541 2884 Dei
2572 2827 2874 2883 sollicitam
2910 2826 3239 2891 custodiam,
3277 2837 3339 2879 ut
3367 2823 3632 2896 pervigili
3664 2828 3722 2877 et
3772 2840 3871 2877 so-

2168 2919 2294 2972 lerti
2325 2933 2462 2972 cura
2512 2921 2710 2972 contra
2756 2913 3267 2970 hostiuminsidias
3303 2928 3531 2984 semper
3559 2911 3746 2982 parati
3797 2929 3877 2966 as-

359 3008 515 3060 sura;
557 2992 707 3045 unde
739 2990 830 3044 hic
858 3007 1135 3045 numerus
1165 2992 1445 3061 graduum
1477 2991 1538 3045 in
1570 2992 1842 3045 Psalterio
1881 2992 2052 3064 poni-
2096 2993 2138 3050 C
2167 3008 2369 3063 sistant
2388 3011 2444 3062 et
2475 3004 2830 3060 orationibus
2852 3003 3078 3058 muniti,

358 3082 472 3145 tur,
531 3080 737 3132 futurae
790 3076 860 3131 ad
919 3077 1088 3132 caelos
1134 3078 1480 3132 ascensionis
1523 3077 1878 3148 figurativus,
1942 3095 2055 3149 quo

359 3166 538 3220 sancti
566 3165 857 3220 venientes
897 3166 1102 3220 merito
1165 3165 1382 3233 dicunt,
1435 3185 1464 3218 α
1518 3168 1653 3221 Ecce
1685 3183 1837 3220 nunc
1890 3166 2056 3220 bene-

359 3255 529 3310 dicite
560 3255 822 3308 Domino.
853 3271 883 3307 ιν

432 3344 589 3397 Vens.
622 3347 676 3396 2.
707 3373 774 3382 —
810 3343 875 3396 Et
938 3341 1026 3395 vir
1057 3342 1179 3411 ejus
1211 3342 1318 3396 fuit
1349 3343 1648 3407 Manasses,
1713 3360 1740 3392 ι)
1776 3345 1880 3396 etc.
1936 3342 2056 3396 Ma—

361 3446 552 3483 nasses
602 3429 1014 3500 interpretatur
1053 3429 1365 3482 obliviosus
1421 3430 1503 3482 vel
1568 3429 1893 3495 necessitas,
1966 3429 2058 3482 cui

361 3518 560 3573 Judith
592 3517 861 3587 conjugio
893 3517 1161 3586 copulata
1189 3518 1353 3588 quasi
1384 3517 1657 3588 decalogo
1680 3518 1826 3588 legis
1873 3519 1960 3572 vel
1986 3519 2059 3572 ri-

365 3607 518 3661 tibus
566 3606 873 3675 gentilium
925 3605 1191 3659 obnoxia.
1253 3606 1360 3660 Sed
1418 3605 1680 3660 veniente
1734 3606 1954 3661 Christo
2003 3611 2061 3660 et

361 3696 487 3750 luce
517 3695 806 3767 Evangelii
842 3696 1185 3750 clarescente
1233 3695 1293 3748 in
1353 3696 1569 3749 mundo
1619 3694 1809 3749 omnis
1837 3696 1935 3748 illa
1959 3695 2058 3749 ob-

366 3783 650 3838 servantia
680 3785 866 3851 cessit,
910 3789 964 3838 et
1019 3783 1182 3855 quasi
1235 3784 1361 3838 vilis
1389 3785 1645 3839 collectio
1678 3785 1875 3839 messis
1906 3787 2058 3839 velo-

361 3873 502 3927 citer
522 3872 776 3940 transiit;
813 3873 962 3927 unde
991 3873 1300 3943 Apostolus
1333 3889 1346 3927 :
1377 3896 1398 3921 ι
1435 3873 1538 3928 Ubi
1573 3874 1723 3927 venit
1752 3874 1911 3941 fides,
1937 3875 2060 3945 jam

361 3977 476 4016 non
504 3977 701 4015 sumus
731 3960 833 4014 sub
863 3961 1203 4032 paedagogo.
1241 3962 1450 4016 Omnes
1474 3961 1628 4015 enim
1658 3961 1764 4014 ﬁlii
1799 3961 1896 4016 Dei
1926 3961 2060 4015 estis

362 4066 464 4121 per
492 4050 664 4105 tidem
697 4049 756 4104 iu
777 4050 1001 4106 Christo
1026 4051 1154 4104 Jesu
1187 4050 1334 4119 (Gal.
1377 4052 1477 4121 Ill).
1515 4070 1541 4101 »
1575 4052 1639 4104 Et
1671 4051 1738 4106 ad
1775 4051 2062 4105 Romanos

362 4139 482 4193 ait:
519 4161 539 4188 ι
589 4139 911 4194 Mortiﬁcati
957 4139 1091 4192 estis
1143 4139 1252 4210 legi
1280 4155 1382 4209 per
1410 4155 1617 4207 corpus
1669 4139 1875 4195 Christi
1908 4141 2059 4206 Jesu,

366 4233 428 4281 ut
493 4227 616 4281 sitis
671 4227 908 4282 alterius
941 4227 1039 4298 qui
1101 4244 1166 4280 ex
1216 4228 1454 4281 mortuis
1513 4228 1824 4282 resurrexit
1872 4229 2051 4297 (Rom.

363 4319 484 4388 vn).
534 4337 561 4368 io
594 4318 662 4370 Et
692 4317 777 4369 vir
834 4317 1135 4382 Manasses,
1198 4316 1453 4371 Christus
1506 4316 1763 4370 Ecclesiae
1794 4333 2053 4387 sponsus.

364 4407 513 4460 Bene
557 4407 836 4460 Mauasses
867 4405 1078 4459 dicitur
1116 4405 1251 4475 quia
1282 4421 1387 4458 nos
1426 4405 1557 4459 facit
1609 4405 1869 4459 oblivisci
1923 4405 2064 4458 cala-

366 4494 582 4548 mitatis
612 4492 869 4564 pristinas
923 4509 1028 4564 per
1055 4489 1510 4547 consolationem
1540 4492 1671 4547 vita:
1701 4493 1928 4547 futurae.
1964 4492 2063 4546 Hic

361 4583 422 4637 in
456 4587 716 4652 tempore
792 4581 993 4636 messis
1054 4581 1405 4649 hordeaceae,
1468 4581 1526 4636 id
1581 4585 1665 4635 est
1713 4580 2063 4635 collectionis

363 4671 549 4743 plebis
581 4669 850 4734 Judaicee,
906 4686 1036 4724 cum
1069 4671 1324 4724 mitteret
1373 4670 1661 4740 apostolos
1699 4685 1831 4723 suos
1855 4668 2062 4740 praedi-

362 4776 491 4815 care
551 4764 603 4814 et
666 4759 989 4830 manipulos
1036 4758 1391 4813 credentium
1449 4773 1846 4829 congregare:
1907 4757 2064 4812 venit

364 4854 536 4904 aestus
566 4848 979 4920 persecutionis
1009 4864 1182 4918 super
1210 4852 1382 4918 caput
1407 4847 1551 4917 ejus,
1588 4847 1645 4901 id
1663 4852 1746 4900 est
1776 4863 1950 4918 super
1977 4847 2063 4902 di-

361 4937 662 4992 vinitatem
691 4937 837 5007 ejus.
875 4957 898 4986 ι
963 4937 1147 5006 Caput
1181 4935 1338 4989 enim
1368 4935 1577 4990 Christi
1639 4937 1785 4990 Deus
1836 4936 1905 5006 (II
1941 4935 2060 4991 Cor.

367 5026 510 5095 11).»
565 5025 705 5079 Inde
760 5025 916 5079 enim
969 5024 1218 5079 maxime
1265 5025 1796 5079 scandalizabantur
1855 5024 2062 5090 Judazi,

366 5113 524 5184 quod
557 5113 780 5168 dicebat
816 5130 874 5167 se
905 5129 1026 5166 esse
1066 5112 1270 5167 Filium
1327 5112 1446 5166 Dei.
1510 5113 1686 5179 Unde,
1727 5135 1747 5160 ι
1781 5113 1934 5168 Facis
1987 5117 2068 5166 te-

371 5203 559 5274 ipsum
607 5203 786 5256 Deum
828 5201 1010 5272 (Joan.
1059 5208 1135 5262 x).
1173 5220 1196 5248 ι
1251 5201 1316 5253 Et
1345 5198 1520 5256 alibi:
1553 5199 1698 5264 Quia
1728 5200 1933 5254 Filium
1967 5199 2067 5254 Dei

367 5305 425 5344 se
477 5289 610 5344 fecit
641 5289 809 5359 (Ibid.
852 5290 994 5358 xxx).
1035 5308 1062 5338 ι)
1099 5290 1302 5342 Passus
1333 5293 1419 5341 est
1445 5289 1606 5342 Jesus
1645 5288 1704 5341 in
1735 5293 1907 5359 gente
1939 5304 2064 5357 sua,

371 5384 429 5433 et
466 5379 723 5448 sepultus
769 5378 831 5431 iu
888 5379 1074 5433 horto.
1135 5377 1313 5448 Hujus
1355 5393 1564 5448 sponsa
1609 5377 1800 5431 ablato
1833 5393 2063 5447 sponso,

363 5466 605 5539 jejunio,
638 5472 692 5520 et
720 5466 963 5520 orationi
990 5482 1222 5537 operam
1253 5466 1368 5531 dat,
1397 5481 1579 5536 usque
1608 5467 1679 5521 ad
1700 5482 2067 5520 consumma-

369 5556 589 5612 tionem
615 5556 828 5623 saaculi,
862 5571 966 5609 nee
991 5554 1281 5609 erroribus
1326 5553 1608 5609 hereticis
1640 5554 1908 5626 dignatur
1937 5555 2065 5626 pol-

2838 3109 3063 3164 CAPUT
3102 3109 3188 3163 IX.

2236 3221 2399 3274 Vsus.
2454 3221 2503 3272 1.
2550 3248 2617 3257 -
2650 3236 2678 3268 α
2734 3215 2950 3281 Quibus
2981 3215 3434 3270 abscedentibus.
3485 3232 3513 3265 ι)
3553 3215 3872 3284 Postquam

2169 3308 2239 3362 ad
2302 3307 2663 3378 presbyteros
2692 3305 2878 3359 locuta
2907 3307 3011 3371 est,
3045 3303 3360 3358 oratorium
3407 3302 3738 3374 ingreditur
3767 3304 3870 3358 Ju-

2165 3397 2305 3462 dith,
2355 3396 2492 3466 quia
2533 3393 2850 3449 sollicitudo
2905 3397 3228 3447 sanctorum
3272 3397 3402 3463 post
3439 3391 3874 3462 praedicationis

2165 3485 2522 3556 obsequium,
2553 3483 2700 3538 redit
2733 3483 2809 3537 ad
2839 3481 3023 3536 cordis
3053 3480 3140 3534 sui
3171 3486 3471 3545 secretum,
3504 3486 3568 3533 ut
3591 3479 3666 3534 ibi
3711 3497 3870 3535 com-

2165 3575 2319 3646 pleat
2347 3589 2508 3644 purae
2561 3570 2910 3626 ascensionis
2954 3570 3251 3624 incensum
3285 3585 3298 3623 :
3351 3569 3662 3623 secundum
3701 3569 3869 3635 illud,

2167 3665 2308 3719 Cum
2331 3661 2596 3727 oraveris,
2630 3660 2781 3714 intra
2808 3659 2868 3713 in
2897 3659 3225 3713 cubiculum
3245 3663 3430 3713 tuum.

2241 3753 2398 3804 Vaas.
2423 3753 2477 3803 2.
2520 3777 2590 3790 -
2625 3768 2652 3796 ι(
2686 3747 2926 3801 Domine
2959 3747 3125 3800 Deus.
3162 3766 3188 3796 »
3218 3747 3367 3800 Bene
3397 3745 3455 3799 in
3482 3744 3742 3800 oratione
3777 3761 3873 3798 ac-

2166 3843 2288 3892 tum
2321 3835 2568 3891 Simonis
2590 3839 3023 3900 commemorat,
3052 3832 3152 3903 qui
3191 3849 3317 3886 cum
3354 3832 3527 3886 fratre
3577 3832 3712 3887 Levi
3749 3837 3872 3885 stu-

2166 3942 2336 3998 prum
2385 3923 2592 3978 sororis
2645 3923 2705 3977 in
2765 3922 3117 3992 alienigenas
3171 3920 3495 3975 vindicavit.
3584 3921 3874 3974 Futurum

2169 4015 2323 4070 enim
2363 4019 2503 4079 erat,
2543 4018 2605 4067 ut
2631 4012 2960 4067 Holofernes
2983 4011 3081 4081 qui
3109 4010 3168 4064 in
3213 4009 3409 4065 Judith
3427 4009 3606 4062 voluit
3636 4010 3876 4080 explere

2169 4103 2598 4158 immunditiam
2643 4099 2917 4166 libidinis,
2951 4099 3140 4169 gladio
3165 4097 3435 4152 feriretur
3463 4097 3724 4151 ultionis.

2241 4193 2403 4246 Vens.
2427 4193 2479 4244 9.
2506 4221 2571 4230 —
2600 4212 2621 4238 ι
2655 4188 2891 4259 Respice
2909 4192 3107 4242 castra.
3133 4209 3160 4236 ››
3184 4186 3342 4240 Sicut
3362 4185 3690 4240 luxuriosos
3712 4185 3881 4239 luxu-

2085 4281 2132 4338 D
2168 4280 2335 4334 riosis
2363 4281 2680 4348 comparat,
2702 4277 2780 4330 ita
2800 4292 2954 4330 nunc
2983 4274 3240 4345 superbis
3266 4274 3563 4343 superbos.
3589 4273 3876 4343 Assyrios,

2169 4369 2383 4424 scilicet
2430 4367 2738 4438 Egyptiis;
2799 4365 2934 4436 quia
2963 4363 3112 4418 sicut
3142 4361 3403 4433 potentia
3443 4361 3636 4415 divina
3687 4366 3778 4414 est
3818 4362 3878 4414 in

2167 4457 2299 4525 illis,
2333 4457 2413 4511 ita
2444 4453 2794 4509 manifestari
2832 4457 3021 4523 potest
3047 4457 3105 4505 et
3131 4451 3221 4505 his
3249 4449 3550 4516 subversis,
3582 4449 3684 4522 qui
3715 4449 3879 4503 idem

2173 4539 2450 4595 Dominus
2470 4538 2670 4593 eadem
2701 4536 2978 4608 potentia,
3033 4535 3233 4589 eadem
3247 4533 3488 4606 justitia.

2847 4659 3076 4716 CAPUT
3128 4659 3190 4713 Χ.

2241 4766 2399 4820 Vens.
2436 4767 2490 4818 2.
2541 4794 2600 4802 —
2642 4782 2671 4814 α
2703 4761 2951 4816 Abstulit
3001 4777 3034 4814 a
3076 4776 3134 4814 se
3189 4758 3460 4825 cilicium,
3506 4762 3563 4812 et
3611 4758 3772 4813 exuit
3819 4775 3880 4813 se

2172 4851 2524 4908 vestimentis
2552 4850 2843 4906 viduitatis
2891 4865 3030 4915 suae,
3065 4868 3088 4896 ι
3137 4853 3241 4902 etc.
3275 4846 3418 4911 Quia
3447 4851 3644 4900 sancta
3690 4847 3883 4901 Eccle-

2173 4941 2256 4996 sia
2301 4939 2606 5012 aliquando
2655 4954 2759 5010 pro
2815 4936 3060 5008 peccatis
3105 4935 3242 5001 suis,
3305 4935 3660 5006 poenitentiae
3717 4935 3884 5006 gerit

2177 5031 2442 5086 affectum
2470 5045 2483 5083 :
2518 5029 2617 5084 sed
2644 5033 2838 5082 tamen
2860 5042 2960 5097 spe
2989 5023 3344 5079 remissionis
3367 5028 3422 5077 et
3441 5022 3618 5078 futuri
3645 5022 3878 5094 praemii

2176 5118 2456 5172 exbilarat
2475 5117 2753 5172 animum.

2247 5202 2405 5256 Vaas.
2436 5202 2489 5256 4.
2524 5230 2595 5242 -
2644 5220 2673 5252 α
2709 5201 2778 5255 Ut
2821 5197 3257 5270 incomparabili
3294 5197 3513 5251 decore.
3548 5217 3575 5246 ››
3609 5195 3758 5261 Quia
3786 5197 3888 5268 ju-

2179 5296 2331 5345 stum
2353 5295 2458 5351 est.
2489 5289 2670 5361 utqui
2701 5289 2802 5344 Dei
2849 5289 3029 5344 fervet
3075 5302 3292 5353 amore,
3355 5285 3622 5339 omnibus
3673 5285 3889 5340 habea-

2176 5384 2272 5433 tur
2299 5379 2508 5450 dignus
2547 5379 2789 5444 honore,
2817 5377 2970 5431 unde
3003 5392 3016 5429 :
3053 5395 3081 5427 α
3114 5373 3308 5429 Astitit
3355 5373 3556 5443 regina
3585 5389 3619 5427 a
3665 5373 3887 5428 dextris

2175 5467 2286 5521 tuis
2318 5469 2378 5521 iu
2425 5467 2632 5521 vestitu
2683 5465 2979 5527 deaurato,
3020 5462 3339 5518 cicumdata
3391 5461 3663 5516 varietate
3703 5463 3884 5529 (Psal,

2176 5557 2344 5626 xuv).
2376 5574 2405 5609 ι
