4082 6184
247 303 348 355 737

1359 309 1612 366 GLOSSA
1649 311 2050 369 ORDINARIA.
2092 343 2161 352 —
2202 316 2328 370 LIB.
2370 317 2644 372 JUDITH.

3651 330 3757 384 738

329 423 487 477 Vens.
539 426 588 477 5.
641 455 709 463 —
751 444 778 475 α
822 427 886 480 Et
922 442 1099 497 panes
1148 432 1203 481 et
1223 444 1471 485 caseum.
1513 453 1541 481 »
1581 433 1711 487 Haac
1758 435 1955 489 omnia
1980 437 2027 490 A
2064 437 2224 491 vobis
2268 443 2608 507 potestatem
2676 440 2928 495 calcandi
2976 459 3149 513 super
3192 452 3487 515 serpentes
3524 454 3582 503 et
3611 466 3765 504 scor-

238 509 391 563 Abra
420 528 527 581 pro
549 512 970 583 dispensatione
994 516 1242 571 domina:
1266 534 1383 573 suae
1412 520 1691 577 observat.
1722 524 1945 578 Iustum

239 604 327 652 est
346 599 522 665 enim,
573 608 635 655 ut
681 604 781 673 qui
839 620 957 657 non
1009 606 1169 659 novit
1220 608 1617 665 moderamina
1668 611 1798 666 vitae
1828 628 1947 667 suae

237 693 456 754 tenere,
493 706 608 744 non
638 691 826 745 subito
855 692 957 746 tiat
986 700 1175 747 rector
1200 695 1419 752 alienae.

311 797 341 825 ‹
374 777 782 848 Dixeruutque,
816 798 843 830 η
860 785 966 834 etc.
993 781 1148 835 Sicut
1174 783 1567 840 dominatione
1587 788 1947 843 saecularium

236 865 563 935 principum
603 867 781 921 libere
813 884 1045 923 manere
1096 873 1504 941 permiserunt.
1539 875 1694 929 Sicut
1750 878 1944 949 Traja-

234 968 345 1006 nus
370 953 502 1008 licet
531 955 819 1025 imprimis
851 958 1057 1011 Christi
1079 960 1437 1015 Confessores
1489 970 1822 1033 persecutus
1852 968 1943 1033 sit,

232 1041 421 1095 Plinio
461 1045 711 1099 secundo
770 1046 1138 1113 admonente,
1191 1049 1501 1105 levioribus
1532 1051 1773 1107 decretis
1821 1056 1945 1109 edi-

231 1135 387 1184 ctum
418 1148 586 1185 suum
619 1137 977 1203 temperavit.
1039 1136 1215 1190 Allius
1264 1155 1495 1209 quoque
1532 1141 1814 1196 Adrianus
1845 1160 1947 1213 per

229 1219 583 1283 Quadratum
634 1222 977 1292 discipulum
1043 1227 1456 1295 apostolorum,
1530 1234 1586 1282 et
1638 1230 1945 1286 Aristidem

229 1308 641 1361 Atheniensem
690 1309 899 1379 virum,
947 1311 1016 1365 de
1058 1313 1378 1367 Christiana
1418 1316 1699 1386 religione
1748 1316 1943 1370 erudi-

229 1397 341 1454 tus,
378 1392 446 1445 ad
478 1392 786 1447 Munitium
817 1396 1152 1450 Fundanum
1192 1401 1594 1467 proconsulem
1642 1400 1791 1454 Asiae
1823 1401 1946 1471 epi-

229 1481 435 1533 stolam
461 1481 637 1547 misit,
676 1487 739 1535 ut
761 1483 981 1538 nemini
1013 1484 1212 1540 liceret
1240 1487 1623 1542 Christianum
1663 1489 1784 1543 sine
1833 1490 1943 1543 cri-

230 1568 408 1622 minis
439 1570 761 1640 objectione
789 1577 886 1626 aut
924 1574 1259 1643 probatione
1293 1576 1586 1630 damnare.

899 1696 1121 1750 CAPUT
1161 1700 1245 1752 XI.

302 1812 463 1865 Vens.
496 1814 549 1867 4.
578 1844 645 1851 -
682 1835 709 1861 ‹‹
758 1816 825 1868 Et
872 1815 1015 1869 dixit
1066 1817 1149 1870 illi
1182 1818 1417 1873 Iudith:
1471 1818 1644 1874 Sume
1684 1821 1878 1890 verba,
1910 1842 1937 1872 »

228 1904 335 1953 etc.
373 1903 745 1969 (Arc.,scrm.
785 1906 888 1957 229
930 1905 994 1958 de
1040 1906 1223 1976 temp.)
1284 1906 1510 1977 Species
1539 1910 1781 1964 custodit
1811 1927 1939 1980 qua:

226 1985 544 2055 blanditur,
576 1996 703 2058 etc.,
732 2007 899 2061 usque
927 1992 1002 2046 ad
1058 1993 1155 2047 sed
1198 2011 1368 2065 sopor
1394 1995 1498 2048 tibi
1551 2012 1723 2066 quem
1772 1996 1939 2051 ferias

225 2079 599 2145 praeparavit.

305 2166 466 2219 Vens.
514 2170 597 2221 l7.
628 2198 696 2207 —
729 2186 756 2218 α
808 2168 971 2222 Missa
1013 2186 1161 2223 sum.
1190 2188 1217 2221 η
1274 2170 1461 2224 Prima
1492 2172 1581 2225 via
1611 2171 1807 2225 salutis
1834 2172 1941 2225 fuit

225 2255 519 2324 gentibus,
546 2257 949 2326 pradicatores
1002 2260 1289 2329 Evangelii
1340 2266 1634 2329 gratanter
1688 2261 1938 2330 recipere

225 2342 471 2396 ettidem
502 2346 783 2415 praebere,
816 2351 873 2399 et
924 2362 1027 2416 per
1055 2363 1255 2402 eorum
1298 2348 1617 2403 doctrinam
1667 2348 1738 2403 ad
1787 2348 1941 2419 agni-

232 2431 456 2487 tionem
488 2436 740 2489 veritatis
770 2438 984 2491 venire.

875 2560 1101 2615 CAPUT
1176 2562 1288 2615 XII.

301 2672 465 2725 Vens.
502 2674 585 2726 t9.
644 2703 713 2713 —
750 2693 776 2723 «
806 2675 870 2727 Et
914 2676 1151 2745 accepit.
1208 2698 1234 2724 ››
1267 2677 1388 2731 Non
1436 2675 1777 2746 inquinatur
1798 2675 1937 2729 cibis

228 2758 535 2827 gentilium
563 2765 660 2812 aut
686 2761 1118 2829 superstitione.
1151 2764 1395 2817 Ecclesia
1427 2763 1579 2818 enim
1615 2762 1767 2816 inter
1795 2779 1935 2833 gen-

230 2852 317 2900 tes
343 2848 628 2915 habitans,
676 2849 997 2903 idololatria
1061 2867 1179 2904 non
1226 2853 1527 2921 polluitur,
1577 2851 1676 2905 sed
1699 2851 1787 2904 his
1811 2866 1935 2921 quae

228 2934 453 2989 devotio
484 2936 741 2991 ﬁdelium
791 2954 894 3008 per
942 2938 1325 2993 obedientiam
1380 2944 1685 3009 praeparat,
1732 2939 1930 3003 utitur,

226 3023 422 3077 unde:
462 3025 663 3078 «Meus
709 3024 868 3078 cibus
912 3031 997 3079 est
1038 3030 1101 3080 ut
1155 3026 1359 3081 faciam
1411 3027 1764 3081 voluntatem
1811 3026 1934 3096 ejus

227 3110 330 3180 qui
360 3111 518 3165 misit
547 3128 637 3167 me
670 3113 851 3167 Patris
878 3113 1064 3181 (Joan.
1093 3114 1191 3184 1v).
1227 3136 1250 3164 ι

864 3241 1096 3295 CAPUT
1143 3240 1278 3294 XIII.

297 3356 461 3408 Vens.
496 3356 546 3408 4.
572 3354 655 3422 -ζ
684 3374 711 3406 α
744 3358 809 3410 In
847 3357 1011 3411 lecto.
1050 3377 1073 3404 ι
1132 3356 1403 3410 Nefandaa
1458 3356 1795 3420 securitatis,
1821 3371 1933 3426 qua

230 3460 288 3497 se
318 3444 559 3514 impune
589 3460 822 3514 peccare
850 3446 1083 3499 conﬁdit
1117 3461 1130 3511 ;
1163 3445 1312 3499 unde
1341 3464 1356 3498 :
1396 3465 1423 3493 «
1452 3443 1667 3514 Impius
1710 3460 1838 3497 cum
1872 3444 1933 3497 in

230 3531 583 3601 profundum
645 3536 1007 3602 peccatorum
1062 3533 1299 3601 venerit,
1375 3531 1691 3586 contemnit
1749 3532 1926 3596 (Prov.

232 3620 402 3689 xvm).
439 3642 466 3669 ››

300 3710 474 3764 Vens.
518 3712 598 3762 lt.
660 3739 727 3750 —
763 3732 783 3757 ι
820 3710 1001 3780 Caput
1030 3708 1366 3763 Holofernis.
1404 3727 1430 3759 η
1462 3708 1935 3764 Recordationem

228 3796 476 3850 confecti
502 3797 635 3851 belli
661 3798 897 3851 sollicite
921 3796 1425 3867 jubetmemorari,
1461 3797 1614 3850 unde
1642 3812 1655 3849 :
1692 3816 1721 3846 α
1751 3796 1937 3851 Sobrii

228 3889 414 3937 estote
438 3888 493 3937 et
519 3883 747 3954 vigilate
768 3884 931 3953 (Petr.
958 3886 1036 3951 v).
1073 3902 1101 3933 ››

295 3976 465 4026 Vens.
504 3975 586 4026 l3.
636 4002 703 4012 -—
736 3992 763 4022 α
821 3972 1160 4026 Custodibus
1191 3988 1509 4026 murorum.
1545 3994 1573 4021 »
1609 3973 1672 4027 Id
1702 3976 1787 4026 est
1828 3972 1936 4027 do-

224 4058 630 4127 ctoribus,qui
658 4059 829 4112 verbo
861 4064 918 4112 et
962 4060 1221 4129 exemplo
1276 4059 1578 4114 Ecclesiam
1633 4058 1934 4125 muniunt,

226 4153 283 4202 et
310 4148 385 4201 ad
414 4148 590 4201 vitam
622 4152 896 4201 teternam
928 4146 1313 4212 introducunt,
1351 4149 1420 4202 de
1454 4149 1665 4219 quibus
1696 4148 1934 4202 dicitur:

228 4258 256 4285 κ
311 4238 499 4306 Super
555 4250 749 4288 muros
803 4240 931 4288 tuos
978 4237 1290 4289 Jerusalem
1347 4237 1617 4290 constitui
1672 4236 1935 4290 custodes

228 4326 375 4391 (Isa.
410 4325 595 4393 1.x1).n
656 4322 753 4375 Vel
803 4321 1075 4391 angelicis
1140 4320 1454 4391 spiritibus,
1507 4322 1605 4390 qui
1659 4320 1822 4373 nobis
1874 4320 1935 4374 in

227 4413 552 4467 custodiam
583 4410 761 4475 missi,
794 4410 1078 4479 malignos
1107 4410 1340 4477 spiritus
1406 4409 1727 4463 excludunt.

303 4524 331 4549 α
366 4500 599 4572 Aperite
621 4502 883 4569 portas.»
914 4498 974 4552 Id
1002 4502 1086 4552 est
1132 4498 1497 4552 devotionem
1548 4497 1754 4564 cordis,
1778 4496 1934 4552 unde

227 4592 466 4646 dicitur:
512 4608 541 4639 α
588 4587 695 4652 Qui
752 4587 926 4642 habet
980 4602 1147 4641 aures
1194 4586 1466 4641 audiendi
1526 4586 1734 4650 audiat,
1797 4586 1935 4656 quid

227 4678 477 4749 Spiritus
507 4675 655 4730 dicat
685 4674 933 4728 ecclesiis
978 4674 1168 4744 (Apoc.
1206 4674 1265 4743 1).
1300 4695 1322 4722 ι
1379 4674 1703 4727 Secundum
1750 4673 1929 4727 illud:

232 4790 259 4815 ι(
291 4768 498 4820 Beatus
523 4764 622 4834 qui
654 4779 882 4817 causam
929 4778 1093 4815 suam
1144 4762 1398 4833 loquitur
1424 4762 1482 4814 in
1532 4778 1667 4815 aure
1697 4761 1932 4815 audien-

225 4855 301 4908 tis
327 4854 494 4923 (Eccl.
522 4852 669 4921 xxv).
706 4871 733 4903 ν
796 4852 1072 4906 Dominus
1114 4850 1382 4904 virtutem
1438 4850 1651 4920 populo
1702 4865 1804 4902 suo
1832 4850 1932 4903 da-

224 4944 333 5009 bit,
369 4958 503 4997 cum
533 4956 646 5011 quo
677 4940 913 5007 scilicet,
948 4939 1167 5009 apicem
1197 4939 1437 4993 cmlestis
1466 4936 1629 5007 regni
1657 4937 1930 5002 ascendit,

225 5033 385 5087 unde
416 5048 431 5085 :
466 5052 495 5079 ‹‹
526 5030 702 5084 Nemo
738 5028 991 5083 ascendit
1014 5028 1072 5081 in
1101 5029 1309 5081 ccelum
1356 5025 1469 5080 nisi
1499 5026 1600 5097 qui
1642 5025 1933 5080 descendit

225 5123 298 5177 de
328 5119 472 5175 caelo
504 5119 678 5189 (Joan.
716 5119 822 5186 ιιι).
845 5135 873 5167 ι)

296 5209 464 5261 Vens.
502 5209 587 5261 16.
617 5234 687 5246 -
720 5224 748 5256 ει
780 5206 879 5259 Illa
906 5208 1098 5257 autem
1130 5201 1461 5257 ascendens.
1514 5221 1542 5249 ››
1574 5200 1657 5255 Ad
1686 5201 1933 5255 caalestia

221 5298 505 5369 dogmata
552 5312 878 5351 sermonem
924 5298 1282 5357 convertens,
1343 5296 1400 5345 et
1447 5290 1519 5344 ad
1580 5290 1933 5345 laudandum

222 5390 413 5443 Deum
444 5402 550 5458 pro
581 5384 869 5440 beneﬁciis
891 5383 1008 5438 suis
1037 5382 1326 5437 auditores
1354 5381 1643 5434 attollens.

297 5479 442 5531 Vaas
472 5479 554 5530 18.
576 5507 644 5515 -
686 5495 713 5527 α
743 5476 808 5529 Et
853 5472 1156 5528 interfecit.
1209 5491 1237 5522 ιο
1273 5472 1349 5525 De
1391 5485 1546 5541 quo:
1584 5487 1613 5520 α
1643 5469 1773 5539 Ipsa
1796 5484 1933 5524 con-

219 5570 373 5621 teret
402 5568 597 5634 caput,
629 5567 731 5617 etc.
767 5562 924 5631 (Gen.
956 5560 1039 5632 ιι).
1087 5580 1114 5612 ι)
1140 5560 1207 5615 Et
1239 5559 1298 5613 in
1334 5557 1639 5629 Evangelia
1672 5574 1687 5613 :
1723 5577 1751 5611 α
1778 5557 1932 5613 Dabo

2058 524 2257 595 piones
2298 532 2353 581 et
2406 544 2580 599 super
2623 545 2822 582 onmes
2877 529 3112 585 virtutes
3157 534 3380 587 inimici
3430 536 3584 606 (Luc.
3621 544 3703 608 χ).
3739 560 3761 588 ι

2130 616 2289 669 Vens.
2348 620 2432 672 t9.
2484 647 2552 657 —
2606 619 2673 671 Et
2725 634 2934 685 ecce,»
2994 624 3098 674 etc.
3162 622 3369 676 Scitote
3429 632 3645 695 quanta
3693 628 3767 682 sit

2056 702 2403 773 malignitas,
2432 710 2647 776 quanta
2701 706 2855 759 fraus
2887 706 3102 762 inimici
3144 711 3345 779 nostri,
3405 720 3618 783 quanta
3639 716 3760 789 pie:

2058 795 2173 844 tate
2202 809 2231 843 a
2255 792 2419 845 nobis
2449 798 2747 864 superatus
2804 794 2899 861 sit,
2926 812 3068 865 quos'
3128 798 3402 852 Dominus
3456 802 3663 856 illaesos
3689 804 3760 858 ab

2058 879 2217 932 omni
2246 880 2445 935 fraude
2474 890 2529 936 et
2580 884 2789 936 erroris
2835 886 3326 941 contaminatione
3379 891 3643 958 custodit,
3693 898 3761 947 ut

2056 966 2145 1019 his
2171 967 2439 1038 inspectis
2470 970 2762 1024 Conditori
2817 976 2873 1025 et
2918 973 3295 1044 Redemptori
3330 981 3520 1031 nostro
3546 981 3759 1048 gratias

2054 1055 2254 1124 agatis,
2286 1056 2442 1119 unde
2474 1074 2486 1110 :
2525 1078 2553 1106 ‹‹
2586 1058 2770 1112 Sobrii
2802 1064 2977 1113 estote
3000 1068 3057 1115 et
3078 1052 3328 1131 "vigilate
3352 1066 3395 1131 (ι
3448 1068 3591 1121 Petr.
3628 1066 3700 1137 v).
3730 1090 3756 1117 κ

2058 1145 2119 1197 Et
2154 1160 2167 1198 :
2204 1165 2231 1194 cr
2261 1145 2455 1199 Timeo
2502 1163 2573 1200 ne
2624 1147 2770 1201 sicut
2808 1165 3040 1219 serpens
3085 1151 3308 1204 seduxit
3364 1154 3528 1206 Evam
3552 1156 3761 1209 astutia

2024 1248 2179 1299 ,sua,
2211 1234 2288 1286 ita
2318 1239 2375 1287 et
2404 1251 2601 1288 sensus
2642 1236 2821 1289 nostri
2879 1244 3323 1307 corrumpantur
3382 1241 3457 1311 (II
3483 1243 3603 1297 Cor.
3638 1244 3694 1312 1).
3726 1266 3754 1293 »

2054 1323 2121 1375 Et
2150 1323 2325 1377 item:
2368 1346 2387 1372 ι
2439 1324 2852 1377 Confortamini
2903 1325 2963 1378 in
3011 1327 3251 1381 Domino
3298 1335 3349 1382 et
3393 1331 3449 1383 in
3506 1332 3760 1401 potentia

2056 1408 2278 1462 virtutis
2309 1410 2430 1479 ejus
2467 1426 2480 1463 :
2512 1416 2565 1464 et
2612 1411 2831 1465 induite
2865 1429 2959 1465 vos
3009 1430 3166 1467 arma
3193 1414 3291 1468 Dei
3347 1416 3563 1485 (Ephes.
3628 1435 3701 1473 v1.
3730 1439 3758 1468 »

2127 1499 2287 1553 Vens.
2320 1501 2407 1553 25.
2442 1530 2509 1538 —
2540 1519 2567 1549 α
2594 1500 2734 1562 Quia
2758 1501 2926 1555 hodie
2957 1518 3166 1555 nomen
3199 1508 3384 1569 tuum,
3417 1524 3444 1554 »
3479 1511 3583 1559 etc.
3614 1507 3760 1560 Laus

2058 1587 2315 1640 Ecclesiae
2338 1604 2455 1641 non
2483 1588 2705 1641 recedet
2735 1588 2803 1642 de
2838 1606 2935 1643 ore
2967 1591 3289 1654 hominum,
3343 1592 3442 1662 qui
3477 1609 3758 1647 memores

2057 1681 2188 1727 sunt
2218 1675 2390 1727 studii
2418 1680 2473 1728 et
2503 1690 2743 1745 operum
2766 1678 2905 1745 ejus,
2945 1694 3072 1747 quae
3105 1695 3207 1747 per
3262 1678 3622 1735 dilectionem
3659 1682 3761 1735 Dei

2055 1768 2110 1815 et
2133 1762 2375 1832 proximi
2425 1769 2734 1833 praesentes
2789 1764 3189 1819 tribulationes
3253 1784 3450 1822 secura
3498 1769 3756 1835 sustinet,

2050 1850 2160 1904 ﬁde
2194 1852 2364 1921 plena
2394 1858 2447 1905 et
2479 1868 2578 1922 spe
2609 1853 2793 1918 ﬁrma,
2819 1854 3117 1907 attendens
3167 1856 3541 1910 eminentiam
3584 1858 3758 1911 caele-

2050 1940 2220 1992 stium
2244 1941 2642 2007 praemiorum,
2694 1941 2785 1995 ubi
2824 1942 3134 1996 sociabitur
3183 1944 3527 1999 beatitudini
3575 1962 3759 2016 ange-

2050 2028 2264 2080 lorum.

2119 2117 2281 2169 Vens.
2314 2118 2402 2169 29.
2436 2145 2503 2156 —
2540 2136 2568 2166 α
2601 2116 2808 2170 Videns
2866 2123 3055 2172 autem
3096 2118 3321 2175 Achior.
3354 2143 3380 2169 »
3416 2123 3521 2175 Per
3548 2123 3760 2177 Achior

2046 2204 2366 2274 principem
2400 2205 2865 2259 Ammonitarum
2912 2208 3123 2275 pagani
3173 2209 3258 2261 vel
3308 2210 3561 2263 hieretici
3609 2212 3756 2265 desi-

2047 2299 2317 2364 gnantur,
2354 2293 2453 2363 qui
2483 2292 2741 2347 videntes
2778 2295 3035 2347 Ecclesiae
3089 2296 3261 2349 tidem
3314 2297 3565 2352 hostium
3588 2316 3755 2369 supe-

2045 2398 2199 2435 rasse
2249 2381 2621 2449 ferocitatem,
2677 2382 2855 2437 nimio
2888 2399 3097 2451 pavore
3135 2384 3546 2439 concutiuntur
3576 2393 3633 2440 et
3661 2404 3754 2440 su-

2048 2470 2309 2540 perbiam
2361 2486 2523 2524 suam
2585 2471 2953 2524 humiliantes
2996 2472 3299 2525 Ecclesiam
3354 2481 3752 2541 venerantur;

2047 2563 2103 2611 et
2128 2574 2398 2629 sequaces
2456 2574 2585 2611 suos
2642 2574 2893 2612 errorem
2948 2560 3275 2629 relinquere
3324 2567 3379 2614 et
3420 2562 3530 2615 fide
3578 2563 3746 2618 liberi

2045 2663 2165 2700 sese
2188 2647 2403 2700 sociare
2454 2646 2806 2713 hortantur;
2870 2648 3019 2701 unde
3063 2650 3277 2703 Isaias:
3315 2669 3342 2700 ε(
3399 2652 3637 2705 Venient
3684 2653 3751 2705 ad

2045 2741 2101 2790 te
2126 2736 2284 2789 curvi
2313 2735 2417 2789 ﬁlii
2448 2751 2649 2788 eorum
2691 2736 2791 2806 qui
2842 2741 2896 2789 te
2935 2736 3404 2803 humiliaverunt,
3468 2745 3522 2791 et
3551 2739 3753 2793 adora-

2045 2825 2189 2878 bunt
2208 2823 2445 2894 vestigia
2477 2824 2690 2894 pedum
2735 2828 2967 2877 tuorum
3016 2841 3214 2878 omnes
3245 2826 3345 2896 qui
3379 2827 3755 2881 detrahebant

2044 2913 2147 2968 tibi
2180 2914 2303 2983 (Isa.
2347 2912 2456 2982 1.x.)
2494 2934 2514 2960 ι

2679 2983 2903 3037 CAPUT
2984 2984 3118 3037 XIV.

2114 3093 2271 3144 Vens.
2306 3093 2389 3144 t3.
2424 3120 2493 3129 —
2548 3089 2762 3142 «Tunc
2820 3088 3128 3158 ingressus.
3170 3107 3198 3140 ››
3249 3090 3427 3144 Duces
3485 3106 3750 3160 persecu-

2043 3186 2232 3234 torum
2262 3179 2395 3232 deos
2421 3194 2553 3231 suos
2570 3183 2765 3229 contra
2800 3177 3101 3230 Ecclesiam
3120 3183 3419 3246 poscentes
3445 3179 3749 3245 auxilium,

2042 3262 2344 3316 inveniunt
2373 3278 2467 3315 eos
2496 3261 2731 3332 propria
2783 3262 3032 3315 foeditate
3072 3263 3469 3332 spurcissimos
3502 3269 3556 3317 et
3592 3266 3752 3319 omni

2043 3350 2251 3403 virtute
2281 3348 2602 3413 destitutos,
2660 3349 2814 3402 unde
2844 3348 2996 3419 fugas
3055 3366 3113 3403 se
3146 3352 3616 3406 commendantes
3659 3369 3751 3407 re-

2042 3440 2317 3509 linquunt
2393 3454 2458 3491 ea
2533 3437 2594 3490 in
2643 3438 2851 3508 quibus
2908 3438 3301 3508 temporaliter
3364 3441 3748 3497 conﬁdebant.

2046 3547 2073 3578 (ι
2108 3529 2233 3581 Non
2264 3530 2348 3580 est
2386 3526 2539 3581 enim
2564 3526 2888 3597 prudentia,
2922 3543 3037 3579 non
3070 3533 3155 3581 est
3180 3529 3464 3597 sapientia
3495 3546 3598 3583 nec
3626 3547 3754 3584 con-

2043 3616 2235 3669 silium
2268 3621 2466 3670 contra
2498 3616 2717 3681 Deum;
2752 3636 2780 3664 2o
2822 3615 2973 3669 unde
3032 3615 3349 3670 Hieremias
3403 3617 3519 3672 ait:
3548 3641 3569 3667 ι
3628 3620 3753 3673 Non

2043 3705 2226 3775 fugiet
2283 3706 2443 3758 velox
2495 3709 2698 3758 etnon
2758 3704 3067 3758 salvabitnr
3111 3704 3290 3771 fortis,
3342 3729 3369 3755 »
3432 3712 3536 3762 etc.
3572 3708 3746 3778 (Hier.

2044 3794 2206 3863 x1.v1).

2721 3862 2947 3916 CAPUT
3004 3863 3111 3916 XV.

2145 3970 2301 4023 Vsus.
2349 3971 2399 4023 3.
2447 3998 2515 4007 —
2549 3988 2577 4016 «
2634 3967 2901 4020 Videntcs
2976 3966 3190 4037 itaque.
3250 3987 3277 4018 ν
3337 3972 3444 4022 etc.
3523 3969 3753 4023 Gedeon

2047 4061 2245 4111 contra
2270 4057 2603 4111 Madianitas
2627 4061 3008 4126 pugnaturus.
3045 4071 3158 4108 non
3188 4056 3432 4122 hastam,
3483 4073 3602 4110 non
3632 4059 3750 4127 cly-

2046 4162 2239 4217 peum,
2300 4146 2398 4200 sed
2467 4145 2633 4198 tubas
2683 4149 2741 4197 et
2787 4143 3082 4213 lampades
3136 4144 3289 4213 tulit,
3371 4145 3751 4215 praeﬁgurans

2046 4233 2337 4305 Evangelii
2392 4248 2705 4303 praecones,
2740 4232 2950 4303 quibus
3001 4248 3117 4285 non
3151 4239 3237 4286 est
3286 4232 3611 4288 colluctatio
3649 4234 3749 4288 ad-

2046 4340 2239 4378 versus
2272 4338 2501 4376 carnem
2534 4326 2590 4375 et
2645 4321 3003 4391 sanguinem,
3040 4322 3135 4376 sed
3191 4327 3389 4376 contra
3430 4322 3752 4393 spiritualia

2046 4410 2315 4482 nequitiae
2348 4410 2408 4463 in
2436 4409 2774 4477 coelestibus,
2808 4414 2938 4475 etc.,
2980 4414 3036 4463 et
3065 4415 3327 4479 pugnant
3382 4412 3751 4481 praadicatio-

2045 4500 2133 4554 nis
2164 4516 2299 4553 voce
2331 4504 2387 4553 et
2418 4499 2819 4552 miraculorum
2852 4498 3097 4567 fulgore.

2115 4608 2143 4637 α
2196 4587 2393 4642 Omnis
2447 4587 2659 4656 itaque.
2693 4608 2720 4636 ››
2772 4587 2856 4640 Ad
2913 4585 3375 4655 praedicationem
3430 4587 3590 4642 verbi
3632 4588 3752 4659 {Dei

2044 4693 2109 4730 ex
2139 4676 2377 4746 singulis
2433 4674 2795 4745 gentibus:et
2843 4674 3152 4746 provinciis
3201 4676 3455 4744 probata:
3491 4692 3751 4746 personae

2042 4769 2100 4819 et
2145 4765 2361 4819 viribus
2421 4764 2683 4818 accinctae
2733 4763 2801 4817 ad
2833 4763 3111 4817 malitiam
3178 4763 3407 4817 Domini
3466 4764 3750 4831 veniunt;

2041 4854 2192 4908 unde
2219 4853 2429 4907 Isaias:
2468 4874 2495 4903 «
2556 4854 2691 4906 Ecce
2742 4851 2834 4905 isti
2865 4852 2934 4905 de
2990 4852 3162 4922 longe
3215 4852 3464 4919 venient,
3524 4858 3582 4907 et
3621 4870 3748 4909 ecce

2040 4943 2120 4997 illi
2152 4942 2222 4996 ab
2252 4942 2536 5012 Aquilone
2570 4945 2629 4995 et
2660 4940 2801 4994 mari
2831 4939 2972 5011 (Isa.
3004 4939 3170 5010 ηιξ),
3208 4959 3235 4990 ››
3268 4944 3372 4995 etc.

2112 5032 2272 5085 Vaas.
2311 5034 2401 5085 l3.
2465 5059 2528 5070 —
2575 5048 2602 5080 α
2634 5031 2741 5083 Per
2790 5029 2907 5083 dies
2946 5034 3160 5083 autem.
3201 5049 3223 5077 ι
3282 5028 3385 5091 Qui
3418 5029 3749 5086 universum

2040 5118 2339 5189 praesentis
2370 5117 2500 5171 vitae
2532 5122 2758 5186 tempus
2807 5116 3153 5185 signiﬁcant,
3205 5131 3318 5185 quo
3348 5118 3597 5185 populus
3647 5118 3751 5171 Dei

2041 5207 2110 5261 de
2149 5208 2309 5261 hoste
2338 5205 2700 5276 triumphans
2730 5203 3104 5273 spiritualiter
3152 5203 3428 5274 exspoliat
3461 5224 3475 5270 ;
3508 5205 3659 5259 unde
3680 5206 3750 5260 de

2043 5296 2287 5349 Ecclesia
2343 5294 2593 5348 dicitur:
2630 5315 2657 5342 ‹‹
2706 5291 2959 5347 Conﬁdit
3013 5292 3072 5346 in
3119 5308 3188 5347 ea
3242 5308 3342 5346 cor
3372 5292 3480 5346 viri
3535 5293 3645 5361 sui,
3696 5299 3753 5349 et

2042 5384 2241 5454 spoliis
2262 5400 2378 5437 non
2403 5382 2685 5451 indigebit
2718 5384 2891 5450 (Prov.
2914 5380 3087 5451 xxxi).
3120 5400 3149 5433 ι)

2114 5471 2273 5525 Vsus.
2309 5470 2394 5522 14.
2421 5498 2489 5509 -
2524 5491 2545 5515 «ι
2604 5469 2780 5522 Porro
2835 5474 3045 5522 autem.
3081 5488 3109 5519 ι)
3152 5469 3242 5523 Sic
3273 5470 3521 5541 populus
3549 5470 3651 5524 Dei
3680 5470 3750 5525 ab

2041 5560 2282 5629 Egypto
2305 5556 2591 5624 recedens,
2625 5555 2809 5626 ipsam
2850 5556 3168 5627 spolivavit,
3213 5559 3364 5613 unde
3419 5559 3756 5614 tabernacu-
