4082 6184
340 320 446 370 739

971 313 1370 367 WALAFRIDI
1411 312 1656 367 STRABI
1697 312 1892 368 FULD.
1937 311 2100 366 MON.
2143 309 2303 365 OPP.
2338 308 2516 364 PARS
2552 309 2594 362 Ι.
2625 336 2692 348 --
2731 307 3185 363 THEOLOGICA.

3743 310 3842 362 ’740

339 436 459 488 lum
491 431 825 487 construxit.
866 432 954 488 Sic
1013 449 1173 503 reges
1220 432 1360 502 justi
1391 433 1495 486 sub
1533 433 1894 486 Testamento
1941 431 2042 482 Ve-
2075 433 2120 486 A
2158 436 2294 485 runt
2347 432 2415 486 de
2461 431 2671 501 quibus
2725 431 2978 484 nascitur
3047 431 3196 486 fetor
3252 431 3559 487 vermium.
3625 433 3762 487 Caro
3793 437 3847 485 et

341 523 448 578 teri
478 539 606 593 quae
637 521 895 576 hostibus
948 521 1324 588 abstulerunt,
1371 522 1431 575 in
1478 521 1796 575 ministerio
1839 519 2040 590 templi

341 616 829 667 consecraverunt.

415 703 574 754 Vens.
613 704 696 755 t5.
737 729 806 739 —
842 718 868 750 ‹‹
917 699 1243 754 Juvenibus.
1280 721 1307 748 »
1340 700 1484 764 Quia
1530 705 1664 754 tunc
1715 715 1901 770 neque
1931 713 2039 751 nu-

341 791 684 859 bentneque
733 789 1042 855 nubentur,
1096 789 1229 859 quia
1274 794 1575 860 resurgent
1629 805 1829 842 omnes
1867 788 1924 840 in
1961 789 2035 839 vi-

341 895 470 933 rum
524 879 858 949 perfectum,
920 878 978 931 in
1037 894 1366 931 mensuram
1427 878 1608 932 astatis
1666 876 2040 947 plenitudinis

341 968 568 1022 Christi.
602 967 761 1021 Unde
793 967 852 1020 in
881 966 1292 1020 resurrectione
1343 966 1586 1026 Domini,
1640 965 1868 1035 juvenis
1900 980 2040 1019 coo-

338 1061 534 1127 pertus
563 1056 707 1109 stola
734 1055 972 1109 candida
1001 1057 1240 1125 angelus
1264 1056 1549 1125 apparuit.

1013 1163 1238 1216 CAPUT
1274 1163 1409 1215 XV].

415 1251 571 1304 Vens.
625 1253 708 1305 t2.
746 1280 805 1288 —
842 1269 868 1301 (ι
925 1251 1298 1303 Horruerunt.
1338 1269 1364 1300 »
1400 1249 1605 1302 Notare
1651 1248 1818 1302 debet
1847 1248 2038 1314 lector,

342 1343 530 1392 utrum
563 1338 760 1409 opinio
788 1354 922 1391 vera
967 1337 1060 1401 sit,
1093 1337 1243 1407 quod
1303 1337 1608 1407 Cambyses
1665 1336 1817 1390 tilius
1852 1336 1979 1406 Cyri
2011 1353 2041 1389 a

335 1426 623 1497 plerisque
649 1425 739 1479 isti
790 1425 1310 1479 Nabuchodonosor
1365 1426 1548 1478 dictus
1577 1426 1669 1490 sit,
1704 1424 1804 1495 qui
1837 1423 2037 1491 Persis,

333 1517 526 1583 Medis,
562 1521 618 1570 et
647 1515 891 1585 Assyriis
922 1514 1240 1583 imperavit.

407 1606 566 1658 Vsns.
630 1608 712 1658 t6.
771 1632 838 1642 -ν-
872 1622 899 1653 ι(
941 1603 1159 1657 Adonai
1220 1601 1465 1655 Domini.
1511 1622 1532 1647 ι
1597 1602 1784 1654 Unum
1840 1599 1907 1654 de
1939 1600 2038 1653 de-

335 1709 460 1746 cem
495 1692 826 1747 nominibus
855 1693 1009 1760 apud
1045 1691 1303 1744 Hebraeos
1334 1691 1683 1759 signiﬁcans,
1741 1690 1891 1760 quod
1930 1692 2038 1742 Do—
2073 1719 2110 1773 Β

339 1782 528 1835 minus
555 1785 828 1835 creatura:
859 1779 1204 1833 dominetur.
1241 1781 1304 1832 Et
1336 1780 1674 1843 notandum,
1727 1779 1881 1848 quod
1915 1778 2040 1831 ubi-

337 1885 562 1936 cunque
592 1868 676 1921 bis
725 1867 971 1937 ponitur,
1029 1867 1304 1920 Dominus
1339 1884 1351 1919 :
1388 1867 1637 1936 primum
1688 1883 1918 1931 nomen,
1951 1871 2041 1919 te-

337 1962 788 2026 tragrammaton
828 1961 930 2020 est,
962 1961 1017 2008 et
1074 1955 1300 2025 proprie
1347 1956 1417 2009 ad
1469 1956 1647 2008 Deum
1698 1956 1964 2025 pertinet,
1989 1959 2044 2008 et

337 2045 626 2099 ineffabile
657 2044 906 2098 dicitur:
959 2044 1270 2097 secundum
1326 2059 1650 2108 commune,
1711 2044 1862 2113 quod
1903 2060 2040 2096 con-

340 2131 492 2185 venit
521 2131 865 2184 homiuibus.
899 2131 962 2183 Et
991 2129 1134 2182 bene
1165 2130 1380 2183 Adonai
1434 2129 1704 2182 Dominus
1757 2129 1907 2182 tilius
1944 2129 2041 2182 Dei

339 2220 545 2274 dicitur
580 2237 592 2274 :
625 2219 760 2289 quia
788 2220 936 2273 Deus
967 2227 1022 2272 et
1052 2220 1247 2283 homo,
1283 2217 1554 2270 Dominus
1578 2223 1634 2271 et
1684 2217 1852 2283 Deus,
1885 2218 2042 2288 quod

339 2308 607 2361 omnibus
636 2307 966 2362 dominetur
995 2307 1078 2360 vel
1107 2306 1175 2359 ab
1213 2306 1481 2360 omnibus
1516 2305 1806 2360 timeatur.

409 2397 570 2450 Vens.
627 2399 721 2450 2t.
772 2424 842 2436 —-
884 2415 911 2446 ‹‹
970 2397 1031 2449 In
1061 2411 1259 2449 carnes
1316 2411 1534 2448 eorum.
1605 2395 1756 2458 Quas
1816 2411 2040 2448 amave-

2152 520 2385 590 sanguis
2428 536 2648 574 vermes
2674 525 2826 574 creat
2861 536 2874 574 :
2925 520 3062 590 quia
3117 520 3417 574 delectatio
3465 521 3728 578 carnalis.
3758 522 3847 574 cui

2151 610 2230 664 sal
2262 609 2630 663 continentur
2672 625 2784 662 non
2835 609 3059 673 resistit,
3118 625 3342 680 poenam
3375 614 3644 663 mternam
3679 626 3846 680 gene-

2149 704 2235 754 rat
2269 697 2611 764 luxuriosis;
2648 697 2796 751 unde
2830 713 2844 750 :
2875 717 2903 746 «
2936 697 3156 751 Vermis
3213 713 3415 750 eorum
3474 713 3589 750 non
3643 699 3846 752 morie-

2151 795 2263 854 tur,
2302 792 2356 840 et
2380 786 2530 858 ignis
2553 801 2670 840 non
2705 786 3102 856 exstinguetur
3135 785 3261 855 (Isa.
3297 787 3460 856 nm).
3494 808 3520 834 »

2220 885 2377 936 Vens.
2428 885 2515 937 22.
2574 914 2635 922 —
2668 903 2693 933 ‹‹
2753 884 2817 936 Et
2863 882 3072 936 factum
3126 887 3230 938 est.
3271 905 3290 930 ι
3348 882 3565 954 Adepta
3618 882 3848 936 victoria

2150 975 2220 1029 de
2267 971 2526 1025 hostibus
2589 970 2724 1036 suis,
2794 969 3036 1041 quisque
3100 971 3310 1024 electus
3367 971 3436 1024 ab
3512 971 3671 1024 omni
3727 972 3848 1025 labe

2149 1063 2451 1129 purgatus,
2485 1062 2752 1128 properat
2803 1059 2862 1112 in
2896 1075 3200 1128 supernam
3257 1058 3353 1112 Dei
3410 1058 3720 1127 civitatem,
3755 1059 3851 1114 ubi

2151 1162 2284 1200 vera
2307 1145 2449 1199 visio
2481 1147 2652 1216 pacis,
2688 1146 2782 1199 ubi
2815 1146 3001 1199 reddit
3031 1150 3158 1199 vota
3190 1162 3292 1198 sua
3321 1145 3630 1200 conditori.

2221 1235 2382 1288 Vens.
2415 1236 2502 1288 28.
2536 1264 2603 1273 —
2639 1255 2659 1282 ι
2699 1234 2940 1288 Centum
2998 1233 3273 1304 quinque,
3309 1241 3413 1287 etc.
3481 1235 3587 1288 Pro
3636 1238 3852 1286 aeterna

2152 1322 2502 1376 beatitudine
2562 1323 2923 1376 centenarius
2985 1337 3319 1376 numerusa
3377 1322 3514 1375 laeva
3561 1322 3765 1375 transit
3797 1322 3853 1375 in

2153 1413 2431 1468 dextram.

2225 1519 2252 1551 α
2284 1501 2495 1554 Abram
2539 1516 2716 1554 suam.
2759 1522 2779 1547 ι
2834 1500 3042 1554 Abram
3093 1499 3406 1554 carnalium
3465 1499 3854 1553 conversatio-

2150 1605 2304 1652 nem,
2339 1605 2467 1659 quaa
2501 1605 2726 1659 semper
2755 1589 2946 1642 timori
2996 1588 3238 1641 obnoxia
3285 1593 3370 1642 est
3433 1587 3490 1640 in
3522 1588 3849 1641 libertatem

2151 1677 2348 1747 gratia:
2377 1682 2433 1731 et
2461 1677 2531 1730 ad
2589 1677 2948 1730 securitatem
2997 1677 3286 1730 cbaritatis
3344 1676 3603 1730 ducendo
3659 1680 3714 1729 et
3759 1693 3853 1728 ex-

2150 1767 2433 1820 hortando
2461 1766 2736 1837 perducit,
2773 1769 2832 1818 ut
2861 1782 2976 1819 non
3009 1766 3237 1831 timore,
3268 1765 3361 1820 sed
3404 1780 3596 1819 amore
3623 1765 3852 1819 serviat.

2224 1864 2384 1918 Vens.
2413 1867 2502 1919 29.
2542 1895 2600 1904 —
2633 1882 2659 1912 α
2703 1864 2980 1934 Luxitque
3033 1863 3190 1918 illam
3217 1863 3403 1918 omnis
3452 1863 3698 1934 populus
3730 1863 3857 1918 die-

2149 1951 2257 2005 bus
2312 1958 2550 2023 septem.
2588 1973 2614 2002 »
2673 1952 2843 2006 Electi
2878 1951 2979 2006 Dei
3035 1969 3137 2022 per
3190 1968 3360 2006 omne
3396 1956 3642 2022 tempus,
3703 1953 3861 2022 quod

2151 2047 2372 2112 septem
2423 2041 2622 2095 diebus
2686 2042 2983 2108 evolvitur,
3048 2047 3280 2112 propter
3331 2041 3858 2111 peregrinationem

2150 2130 2450 2200 praesentis
2504 2130 2782 2196 Ecclesiae,
2840 2129 2900 2183 in
2949 2130 3143 2184 dolore
3193 2135 3250 2184 et
3279 2129 3495 2199 gemitu
3558 2145 3680 2184 non
3709 2129 3857 2183 afﬂi-

2151 2224 2364 2290 guntur
2409 2235 2475 2272 ex
2533 2218 2949 2288 desperatione,
3003 2219 3099 2273 sed
3155 2219 3362 2272 futurae
3412 2218 3539 2272 vita:
3588 2220 3862 2272 recorda-

2153 2307 2305 2360 tione
2357 2307 2520 2376 juxta
2569 2306 2744 2360 illud:
2792 2328 2813 2355 ι
2874 2306 3174 2372 Flevimus,
3199 2305 3338 2360 dum
3395 2306 3853 2369 recordaremur,

2150 2395 2282 2449 Sion
2319 2395 2482 2463 (Psal.
2515 2395 2748 2463 cxxxvn).
2780 2414 2806 2444 »

1706 2644 2004 2720 LIBER
2063 2644 2482 2721 ESTHER.

1281 2900 1338 2954 Β.
1384 2899 1774 2954 HIERONYMI
1810 2900 1880 2953 IN
1923 2899 2185 2954 LIBRUM
2227 2898 2490 2954 ESTHER
2529 2898 2917 2953 PROLOGUS.

1405 3023 1572 3094 (Vide
1599 3025 1745 3077 inter
1773 3039 1934 3093 opera
1963 3026 2025 3078 B.
2062 3025 2394 3092 Hieronymi,
2439 3028 2568 3078 tom.
2610 3022 2778 3093 V111.)

970 3244 1194 3298 CAPUT
1226 3243 1517 3298 PRIMUM.

409 3347 592 3415 (RAB.,
624 3361 788 3416 empos
815 3349 875 3401 in
895 3348 988 3401 lib.
1038 3348 1252 3413 Esther,
1290 3352 1430 3401 tom.
1464 3347 1583 3417 ΙΙΙ.)
1645 3347 1812 3401 Liber
1843 3347 2041 3401 Esther

338 3451 509 3506 quem
543 3435 926 3489 Hebraeiinter
956 3435 1346 3505 hagiographa
1382 3440 1710 3503 numerant,
1746 3436 1954 3490 Christi
1985 3441 2041 3489 et

339 3523 596 3576 Ecclesiae
652 3522 905 3576 continet
961 3528 1334 3592 sacramenta,
1393 3527 1524 3590 etc.,
1605 3539 1774 3592 usque
1817 3525 1892 3578 ad
1940 3527 2039 3596 qui

337 3611 594 3681 regnavit
625 3615 753 3681 post
785 3611 1017 3666 Darium
1064 3617 1334 3683 patruum
1355 3618 1734 3682 cognomento
1783 3613 2038 3667 Noctium

339 3698 503 3752 annis
534 3697 934 3768 quadraginta.

407 3787 571 3841 Vens.
604 3791 654 3842 2.
703 3818 767 3827 —
800 3808 828 3839 α
875 3789 1054 3843 Susan
1112 3787 1380 3854 civitas,»
1426 3793 1532 3842 etc.
1592 3787 1775 3843 Susan
1831 3792 2038 3843 metro-

338 3875 486 3945 polis
524 3879 608 3928 est
639 3875 698 3928 in
720 3876 968 3945 Perside,
1000 3892 1173 3948 quam
1205 3877 1368 3930 aiunt
1422 3875 1679 3929 historici
1726 3877 2040 3930 Memnonis

341 3962 577 4016 fratrem
635 3963 1012 4031 constituisse,
1065 3968 1122 4017 et
1178 3981 1206 4017 a
1260 3964 1385 4018 Susi
1412 3963 1585 4017 ﬂuvio
1649 3980 1858 4017 nomen
1889 3980 2041 4018 acce-

337 4051 504 4122 pisse.
535 4052 630 4105 Ibi-
649 4056 732 4105 est
766 4053 919 4122 regia
947 4053 1150 4107 domus
1184 4053 1313 4122 Cyri
1335 4052 1525 4122 lapide
1585 4052 1830 4106 candido
1859 4057 1915 4105 et
1947 4068 2041 4104 va-

339 4139 442 4204 rio,
465 4139 747 4193 columnis
793 4140 996 4207 aureis,
1031 4145 1088 4195 et
1140 4140 1505 4211 laquearibus
1563 4139 1920 4211 gemmisque
1951 4139 2042 4193 di—

337 4228 576 4282 stincta:
613 4228 739 4281 caeli
795 4229 1094 4283 continens
1153 4229 1524 4283 simulacrum
1585 4229 1762 4283 stellis
1825 4230 2038 4282 mican-

337 4317 488 4371 tibus
516 4316 873 4386 insignitum,
903 4323 959 4371 et
987 4317 1341 4372 incredibilia
1388 4318 1586 4372 multa.
1644 4317 1727 4371 Ibi
1767 4319 2045 4371 Assuerus

339 4404 662 4459 convivium
723 4407 1040 4460 maximum
1097 4406 1328 4472 divitiis,
1374 4411 1430 4460 et
1477 4405 1773 4475 copiosum
1830 4404 2044 4458 deliciis

339 4493 661 4548 celebravit.
721 4495 906 4549 Virtus
978 4511 1226 4565 namque
1279 4494 1422 4548 sacri
1499 4494 1735 4565 eloquii,
1805 4492 1884 4546 sic
1936 4493 2110 4579 ali-D

339 4591 570 4658 quando
599 4590 882 4641 transacta
929 4588 1143 4650 narrat,
1175 4588 1240 4637 ut
1282 4587 1521 4637 ventura
1573 4581 1902 4655 exprimat:
1961 4581 2042 4635 sic

339 4675 609 4731 factorem
639 4675 936 4746 approbat,
988 4677 1054 4726 ut
1083 4671 1135 4725 ei
1185 4671 1246 4724 in
1276 4669 1593 4724 ministerio
1654 4668 2036 4723 contradicat:

348 4765 427 4818 sic
467 4771 626 4837 gesta
678 4765 934 4831 damnat,
987 4764 1052 4816 ut
1110 4761 1234 4814 haec
1283 4758 1518 4829 mystice
1594 4758 1846 4827 gerenda
1911 4773 2044 4811 sua-

342 4856 495 4911 deat.

414 4945 575 4999 Vnns.
611 4945 660 4997 3.
694 4971 762 4982 -—-
789 4926 824 4998 ’μ
864 4938 1054 4994 Tertio
1083 4936 1258 5008 igitur
1311 4952 1482 4990 anno.
1522 4955 1548 4985 ι
1608 4936 1907 5005 Tempore,
1930 4933 2044 4987 sci-

341 5032 492 5100 licet,
541 5031 702 5086 istius
759 5028 951 5083 saaculi
1001 5025 1411 5080 incarnationis
1461 5041 1577 5078 suae
1625 5027 2044 5077 sacramentum

341 5119 626 5190 patefecit,
662 5123 718 5173 et
745 5116 1070 5188 spirituales
1102 5115 1297 5185 epulas
1342 5111 1788 5183 praedicationis,
1841 5119 1896 5167 et
1919 5127 2044 5164 cor-

343 5207 498 5280 poris
529 5213 585 5262 et
641 5205 934 5277 sanguinis
990 5203 1076 5257 sui
1132 5200 1619 5257 abundantissime
1676 5199 2042 5258 ministravit.

345 5296 598 5350 Primum
631 5300 858 5366 tempus
913 5299 1041 5348 ante
1102 5293 1310 5363 legem,
1371 5290 1683 5345 secundum
1747 5288 1852 5343 sub
1897 5289 2040 5358 lege,

343 5385 577 5440 tertium
608 5384 711 5438 sub
743 5384 943 5454 gratia.

447 5492 474 5525 .‹
536 5472 755 5528 Grande
833 5468 1135 5525 convivum
1204 5466 1422 5522 cunctis
1473 5465 1842 5537 principibus.
1892 5483 1918 5516 ιο
1977 5493 2047 5506 --

345 5581 371 5611 ‹‹
405 5559 604 5616 Simile
637 5562 722 5613 est
751 5572 993 5628 regnum
1022 5556 1295 5611 caelorum
1342 5552 1566 5608 homini
1614 5553 1738 5622 regi
1769 5550 1869 5623 qui
1915 5551 2049 5606 fecit

2077 3243 2117 3298 C
2157 3245 2384 3314 nuptias
2412 3242 2530 3297 tilio
2589 3259 2690 3296 suo
2751 3241 2963 3313 (Matth.
2999 3241 3156 3312 XXII).
3194 3262 3222 3293 α
3281 3243 3346 3296 Et
3393 3241 3575 3296 alibi:
3617 3264 3636 3289 α
3676 3244 3864 3298 Homo

2149 3333 2382 3403 quidam
2454 3330 2586 3386 fecit
2642 3347 2864 3385 ccenam
2920 3346 3187 3399 magnam
3222 3347 3234 3383 :
3267 3336 3323 3384 et
3373 3330 3590 3385 vocavit
3645 3333 3865 3385 multos

2150 3420 2296 3490 (Luc.
2333 3421 2467 3489 xxv).
2500 3440 2526 3471 ι)
2562 3420 2740 3488 Hujus
2792 3418 3038 3472 convivii
3090 3418 3347 3484 historia,
3398 3435 3674 3488 pompam
3713 3419 3862 3474 divi-

2149 3509 2382 3574 tiarum,
2416 3512 2472 3562 et
2520 3509 2718 3560 luxum
2777 3505 2928 3576 regis
2983 3506 3272 3560 ostendit:
3308 3507 3415 3560 sed.
3454 3507 3662 3561 Christi
3693 3508 3867 3578 spiri-

2148 3594 2330 3647 tuales
2360 3593 2592 3647 delicias
2623 3609 2762 3664 quas
2812 3593 3125 3663 unicuique
3178 3592 3489 3662 dispensat,
3547 3595 3861 3663 allegorice

2149 3680 2449 3751 signiﬁcat.
2480 3681 2736 3736 Christus
2790 3681 2944 3734 enim
2993 3685 3078 3735 est
3107 3680 3200 3734 ille
3254 3680 3568 3734 ditissimus
3599 3699 3721 3750 rex,
3759 3683 3863 3755 qui

2151 3770 2343 3824 uxoris
2368 3787 2505 3836 suae,
2534 3771 2590 3824 id
2652 3774 2735 3823 est
2793 3771 3072 3838 Ecclesiae,
3124 3769 3385 3840 precibus
3433 3777 3725 3836 exoratus,
3759 3774 3862 3826 Ju-

2149 3859 2322 3924 dmos,
2350 3858 2406 3912 id
2437 3863 2519 3912 est
2549 3858 2901 3912 confessores
2953 3875 3106 3923 suos,
3139 3858 3208 3912 de
3261 3874 3433 3912 manu
3484 3858 3861 3916 inimicorum

2150 3947 2373 4010 liberat,
2421 3951 2589 4018 atque
2639 3947 2789 4017 ipsos
2837 3946 2993 4016 juste
3045 3947 3406 4001 condemnat.
3471 3949 3664 4018 Neque
3699 3950 3862 4004 enim

2151 4051 2378 4089 necesse
2411 4039 2516 4103 est,
2560 4040 2622 4088 ut
2667 4034 2714 4088 si
2761 4034 3086 4104 aliquorum
3129 4034 3280 4088 bona
3331 4035 3616 4090 Christum
3676 4037 3866 4107 signi-

2149 4122 2340 4189 ﬁcant,
2396 4138 2597 4176 eorum
2666 4137 2895 4192 quoque
2945 4123 3093 4176 mala
3166 4123 3295 4193 ipsi,
3356 4123 3569 4178 scilicet
3629 4126 3865 4180 Christo

2151 4210 2511 4264 conveniant.
2549 4211 2762 4280 Moyses
2804 4209 2959 4263 enim
2990 4209 3048 4263 in
3079 4210 3276 4264 multis
3331 4211 3621 4266 Christum
3679 4213 3866 4282 signi-

2152 4298 2499 4362 ﬁcavit;sed
2565 4315 2681 4352 non
2740 4298 2800 4352 in
2863 4299 2988 4364 hoc,
3019 4299 3171 4369 quod
3226 4299 3296 4352 ad
3360 4316 3535 4371 aquas
3571 4303 3866 4356 contradi-

2154 4386 2360 4441 ctionis
2399 4385 2700 4440 dubitavit.
2731 4385 2837 4440 Sed
2865 4403 2971 4440 nec
3025 4390 3218 4440 Aaron
3268 4387 3486 4442 factura
3526 4388 3716 4442 vituli.
3751 4391 3866 4444 Nec

2153 4476 2421 4531 Salomon
2454 4475 2512 4528 in
2535 4475 2700 4530 sorde
2734 4474 3004 4529 libidinis.
3059 4475 3149 4529 Sic
3202 4479 3478 4531 Assuerus
3530 4477 3590 4531 in
3625 4477 3741 4532 isto
3767 4479 3868 4549 ju-

2152 4564 2319 4630 dicio,
2351 4569 2410 4618 ut
2432 4563 2492 4617 in
2519 4563 2740 4618 liberali
2797 4562 3053 4617 convivio
3103 4565 3387 4619 Christum
3445 4565 3754 4636 signiﬁcat,
3789 4567 3866 4620 si-

2149 4659 2245 4708 cut
2292 4652 2466 4706 Isaias
2504 4652 2566 4705 in
2596 4652 2740 4721 Cyro
2789 4668 2924 4722 rege
2974 4653 3272 4706 Persarum
3314 4653 3604 4708 Christum
3645 4655 3863 4726 signat,

2150 4742 2218 4796 de
2248 4757 2362 4812 quo
2386 4745 2582 4812 postea
2613 4741 2945 4812 subjungit:
2981 4763 3009 4790 ‹‹
3033 4741 3259 4795 Accinxi
3291 4746 3343 4796 te
3375 4747 3431 4796 et
3487 4758 3603 4796 non
3641 4759 3864 4814 cogno-

2150 4829 2278 4882 visti
2303 4845 2393 4882 me
2427 4831 2568 4896 (Isa.
2623 4831 2772 4897 XLV),
2807 4851 2834 4879 »
2889 4833 2989 4883 etc.
3057 4830 3114 4884 Si
3165 4830 3320 4884 enim
3370 4847 3532 4901 reges
3575 4831 3772 4902 iniqui
3805 4832 3866 4888 in

2153 4917 2464 4971 malefactis
2491 4917 2782 4972 diabolum
2833 4917 3197 4988 signiﬁcant;
3241 4935 3343 4972 cur
3371 4935 3486 4973 non
3519 4935 3683 4989 reges
3718 4921 3866 4991 justi

2151 5005 2212 5058 in
2259 5005 2587 5071 benefactis,
2647 5005 2932 5060 Christum
2981 5006 3429 5061 demonstrant?
3482 5007 3865 5064 Nabuchodo-

2153 5110 2321 5147 nosor
2343 5094 2515 5164 jussit
2561 5094 2802 5164 populos
2853 5094 3049 5148 audita
3097 5095 3574 5166 symphoniarum
3641 5101 3699 5150 et
3733 5113 3865 5150 mu-

2151 5182 2394 5236 sicorum
2450 5197 2585 5236 voce
2649 5187 2961 5252 prostratos
3008 5187 3250 5237 statuam
3305 5185 3563 5238 adorare.
3620 5185 3686 5239 Et
3746 5185 3868 5240 dia-

2151 5270 2318 5324 bolus
2347 5270 2607 5325 seculari
2639 5270 2935 5325 dulcedine
2963 5287 3143 5341 genus
3181 5273 3499 5326 humanum
3557 5273 3804 5327 inﬂectit
3834 5290 3868 5328 a

2155 5359 2362 5413 mentis
2392 5358 2730 5413 rectitudine
2761 5359 2831 5414 ad
2878 5360 3228 5430 sequendam
3285 5360 3584 5415 avaritiam
3615 5378 3745 5432 quae
3779 5367 3866 5416 est

2154 5447 2591 5502 simulacrorum
2621 5447 2882 5503 servitus.

2224 5554 2383 5606 Vens.
2414 5557 2465 5607 5.
2497 5581 2567 5594 —
2601 5571 2630 5602 α
2671 5553 2798 5608 Dies
2845 5553 3103 5609 convivii.
3135 5577 3154 5603 ι
3213 5555 3539 5626 Magnatum
3601 5556 3686 5610 vel
3736 5558 3858 5627 pri-
