3998 6178
210 296 308 349 741

1303 298 1559 354 GLOSSA
1597 299 2000 356 ORDINARIA.
2045 328 2107 342 —-
2151 304 2283 357 LIB.
2327 302 2626 359 ESTHER.

3611 314 3713 366 742

203 415 540 469 mitivorum
589 416 845 469 ﬁdelium
906 415 1325 485 primirefecti
1378 420 1530 481 sunt,
1591 418 1904 474 secundum
1944 423 1988 475 A
2022 421 2227 491 quibus
2290 429 2419 477 ante
2477 423 2674 478 fideles
2739 431 2987 494 paverat,
3060 428 3465 483 abundantiori
3542 433 3728 501 gratia

198 503 385 557 illud:
453 527 471 550 α
527 505 649 557 Non
705 520 831 557 sum
894 505 1098 558 missus
1155 505 1265 559 nisi
1309 506 1378 559 ad
1415 522 1564 567 oves,
1601 524 1729 577 qua
1761 509 1913 578 peri-

196 597 381 647 erunt
428 592 631 646 domus
690 594 857 647 Israel
922 594 1135 663 (Matth.
1168 594 1279 664 xv).
1315 614 1341 646 ιδ
1375 595 1438 648 In
1470 594 1917 651 circumcisionis

194 686 563 734 sacramento
599 682 904 735 Dominica
954 682 1415 752 resurrectionis,
1449 686 1503 736 et
1553 685 1693 737 Novi
1731 687 1915 740 Testa-

194 770 387 823 menti
448 775 503 823 et
554 787 699 824 vera
758 770 1240 826 circumcisionis:
1303 776 1358 827 et
1388 777 1514 827 octo
1557 778 1690 827 sunt
1742 776 1915 829 beati-

196 859 459 927 tudines,
492 860 562 912 ad
592 876 732 929 quas
763 860 916 914 istud
977 862 1300 915 convivium
1349 863 1632 932 perducit,
1663 864 1815 934 quod
1850 866 1913 918 ﬁt

196 952 432 1001 tantum
495 948 731 1015 diebus;
778 948 917 1002 mali
969 954 1160 1005 autem
1219 952 1668 1006 convivabantur
1717 952 1774 1005 in
1817 969 1916 1006 no-

194 1037 412 1090 ctibus.

276 1125 437 1177 Vens.
494 1128 544 1179 6.
576 1156 653 1183 -,
708 1147 728 1173 ι
793 1126 857 1179 Et
908 1124 1253 1194 pendebant.
1301 1145 1329 1174 »
1365 1126 1565 1195 Byssus
1611 1127 1916 1181 mortiﬁca-

191 1212 421 1266 tionem
455 1214 639 1266 carnis
684 1213 983 1283 signiﬁcat.
1049 1214 1309 1283 Purpura
1356 1216 1696 1283 sanguinem
1760 1232 1910 1269 mar-

188 1310 359 1379 tyrii.
428 1312 720 1365 Columna
773 1328 1131 1379 marmorea,
1168 1313 1501 1367 ﬁrmitatem
1578 1313 1900 1367 doctorum.

194 1399 355 1451 Bene
377 1415 512 1467 ergo
541 1400 748 1453 dicitur
777 1402 931 1472 quod
990 1403 1237 1456 tentoria
1291 1402 1500 1456 diversi
1547 1402 1752 1455 coloris
1781 1401 1912 1471 bys-

192 1485 342 1538 sinis
364 1488 419 1539 et
468 1490 773 1557 purpureis
798 1490 1029 1544 funibus
1078 1507 1181 1560 per
1209 1490 1451 1545 circulos
1493 1491 1779 1545 eburneos
1810 1491 1895 1543 iu-

194 1575 488 1628 columnis
557 1579 892 1633 marmoreis
959 1581 1494 1650 suspendebantur;
1555 1581 1688 1651 quia
1736 1580 1909 1634 decor

197 1663 465 1717 Ecclesiae
514 1665 573 1718 in
650 1667 943 1737 sapientia
976 1669 1343 1724 meditatione
1403 1676 1459 1723 et
1520 1669 1581 1724 iu
1632 1670 1902 1723 virtutum
1950 1698 1985 1750 Β

193 1752 538 1806 ascensione
585 1771 691 1824 per
743 1756 930 1810 carnis
961 1759 1458 1812 mortiﬁcationem
1503 1763 1560 1812 et
1589 1758 1902 1812 castitatem

192 1854 337 1893 cum
402 1842 663 1912 martyrii
695 1844 974 1913 dignitate
1022 1846 1082 1899 in
1137 1848 1467 1901 doctoribus
1514 1847 1683 1901 debet
1733 1847 1904 1900 efful—

194 1941 338 1993 gere
365 1947 379 1991 ;
429 1933 485 1980 et
530 1928 789 1997 ipsorum
820 1933 993 1986 verbo
1034 1939 1090 1987 et
1119 1935 1385 2003 exemplo
1415 1934 1486 1987 ad
1518 1935 1762 1987 aliorum
1794 1952 1903 1987 no-

191 2016 384 2068 titiam
446 2019 774 2085 pervenire:
811 2026 873 2073 ut
923 2022 994 2075 ab
1052 2022 1141 2075 his
1173 2022 1437 2076 instructi
1468 2028 1526 2077 et
1579 2023 1900 2089 confortati,

195 2103 397 2156 aulam
429 2105 681 2173 paradisi
713 2115 1041 2163 mereantur
1070 2110 1326 2165 introire.

276 2193 392 2245 «Et
448 2194 731 2249 columnis
775 2199 1113 2253 marmoreis
1169 2201 1566 2257 fulciebantur.
1600 2222 1627 2253 ι)
1686 2201 1748 2255 Id
1798 2206 1901 2267 est,

196 2280 535 2335 doctoribus
583 2283 653 2336 de
685 2286 891 2355 quibus
933 2288 1171 2342 dicitur:
1215 2310 1235 2336 ι
1280 2291 1391 2359 Ego
1441 2289 1776 2344 conﬁrmavi
1807 2308 1903 2344 co-

193 2370 432 2423 lumnas
490 2372 611 2441 ejus
661 2374 828 2441 (Psal.
896 2379 1100 2445 LXXIV).
1129 2397 1156 2426 δ
1215 2379 1289 2431 Ex
1323 2378 1492 2431 alibi:
1529 2399 1550 2426 α
1596 2379 1904 2433 Columnas

194 2456 338 2510 fecit
384 2465 700 2528 argenteas,
770 2463 1197 2518 reclinatorium
1235 2482 1473 2519 aureum
1509 2466 1699 2533 (cant.
1734 2467 1835 2537 ιιι).
1877 2490 1896 2515 υ

270 2565 299 2596 α
327 2546 511 2616 Super
572 2549 984 2619 pavimentum.
1022 2574 1045 2601 ι
1107 2553 1449 2623 Smaragdus
1480 2570 1511 2607 a
1542 2553 1720 2607 nimia
1766 2554 1903 2607 viri-

195 2632 381 2687 ditate
441 2636 527 2689 sui
584 2638 662 2691 sic
719 2645 971 2694 vocatur.
1028 2642 1280 2707 Parium,
1352 2658 1533 2712 genus
1601 2643 1904 2696 marmoris

193 2721 693 2778 candidissimum.
759 2728 863 2780 Per
916 2727 1161 2782 virorem
1217 2729 1371 2782 enim
1432 2729 1563 2783 ﬁdei
1606 2734 1661 2783 et
1693 2730 1902 2783 cando-

192 2825 324 2862 rem
355 2811 626 2865 castitatis
669 2815 1020 2869 construitur
1050 2817 1490 2871 fundamentum
1535 2817 1899 2871 humilitatis.

200 2920 229 2944 «
260 2899 420 2952 Beati
446 2900 601 2954 enim
633 2918 911 2973 pauperes
941 2905 1165 2975 spiritu,
1200 2905 1476 2976 quoniam
1523 2906 1780 2976 ipsorum
1817 2913 1902 2961 est

2026 510 2427 565 manifestavit.

2097 604 2258 657 Vens.
2296 606 2377 657 t2.
2416 636 2480 644 —
2512 628 2537 655 ι(
2570 604 2705 669 Qua
2764 605 2973 659 renuit.
3016 627 3036 655 ι
3078 609 3195 661 Non
3230 610 3413 663 solum
3443 612 3726 681 legatores

2025 690 2364 760 despiciens,
2399 692 2494 745 sed
2549 698 2605 746 et
2636 693 2785 762 regis
2818 694 3163 763 imperium;
3227 698 3379 751 unde
3430 698 3490 752 in
3540 701 3726 754 Evan-

2025 779 2191 847 gelio.
2228 780 2419 832 senior
2439 779 2591 833 ﬁlins
2617 798 2647 834 a
2680 786 2837 850 patre
2870 788 3104 851 rogatus
3137 785 3203 837 ad
3256 786 3580 841 convivium
3613 805 3722 842 no-

2026 868 2130 920 luit
2162 867 2436 921 introire:
2474 874 2530 921 et
2563 869 2660 938 qui
2719 870 2788 922 ad
2846 886 3064 923 canam
3115 873 3318 941 vocati,
3372 874 3497 927 aliis
3551 875 3724 930 rebus

2024 955 2304 1024 occupati,
2332 955 2647 1009 noluerunt
2693 957 2908 1025 venire,
2945 959 3109 1027 juxta
3135 960 3589 1030 indignationem
3622 981 3723 1035 pa-

2023 1043 2391 1112 trisfamilias,
2422 1044 2617 1115 rejecti
2673 1050 2803 1099 sunt
2835 1052 2891 1100 et
2939 1048 3036 1100 alii
3069 1049 3190 1101 loco
3246 1050 3476 1105 illorum
3509 1054 3722 1106 consti-

2023 1132 2153 1186 tuti.

2094 1221 2255 1275 Vens.
2290 1225 2374 1276 16.
2420 1251 2487 1262 -—-
2542 1242 2569 1273 α
2604 1222 3031 1293 Responditque
3064 1225 3412 1279 Mamucham
3447 1227 3715 1282 audiente

2026 1330 2052 1355 «
2083 1324 2216 1379 rege
2255 1314 2425 1380 atque
2456 1310 2846 1381 principibus:
2907 1312 3030 1364 Non
3084 1314 3267 1366 solum
3318 1331 3509 1385 regem
3575 1317 3720 1371 lasit

2026 1419 2047 1445 ι(
2075 1398 2295 1467 regina,
2324 1418 2350 1449 ι)
2384 1404 2489 1453 etc.
2536 1400 2635 1453 Hic
2691 1400 3034 1453 novissimus
3068 1402 3123 1454 in
3158 1403 3358 1456 ordine
3390 1408 3606 1474 septem
3637 1422 3720 1459 sa-

2020 1486 2281 1555 pientum
2305 1493 2658 1553 numeratus,
2677 1490 3015 1542 sententiam
3039 1492 3383 1561 promulgat,
3405 1494 3714 1548 etPaulum

2020 1576 2337 1644 apostolum
2380 1576 2662 1647 signiﬁcat
2694 1577 2793 1647 qui
2841 1577 3013 1631 dicit:
3049 1598 3075 1628 (ι
3110 1582 3223 1649 Ego
3264 1598 3390 1634 sum
3444 1582 3717 1637 minimus

2020 1664 2430 1733 apostolorum,
2463 1665 2560 1736 qui
2592 1681 2709 1718 non
2741 1682 2867 1718 sum
2929 1666 3135 1735 dignus
3195 1668 3381 1721 vocari
3426 1670 3717 1739 apostolus

2017 1752 2073 1821 (Ι
2101 1754 2218 1808 Cor.
2254 1752 2360 1821 xv).
2393 1772 2420 1803 ››
2465 1753 2527 1806 Et
2556 1752 3077 1806 contradicentibus
3108 1754 3321 1809 Judais
3366 1761 3420 1809 et
3475 1758 3596 1810 zelo
3625 1774 3714 1811 re-

2016 1840 2181 1910 pletis
2213 1841 2324 1893 ait:
2362 1860 2389 1891 (ι
2412 1840 2557 1904 Quia
2587 1857 2684 1894 vos
2716 1841 3266 1911 indignosjudicatis
3295 1842 3428 1897 vita
3458 1849 3711 1911 aterna,

2014 1944 2140 1982 ecce
2170 1931 2563 1983 convertimur
2581 1931 2647 1983 ad
2672 1935 2871 1999 gentes
2903 1932 3040 1999 (Act.
3076 1932 3217 2000 Xlll).
3252 1954 3279 1979 ››

2709 2081 2935 2134 CAPUT
2968 2082 3032 2134 Η.

2085 2203 2245 2255 Vens.
2278 2207 2329 2255 ’7.
2364 2234 2431 2241 ——
2467 2225 2485 2250 α
2525 2201 2629 2265 Qui
2680 2202 2805 2257 fuit.
2841 2224 2867 2251 ››
2921 2204 3119 2256 Esther
3165 2203 3373 2258 dicitur
3417 2205 3712 2275 absconsa,

2014 2289 2228 2356 Edissa,
2290 2289 2737 2344 misericordiam
2791 2297 3113 2345 consecuta.
3176 2293 3302 2345 Hac
3332 2297 3415 2346 est
3455 2296 3715 2364 gentium

2016 2378 2297 2444 Ecclesia,
2332 2394 2460 2447 qua
2508 2378 2566 2431 in
2601 2378 2931 2432 abscondito
2974 2380 3160 2433 cordis
3196 2381 3450 2434 nutriens
3481 2384 3713 2438 castita-

2012 2469 2128 2520 tem
2187 2467 2340 2533 ﬁdei,
2388 2467 2836 2520 misericordiam
2897 2473 2954 2521 et
3010 2468 3252 2537 gratiam
3303 2485 3494 2524 coram
3534 2472 3716 2525 oculis

2016 2555 2241 2608 Domini
2287 2554 2520 2622 invenit,
2571 2555 2863 2625 repudiata
2908 2572 3226 2626 synagoga,
3286 2574 3415 2627 qua
3466 2559 3526 2612 in
3572 2561 3715 2615 Osee

2012 2644 2317 2697 vocabatur
2366 2644 2580 2714 absque
2641 2644 3049 2698 misericordia.
3113 2646 3268 2698 lianc
3327 2648 3510 2700 nutrit
3567 2648 3711 2702 Mar-

2014 2731 2283 2785 dochaus
2338 2732 2671 2803 spiritualis,
2708 2737 2763 2786 et
2794 2734 3027 2803 adoptat
3057 2732 3116 2786 in
3143 2733 3322 2787 ﬁliam
3354 2736 3455 2805 qui
3496 2741 3579 2790 est
3609 2737 3712 2790 do-

2013 2825 2135 2874 ctor
2159 2821 2419 2891 gentium
2450 2820 2509 2874 in
2540 2821 2652 2875 ﬁde
2706 2827 2761 2875 et
2807 2822 3065 2891 veritate,
3099 2828 3155 2877 et
3204 2829 3288 2876 est
3317 2825 3386 2879 de
3417 2824 3592 2895 stirpe
3616 2826 3713 2879 Je—

2014 2909 2176 2975 mini,
2211 2910 2317 2963 hoc
2347 2914 2431 2963 est
2465 2910 2532 2964 de
2556 2910 2731 2980 stirpe
2760 2910 3078 2980 Benjamin.

192 3000 444 3055 regnum
478 2989 768 3043 caelorum.
829 2990 1055 3060 (Matth.
1110 2992 1184 3062 v).
1224 3013 1249 3041 ››
1284 2994 1388 3047 Et:
1427 3012 1453 3043 α
1489 2993 1596 3057 Qui
1625 3010 1682 3047 se
1704 2993 1901 3047 humi—
1936 2977 1976 3032 C
2086 3000 2244 3052 Vens.
2287 3001 2341 3053 8.
2401 3029 2472 3039 —
2528 3016 2555 3049 «
2616 2977 2831 3052 Esther.
2877 2977 2919 3049 ν»
2994 3001 3147 3053 Hanc
3189 3000 3717 3056 Nabuchodonosor

195 3074 303 3126 liat
351 3076 693 3132 exaltabitur
745 3079 894 3150 (Luc.
957 3083 1037 3149 χ).
1101 3082 1165 3134 Et
1214 3081 1377 3136 alibi:
1414 3100 1443 3132 α
1496 3082 1701 3136 Discite
1731 3098 1901 3147 ame,

198 3164 339 3234 quia
371 3164 524 3218 mitis
549 3183 673 3219 sum
708 3170 922 3238 (Matth.
954 3170 1050 3238 χι),
1083 3190 1111 3219 ››
1146 3174 1251 3224 etc.

274 3253 435 3306 Vens.
464 3259 518 3309 7.
556 3286 622 3295 -—
646 3278 673 3304 «
710 3257 935 3311 Vinum.
988 3278 1015 3309 »
1047 3258 1370 3313 Secundum
1425 3258 1599 3313 illud:
1635 3279 1657 3307 ι
1704 3258 1902 3313 Chari-

192 3345 284 3394 tas
346 3341 442 3396 Dei
502 3343 708 3398 diffusa
762 3351 846 3399 est
898 3346 957 3400 in
1015 3347 1282 3401 cordibus
1324 3347 1532 3401 nostris
1560 3348 1732 3416 (Rom.
1762 3348 1838 3417 v),
1871 3366 1898 3399 ι)

192 3435 305 3484 etc.
357 3430 468 3484 Alii
529 3432 695 3486 datur
739 3451 927 3489 sermo
960 3435 1228 3504 scientia,
1271 3435 1369 3489 alii
1429 3435 1745 3506 sapientia,
1800 3436 1899 3489 alii

194 3521 363 3585 ﬁdes,
398 3520 492 3574 alii
521 3522 702 3592 gratia
729 3524 1063 3580 sanitatum.

275 3631 298 3655 ε
366 3609 634 3664 Nolentes
682 3618 911 3683 cogeret
976 3614 1049 3667 ad
1104 3613 1502 3680 bibendum,»
1561 3616 1666 3669 etc.
1722 3614 1900 3667 Nemo

191 3698 429 3767 cogitur
503 3700 797 3770 spirituale
880 3704 1092 3757 donum
1165 3702 1476 3773 accipere:
1556 3702 1707 3756 ﬁlios
1782 3704 1903 3757 vult

196 3788 373 3852 Deus,
436 3804 551 3842 non
611 3806 828 3843 servos:
890 3791 1243 3844 voluntatem
1316 3791 1456 3854 vult,
1516 3807 1634 3844 non
1700 3807 1902 3844 neces-

195 3876 449 3941 sitatem,
520 3879 832 3933 secundum
905 3879 1105 3934 illud:
1166 3898 1194 3930 α
1271 3880 1379 3944 Qui
1447 3884 1635 3949 potest
1700 3895 1901 3949 capere

194 3966 393 4035 capiat
449 3964 674 4037 (Matth.
735 3968 863 4037 xxx).
900 3990 925 4016 »
982 3971 1140 4023 Item.
1170 3990 1197 4016 «
1254 3969 1311 4022 Si
1370 3968 1451 4021 vis
1495 3968 1565 4022 ad
1598 3967 1770 4021 vitam
1810 3968 1898 4021 in-

195 4055 389 4126 gredi,
420 4072 579 4109 serva
622 4058 890 4111 mandata
949 4057 1134 4128 (Ibid.)
1166 4080 1193 4106 »
1231 4058 1323 4110 Et:
1369 4079 1396 4105 ‹‹
1427 4057 1481 4111 Si
1510 4057 1592 4110 vis
1621 4057 1901 4127 perfectus

194 4159 348 4209 esse,
378 4144 519 4198 vade
551 4149 606 4198 et
660 4147 842 4200 vende
875 4146 1067 4199 omnia
1093 4162 1223 4218 qua
1267 4146 1440 4200 habes
1482 4145 1703 4217 (Ibid.),
1732 4167 1758 4193 »
1794 4149 1898 4200 etc.

272 4233 439 4285 Vens.
482 4235 532 4287 8.
565 4262 635 4273 —
684 4234 1083 4305 Unusquisque
1132 4235 1286 4305 quod
1341 4235 1523 4303 vellet,
1584 4257 1610 4283 »
1667 4238 1772 4288 etc.
1799 4234 1900 4288 Se-

194 4321 457 4373 cundum
530 4322 885 4375 velocitatem
939 4326 995 4375 et
1040 4323 1409 4392 capacitatem
1466 4328 1522 4377 et
1598 4322 1904 4376 utilitatem

193 4408 587 4479 singulorum.
646 4410 737 4465 Sic
789 4411 943 4464 enim
996 4412 1368 4481 temperanda
1424 4416 1508 4465 est
1551 4412 1900 4482 pradicatio,

192 4502 263 4551 ut
294 4497 355 4549 in
394 4497 661 4551 omnibus
718 4498 875 4552 utilis
920 4498 1038 4565 ﬁat,
1076 4499 1222 4553 nulli
1253 4504 1476 4566 noceat,
1510 4504 1565 4553 et
1598 4500 1747 4553 inter
1777 4516 1901 4553 om-

195 4586 367 4639 nium
402 4586 557 4652 vitia,
607 4587 771 4656 quasi
827 4588 1050 4658 gladius
1110 4605 1314 4658 anceps
1358 4593 1629 4642 transeat.
1681 4588 1771 4642 Sic
1798 4605 1904 4659 per

196 4674 533 4745 superbiam
590 4676 919 4731 rescindens
972 4677 1212 4744 auferat,
1248 4682 1309 4731 ut
1353 4694 1467 4731 non
1499 4683 1705 4748 augeat
1742 4679 1903 4733 timi-

195 4764 461 4819 ditatem.
521 4764 610 4818 Sic
668 4766 864 4819 otiosis
925 4771 980 4819 et
1035 4766 1394 4836 torpentibus
1458 4767 1901 4822 sollicitudinem

198 4854 395 4924 operis
424 4853 744 4924 imponens,
782 4859 845 4908 ut
872 4854 1145 4925 inquietis
1175 4861 1232 4909 et
1260 4855 1501 4910 curiosis
1532 4873 1649 4910 non
1698 4859 1904 4926 augeat

196 4942 598 5010 importunam
624 4942 927 5007 actionem,
953 4948 1008 4996 et
1020 4943 1097 4997 sic
1123 4944 1191 4997 de
1222 4944 1452 4999 cateris.

272 5030 442 5084 Vens.
484 5033 535 5084 9.
563 5060 634 5071 —
663 5054 689 5079 ι»
732 5032 794 5084 In
852 5032 1084 5101 palatio,
1110 5032 1206 5085 ubi
1240 5049 1334 5086 rex
1391 5035 1687 5100 Assuerus,
1714 5055 1735 5082 ι
1794 5037 1899 5089 etc.

196 5119 581 5183 Hierusalem,
632 5120 733 5173 ubi
787 5121 1067 5191 templum
1101 5126 1156 5174 et
1183 5124 1376 5174 sancta
1434 5126 1782 5188 sanctorum,
1816 5123 1901 5176 vel

190 5207 257 5262 in
294 5212 503 5261 sancta
547 5207 846 5279 Scriptura
900 5209 1299 5277 meditatione;
1356 5210 1416 5264 in
1447 5226 1560 5281 qua
1612 5210 1899 5279 divinitas,

193 5295 476 5366 potentia
504 5312 620 5349 sua
642 5297 842 5351 tribuit
858 5298 1145 5353 notitiam.

276 5385 436 5438 Vens.
508 5389 590 5438 ll.
646 5406 765 5437 -α
818 5388 887 5441 Ut
944 5388 1340 5456 ostenderet,»
1402 5392 1509 5442 etc.
1548 5408 1569 5436 ι
1607 5387 1713 5441 Ubi
1744 5388 1905 5442 venit

193 5474 502 5545 plenitudo
550 5475 851 5545 temporis,
914 5477 1071 5531 misit
1114 5478 1262 5531 Deus
1312 5477 1522 5533 Filium
1569 5477 1719 5546 (Gal.
1753 5477 1903 5545 1v).»

198 5566 309 5617 etc.
346 5563 500 5615 Tunc
522 5563 675 5616 enim
740 5564 839 5617 Dei
872 5565 1064 5637 Filius
1094 5566 1416 5622 incarnatus
1445 5566 1586 5637 legis
1632 5566 1906 5636 mysteria

2014 3087 2327 3158 spiritualis
2358 3092 2413 3141 et
2433 3103 2529 3140 rex
2559 3087 2908 3140 confusionis
2930 3104 2963 3140 a
3018 3088 3269 3141 naturali
3318 3090 3441 3159 lege
3478 3094 3533 3144 et
3554 3091 3712 3145 cultu

2013 3176 2185 3229 unius
2218 3175 2316 3228 Dei
2349 3175 2409 3228 in
2461 3174 2857 3229 confusionem
2890 3175 3229 3230 idololatria
3261 3178 3574 3241 transtulit,
3617 3178 3713 3232 sed

2012 3264 2197 3334 pietas
2230 3264 2420 3318 divina
2484 3264 2554 3318 ad
2584 3264 2736 3318 viam
2768 3264 3024 3319 veritatis
3054 3282 3157 3336 per
3185 3266 3591 3336 pradicatores
3620 3283 3715 3321 re-

2014 3353 2249 3407 vocavit.

2083 3442 2245 3496 Vens.
2280 3444 2330 3497 9.
2366 3471 2437 3483 —
2465 3462 2491 3489 ‹‹
2524 3443 2589 3495 Et
2635 3447 2855 3513 septem
2901 3443 3195 3513 puellas.»
3250 3444 3308 3498 Id
3364 3449 3469 3511 est,
3518 3444 3716 3500 ﬁdeles

2013 3531 2233 3586 animas
2267 3530 2510 3601 Spiritus
2554 3530 2733 3584 sancti
2789 3532 2973 3601 gratia
3022 3538 3384 3602 regeneratas
3410 3538 3581 3604 atque
3608 3535 3713 3588 de-

2013 3620 2224 3674 dicatas
2254 3636 2383 3689 qua
2416 3619 2538 3688 ejus
2589 3625 2910 3687 sequuntur
2957 3621 3213 3689 vestigia,
3265 3621 3399 3687 ﬁde,
3428 3622 3709 3689 doctrina,

2012 3713 2068 3762 et
2098 3708 2453 3778 operatione,
2511 3707 2579 3760 de
2629 3707 2837 3776 quibus
2886 3707 3130 3762 dicitur:
3192 3728 3217 3759 ‹‹
3260 3710 3714 3765 Adolescentula

2011 3796 2335 3851 dilexerunt
2367 3798 2417 3848 le
2442 3794 2645 3861 fuimis.
2682 3814 2709 3842 »

2085 3904 2112 3933 ‹‹
2143 3884 2279 3946 Qua
2329 3881 2531 3935 noluit.
2566 3902 2594 3931 »
2628 3881 2773 3945 Quia
2801 3887 3167 3951 peccatorum
3201 3883 3327 3937 labe
3373 3890 3430 3937 et
3453 3886 3715 3939 sordibus

2010 3969 2353 4025 idololatria
2409 3984 2510 4039 per
2567 3968 2915 4037 baptismum
2968 3969 3259 4035 mundata,
3325 3972 3704 4041 opprobrium

2010 4057 2269 4129 pristina
2304 4055 2622 4125 iniquitatis
2655 4071 2771 4109 non
2826 4055 3100 4109 sustinuit
3130 4058 3298 4111 ultra.

2082 4148 2240 4200 Vens.
2303 4147 2388 4199 l3.
2432 4174 2504 4184 —
2561 4162 2589 4195 ι(
2641 4143 3165 4215 Ingredieutesque.
3245 4168 3273 4195 »
3344 4146 3710 4218 Quacumque

2017 4235 2211 4289 anima
2239 4238 2418 4288 certat
2444 4233 2513 4288 ad
2556 4234 2870 4287 thalamum
2928 4233 3138 4288 Christi
3189 4251 3520 4306 properare,
3579 4252 3714 4290 con-

2019 4322 2256 4393 dignum
2305 4338 2337 4375 a
2394 4321 2509 4375 suis
2569 4321 2892 4376 doctoribus
2943 4322 3146 4392 accipit
3203 4328 3627 4387 ornamentum,
3662 4328 3717 4378 et

2012 4428 2126 4482 quo
2148 4411 2331 4481 magis
2362 4427 2420 4464 se
2449 4411 2707 4465 devotam
2739 4410 2808 4463 ad
2850 4410 3206 4481 agnitionem
3248 4412 3404 4479 ﬁdei,
3438 4416 3495 4466 et
3550 4428 3711 4466 exer-

2012 4500 2213 4554 citium
2244 4498 2433 4569 operis
2456 4504 2759 4569 praparat,
2804 4515 2869 4551 eo
2900 4499 3145 4569 amplius
3178 4516 3210 4552 a
3248 4500 3574 4555 doctoribus
3616 4500 3709 4553 iu-

2012 4589 2270 4656 struitur,
2320 4593 2384 4641 ut
2430 4588 2500 4642 de
2550 4588 3002 4657 competentiam
3056 4604 3316 4653 numero,
3373 4590 3443 4644 ad
3499 4594 3709 4643 sancta

2012 4676 2307 4731 Trinitatis
2337 4676 2621 4746 integram
2672 4675 2848 4729 ﬁdem
2906 4680 2961 4729 et
3009 4676 3429 4731 confessionem
3471 4694 3533 4732 ac
3580 4695 3711 4749 per-

2012 4766 2332 4837 ceptionem
2364 4764 2635 4835 baptismi
2674 4770 2730 4819 et
2756 4765 3085 4818 unctionem
3118 4766 3464 4836 chrismatis,
3518 4771 3578 4821 ut
3602 4784 3712 4822 ca-

2011 4856 2137 4911 lesti
2165 4872 2373 4927 sponso
2404 4855 2679 4909 veraciter
2702 4856 3004 4925 jungatur,
3040 4854 3286 4907 accedat.

2080 4946 2242 4999 Vens.
2279 4944 2362 4997 14.
2397 4975 2464 4982 -
2499 4945 2733 5013 «Atque
2787 4942 2936 4996 inde.
2990 4960 3017 4991 »
3078 4941 3185 5004 Qui
3246 4958 3304 4995 se
3336 4941 3406 4996 ab
3462 4944 3709 4999 Ecclesia

2010 5050 2116 5104 per
2141 5032 2410 5086 vitiorum
2443 5032 2636 5086 sordes
2666 5030 3035 5100 separaverit,
3074 5031 3280 5085 merito
3336 5032 3397 5085 in
3436 5033 3713 5088 secundas

2014 5123 2165 5176 ades
2220 5121 2537 5175 retruditur
2603 5118 2701 5173 ubi
2774 5118 3105 5173 concubina
3171 5120 3321 5190 regis
3370 5126 3707 5176 morantur:

2014 5210 2149 5281 quia
2196 5225 2347 5263 sana
2403 5209 2538 5263 ﬁdei
2590 5223 2748 5262 casus
2803 5207 3138 5261 descensum
3168 5207 3403 5262 honoris
3434 5216 3710 5280 meretur,

2014 5315 2118 5353 nec
2156 5299 2329 5353 habet
2359 5299 2507 5353 ultra
2535 5301 2875 5367 potestatem
2896 5296 2967 5350 ad
3002 5312 3194 5368 regem
3227 5297 3434 5365 redire,
3470 5299 3582 5353 nisi
3610 5316 3710 5353 su—

2013 5403 2192 5458 perna
2222 5386 2403 5457 gratia
2424 5385 2699 5450 visitatus,
2726 5386 2783 5439 in
2835 5384 3095 5455 pristina
3147 5389 3359 5440 statum
3413 5386 3712 5458 dignitatis

2015 5477 2370 5531 restituatur.

2086 5566 2248 5619 Vens.
2286 5566 2369 5618 l5.
2409 5593 2475 5604 --
2520 5583 2549 5613 (ί
2584 5564 2815 5618 Evoluto
2858 5566 3076 5618 autem.
3105 5585 3124 5613 ι
3163 5563 3223 5617 Id
3254 5568 3360 5629 est,
3410 5564 3711 5619 transactis
