4034 6180
360 285 466 338 ’743

362 407 620 478 quinque
671 405 934 461 aetatibus
975 405 1196 471 mundi,
1251 406 1462 476 quibus
1518 411 1749 476 patrum
1801 424 2052 480 propago
2085 414 2131 468 A

361 498 735 566 processerat,
805 491 1050 546 instabat
1094 496 1248 545 sexta
1295 497 1430 544 astas
1484 494 1746 548 veniente
1809 495 2054 550 Redem-

361 588 546 654 ptore,
579 582 640 635 in
668 597 780 652 qua
809 579 1067 651 gentium
1093 579 1400 635 multitudo
1431 596 1536 651 per
1557 583 1930 654 Evangelium
1961 602 2052 639 vo-

361 673 540 728 canda
567 675 705 725 erat.

431 762 593 814 Vaas.
629 761 709 812 l6.
731 787 798 796 —
823 779 844 804 σι
879 756 1187 814 Thebeeth.
1211 757 1376 828 Apud
1405 759 1688 817 Hebraeos.
1712 778 1725 827 ;
1758 761 2049 828 xudimos,

359 849 510 918 apud
563 848 814 912 Graecos;
861 845 1166 900 Ianuarius
1211 852 1296 900 est
1337 847 1490 916 apud
1540 849 1787 904 Latinos.
1830 852 1895 904 In
1939 867 2054 921 quo

360 936 639 991 Dominus
663 934 991 988 incarnatus
1023 940 1218 989 octavo
1274 935 1368 990 die
1414 936 1782 992 circumcisus
1812 955 1842 992 a
1871 939 2055 1010 magis

357 1025 646 1090 adoratus,
699 1027 756 1077 et
809 1023 1060 1093 mysticis
1112 1024 1448 1079 muneribus
1514 1031 1598 1080 est
1630 1027 1961 1096 honoratus,
1993 1029 2052 1082 in

358 1130 472 1185 quo
503 1112 674 1166 etiam
707 1129 736 1165 a
765 1114 982 1166 Joanne
1017 1113 1335 1184 baptizatus
1365 1131 1485 1168 esse
1518 1116 1881 1184 priedicatur.

428 1202 585 1254 Vens.
620 1205 703 1254 19.
737 1231 799 1240 -
837 1221 862 1251 (ι
897 1201 1154 1271 Cumque
1209 1205 1265 1255 et
1314 1203 1585 1256 secundo.
1625 1223 1651 1254 ι)
1691 1205 1814 1257 Non
1847 1205 2055 1259 sufﬁcit

359 1288 582 1343 Christo
614 1286 967 1357 primitivam
1023 1287 1132 1341 sibi
1177 1287 1393 1342 sociare
1437 1288 1760 1355 Ecclesiam,
1819 1291 1913 1344 sed
1951 1307 2054 1361 per

355 1376 760 1447 praedicatores
805 1375 876 1430 de
931 1376 1198 1446 gentibus

356 1465 685 1535 copiosam;
740 1465 924 1518 unde:
986 1484 1012 1514 ‹‹
1067 1464 1222 1518 Alias
1299 1481 1432 1519 oves
1495 1465 1678 1521 habeo
1732 1484 1859 1537 quas
1913 1485 2048 1535 non,

355 1560 462 1608 etc.
496 1554 678 1624 (Joan.
718 1552 791 1623 x).
818 1574 844 1601 ››

429 1642 587 1695 Vens.
621 1644 709 1695 2t.
749 1671 818 1679 —
850 1663 878 1688 (ι
918 1641 1040 1693 Duo
1071 1640 1319 1694 eunuchi
1374 1641 1548 1710 regis,
1573 1662 1600 1690 ››
1647 1647 1752 1696 etc.
1810 1643 2053 1696 Possunt

355 1730 416 1783 in
463 1729 687 1784 duobus
725 1728 1002 1782 eunuchis
1066 1729 1412 1782 schismatici
1450 1735 1504 1782 et
1547 1730 1798 1784 hmretici
1839 1732 2047 1798 notari,

358 1818 458 1889 qui
479 1818 695 1871 fraudis
721 1823 776 1871 et
797 1817 1031 1870 malitia:
1061 1834 1346 1871 venenum
1377 1819 1546 1873 corde
1573 1824 1881 1888 gestantes,
1913 1836 2051 1874 con-

356 1912 446 1961 tra
476 1906 772 1960 veritatem
829 1905 1200 1959 consiliantur
1231 1911 1291 1959 ut
1327 1908 1466 1960 eam’
1509 1908 1873 1963 credentibus
1902 1909 2053 1964 aufe-

357 1999 506 2061 rant,
531 1998 586 2046 et
616 1994 926 2060 Christum,
946 1994 1000 2047 id
1036 1999 1120 2048 est
1139 1994 1310 2048 ﬁdem
1347 1995 1576 2064 Christi,
1612 1995 1672 2049 in
1701 1996 1840 2066 ipsis
1868 1997 2051 2052 ﬁdeli-

357 2083 464 2137 bus
515 2081 904 2136 interﬁciant:
963 2082 1060 2136 sed
1119 2099 1316 2136 eorum
1349 2082 1708 2154 iniquitatem
1752 2085 1927 2138 sancti
1959 2085 2054 2139 do-

356 2177 542 2225 ctores
595 2170 980 2234 manifestant,
1041 2182 1102 2222 ul.
1151 2171 1481 2224 innocentes
1524 2172 1811 2226 salvenlur
1857 2177 1913 2227 et
1967 2173 2053 2227 illi

349 2260 505 2330 justa
534 2258 750 2312 ultione
783 2258 1112 2327 puniantur.

433 2349 588 2402 Vans.
623 2350 689 2402 23
715 2377 786 2387 —
814 2369 842 2394 (ι
875 2346 1136 2400 Historiis
1189 2351 1246 2400 et
1283 2348 1583 2402 annalibus
1631 2347 1904 2402 traditum
1955 2363 2050 2401 co-

358 2453 386 2487 α
418 2452 541 2489 ram
572 2451 726 2505 rege,
764 2456 784 2482 ι
821 2439 928 2489 etc.
986 2435 1217 2488 Duobus
1267 2436 1664 2505 Testamentis,
1724 2437 1782 2488 in
1845 2435 2051 2506 quibus

354 2525 628 2594 scriptum
683 2528 789 2589 est,
839 2538 967 2592 quae
1005 2523 1174 2592 justis
1223 2524 1478 2593 praemia,
1527 2541 1657 2594 qua:
1695 2525 1921 2594 injustis
1954 2525 2050 2578 de-

353 2612 595 2666 beantur
623 2609 940 2681 supplicia;
974 2610 1164 2664 unde:
1201 2630 1227 2661 «
1259 2611 1429 2665 Ibunt
1475 2611 1534 2665 hi
1588 2612 1647 2665 in
1704 2611 2050 2682 supplicium

353 2704 672 2754 aeternum:
721 2698 865 2770 justi
915 2705 1106 2752 autem
1151 2699 1209 2752 in
1269 2699 1442 2753 vitam
1495 2703 1769 2753 aeternam
1825 2699 2045 2770 (Matth.

351 2790 498 2858 xxv).
555 2810 582 2837 »
633 2789 697 2843 Et
751 2788 812 2841 in
867 2788 1107 2841 Ezech.:
1164 2807 1190 2838 α
1221 2787 1467 2842 ,Ιυείίῑίω
1520 2789 1659 2859 justi
1688 2805 1861 2859 super
1892 2803 2046 2856 eum,

351 2882 408 2933 et
452 2877 721 2947 impietas
749 2875 913 2946 impii
946 2876 1055 2930 erit
1081 2891 1254 2946 super
1282 2891 1413 2930 eum
1436 2876 1653 2948 (Ezech.
1686 2877 1863 2947 xviii).
1895 2896 1924 2929 ››

1021 3017 1244 3072 CAPUT
1274 3018 1371 3072 III.

423 3153 578 3206 Vens.
614 3155 663 3206 l.
693 3179 762 3193 —
817 3172 839 3201 ι
881 3154 1060 3205 Aman
1091 3148 1296 3204 ﬁlium.
1332 3171 1353 3198 ι
1389 3151 1654 3205 Potentes
1701 3150 1910 3214 saeculi,
1944 3151 2045 3220 qui

344 3239 640 3295 beneﬁciis
683 3239 876 3294 divina
929 3243 1205 3308 potestate
1269 3238 1487 3292 collatis
1535 3239 1852 3301 abutentes,
1899 3255 2044 3309 quos

347 3332 636 3381 consortes
675 3325 890 3379 habent
952 3334 1173 3378 naturai
1231 3325 1612 3395 dedignantur
1645 3327 1856 3380 habere
1904 3343 2042 3381 con-

344 3420 524 3469 sortes
555 3413 752 3484 gratiaa
778 3429 790 3467 :
822 3417 878 3466 et
906 3414 1188 3466 honorem
1234 3417 1294 3466 et
1321 3413 1704 3468 reverentiam
1732 3430 1905 3484 quam
1936 3417 2042 3470 soli

345 3505 460 3557 Deo
510 3502 852 3568 debuerunt,
887 3501 946 3554 in
978 3517 1100 3554 sese
1158 3501 1468 3554 transferre
1523 3504 1902 3558 contendunt.
1938 3505 2043 3558 Eos

343 3595 533 3644 autem
566 3590 666 3660 qui
722 3589 1045 3643 consentire
1093 3590 1321 3656 nolunt,
1373 3589 1520 3643 odiis
1585 3596 1642 3644 et
1697 3591 2040 3646 cruciatibus

342 3683 805 3750 persequuntur:
840 3677 935 3731 sed
961 3677 1116 3746 justo
1146 3677 1246 3731 Dei
1299 3677 1513 3747 judicio
1559 3678 1617 3732 in
1669 3678 1894 3733 insidiis
1924 3680 2039 3733 suis

343 3767 651 3833 capiuntur
698 3765 904 3836 iniqui.
969 3765 1125 3820 Unde
1186 3765 1427 3820 dicitur:
1460 3785 1487 3817 ‹‹
1534 3766 1726 3821 Justus
1775 3768 2038 3837 angustia

341 3855 635 3921 liberatur,
669 3859 725 3908 et
745 3855 990 3909 traditur
1016 3853 1377 3924 impius-pro
1410 3872 1477 3908 eo
1527 3855 1704 3925 (Prov.
1740 3857 1838 3925 x1).
1868 3875 1894 3907 ››
1925 3857 2038 3910 Ρο-

340 3948 451 3998 test
478 3960 582 4014 per
606 3948 790 3997 Aman
815 3941 831 4013 (
865 3959 1037 4014 quem
1067 3943 1344 4012 Josephus
1364 3944 1432 3997 de
1455 3945 1629 4013 stirpe
1657 3946 1884 3998 Amalec
1914 3961 2036 3999 esse

339 4033 773 4102 commemorat)
803 4033 1132 4086 Judmorum
1162 4033 1410 4102 populus
1442 4032 1678 4102 ﬁgurari
1710 4049 1723 4086 :
1765 4033 1866 4104 qui
1909 4049 2035 4104 pro-

339 4122 539 4192 phetas
572 4121 923 4187 occiderunt,
956 4125 1012 4174 et
1034 4120 1341 4174 Dominum
1372 4121 1778 4191 prophetarum
1807 4126 1864 4175 et
1901 4138 2035 4192 apo-

337 4211 529 4274 stolos,
563 4210 687 4280 ejus
715 4209 941 4280 generis
972 4207 1333 4263 nobilitatem
1384 4214 1619 4279 propter
1651 4209 2033 4264 incredulita-

336 4304 454 4354 tem
483 4306 538 4352 et
580 4298 854 4352 duritiam
910 4297 1093 4351 cordis
1146 4297 1468 4367 perdentes,
1525 4299 1626 4368 qui
1681 4315 1783 4368 per
1827 4298 2032 4352 Isaiam
2073 4310 2116 4364 1)

336 4387 625 4458 principes
653 4387 1034 4441 Sodomorum
1092 4391 1148 4440 et
1189 4386 1436 4456 populus
1478 4386 1805 4440 Gomorrhae
1833 4386 2032 4440 dicun-

338 4481 452 4531 tur.
512 4475 672 4531 Unde
727 4475 1019 4529 Ezechiel:
1084 4493 1112 4526 α
1161 4476 1327 4528 Pater
1371 4479 1502 4528 tuus
1540 4475 1928 4542 Amorrhaaus,
1979 4479 2035 4529 et

339 4570 526 4619 mater
545 4570 642 4619 tua
667 4564 908 4618 Cethaea.
940 4585 962 4612 ι

408 4655 571 4708 Vaas.
623 4658 674 4707 7.
705 4681 773 4692 —
798 4671 826 4702 α
853 4651 1017 4705 Missa
1067 4655 1154 4706 est
1193 4667 1332 4706 sors.
1366 4671 1387 4699 ι
1439 4650 1547 4715 Qui
1575 4651 1647 4705 ad
1679 4655 1892 4706 sortem
1921 4653 2032 4706 Do-

337 4743 482 4798 mini
503 4744 810 4813 pertinent,
842 4740 1198 4807 occiduntur,
1229 4757 1374 4812 quos
1390 4741 1675 4812 signiﬁcat
1699 4742 1795 4796 ille
1818 4743 2032 4813 hircus,

338 4831 438 4902 qui
461 4831 774 4886 secundum
800 4835 1012 4885 sortem
1033 4829 1263 4885 Domini
1292 4829 1351 4883 in
1384 4831 1509 4900 lege
1541 4830 1922 4886 occidebatur.

408 4923 568 4976 Vaas.
626 4921 710 4974 10.
745 4949 810 4959 -
860 4936 890 4971 (ι
917 4920 1070 4973 Tulit
1097 4935 1255 4990 ergo.
1287 4937 1314 4970 »
1348 4918 1505 4973 Sicut
1552 4922 1737 4973 Aman
1766 4919 2033 4990 epistolas

339 5009 614 5079 dirigens,
670 5007 824 5079 regis
875 5008 1166 5078 signaculo
1213 5024 1308 5062 eas
1369 5008 1596 5063 munire
1644 5013 1919 5063 conatur:
1971 5014 2034 5063 ut

338 5097 561 5152 facilius
603 5102 801 5152 votum
854 5097 1168 5166 expleatur,
1228 5096 1307 5150 sic
1358 5097 1542 5151 Judaei
1602 5096 1777 5150 libros
1826 5096 2033 5151 divina:

336 5186 482 5256 legis
511 5187 572 5240 in
601 5185 810 5257 quibus
857 5191 942 5240 est
991 5186 1352 5256 signaculum
1383 5185 1594 5240 summi
1625 5185 1798 5256 regis,
1833 5184 1891 5239 id
1926 5190 2028 5253 est,

338 5277 520 5345 gratia
549 5275 792 5345 Spiritus
827 5276 1004 5330 sancti
1033 5275 1104 5329 ad
1135 5275 1737 5345 comprehendendam
1768 5274 2031 5329 haeresim

339 5379 503 5418 suam
532 5369 832 5418 assumunt
878 5364 936 5418 in
993 5363 1408 5430 testimonium,
1451 5363 1826 5434 reprobantes
1857 5363 2032 5418 socie-

338 5455 513 5505 tatem
539 5449 799 5520 gentium
829 5457 885 5506 et
914 5452 1123 5507 Christi
1177 5452 1566 5523 Evangelium,
1620 5451 1783 5523 quasi
1826 5449 2033 5506 divinis

377 5542 638 5613 rzeceptis
667 5544 1034 5598 contrarium.

1273 1377 1704 1432 multitudinem
1753 1380 2052 1448 acquisivit
2101 1412 2104 1416 -

986 282 1376 338 WALAFRIDI
1413 285 1660 340 STRABI
1697 284 1896 342 FULD.
1939 285 2102 342 MON.
2141 286 2296 342 .OPP.
2342 289 2514 343 PARS
2563 291 2604 345 l.
2647 319 2714 328 —
2753 291 3214 350 THEOLOGICA.
3719 303 3806 356 744

2835 415 3060 471 CAPUT
3101 417 3196 473 IV.

2234 519 2394 572 Vsus.
2428 519 2482 572 4.
2516 549 2577 558 -
2615 537 2643 570 α
2704 520 2893 591 Usque
2945 522 3012 576 ad
3061 522 3232 577 fores.
3279 543 3302 572 ι
3326 523 3414 579 Sic
3443 525 3697 594 magister
3729 528 3813 580 Ec-

2163 605 2350 660 clesia:
2379 606 2781 661 intercessione
2833 609 3065 679 reginae,
3101 611 3170 665 de
3203 627 3317 682 qua
3345 611 3571 668 dicitur:
3606 635 3630 662 ι
3658 616 3818 671 Astitit

2163 695 2360 766 regina
2387 712 2417 748 a
2448 695 2660 750 dextris
2714 696 2828 750 tuis
2863 699 3025 766 (Psal.
3058 699 3191 771 xw),
3224 721 3252 748 ››
3321 706 3450 770 etc.,
3482 717 3605 772 quae
3631 704 3810 772 partim

2164 784 2563 854 peregrinatur
2621 786 2682 839 in
2711 787 2947 855 mundo,
2977 792 3034 841 et
3059 788 3271 858 partim
3320 795 3516 860 regnat
3559 807 3678 845 cum
3717 793 3810 846 Do-

2164 873 2340 933 mino,
2362 891 2394 927 a
2418 890 2551 945 rege
2583 875 2843 928 omnium
2889 877 3230 931 saeculorum
3261 878 3545 934 desiderat
3565 880 3809 934 exaudiri.

2235 982 2263 1012 (ι
2297 963 2423 1016 Non
2453 962 2627 1016 enim.
2665 982 2692 1013 ι)
2745 964 2944 1019 Nullus
2992 980 3121 1019 cum
3155 967 3520 1038 corruptione
3556 967 3817 1037 presentis

2161 1050 2290 1104 vita:
2319 1056 2504 1122 potest
2527 1052 2716 1105 aulam
2746 1053 3030 1107 caelestem
3061 1054 3296 1122 intrare,
3349 1056 3445 1109 sed
3474 1061 3600 1110 ante
3631 1055 3817 1110 obitum

2162 1157 2329 1193 suum
2362 1140 2531 1194 debet
2559 1140 2802 1211 quisque
2853 1143 3110 1211 corporis
3163 1143 3533 1213 castigatione
3562 1150 3616 1198 et
3664 1145 3821 1198 cordis

2161 1229 2598 1298 compunctione
2641 1230 2803 1299 regni
2833 1231 3062 1299 pulsare
3090 1229 3412 1296 introitum,
3445 1238 3509 1285 ut
3539 1237 3663 1301 post
3682 1233 3820 1286 laeta-

2163 1317 2388 1371 bundus
2431 1333 2746 1386 supernum
2793 1317 2967 1371 intret
3013 1319 3310 1389 palatium.
3371 1321 3428 1374 Si
3460 1321 3587 1390 quis
3635 1327 3824 1391 quaerat

2162 1405 2449 1477 quomodo
2481 1421 2578 1459 rex
2630 1404 2981 1474 justissimus
3026 1412 3312 1461 tormenta
3343 1407 3550 1462 inferat
3578 1407 3823 1463 innocen-

2161 1493 2332 1556 tibus,
2378 1493 2516 1547 sciat
2563 1493 2668 1547 hoc
2714 1510 2830 1547 non
2883 1510 3004 1549 esse
3036 1511 3100 1549 ex
3162 1502 3292 1551 voto
3342 1497 3600 1562 malitias,
3654 1497 3739 1551 sed
3768 1513 3822 1551 ex

2161 1582 2372 1635 summi
2427 1581 2651 1635 consilii
2699 1589 2841 1636 nutu
2883 1584 3206 1654 procedere.
3263 1603 3290 1634 α
3357 1584 3644 1655 Sapientia
3695 1586 3822 1639 enim

2083 1693 2122 1746 Β
2159 1671 2336 1725 vincit
2366 1670 2643 1724 malitiam
2699 1672 2846 1740 (Sap.
2901 1673 3025 1741 vn),
3051 1692 3078 1724 ››
3114 1693 3141 1722 α
3198 1673 3485 1742 attingita
3525 1673 3637 1728 ﬁne
3668 1690 3824 1744 usque

2161 1759 2229 1812 ad
2279 1757 2453 1812 ﬁnem
2482 1758 2730 1812 fortiter:
2759 1763 2815 1812 et
2845 1759 3097 1830 disponit
3129 1761 3325 1814 omnia
3373 1762 3624 1815 suaviter
3649 1762 3822 1831 (Ibid,

2160 1845 2297 1917 VIII).
2339 1865 2363 1898 ι
2399 1866 2428 1898 ι(
2485 1848 2689 1902 Omnia
2738 1863 3097 1918 qumcunque
3143 1849 3327 1903 voluit
3366 1849 3502 1904 fecit
3531 1849 3588 1903 in
3629 1851 3756 1904 coelo
3783 1857 3828 1902 et

2160 1935 2428 1987 omnibus
2477 1934 2690 2005 abyssis
2746 1936 2914 2005 (Psal.
2967 1937 3140 2005 cxur).
3183 1957 3211 1984 ››
3245 1936 3416 2006 Cujus
3440 1937 3598 2006 justo
3630 1935 3824 2006 judicio

2161 2023 2368 2092 agitur,
2418 2026 2485 2076 ut
2535 2023 2732 2077 fideles
2774 2023 2832 2077 in
2878 2040 3054 2077 manu
3084 2030 3517 2095 persecutorum
3562 2025 3828 2078 tradantur

2160 2113 2244 2164 vel
2277 2112 2345 2164 ad
2370 2113 2792 2181 purgationem,
2824 2113 2913 2166 vel
2941 2113 3008 2166 ad
3043 2114 3491 2184 correptionem,
3525 2113 3611 2167 vel
3638 2113 3702 2167 ad
3731 2127 3826 2165 mc-

2159 2200 2402 2253 ritorum
2457 2200 3016 2270 augmentationem:
3069 2203 3146 2255 sic
3172 2201 3274 2255 Job
3325 2201 3552 2256 Satanae.
3577 2203 3828 2266 traditur;

2159 2289 2368 2344 Paulus
2397 2290 2468 2343 ab
2489 2290 2692 2359 angelo
2723 2290 2943 2344 Sanatas
2973 2291 3377 2360 colaphizatur.

2233 2379 2660 2448 «Rursumque.
2697 2397 2724 2428 ι)
2759 2379 2932 2433 Orant
2964 2396 3068 2449 pro
3097 2395 3154 2432 se
3191 2380 3432 2434 invicem
3473 2381 3828 2434 Mardochaaus

2173 2471 2230 2520 et
2267 2467 2483 2528 Esther,
2521 2467 2577 2520 id
2637 2471 2723 2520 est
2751 2468 3012 2538 magistri
3044 2472 3100 2521 et
3141 2467 3424 2538 discipuli,
3461 2469 3606 2522 sicut
3647 2469 3829 2522 Paulus

2156 2571 2261 2626 pro
2313 2555 2602 2624 discipulis
2649 2561 2792 2622 orat,
2851 2561 2903 2609 et
2945 2572 3048 2626 pro
3106 2572 3163 2610 se
3213 2558 3364 2610 orari
3415 2557 3675 2611 obsecrat
3702 2557 3828 2610 utin

2156 2643 2390 2698 Actibus
2447 2645 2834 2715 apostolorum
2893 2645 2964 2698 ab
3002 2645 3245 2700 Ecclesia
3277 2645 3453 2700 ﬁebat
3508 2647 3684 2701 oratio
3727 2647 3828 2698 sine

2157 2731 2575 2786 intermissione
2600 2749 2706 2803 pro
2725 2733 2916 2787 Petro.

2841 2840 3066 2894 CAPUT
3104 2841 3164 2893 V.

2076 2975 2116 3030 ρ
2225 2947 2384 3000 Vens.
2415 2951 2466 3000 2.
2503 2975 2572 2986 ——
2605 2967 2628 2996 ι
2680 2945 2912 3016 Virgam
2943 2962 3196 3000 auream.
3231 2966 3259 2996 ››
3293 2945 3617 3016 Regiminis
3647 2952 3826 3018 poten-

2157 3035 2293 3088 tiam
2356 3036 2440 3088 vel
2511 3034 2791 3104 passionis
2836 3049 3082 3102 crucem,
3149 3050 3253 3105 per
3307 3051 3482 3105 quam
3554 3035 3831 3106 acquisivit

2155 3127 2517 3194 potestatem,
2551 3123 2620 3176 de
2679 3139 2793 3194 qua
2851 3122 3087 3177 dicitur:
3127 3145 3148 3172 ι
3176 3124 3315 3177 Data
3355 3130 3437 3178 est
3468 3125 3612 3179 mihi
3666 3123 3831 3179 omnis

2154 3216 2401 3281 potestas
2455 3211 2516 3264 in
2571 3211 2714 3265 caelo
2774 3215 2832 3265 et
2879 3211 2938 3265 in
2995 3217 3146 3265 terra
3205 3211 3422 3282 (Matth.
3474 3212 3690 3282 xxvm).
3725 3236 3743 3258 ι
3775 3213 3832 3264 Et

2153 3300 2374 3354 alibi:«
2425 3302 2661 3370 Propter
2724 3299 2881 3370 quod
2921 3295 3188 3353 exaltavit
3239 3300 3424 3367 illum,
3461 3308 3519 3355 et
3565 3302 3714 3357 dedit
3761 3300 3833 3354 illi

2150 3406 2365 3444 nomen
2413 3389 2567 3460 quod
2616 3393 2700 3441 est
2758 3404 2932 3457 super
2961 3404 3132 3442 omne
3179 3405 3391 3443 nomen
3422 3391 3654 3461 (Philip.
3698 3393 3774 3459 ιι).
3807 3410 3830 3437 »

2222 3478 2384 3530 Vens.
2419 3479 2469 3530 8.
2495 3506 2556 3515 —
2584 3494 2612 3524 ι(
2643 3474 2702 3529 Si
2731 3474 2924 3529 inveni
2974 3475 3034 3528 in
3064 3482 3391 3546 conspectu.
3425 3497 3454 3528 »
3512 3479 3712 3532 Dilatio
3746 3494 3832 3548 pe-

2149 3563 2306 3617 tendi
2357 3579 2472 3616 non
2529 3563 2837 3632 deputatur
2885 3563 3172 3633 segnitiei,
3224 3565 3320 3618 sed
3362 3565 3676 3635 patientiae.
3726 3567 3833 3619 Non

2150 3650 2305 3704 enim
2336 3651 2396 3704 in
2416 3651 2684 3720 praesenti
2739 3651 2837 3705 sed
2878 3651 2937 3704 in
2961 3651 3152 3704 futuro
3191 3651 3354 3705 bonis
3385 3657 3441 3706 et
3486 3654 3652 3708 malis
3683 3651 3832 3707 retri-

2150 3738 2357 3791 buetur
2387 3753 2635 3792 merces:
2667 3753 2791 3792 cras
2823 3738 2978 3792 enim
3007 3755 3112 3808 pro
3150 3739 3342 3792 futuro
3365 3741 3628 3810 ponitur,
3659 3742 3829 3795 unde:

2153 3847 2180 3873 «
2236 3825 2416 3879 Nolite
2484 3825 2712 3879 solliciti
2779 3841 2901 3880 esse
2958 3827 3028 3880 de
3099 3827 3403 3894 crastino;
3462 3833 3521 3882 et
3562 3829 3728 3882 Jacob
3776 3828 3828 3880 in

2149 3913 2351 3967 Genesi
2402 3913 2508 3968 ait:
2573 3936 2600 3962 ‹‹
2667 3913 2978 3984 Apparebit
3032 3915 3173 3968 mihi
3238 3931 3360 3968 cras
3429 3915 3658 3986 justitia
3708 3932 3824 3970 mea

2148 4001 2366 4070 (Matth.
2399 4002 2494 4073 v1).
2529 4024 2556 4051 «
2587 4003 2653 4056 Et
2691 4004 2759 4056 de
2807 4018 2956 4074 agno
2988 4002 3223 4056 dicitur:
3255 4023 3282 4054 α
3343 4004 3467 4058 Non
3518 4005 3827 4060 remanebit

2145 4106 2210 4143 ex
2241 4106 2307 4143 eo
2359 4090 2673 4160 quidquam
2703 4107 2884 4162 usque
2912 4106 3077 4145 mane
3107 4091 3256 4162 (Gen.
3289 4092 3397 4162 30).
3433 4113 3462 4143 ›
3495 4096 3637 4149 Cum
3676 4096 3826 4166 judi-

2143 4178 2297 4232 cium
2351 4180 2587 4247 venerit,
2647 4178 2991 4233 revelabitur
3047 4181 3199 4251 quali
3227 4188 3381 4236 veste
3411 4183 3719 4255 quisquam
3765 4181 3825 4235 ad

2146 4267 2468 4321 convivium
2494 4267 2808 4321 intraverit.

2815 4375 3039 4430 CAPUT
3055 4376 3164 4446 (VI.

2213 4482 2376 4535 Vens.
2416 4484 2547 4535 1.-
2578 4499 2605 4531 ‹‹
2637 4481 2870 4536 Noctem
2909 4482 3069 4535 illam
3098 4482 3262 4536 duxit
3283 4498 3381 4536 rex
3430 4483 3818 4550 insomnem,»

2143 4573 2248 4624 etc.
2307 4571 2371 4622 In
2418 4585 2476 4622 se
2533 4569 2762 4624 mobilis
2813 4586 3157 4639 permanens
3186 4587 3384 4625 cursus
3425 4576 3752 4644 temporum
3779 4576 3829 4625 et

2144 4663 2300 4714 actus
2330 4658 2589 4713 omnium
2635 4659 3074 4728 contemplatur,
3107 4664 3162 4712 et
3201 4661 3363 4714 nulla
3391 4677 3527 4715 eum
3573 4663 3710 4717 latet
3743 4678 3827 4715 co-

2143 4746 2342 4817 gitatio
2373 4747 2465 4799 cui
2494 4747 2687 4800 omnia
2708 4747 3047 4816 prmsentia;
3082 4748 3235 4802 unde
3290 4751 3632 4819 Apostolus:
3661 4769 3686 4802 α
3714 4750 3827 4803 Non

2145 4840 2230 4888 est
2256 4835 2316 4888 in
2342 4835 2460 4901 illo,
2515 4839 2598 4890 cst
2643 4841 2700 4890 et
2723 4835 2851 4903 fuit,
2887 4836 2986 4890 sed
3018 4841 3102 4890 est
3131 4835 3192 4890 in
3232 4837 3334 4891 illo
3374 4854 3604 4910 semper
3632 4843 3717 4894 est
3749 4837 3830 4905 (II

2145 4924 2262 4979 Cor.
2289 4924 2353 4993 i).
2390 4945 2411 4971 ι

2215 5013 2377 5067 Vens.
2405 5015 2457 5066 2.
2492 5042 2556 5051 —
2593 5035 2615 5062 ι
2651 5013 2895 5067 Ventum
2926 5016 3028 5066 est.
3067 5035 3088 5062 ι
3126 5014 3293 5068 Gesta
3343 5013 3686 5068 Mardochaai
3714 5026 3823 5066 me-

2143 5105 2444 5155 morantur
2467 5116 2660 5155 coram
2708 5117 2870 5171 rege;
2903 5102 3039 5172 quia
3088 5102 3241 5156 bona
3298 5119 3472 5173 opera
3501 5108 3820 5157 sanctorum

2144 5189 2440 5243 doctorum
2474 5204 2769 5260 nunquam
2799 5189 3074 5244 oblivioni
3123 5191 3444 5258 tradentur,
3477 5192 3573 5246 sed
3623 5191 3685 5245 in
3712 5203 3822 5244 me-

2144 5278 2328 5331 moria
2357 5283 2573 5332 asterna
2600 5277 2707 5331 erit
2719 5278 2930 5348 justus.

2215 5367 2374 5421 Vnus.
2411 5367 2496 5420 tO.
2528 5396 2597 5406 —
2629 5385 2658 5419 ί(
2717 5367 2963 5422 Festina.
2996 5386 3024 5420 ν
3085 5367 3339 5438 Magistri
3397 5366 3656 5421 Ecclesia
3705 5379 3821 5418 om-

2143 5454 2304 5508 nium
2353 5455 2626 5510 virtutum
2680 5456 2839 5510 cultu
2894 5460 2951 5511 et
2987 5456 3190 5511 decore
3229 5455 3522 5526 sapientiae
3569 5449 3821 5508 illustrati

2141 5543 2500 5596 honorantur
2563 5543 2884 5600 diademate
2942 5543 3115 5616 regias
3175 5543 3484 5614 dignitatis,
3553 5547 3817 5612 tanquam
