4034 6180
137 289 252 342 745

133 500 325 569 gium,
359 499 414 553 id
471 505 572 564 est,
636 517 808 570 super
856 501 1135 571 populum
1195 501 1449 555 ﬁdelium
1491 502 1549 554 in
1603 518 1850 572 quorum

133 589 416 642 cordibus
446 589 654 642 residet
675 605 772 642 rex
803 591 1145 658 angelorum
1172 607 1184 656 ;
1233 591 1385 643 unde
1421 590 1680 643 Habacuc
1709 607 1848 659 pro-

132 677 352 746 pheta:
389 699 416 725 ‹‹
447 678 769 731 Ascendens
801 694 974 747 super
1030 694 1206 748 equos
1254 683 1399 746 tuos,
1446 683 1504 731 et.
1561 677 1849 748 equitatus

136 769 281 818 tuus
354 767 649 820 sanitas.»
705 767 800 820 His
843 772 1024 820 Aman
1083 767 1340 836 specialis
1399 767 1580 820 hostis
1646 766 1847 837 populi

135 853 262 918 Dei,
298 854 433 908 licet
484 855 656 908 etiam
705 854 916 908 invitus
939 855 1154 926 praebet
1185 855 1525 925 obsequium
1556 871 1686 908 cum
1714 871 1850 925 per—

130 949 429 998 secutores
455 945 713 998 Ecclesiae
745 950 1029 1014 coguntur
1056 944 1242 998 eidem
1301 943 1560 997 Ecclesia:
1607 944 1847 997 reddere

129 1033 558 1100 testimonium,
607 1050 722 1088 non
779 1033 1031 1087 valentes
1089 1033 1373 1086 occultare
1423 1033 1577 1104 quod
1653 1031 1840 1086 mani-

131 1122 352 1175 festum
382 1127 490 1176 est.

210 1211 433 1264 «Tulit
481 1211 692 1280 itaque.
754 1232 774 1257 ι
837 1211 966 1264 Ilaec
1014 1209 1255 1263 mutatio
1314 1210 1557 1263 dexterae
1609 1208 1841 1271 Excelsi,

131 1300 236 1370 qui
268 1300 317 1352 si
347 1299 648 1352 videbatur
688 1299 1009 1368 gloriosior,
1045 1298 1192 1352 infra
1219 1298 1361 1351 alios
1409 1302 1647 1369 apparet
1677 1298 1846 1351 vilior

130 1393 187 1441 et
217 1387 482 1453 inferior,
517 1387 829 1441 secundum
866 1387 1003 1440 illud
1035 1404 1047 1440 :
1099 1407 1125 1436 (ι
1183 1387 1452 1456 Deposuit
1491 1390 1745 1456 potentes
1776 1386 1843 1438 de

131 1477 291 1543 sede,
353 1482 408 1530 et
455 1476 720 1530 exaltavit
772 1476 1034 1530 humiles.
1078 1493 1100 1526 ι
1159 1476 1431 1529 Similiter
1503 1475 1672 1528 Isaias
1729 1475 1839 1539 ait;

136 1587 162 1610 ‹‹
197 1566 582 1619 Convertetur
651 1564 896 1617 Libanus
953 1563 1010 1615 in
1054 1563 1332 1624 Chermel,
1385 1567 1441 1616 et
1499 1562 1759 1616 Chermel
1783 1562 1840 1614 in

1275 289 1527 346 GLOSSA
1565 289 1966 346 ORDINARIA.
2010 319 2078 331 —
2118 292 2244 346 LIB.
2289 291 2588 347 ESTHER.

137 410 401 464 membra
435 411 643 464 summi
704 411 880 480 regis.
949 411 1277 465 Ascendunt
1315 429 1487 482 super
1521 428 1732 483 equum
1764 429 1851 466 re-
1883 414 1929 466 Α

3559 301 3660 353 ’746

2619 416 2844 470 CAPUT
2875 417 3016 472 VIII.

2037 523 2195 576 Vens.
2255 526 2303 576 1.
2335 553 2405 561 -
2453 540 2480 574 α
2528 523 2627 577 Die
2683 522 2804 576 illo.
2863 542 2892 574 ι)
2951 526 3127 579 Tenet
3181 527 3377 581 Esther
3426 529 3662 585 domum

1960 613 2165 676 Aman,
2199 611 2377 664 hostis
2404 612 2758 675 Iudaeorum,
2790 628 2919 665 cum
2945 613 3188 667 Ecclesia
3209 617 3461 684 possidet
3490 633 3660 672 mun-

1960 698 2120 762 dum,
2178 715 2352 768 quem
2409 699 2736 769 possederat
2767 699 3050 762 diabolus,
3073 702 3254 756 hostis
3304 705 3665 760 Christiano-

1960 803 2121 851 rum;
2177 787 2354 841 unde:
2389 789 2590 841 «Cum
2647 787 2808 841 fortis
2848 793 3099 842 armatus
3152 793 3399 846 custodit
3449 795 3659 848 atrium

1960 890 2128 928 suum
2159 876 2304 944 (Luc.
2357 878 2452 944 x1),
2485 898 2510 923 ››
2546 881 2651 930 etc.
2710 877 3030 946 ingreditur
3064 883 3193 932 ante
3251 880 3454 935 faciem
3507 883 3657 952 regis

1957 961 2361 1028 Mardochazus,
2423 979 2552 1016 cum
2616 963 2870 1032 quotidie
2927 969 3253 1018 sanctorum
3323 968 3534 1022 animas
3585 969 3655 1022 de

1953 1049 2204 1103 incolatu
2234 1051 2525 1120 praesentis
2579 1051 2708 1104 vitae
2758 1051 3160 1121 ingrediuntur
3204 1053 3274 1107 ad
3301 1057 3655 1126 contempla-

1956 1137 2172 1192 tionem
2205 1138 2410 1192 divinas
2437 1139 2766 1209 majestatis.

2027 1245 2054 1277 ‹‹
2080 1229 2322 1281 Domum
2355 1231 2554 1281 Aman.
2589 1250 2615 1276 η
2655 1228 3004 1297 Dignitatem
3049 1234 3105 1284 et
3137 1232 3417 1286 honorem
3473 1249 3646 1302 quem

1951 1315 2132 1369 Judaei
2160 1315 2396 1369 scientia
2425 1317 2586 1386 legis,
2619 1321 2675 1370 et
2692 1318 3124 1387 prophetarum,
3159 1326 3215 1374 et
3243 1322 3393 1374 cultu
3426 1321 3656 1391 religio-

1953 1405 2042 1457 nis
2101 1406 2460 1469 habuerunt;
2524 1405 2676 1459 unde
2725 1406 2783 1458 in
2837 1407 3198 1463 Proverbiis:
3264 1429 3290 1458 α
3326 1410 3654 1463 Custoditur

1946 1492 2099 1558 justo
2153 1492 2468 1544 substantia
2516 1493 2800 1560 peccantis
2831 1494 3006 1562 (Prov.
3040 1495 3183 1563 xm).
3215 1518 3234 1543 ι
3284 1497 3349 1549 Et
3375 1497 3432 1549 in
3467 1498 3652 1550 Evan-

1951 1579 2136 1647 gelio:
2177 1601 2203 1625 «
2237 1579 2541 1632 Auferetur
2572 1596 2604 1631 a
2635 1580 2790 1632 vobis
2825 1597 3092 1651 regnum,
3129 1588 3185 1636 et
3214 1584 3443 1638 dabitur
3491 1585 3649 1654 genti

131 1655 353 1707 saltum
391 1653 774 1723 reputabitur.
814 1672 840 1702 ι)
881 1651 970 1706 Sic
1001 1651 1321 1721 Synagogaa
1379 1667 1709 1720 compressa
1754 1656 1840 1703 est
1874 1698 1912 1750 Β
1952 1667 2177 1720 facienti
2206 1667 2421 1720 fructus
2451 1669 2574 1738 ejus
2605 1668 2821 1738 (Matth.
2851 1671 2984 1737 ΧΗ),
3022 1693 3044 1719 ,

131 1742 432 1812 superbia,
470 1741 724 1794 Ecclesiae
768 1740 1062 1793 humilitas
1121 1741 1377 1793 exaltata.
1434 1740 1524 1793 Sic
1580 1755 1840 1808 persecu-

129 1837 286 1884 tores
347 1831 478 1884 ﬁdei
544 1830 613 1882 ad
673 1829 920 1882 nihilum
993 1833 1124 1881 sunt
1181 1828 1430 1880 redacti:
1489 1828 1841 1880 confessores

128 1919 350 1972 Christi
398 1919 456 1970 in
501 1922 620 1970 toto
666 1917 800 1970 orbe
861 1915 1110 1969 exaltati.
1163 1916 1342 1985 Caput
1397 1915 1455 1968 in
1489 1914 1750 1978 caudam,
1785 1919 1842 1966 et

127 2007 320 2060 cauda
350 2007 408 2059 in
441 2011 612 2076 caput
653 2021 814 2058 versa
842 2009 922 2058 est
953 2021 965 2057 :
1003 2023 1027 2053 τ(
1060 2002 1200 2066 Quia
1253 2003 1438 2056 omnis
1475 2002 1574 2073 qui
1597 2019 1654 2056 se
1687 2002 1838 2056 exal-

125 2102 231 2163 tat,
266 2095 678 2150 humiliabitur
707 2096 854 2164 (Luc.
879 2095 1083 2162 xxxrv),
1110 2111 1136 2141 υ

798 2235 1024 2289 CAPUT
1055 2235 1163 2288 VIl.

207 2383 235 2414 (ι
263 2361 528 2417 Secunda
565 2360 675 2427 die,
708 2381 729 2406 ι
766 2363 873 2412 etc.
931 2359 1038 2411 Sed
1088 2358 1187 2410 ubi
1246 2357 1447 2411 Esther
1502 2357 1838 2428 petitionem

133 2469 305 2506 suam
366 2449 608 2521 aperuit,
671 2449 971 2503 damnatus
1024 2447 1091 2500 ad
1176 2463 1404 2517 poenam
1463 2446 1715 2500 secessit.
1775 2447 1838 2499 In

127 2538 443 2608 Evangelio
489 2537 643 2591 enim
710 2537 1014 2606 prandium
1074 2539 1126 2588 et
1178 2551 1338 2588 coena
1409 2539 1828 2588 memorantur.

127 2627 450 2681 Prandium
479 2643 732 2697 praesens
763 2631 990 2696 tempus
1024 2624 1284 2678 Ecclesiaa
1342 2624 1620 2692 designat,
1677 2639 1838 2678 coena

126 2723 326 2770 autem
351 2721 630 2769 aeternum
670 2719 724 2768 et
769 2715 1037 2768 ultimum
1093 2711 1436 2766 convivium.
1474 2713 1630 2766 Unde
1672 2711 1835 2764 malis

125 2805 408 2877 separatis
457 2805 515 2857 in
553 2809 901 2874 perpetuum
951 2803 1220 2856 laetantur
1248 2801 1404 2854 boni.
1437 2805 1642 2865 Aman,
1678 2817 1838 2853 nam-

127 2912 239 2965 que
265 2895 405 2965 quia
433 2898 643 2946 vestem
677 2893 909 2962 dignam
943 2891 1204 2945 convivio
1235 2907 1351 2944 non
1400 2889 1620 2954 habuit,
1678 2894 1832 2942 extra

127 2984 336 3054 projici
369 2983 598 3036 meruit.

199 3072 370 3123 Vens.
413 3074 444 3122 7
475 3100 542 3108 —
568 3090 594 3117 ‹‹
625 3068 859 3122 Intravit
900 3068 960 3122 in
1019 3065 1273 3134 hortum,
1307 3088 1332 3115 ››
1369 3068 1522 3137 Rege
1579 3065 1639 3120 in
1695 3066 1828 3119 hor-

123 3164 250 3213 tum
283 3161 653 3227 properante,
708 3157 763 3210 id
823 3160 924 3222 est,
987 3172 1177 3209 secum
1224 3157 1430 3209 electos
1484 3155 1555 3208 ad
1601 3154 1832 3208 delicias

123 3247 384 3320 paradisi
423 3246 720 3312 invitante,
749 3245 1005 3315 reginam
1037 3260 1140 3313 pro
1186 3244 1364 3296 salute
1409 3259 1511 3295 sua
1540 3241 1832 3312 deprecari

123 3335 447 3400 contendit,
472 3335 565 3388 sed
599 3339 822 3402 tempus
855 3338 1240 3403 opportunum
1279 3347 1396 3384 non
1446 3330 1663 3384 habuit.
1698 3330 1832 3384 Sero

126 3427 289 3479 enim
327 3429 668 3495 quaeruntur
712 3422 910 3475 salutis
948 3421 1219 3486 remedia,
1251 3435 1382 3473 eum
1415 3419 1616 3472 mortis
1641 3418 1832 3472 immi-

128 3521 274 3569 nent
331 3513 624 3584 pericula;
674 3512 824 3564 unde
855 3511 1159 3565 Salomon:
1197 3530 1223 3555 «
1258 3509 1410 3561 Tunc
1464 3507 1830 3575 invocabunt,

129 3608 186 3657 et
219 3617 344 3656 non
368 3601 665 3654 exaudiam
699 3615 830 3653 eos:
860 3614 1028 3652 mane
1082 3601 1450 3666 consurgent,
1485 3599 1540 3648 et
1579 3611 1693 3648 non
1739 3597 1836 3649 in-

131 3691 374 3744 venient
401 3689 599 3757 (Prov.
637 3688 695 3756 ι).
734 3708 757 3736 ο

201 3781 373 3832 Vens.
411 3781 463 3831 8.
495 3808 562 3816 —
593 3797 619 3823 ‹‹
654 3777 720 3828 Et
767 3775 980 3828 statim.
1022 3795 1043 3821 ι
1098 3771 1430 3842 Deprecatio
1479 3774 1680 3835 Aman,
1731 3787 1836 3841 op-

127 3867 361 3938 pressio
388 3865 617 3930 dicitur,
661 3864 794 3934 quia
846 3863 904 3914 in
937 3861 1028 3915 die
1055 3861 1258 3930 judicii
1290 3860 1623 3929 iniquorum
1655 3860 1835 3912 oratio

128 3963 386 4018 irritatio
446 3966 560 4015 est:
613 3961 804 4013 unde:
857 3960 986 4014 Cum
1030 3957 1338 4026 judicatur,
1388 3962 1543 4009 exeat
1592 3956 1835 4010 condem-

123 4060 295 4107 natus
331 4051 500 4118 (Psal.
536 4049 701 4118 cvm),
739 4052 842 4100 etc.
893 4047 1047 4097 Tunc
1095 4043 1389 4113 oppressio
1421 4059 1534 4114 qua
1589 4043 1838 4096 humiles

126 4139 564 4213 opprimebant,
601 4136 738 4207 ipsis
767 4133 1269 4205 improperabitur.

196 4232 376 4282 Vrsas.
414 4230 462 4280 9.
496 4254 563 4266 —
591 4246 617 4273 ‹‹
653 4224 935 4277 Harbona.
982 4241 1008 4272 n
1046 4223 1312 4274 Doctores
1351 4219 1494 4290 legis
1533 4218 1832 4289 signiﬁcat,

131 4321 233 4391 qui
286 4318 509 4371 scelera
562 4319 618 4368 et
667 4314 826 4368 dolos
883 4312 1210 4366 Iudaeorum
1243 4310 1652 4381 praedixerunt,
1687 4308 1841 4362 unde

133 4410 394 4479 Moyses:
459 4425 486 4451 ‹‹
524 4402 663 4456 Novi
719 4402 871 4471 quod
933 4405 1061 4470 post
1112 4405 1353 4453 mortem
1414 4413 1602 4450 meam
1645 4395 1842 4465 inique

135 4499 352 4568 agetis,
404 4499 460 4547 et
519 4491 877 4547 declinabitis
935 4491 1004 4544 de
1061 4489 1151 4542 via
1200 4504 1374 4559 quam
1421 4485 1642 4540 ostendi
1687 4483 1844 4536 vobis

134 4589 320 4652 (Deut.
371 4584 544 4653 xxxn).
582 4603 608 4629 ››
669 4581 736 4633 Et
785 4579 843 4633 in
901 4577 1239 4647 Evangelio:
1293 4596 1318 4626 α
1358 4577 1448 4629 Est
1485 4575 1584 4645 qui
1623 4576 1847 4627 accusat

133 4693 254 4738 vos,
282 4675 523 4742 Moyses,
561 4671 621 4723 in
647 4686 762 4740 quo
792 4667 1030 4739 speratis
1061 4667 1252 4734 (Joan.
1284 4664 1362 4731 v.)
1397 4685 1417 4711 ι

213 4787 231 4812 ε
274 4765 344 4816 In
376 4762 548 4814 domo
605 4762 808 4812 Aman.
858 4777 884 4807 ι›
932 4755 1162 4825 Iniquos
1202 4753 1618 4807 tumultuantes
1651 4752 1846 4802 contra

134 4852 456 4916 Christum,
492 4846 777 4918 signiﬁcat
815 4848 999 4898 Aman
1048 4849 1102 4897 et
1146 4843 1267 4912 ejus
1310 4839 1613 4894 Ecclesiam
1651 4853 1846 4908 perse-

132 4944 410 5013 quentes.
447 4936 698 4990 Christus
729 4939 921 4987 autem
954 4932 1011 4985 in
1049 4932 1173 5002 lege
1202 4935 1321 4984 erat
1362 4929 1440 4982 eis
1490 4928 1843 4998 promissus;

133 5033 224 5085 lex
246 5031 473 5098 itaque,
503 5042 615 5097 qua
664 5025 733 5077 ad
791 5021 1107 5076 custodiam
1165 5020 1291 5073 vita:
1325 5019 1454 5073 data
1484 5022 1588 5083 est,
1621 5016 1759 5087 ipsis
1789 5015 1848 5068 in

131 5123 391 5172 mortem
451 5129 612 5167 versa
660 5117 763 5176 est,
813 5127 916 5181 per
968 5125 1140 5180 quam
1202 5108 1488 5162 Christum
1545 5107 1758 5170 delere,
1792 5109 1850 5157 et

134 5208 263 5275 ejus
299 5204 649 5257 confessores
681 5199 1001 5252 interficere
1044 5197 1464 5250 moliebantur:
1493 5186 1549 5248 et
1595 5193 1693 5264 qui
1748 5208 1850 5262 per

131 5297 331 5366 legem
365 5291 627 5345 innoxios
655 5289 980 5358 opprimere
1009 5286 1307 5349 volebant;
1354 5285 1478 5354 ipsa
1527 5286 1843 5348 accusante,

131 5383 277 5454 justi
309 5380 518 5452 judicii
565 5393 833 5447 accepere
873 5375 1232 5429 sententiam.
1266 5374 1372 5438 Qui
1403 5373 1464 5426 in
1493 5373 1617 5442 lege
1649 5386 1847 5440 pecca-

138 5476 376 5541 verunt,
399 5485 505 5540 per
532 5468 719 5538 legem
749 5464 1205 5520 vindicabuntur.

509 5662 783 5726 PATROL.
838 5659 1050 5724 CXIII.

2021 1757 2190 1810 Vens.
2230 1759 2281 1808 2.
2335 1785 2404 1796 -
2459 1776 2484 1806 (ι
2526 1757 2791 1826 Tulitque
2825 1775 3002 1812 rex.»
3050 1761 3334 1815 Laudante
3392 1767 3446 1815 et
3499 1780 3646 1832 pras-

1951 1844 2170 1897 dicante
2201 1844 2532 1897 instantiam
2566 1846 2993 1915 magistrorum,
3013 1849 3302 1902 aDomino
3335 1866 3438 1918 pro
3465 1852 3650 1920 gratia

1949 1931 2191 2002 gratiam
2220 1932 2506 2001 accipiunt
2547 1933 2604 1985 in
2651 1940 2958 2003 conspectu
2987 1936 3297 1990 conditoris
3346 1938 3604 1993 omnium
3632 1956 3645 2005 ;

1949 2021 2136 2074 unde:
2171 2043 2191 2068 α
2230 2021 2477 2074 Nutrivit
2505 2022 2673 2074 corda
2703 2022 2977 2076 ﬁdelium.
3014 2044 3041 2072 ιι

2023 2130 2050 2156 ‹‹
2083 2109 2338 2162 Tradidit
2389 2110 2756 2163 Mardochaao.
2797 2132 2818 2158 ι
2879 2112 3353 2167 Praedicatoribus
3383 2114 3646 2184 gentium

1947 2203 2011 2252 ut
2041 2197 2147 2250 sibi
2187 2198 2493 2263 haarerent,
2537 2203 2592 2250 et
2619 2197 2884 2266 gentibus
2916 2199 3329 2255 ministrarent.

2020 2288 2178 2341 Vens.
2211 2288 2260 2340 3.
2292 2317 2360 2324 —
2395 2307 2421 2334 ‹‹
2457 2287 2704 2339 Procidit
2743 2288 2810 2340 ad
2843 2287 3032 2356 pedes,
3065 2310 3091 2337 ››
3140 2293 3246 2342 etc.
3282 2289 3423 2352 Quia
3451 2296 3646 2346 sancta

1950 2374 2212 2440 Ecclesia,
2247 2391 2350 2444 pro
2410 2375 2703 2444 ereptione
2761 2375 3010 2428 ﬁliorum
3069 2393 3328 2444 suorum,
3390 2380 3644 2448 quotidie

1949 2464 2130 2517 Deum
2164 2463 2616 2533 omnipotentem
2647 2479 2751 2532 per
2780 2463 2951 2517 ﬁdem
2983 2469 3039 2517 et
3079 2465 3349 2534 mysteria
3379 2465 3642 2520 incarna-

1946 2552 2118 2605 tionis
2150 2557 2366 2617 exorat,
2400 2556 2462 2605 ut
2490 2552 2745 2605 hostium
2803 2552 3217 2622 comprimatur
3270 2554 3529 2623 audacia,
3587 2561 3646 2609 et

1946 2640 2203 2695 ﬁdelium
2232 2641 2506 2694 liberetur
2531 2641 2878 2695 innocentia.

2017 2731 2179 2783 Vens.
2214 2732 2264 2782 5.
2300 2759 2367 2768 —
2417 2748 2444 2779 α
2475 2729 2716 2783 Obsecro
2771 2735 2852 2782 ut.
2884 2752 2909 2777 »
2964 2729 3107 2792 Quia
3162 2729 3488 2800 evangelica
3543 2731 3640 2784 do-

1945 2817 2148 2883 ctrina,
2173 2834 2300 2888 quaa
2334 2817 2541 2872 Christi
2573 2817 2806 2871 nomine
2851 2818 2908 2871 in
2938 2822 3058 2871 toto
3090 2819 3227 2872 orbe
3275 2819 3639 2889 praedicatur,

1943 2904 2186 2975 Spiritus
2261 2905 2438 2958 sancti
2517 2904 2810 2974 signaculo
2890 2905 3228 2958 conﬁrmata
3299 2906 3641 2969 declaratur,

1865 2985 1905 3039 C
1945 2993 2106 3062 cujus
2147 2993 2294 3046 dono
2327 2993 2534 3063 repleti
2591 2992 2700 3063 ipsi
2757 2994 3156 3063 praedicatores
3201 2997 3643 3065 permanserunt

1942 3089 2381 3158 insuperabiles,
2423 3093 2479 3144 et
2504 3089 2759 3143 hostium
2794 3106 3027 3144 suorum
3067 3090 3302 3160 gloriosi
3321 3089 3640 3160 triumpha-

1939 3183 2115 3232 tores.

2013 3267 2174 3320 Vens.
2209 3269 2258 3320 9.
2289 3296 2358 3305 —
2405 3286 2432 3314 «
2476 3264 2791 3335 Accitisque
2824 3264 3040 3331 scribis,
3074 3287 3101 3314 »
3137 3270 3241 3319 etc.
3275 3265 3420 3329 Quia
3449 3266 3635 3319 Evan-

1943 3353 2080 3424 gelii
2131 3354 2388 3408 doctrina
2443 3353 2522 3408 ita
2577 3353 2804 3407 condita
2847 3357 2930 3407 est
2979 3369 3083 3423 per
3136 3354 3441 3424 scriptores
3500 3352 3640 3407 Novi

1941 3443 2306 3509 Testamenti,
2344 3443 2584 3496 Domino
2617 3443 2924 3507 mediante,
2982 3448 3044 3495 ut
3089 3449 3296 3496 sanctae
3348 3442 3640 3496 Trinitatis

1943 3532 2083 3586 ﬁdes
2111 3532 2438 3602 plenissime
2468 3532 2526 3585 in
2560 3548 2626 3584 ea
2656 3531 3061 3598 contineretur,
3096 3537 3151 3585 et
3178 3531 3354 3585 totius
3385 3529 3640 3600 decalogi

1946 3637 2171 3675 summa
2201 3620 2474 3690 perfectio
2501 3620 2561 3673 in
2611 3620 2834 3674 duobus
2863 3621 3164 3690 praeceptis
3217 3619 3509 3673 charitatis
3539 3619 3638 3673 de-

1946 3713 2382 3762 monstraretur.

2020 3815 2048 3846 «
2079 3796 2186 3860 Qui
2220 3801 2450 3849 centum
2506 3794 2786 3865 viginti.»
2824 3795 2887 3847 In
2933 3795 3142 3864 quibus
3194 3798 3348 3848 totus
3395 3794 3642 3849 mundus

1947 3884 2222 3953 signatur.
2276 3884 2415 3936 Nam
2458 3882 2725 3936 denarius
2779 3897 3054 3934 numerus
3081 3897 3184 3950 per
3214 3881 3640 3935 duodenarium

1948 3971 2360 4040 multiplicatus
2391 3976 2619 4024 centum
2673 3974 2728 4022 et
2780 3968 2980 4038 viginti
3030 3969 3187 4036 facit,
3218 3969 3423 4040 quibus
3457 3973 3642 4039 septe-

1949 4059 2142 4113 narius
2168 4059 2413 4112 sociatus
2443 4057 2615 4111 totius
2644 4072 2884 4110 summae
2939 4056 3362 4126 plenitudinem
3413 4057 3641 4110 conclu-

1949 4148 2062 4202 dit:
2099 4147 2178 4200 ita
2206 4147 2459 4216 decalogi
2512 4145 2766 4199 custodia
2827 4145 3136 4215 apostolica
3193 4145 3493 4199 traditione
3542 4160 3644 4215 per

1952 4240 2136 4290 totum
2167 4237 2364 4290 orbem
2393 4235 2612 4301 diffusa,
2648 4234 2994 4304 septiformis
3026 4234 3272 4305 Spiritus
3319 4234 3502 4304 gratia
3586 4234 3644 4287 in

1953 4324 2218 4378 cordibus
2248 4323 2504 4377 ﬁdelium
2544 4323 2865 4376 infunditur
2891 4323 2976 4376 vel
3010 4329 3096 4376 est
3124 4326 3532 4376 consummata.

2024 4413 2182 4466 Vens.
2244 4415 2320 4465 lt.
2376 4441 2444 4452 —
2489 4433 2514 4459 «
2547 4411 2959 4475 Interticerent,
2995 4428 3022 4462 ›)
3057 4416 3159 4465 etc.
3225 4411 3302 4464 Ne
3354 4409 3489 4462 mali
3523 4425 3646 4480 ger-

1953 4501 2123 4555 minis
2154 4501 2505 4571 pullularent
2539 4500 2785 4553 rediviva
2803 4499 3102 4570 plantaria.
3135 4497 3410 4552 Similiter
3427 4503 3645 4569 septem

1955 4593 2152 4659 gentes
2183 4605 2309 4659 quae
2357 4588 2691 4642 habitabant
2739 4588 2798 4641 in
2828 4593 2979 4640 terra
3019 4586 3408 4656 promissionis
3450 4585 3647 4640 Domi-

1955 4694 2062 4731 nus
2082 4676 2326 4731 interﬁci
2351 4676 2542 4746 jussit,
2575 4681 2630 4729 et
2652 4676 3020 4745 postmodum
3047 4674 3428 4728 Amalechitas
3459 4673 3645 4727 omni-

1956 4766 2123 4820 mode
2154 4765 2352 4830 deleri,
2385 4769 2448 4817 ut
2471 4780 2703 4818 omnem
2725 4763 3078 4817 occasionem
3122 4761 3373 4814 scandali
3399 4763 3648 4816 auferret

1957 4856 2074 4923 eis;
2133 4855 2283 4908 unde
2367 4853 2539 4907 David
2601 4852 2723 4906 ait:
2783 4853 2856 4905 In
2928 4853 3192 4905 matutino
3256 4848 3648 4919 inlerﬁciebam

1959 4945 2121 5013 (Psal.
2150 4945 2223 5008 ε).
2259 4947 2364 4996 etc.

2028 5033 2188 5085 Vens.
2228 5032 2310 5085 14.
2342 5050 2455 5078 -α
2481 5031 2541 5082 In
2573 5030 2778 5094 Susan,
2805 5048 2830 5078 ι)
2865 5033 2969 5080 etc.
3004 5028 3068 5080 In
3121 5023 3388 5096 superbia
3447 5025 3649 5079 mundi

1957 5120 2309 5174 debellanda.
2357 5120 2496 5171 Nam
2528 5118 2685 5170 Susis
2729 5115 3003 5185 equitatio
3053 5115 3133 5167 vel
3193 5117 3451 5167 evertens
3481 5113 3649 5166 inter-

1957 5213 2245 5278 pretatur;
2293 5207 2442 5259 unde
2492 5206 2749 5258 Salvator
2795 5205 2910 5257 ait:
2965 5223 2991 5249 ‹‹
3027 5201 3328 5263 Contidite,
3384 5217 3489 5270 ego
3543 5201 3649 5253 vici

1958 5297 2239 5351 mundum
2271 5294 2450 5366 (Joau.
2486 5293 2618 5361 xvr).
2655 5313 2680 5339 ››

2626 5424 2849 5479 CAPUT
2905 5425 2988 5477 IX.

2030 5543 2192 5597 Vens.
2234 5542 2284 5594 4.
2317 5571 2385 5579 -
2414 5558 2443 5590 α
2493 5540 2555 5594 Et
2604 5537 2918 5622 plurimum
2969 5553 3134 5607 posse
3186 5541 3587 5608 cognoverant.
3623 5553 3652 5586 io

3268 5649 3353 5705 24
