4082 6184
460 238 559 289 747
1098 234 1499 290 WALAFRIDI
1538 236 1784 292 STRABI
1830 235 2026 291 FULD.
2072 236 2145 291 Μ(

2273 236 2424 292 ΟΡΡ.
2469 237 2645 291 PARS
2683 236 2723 290 1.
2766 265 2831 275 -
2870 235 3339 294 THEOLOGICA.
3837 242 3926 293 748

457 362 603 427 Quia
630 362 929 416 doctorum
950 360 1096 415 actio
1129 360 1449 427 laudabilis,
1484 365 1539 413 et
1559 360 1818 430 potentia
1846 360 2147 428 virtutum,
2177 361 2221 414 Α
2261 365 2613 430 sanctorum,
2645 363 2773 431 post
2813 360 3126 429 completos
3155 359 3376 413 labores
3407 358 3615 430 quibus
3647 360 3756 413 Deo
3803 361 3927 415 bene

458 452 736 506 honorem
770 455 825 505 et
854 450 1227 505 reverentiam
1260 449 1460 503 tribuit
1487 450 1839 503 multitudini
1872 449 2148 504 ﬁdelium.

464 541 615 595 Unde
659 541 718 593 in
768 540 997 593 Actibus
1038 539 1456 608 apostolorum:
1512 558 1535 586 ι
1602 538 1833 593 Fiebant
1884 539 2152 609 prodigia

458 635 516 682 et
534 629 694 699 signa
728 629 906 681 multa
938 629 1075 695 (Act.
1109 627 1183 696 v),
1214 644 1240 673 ιι
1273 627 1421 680 unde
1444 626 1655 696 legitur
1675 627 1812 681 alibi
1842 643 1854 681 :
1892 648 1918 676 ››
1956 627 2151 681 Fiebat.

460 717 611 771 enim
661 717 816 769 omni
863 716 1071 769 animm
1119 718 1288 769 timor
1340 714 1502 785 (Ibid.
1555 715 1641 784 ιι).
1688 715 1829 768 Item
1866 731 1878 768 :
1914 736 1934 763 σ
1974 715 2149 768 Nemo

458 806 701 859 audebat
728 821 784 858 se
807 804 1154 875 conjungere
1179 804 1311 871 illis,
1335 808 1391 857 et
1422 804 1821 874 magniﬁcabat
1840 820 1936 857 eos
1963 819 2147 874 popu-

456 889 544 942 lus
577 889 739 959 (Ibid.
764 888 838 960 v).
868 910 896 938 »

527 978 685 1033 Vens.
721 980 773 1032 5.
803 1007 873 1017 —
901 996 930 1028 α
971 978 1170 1048 Itaque
1225 980 1633 1047 percusserunt
1691 974 1901 1030 Judaei.
1939 996 1967 1025 »
2026 976 2149 1029 Non

455 1066 640 1120 solum
674 1066 813 1120 alios
840 1065 1133 1136 operarios
1161 1064 1502 1135 iniquitatis,
1531 1064 1629 1134 qui
1668 1066 2036 1134 perseverant
2086 1062 2149 1115 in

453 1156 721 1227 peccatis,
753 1172 857 1210 nec
904 1159 1106 1209 curant
1154 1153 1446 1224 percipere
1498 1152 1895 1207 remissionem
1943 1167 2148 1221 pecca-

453 1252 664 1312 torum,
696 1243 938 1315 Spiritus
994 1243 1167 1297 sancti
1224 1242 1417 1297 divina
1460 1240 1740 1295 sententia
1791 1240 2148 1294 damnandos

449 1335 689 1405 judicat,
722 1333 818 1387 sed
852 1333 1021 1386 etiam
1066 1331 1317 1386 carnales
1380 1331 1603 1385 Iudaeos
1654 1328 1909 1399 decalogi
1963 1334 2146 1383 trans-

456 1439 758 1493 gressores,
815 1422 995 1475 crucis
1054 1420 1262 1474 Christi
1305 1425 1548 1482 reatum,
1582 1435 1751 1489 quem
1784 1435 1853 1471 ex
1907 1417 2148 1489 perﬁdia

455 1517 881 1578 contraxerunt,
901 1510 959 1563 in
988 1508 1197 1562 inferni
1228 1508 1548 1562 civitatibus
1577 1523 1859 1560 sensuros.

526 1600 687 1653 Vnus.
717 1602 768 1653 6.
802 1630 867 1638 —
900 1617 927 1648 α
961 1599 1217 1661 Quorum
1248 1597 1353 1650 ista
1408 1600 1541 1649 sunt
1588 1595 1845 1649 nomina.
1932 1596 2145 1648 Horum

455 1687 754 1741 nominum
812 1686 1311 1756 interpretationes
1358 1700 1477 1738 non
1534 1685 1713 1737 multo
1745 1699 1916 1753 opere
1948 1682 2146 1752 exqui-

454 1777 653 1842 rimus,
696 1792 800 1829 nec
829 1775 1119 1844 allegoriae
1157 1773 1364 1827 servire
1419 1772 1697 1843 cogimus.
1749 1773 1937 1842 Typns
1992 1771 2147 1824 enim

454 1867 515 1919 in
544 1870 701 1935 parte
732 1870 835 1926 est,
866 1880 981 1917 non
1012 1863 1071 1917 in
1102 1868 1240 1916 toto.
1278 1863 1337 1917 Si
1368 1861 1521 1915 enim
1552 1862 1611 1915 in
1643 1866 1760 1915 toto
1821 1865 1906 1915 est
1955 1865 2144 1930 typus,

457 1969 571 2007 non
598 1958 682 2007 est
709 1952 963 2006 historia.
999 1950 1342 2004 Historicum
1373 1952 1598 2018 oportet
1622 1947 1704 2000 rei
1750 1952 1924 2017 gestae
1954 1963 2147 2000 veram

456 2042 662 2095 seriem
689 2056 992 2111 exponere,
1027 2056 1129 2093 nec
1158 2038 1295 2092 citra
1318 2037 1645 2103 subsistere,
1677 2052 1781 2089 nec
1832 2036 1981 2089 ultra
2011 2052 2145 2106 pro-

454 2131 686 2185 cedere:
734 2129 1100 2199 allegoricum
1158 2127 1549 2197 interpretem,
1619 2126 1877 2196 egregias
1932 2129 2142 2195 partes,

454 2221 511 2274 in
534 2218 817 2291 spirituali
837 2234 1004 2271 sensu
1036 2216 1436 2271 convenientes
1467 2215 1698 2285 eligere.

523 2310 684 2362 Vens.
723 2310 807 2363 16.
841 2338 909 2346 -
944 2326 971 2357 ε(
998 2308 1059 2360 Ιιι
1114 2310 1357 2360 tantum.
1395 2324 1422 2357 »
1466 2305 1693 2369 Omnes,
1741 2302 1841 2373 qui
1888 2302 2146 2373 quinque

452 2397 709 2451 sensibus
766 2394 1055 2465 corporeis
1105 2394 1293 2463 legem
1345 2392 1647 2445 carnaliter
1702 2389 2041 2460 suscipiunt,
2090 2394 2147 2443 et

452 2503 581 2540 cum
608 2502 710 2556 per
740 2484 1131 2554 septiformem
1154 2481 1401 2551 Spiritus
1432 2479 1610 2533 sancti
1640 2479 1881 2548 gratiam
1928 2478 2146 2548 specia-

454 2574 584 2631 liter
630 2576 803 2644 plena
856 2578 912 2626 et
965 2571 1216 2641 perfecta
1272 2569 1363 2634 sit,
1416 2568 1795 2639 spiritualiter
1825 2567 2144 2638 intelligere

454 2667 759 2733 respuunt,
818 2661 981 2731 quasi
1055 2657 1278 2713 duobus
1330 2657 1530 2711 diebus
1588 2656 1892 2710 vincuntur
1975 2661 2147 2727 atque

452 2753 912 2823 prosternuntur.

524 2840 686 2891 Vens.
742 2841 825 2891 Π.
883 2866 951 2875 —
1001 2857 1029 2885 «
1084 2834 1210 2889 Dies
1267 2837 1479 2887 autem.
1525 2855 1550 2881 ››
1611 2833 1933 2887 Notandum
1990 2832 2145 2904 quod

2261 451 2543 504 credendo
2576 456 2632 503 et
2686 448 2832 502 bene
2880 448 3120 503 vivendo
3152 449 3426 515 serviunt,
3457 449 3625 502 modo
3656 454 3778 502 ante
3805 456 3926 503 tem.

2259 554 2367 608 pus
2407 538 2610 608 judicii
2666 538 2727 591 in
2776 536 3075 591 animabus
3133 538 3433 592 sabbatum
3472 543 3701 591 aeterna:
3749 538 3931 609 quietis

2259 627 2506 681 habent:
2541 626 2657 693 alii,
2694 614 2885 697 usque.
2933 627 3001 681 ad
3033 627 3302 681 ultimum
3337 627 3770 682 resurrectionis
3798 628 3930 681 diem

2259 714 2317 768 in
2375 732 2543 769 carne
2597 715 2973 785 perdurantes
3032 716 3311 787 superatis
3374 715 3635 769 hostibus
3680 715 3932 769 universis

2258 803 2447 857 subito
2497 804 2805 869 immutati,
2869 803 3122 873 quietem
3176 804 3501 858 animarum
3558 810 3611 857 et
3656 821 3933 874 corporum

2257 892 2615 963 percipiunt;
2659 892 2809 947 unde
2842 894 3185 962 Apostolus:
3226 914 3253 941 «
3287 893 3490 948 Mortui
3520 892 3621 963 qui
3650 892 3711 957 in
3732 893 3931 947 Christo

2258 986 2409 1047 sunt,
2450 986 2746 1052 resurgent
2775 981 2968 1052 primi.
3009 981 3225 1035 Deinde
3268 997 3369 1034 nos
3414 981 3514 1052 qui
3562 980 3819 1047 vivimus,
3849 981 3929 1052 qui

2257 1070 2468 1124 residui
2493 1086 2711 1136 sumus,
2742 1087 3109 1141 resnrgemus
3148 1086 3279 1124 cum
3331 1070 3443 1124 illis
3476 1070 3705 1124 obviam
3735 1070 3930 1125 Christo

2253 1159 2314 1213 in
2344 1175 2474 1213 aera
2502 1161 2551 1228 (I
2584 1161 2735 1214 Thes.
2774 1162 2868 1231 IV),
2908 1183 2928 1208 ν
2968 1163 3073 1214 etc.
3114 1161 3258 1213 Nam
3292 1164 3495 1229 quarta
3526 1158 3766 1223 decima,
3816 1174 3928 1229 qua:

2255 1247 2342 1301 bis
2386 1253 2602 1318 septem
2651 1249 2908 1302 continet
2959 1248 3214 1319 quietem
3262 1248 3590 1301 animarum
3638 1247 3929 1317 perfectam

2255 1333 2561 1403 signiﬁcat,
2595 1335 2795 1404 quinta
2846 1334 3068 1388 decima
3123 1350 3255 1388 vero
3286 1334 3678 1405 septenarium
3708 1339 3764 1387 et
3790 1338 3930 1387 octo-

2256 1422 2482 1475 narium
2524 1423 2928 1493 complectens,
2981 1423 3301 1477 animarum
3360 1428 3416 1475 et
3446 1439 3753 1493 corporum
3792 1422 3931 1493 quie-

2254 1514 2372 1565 tem
2402 1510 2702 1581 signiﬁcat.

2331 1600 2597 1652 Vens.2-i.
2631 1629 2699 1639 —
2732 1620 2754 1649 ι
2794 1601 2859 1653 Et
2907 1598 3062 1653 misit
3094 1599 3268 1665 Phur,
3318 1618 3345 1651 »
3382 1602 3488 1653 etc.
3555 1599 3689 1653 Sors
3738 1599 3794 1653 in
3845 1614 3934 1652 ur-

2260 1702 2394 1739 nam
2428 1686 2618 1754 missa,
2643 1686 3075 1756 dispositionem
3116 1686 3421 1757 cujuslibet
3466 1689 3547 1740 rei
3589 1687 3648 1740 in
3708 1686 3937 1741 hominis

2258 1778 2449 1828 mente
2481 1774 2780 1845 signiﬁcat,
2813 1775 2975 1844 cujus
3026 1780 3294 1829 eventum
3326 1792 3443 1829 non
3472 1776 3811 1841 humanum,
3855 1775 3936 1828 sed

2258 1861 2517 1916 divinum
2549 1863 2695 1933 regit
2745 1863 3069 1928 arbitrium,
3130 1864 3281 1917 unde
3349 1863 3661 1917 Salomon:
3708 1882 3737 1914 α
3769 1864 3935 1918 Sortes

2255 1949 2562 2004 mittuntur
2618 1950 2680 2004 in
2727 1952 2956 2005 sinum:
3019 1951 3116 2006 sed
3176 1970 3210 2005 a
3264 1953 3509 2007 Domino
3562 1958 3938 2023 temperantur

2255 2038 2440 2107 (Prov.
2470 2040 2609 2107 xw).
2650 2062 2677 2089 ι

2326 2128 2486 2181 Vens.
2538 2130 2625 2182 28.
2684 2158 2753 2169 —
2788 2151 2813 2176 σι
2848 2129 2943 2184 Isti
2977 2134 3112 2183 sunt
3168 2130 3308 2183 dies.
3345 2148 3370 2182 ι
3428 2130 3573 2194 Quia
3624 2130 3790 2202 quies
3819 2130 3930 2185 ani-

2254 2229 2480 2269 marum
2531 2222 2586 2270 et
2631 2218 2973 2271 resurrectio
3038 2234 3345 2289 corporum
3398 2220 3605 2273 merito
3651 2220 3936 2274 ﬁrmitera

2255 2301 2521 2358 ﬁdelibus
2571 2306 2893 2359 custoditur
2919 2312 2976 2360 et
3005 2307 3361 2361 celebratur:
3394 2308 3503 2375 vel,
3566 2310 3706 2380 quia
3753 2308 3937 2380 quietis

2257 2392 2580 2446 animarum
2606 2399 2664 2448 et
2690 2395 3126 2449 resurrectionis
3148 2412 3458 2467 corporum
3496 2398 3707 2452 merito
3736 2397 3937 2451 feriatio

2256 2496 2291 2534 a
2320 2480 2585 2536 ﬁdelibus
2613 2484 2933 2538 custoditur
2961 2488 3016 2537 et
3045 2484 3384 2539 celebratur.

2656 2564 2659 2565 7
2935 2573 3161 2627 CAPUT
3189 2573 3250 2627 X.

2329 2657 2486 2711 Vens.
2522 2662 2570 2712 1.
2602 2689 2671 2698 —
2702 2679 2729 2709 «
2777 2661 2893 2715 Rex
2948 2677 3082 2715 vero
3126 2667 3404 2716 Assuerus
3451 2679 3703 2717 omnem.
3735 2682 3761 2715 io
3796 2661 3937 2716 Chri-

2256 2748 2395 2810 stus,
2428 2745 2529 2816 qui
2584 2748 2804 2802 excisus
2857 2749 2927 2802 de
2968 2755 3161 2804 monte
3214 2751 3335 2805 sine
3392 2752 3656 2805 manibus
3691 2751 3862 2806 crevit
3891 2749 3941 2802 in

2255 2840 2510 2888 montem
2562 2852 2835 2906 magnum
2919 2843 2976 2891 et
3040 2838 3300 2909 implevit
3382 2843 3564 2894 totum
3620 2840 3937 2894 mundum:

454 2926 688 2998 quidam
716 2926 1040 2981 Iudaeorum
1070 2922 1240 2978 tertia
1286 2922 1507 2977 decima
1538 2922 1628 2977 die
1682 2921 2056 2989 interﬁciunt,
2089 2926 2146 2975 et
2181 2939 2220 2993 ρ
2260 2922 2651 2991 historialiter,
2689 2925 2846 2979 enim
2894 2943 3008 2981 non
3065 2944 3297 2981 omnem
3339 2932 3551 2982 terram
3593 2928 3942 2983 tributariam

455 3016 676 3070 decima
732 3019 936 3087 quarta
984 3013 1275 3079 desinunt,
1354 3018 1412 3067 et
1471 3011 1897 3066 solemnitatem
1948 3014 2147 3081 agunt,

455 3106 686 3176 quidam
718 3120 821 3175 per
842 3104 986 3158 duos
1017 3104 1157 3168 dies,
1208 3102 1264 3156 id
1324 3106 1428 3169 est,
1478 3102 1703 3155 tertiam
1759 3100 2039 3155 decimam
2094 3104 2151 3153 et

455 3193 734 3247 decimam
766 3195 1029 3262 quartam
1059 3191 1212 3245 diem
1278 3190 1535 3261 ejusdem
1590 3189 1802 3244 mensis
1860 3188 2145 3255 occidunt,

455 3281 657 3351 quinta
695 3280 915 3335 decima
947 3280 1280 3334 solemniter
1333 3280 1666 3350 quiescunt:
1731 3279 1868 3350 quia
1913 3277 2150 3350 quidam

2256 3011 2406 3079 fecit,
2440 3013 2541 3083 qui
2565 3029 2671 3067 nec
2702 3015 2923 3069 habuit.

2329 3102 2418 3169 (In
2448 3104 2693 3172 antiquis
2744 3103 2943 3159 Glossa:
3001 3104 3295 3159 ordinaris
3349 3107 3754 3176 exemplaribus
3782 3107 3943 3171 nulla,

2257 3190 2382 3243 hinc
2438 3205 2607 3260 usque
2663 3192 2737 3245 ad
2795 3196 2955 3262 ﬁnem
3032 3195 3179 3261 libri,
3245 3198 3421 3249 textui
3470 3211 3625 3250 sacro
3690 3200 3942 3266 expositio

2257 3277 2492 3346 adjacet.
2534 3279 2666 3333 Ideo
2719 3283 2907 3349 capita
2939 3285 3103 3335 11-16
3142 3285 3672 3351 preter-mittimus.)

1918 3546 2219 3625 LIBER
2281 3548 2319 3625 J
2330 3549 2479 3628 OB.

1172 3821 1239 3884 B.
1300 3818 1747 3883 HIERONYMI
1803 3818 2221 3886 PROLOGUS
2275 3822 2585 3888 DUPLEX
2644 3825 2724 3889 IN
2783 3826 3087 3891 LIBRUM
3144 3826 3306 3893 JOB.

1688 3960 1855 4031 (Vide
1884 3963 2027 4017 inter
2055 3978 2219 4032 opera
2249 3964 2312 4018 B.
2348 3965 2712 4036 Hieronymi.)

1034 4211 1541 4266 ARGUMENTUM.

523 4361 587 4413 In
626 4363 777 4412 terra
816 4355 1050 4427 quidem
1080 4354 1360 4409 habitasse
1390 4353 1491 4407 Job
1524 4352 1787 4418 Husitidi,
1843 4352 1903 4406 in
1932 4352 2142 4407 ﬁnibus

450 4448 717 4502 Idumaeas
748 4450 806 4499 et
833 4443 1055 4498 Arabiae
1088 4443 1304 4497 fertur:
1357 4447 1413 4495 et
1467 4445 1588 4495 erat
1644 4440 1696 4494 ei
1746 4446 1878 4494 ante
1924 4456 2143 4496 nomen

446 4536 642 4591 Jobab.
706 4535 769 4588 Et
816 4532 1029 4602 accepit
1058 4547 1296 4585 uxorem
1343 4529 1688 4597 Arabissam,
1739 4533 1797 4582 et
1846 4528 2046 4599 genuit
2074 4528 2141 4583 ﬁ-

449 4624 611 4690 lium,
669 4637 842 4692 quem
885 4619 1103 4673 vocavit
1146 4620 1367 4673 Ennon.
1428 4618 1559 4671 Erat
1589 4622 1781 4671 autem
1834 4617 1959 4687 ipse
1988 4617 2140 4671 ﬁlius

450 4714 681 4784 quidem
710 4714 886 4775 larua,
919 4709 988 4763 de
1034 4710 1178 4762 Esau
1218 4707 1352 4761 ﬁliis
1405 4706 1593 4760 ﬁlius:
1642 4706 1712 4760 de
1774 4712 1954 4759 matre
2005 4722 2139 4760 vero

451 4805 643 4866 Bosra,
677 4800 756 4853 ita
786 4802 846 4851 ut
875 4798 948 4851 sit
989 4796 1223 4868 quintus
1266 4795 1336 4849 ab
1362 4794 1665 4849 Abraham.
1714 4794 1779 4848 Et
1807 4793 1868 4847 hi
1897 4798 2029 4847 sunt
2056 4810 2142 4847 re-

447 4909 546 4963 ges
593 4888 692 4960 qui
731 4890 1116 4958 regnaverunt
1142 4885 1201 4938 in
1235 4884 1429 4951 Edom,
1465 4883 1525 4936 in
1556 4899 1670 4953 qua
1699 4888 1755 4935 et
1780 4882 1902 4952 ipse
1932 4898 2138 4953 regna-

446 4981 544 5033 vit.
577 4978 684 5033 Sed
733 4977 954 5047 primus
1005 4974 1063 5027 in
1098 4991 1166 5027 ea
1196 4973 1449 5043 regnavit
1478 4972 1627 5038 Bela,
1661 4970 1815 5024 ﬁlius
1848 4972 2027 5025 Beor:
2086 4975 2141 5024 et

445 5083 656 5121 nomen
716 5064 971 5134 ejusdem
1010 5061 1249 5116 civitatis
1281 5060 1532 5114 Denaba.
1601 5061 1735 5113 Post
1767 5059 1900 5112 Bela
1928 5062 2138 5122 autem,

445 5156 642 5220 Jobab,
677 5153 777 5224 qui
803 5157 1039 5206 vocatur
1067 5150 1192 5205 Job.
1253 5150 1387 5203 Post
1413 5148 1518 5202 Job
1550 5151 1743 5202 autem
1793 5148 2006 5215 Husan,
2039 5147 2140 5217 qui

446 5248 568 5297 erat
616 5242 726 5296 dux
765 5258 831 5296 ex
892 5242 1313 5295 Themanorum
1374 5236 1629 5307 regione.
1684 5237 1750 5290 Et
1803 5239 1927 5306 post
1975 5235 2141 5290 illum

446 5330 707 5403 regnavit
747 5330 925 5396 Adad,
956 5328 1110 5383 ﬁlius
1160 5327 1391 5388 Badadi,
1433 5325 1532 5396 qui
1584 5323 1791 5378 excidit
1819 5322 2041 5378 Madian
2079 5322 2141 5377 in

446 5436 647 5492 campo
675 5420 858 5487 Moab,
886 5423 943 5472 et
972 5431 1183 5473 nomen
1209 5414 1448 5469 civitatis
1481 5413 1603 5483 ejus
1628 5412 1817 5468 Avith.

2716 4214 3192 4271 PROTHEMATA
3229 4217 3301 4271 IN
3340 4216 3483 4272 JOB.

2676 4320 2784 4391 (Ea:
2812 4322 2969 4391 Greg.
3001 4325 3061 4377 in
3097 4323 3215 4390 Job,
3238 4325 3487 4393 passim.)

2322 4434 2596 4499 Quaedam
2626 4436 2899 4490 historice
2926 4437 3019 4491 hic
3068 4437 3360 4499 dicuntur,
3401 4445 3457 4492 et
3511 4440 3846 4511 allegorice,
3898 4443 3945 4493 et

2250 4524 2566 4579 moraliter.
2615 4524 2888 4589 Quaedam
2950 4531 3249 4597 nequeunt
3304 4528 3373 4582 ad
3433 4527 3688 4584 litteram
3742 4529 3943 4600 accipi;

2252 4616 2389 4686 quia
2434 4630 2677 4667 erronea
2723 4619 2913 4667 essent
2941 4615 3026 4668 vel
3058 4615 3462 4685 impossibilia,
3512 4618 3599 4671 vel
3654 4636 3691 4673 a
3720 4636 3780 4673 se
3811 4618 3943 4672 invi-

2252 4718 2375 4757 cem
2404 4702 2802 4769 discordantia,
2863 4707 2925 4756 ut
2970 4704 3113 4757 illud
3168 4705 3408 4759 scilicet:
3440 4727 3461 4753 ι
3523 4706 3641 4761 Sub
3703 4724 3809 4775 quo
3838 4723 3943 4761 cur-

2250 4797 2454 4847 vantur
2495 4794 2592 4860 qui
2638 4796 2861 4861 portant
2907 4793 3085 4846 orbem
3135 4793 3264 4859 (Job
3297 4792 3397 4864 IX),
3442 4814 3469 4844 ι
3497 4796 3663 4864 quasi
3696 4797 3943 4866 gigantes

2253 4880 2536 4935 mundum
2566 4880 2804 4946 vehant;
2839 4886 2897 4935 et
2953 4881 3095 4935 illud
3153 4881 3400 4937 scilicet:
3436 4902 3461 4935 ι
3499 4884 3685 4954 Elegit
3724 4900 3945 4955 suspen-

2252 4969 2414 5023 dium
2472 4968 2666 5023 anima
2730 4985 2858 5023 mea
2911 4970 3076 5038 (Ibid.
3111 4970 3229 5041 vn),
3264 4992 3286 5019 ι
3344 4972 3507 5042 quasi
3563 4977 3684 5027 tam
3737 4974 3945 5044 patiens

2252 5058 2387 5112 velit
2421 5057 2728 5129 suspendio
2759 5057 2933 5111 vitam
2964 5057 3165 5126 ﬁnire;
3201 5064 3257 5112 et
3301 5059 3442 5114 illud
3472 5060 3727 5116 scilicet:
3769 5086 3790 5111 ι
3825 5064 3943 5117 Per-

2257 5150 2399 5199 «eat
2437 5146 2556 5199 dies
2586 5145 2781 5215 inqua
2811 5151 2980 5199 natus
3037 5162 3164 5201 sum
3232 5146 3395 5217 (Ibid.
3454 5151 3559 5217 ιιι),
3599 5171 3620 5197 ι
3688 5156 3797 5205 etc.
3846 5148 3944 5203 Ali-

2252 5234 2482 5305 quando
2521 5234 2621 5305 qui
2653 5250 2885 5288 sensum
2914 5233 3122 5289 litteras
3152 5236 3414 5306 negligit,
3469 5238 3731 5292 veritatis
3761 5240 3943 5293 lumen

2251 5322 2362 5377 sibi
2415 5322 2731 5383 abscondit.
2807 5323 2944 5377 dum
3002 5322 3344 5377 intrinsecus
3400 5324 3556 5379 aliud
3612 5326 3939 5397 quaerendo,

2250 5411 2407 5481 quod
2448 5410 2587 5465 foris
2637 5416 2722 5465 est
2751 5411 2943 5481 perdit
2967 5428 2980 5470 :
3002 5420 3067 5465 ut
3098 5412 3237 5467 dum
3266 5412 3336 5466 de
3371 5414 3784 5470 misericordia
3822 5429 3942 5484 ope-

2250 5499 2409 5554 ribus
2437 5500 2598 5555 dicit:
2663 5519 2693 5551 α
2735 5500 2791 5555 Si
2811 5500 3018 5571 negavi
3073 5501 3227 5572 quod
3276 5502 3558 5573 volebant,
3594 5504 3941 5576 pauperibus
