4034 6180
150 216 234 266 749
1304 212 1558 267 GLOSSA
1599 213 2004 271 ORDINABIA.
2046 245 2112 256 —
2154 217 2280 271 LIB.
2323 217 2462 272 JOB.

3539 225 3641 276 750

149 332 263 402 (Job.
291 331 458 402 xxxi),
509 352 535 383 »
581 331 910 401 allegoriam
943 336 1177 403 quaerat.
1237 332 1468 386 Divinus
1496 334 1651 388 enim
1715 351 1826 387 ser—
1857 337 1904 389 Α
1944 336 2215 406 indignus
2273 338 2365 404 sit,
2402 337 2584 391 acrius
2641 338 2915 408 increpat,
2966 339 3101 410 quia
3165 341 3472 412 aliquando
3510 343 3641 413 plus

149 439 245 484 mo,
282 420 427 473 sicut
457 422 516 473 in
548 422 832 491 mysteriis
890 421 1207 491 prudenter
1251 425 1492 489 exercet,
1528 423 1603 476 ita
1630 439 1829 493 super-

146 511 252 563 ﬁcie
280 510 570 579 simplices
605 510 816 562 refovet
848 527 859 562 :
897 511 1033 580 quia
1079 515 1163 563 est
1203 515 1266 563 ut
1295 509 1501 562 fluvius
1541 512 1744 580 planus
1776 514 1831 564 et

147 601 295 656 altus.
324 599 382 651 in
413 615 525 668 quo
549 615 728 667 agnus
749 599 1022 663 ambulet,
1046 600 1277 668 elephas
1307 603 1479 652 natet.

209 689 426 739 Erranti
482 687 703 740 homini
750 687 881 740 data
907 691 993 740 est
1018 687 1123 740 lex.
1177 688 1516 741 lnobediens
1543 688 1654 758 legi
1694 705 1828 742 con-

144 776 389 830 funditur
445 777 727 845 exemplo.
783 776 1030 829 maxime
1061 776 1314 830 hominis
1373 777 1495 830 sine
1547 778 1699 846 lege,
1732 777 1831 847 qui

148 863 392 933 legaliter
419 863 573 916 vixit.
628 864 780 917 Unde
804 866 929 928 (Isa.
963 865 1116 932 xxiii)
1150 881 1196 917 ει
1227 864 1522 930 Erubesce,
1556 864 1750 930 Sidon,
1805 886 1826 913 »

145 953 192 1007 id
238 958 344 1020 est,
375 953 652 1006 stabilitas
695 954 755 1006 iu
797 955 920 1023 lege
962 954 1306 1023 positorum,
1363 973 1390 1003 (ι
1434 953 1512 1006 ait
1557 969 1752 1006 mare:
1805 975 1825 1000 η

149 1041 446 1104 Gentilitas,
496 1058 644 1112 quae,
671 1041 805 1095 dum
850 1042 1034 1112 legem
1073 1042 1339 1107 custodit,
1373 1042 1661 1095 auditores
1692 1041 1832 1112 legis

151 1131 449 1200 redarguit.

211 1219 425 1272 Dicitur
454 1218 665 1288 Moyses
708 1219 831 1272 haec
884 1219 953 1272 de
990 1218 1116 1284 Job,
1158 1219 1322 1288 quasi
1353 1219 1420 1273 de
1460 1219 1832 1273 antecedente

149 1307 472 1377 scripsisse:
520 1307 655 1377 quia
711 1307 769 1359 in
825 1308 1028 1361 Genesi
1081 1308 1293 1377 legitur
1347 1308 1522 1361 Jobab
1575 1309 1642 1362 de
1691 1310 1829 1362 Esau

146 1397 511 1459 descendisse,
546 1403 601 1450 et
621 1397 826 1449 Balach
860 1397 976 1449 ﬁlio
1006 1398 1148 1449 Beor
1178 1397 1236 1449 iu
1271 1413 1445 1466 regno
1475 1397 1827 1451 successisse.

146 1487 241 1539 Sed
272 1502 396 1538 mos
427 1491 510 1539 est
538 1484 682 1538 sacri
710 1485 925 1554 eloquii
952 1485 1013 1538 in
1048 1485 1337 1555 prioribus
1387 1486 1645 1555 partibus
1701 1486 1829 1540 bre-

144 1575 274 1628 viter
335 1574 506 1643 longe
582 1579 709 1643 post
773 1578 1035 1627 secutura
1107 1574 1510 1644 perstringere,
1572 1575 1709 1627 dum
1763 1573 1831 1627 ad

146 1665 242 1717 alia
288 1668 579 1733 properat.
636 1664 757 1717 Non
815 1664 992 1733 igitur
1034 1663 1141 1717 fuit
1167 1663 1268 1717 Job
1320 1667 1449 1716 ante
1496 1664 1701 1732 legem,
1735 1663 1830 1715 sed

144 1759 391 1823 tempore
447 1752 731 1819 Iudicum,
783 1753 918 1822 quia
967 1753 1087 1821 ipse
1145 1752 1333 1804 verius
1377 1751 1628 1805 creditur
1674 1756 1832 1820 gesta

140 1843 379 1896 victoria:
439 1858 556 1894 suae
590 1842 899 1911 scripsisse.
963 1842 1072 1894 Nec
1129 1846 1293 1894 uocet
1348 1841 1502 1910 quod
1533 1841 1631 1905 ait,
1665 1840 1827 1906 dixit,

142 1933 214 1985 vel
249 1931 383 1984 fecit
420 1931 542 1983 haec
569 1931 673 1984 Job
711 1947 722 1983 :
759 1931 894 2000 quia
922 1946 1045 1982 mos
1078 1934 1163 1983 est
1188 1930 1396 1982 sanctis
1444 1929 1513 1982 de
1569 1946 1628 1981 se
1668 1929 1830 1998 quasi

141 2022 202 2074 de
232 2021 358 2073 aliis
390 2019 547 2090 loqui
577 2036 590 2073 :
639 2019 884 2087 Spiritus
943 2018 1096 2071 enim
1128 2021 1210 2070 est
1232 2017 1330 2088 qui
1360 2017 1615 2087 loquitur
1647 2017 1704 2069 in
1742 2016 1831 2085 ip-

142 2110 212 2162 sis
231 2109 377 2162 sicut
408 2109 476 2161 de
500 2107 644 2160 aliis.
678 2106 834 2159 Unde
868 2105 1103 2174 angelus
1147 2104 1337 2173 Moysi,
1390 2104 1559 2157 modo
1594 2105 1832 2173 angelus

142 2199 358 2266 dicitur,
401 2196 503 2267 qui
551 2195 793 2248 exterius
821 2194 1006 2256 servit,
1057 2195 1229 2246 modo
1264 2192 1539 2245 Dominus
1594 2192 1694 2262 qui
1748 2192 1833 2245 in-

141 2285 306 2338 terius
337 2283 646 2354 praesidet;
674 2283 824 2335 unde
875 2287 929 2335 et
964 2281 1137 2334 David
1171 2297 1182 2333 :
1212 2301 1239 2328 «
1287 2281 1590 2346 Attendite,
1621 2281 1831 2350 popule

143 2389 310 2440 meus,
370 2373 558 2442 legem
621 2387 808 2424 meam
867 2371 1033 2439 (Psal.
1113 2372 1342 2440 Lxxvu).
1404 2389 1431 2422 »
1498 2371 1621 2423 Non
1677 2369 1830 2422 enim

147 2463 380 2530 populus
413 2461 500 2513 vel
535 2460 621 2513 lex
661 2463 784 2513 erat
822 2458 1018 2523 David,
1048 2457 1146 2512 sed
1189 2458 1309 2528 ejus
1339 2458 1438 2528 qui
1464 2458 1522 2511 in
1545 2474 1612 2512 eo
1643 2458 1830 2529 loqui-

145 2558 246 2604 tur.

209 2641 272 2693 Et
299 2655 332 2692 a
378 2637 606 2698 Gentili,
656 2636 799 2690 sicut
829 2653 861 2689 a
888 2635 1086 2690 Iudaeo
1119 2635 1292 2690 voluit
1325 2635 1681 2706 prophetari,
1732 2636 1830 2706 qui

146 2742 239 2794 pro
267 2731 517 2794 utroque
550 2732 802 2779 venerat.

211 2815 564 2867 lnfructuosa
602 2813 914 2884 loquacitas
946 2812 1108 2882 quasi
1136 2812 1443 2866 verborum
1496 2812 1629 2866 folia
1672 2829 1704 2864 a
1742 2813 1832 2866 di—

1939 423 2280 476 couturbant
2327 425 2496 478 verba
2547 440 2720 494 quam
2764 425 3016 480 vulnera.
3070 428 3204 480 Ecce
3257 429 3420 498 quasi
3449 430 3641 482 hostes

1941 527 2007 564 ex
2040 513 2231 564 latere.
2265 514 2368 565 Per
2405 513 2643 565 vulnera
2673 512 2949 581 probatur
2974 513 3252 583 patientia
3293 533 3305 569 :
3341 500 3441 586 per
3472 517 3642 570 verba

1942 603 2233 653 exercetur
2276 600 2574 670 sapientia,
2617 599 2715 653 illa
2744 601 2970 669 robore,
3031 603 3153 656 hinc
3199 604 3419 658 ratione
3473 621 3639 674 supe-

1942 688 2105 740 ravit.

2011 776 2194 830 Amici
2238 777 2340 830 Job
2399 777 2579 847 magis
2656 777 2984 846 ignorantia
3050 779 3419 849 deliquerunt
3464 798 3638 851 quam

1942 864 2176 918 malitia.
2209 866 2332 918 Nou
2363 865 2518 918 enim
2551 869 2742 918 tantus
2772 866 2857 918 vir
2887 867 3100 920 amicos
3130 867 3358 938 iniquos
3387 869 3588 923 habuit
3623 886 3636 923 :

1942 954 2057 1018 sed,
2094 954 2229 1007 dum
2265 970 2491 1006 causam
2523 954 2958 1023 percussionum
2992 955 3312 1010 discernere
3348 965 3640 1027 nequeunt

1941 1039 2000 1092 in
2047 1041 2272 1110 culpam
2324 1041 2613 1097 labuntur.
2679 1043 3112 1097 Percussionum
3145 1044 3298 1098 enim
3357 1046 3465 1099 alia
3531 1052 3636 1111 est,

1941 1146 2054 1200 qua
2078 1130 2396 1199 percutitur
2433 1131 2662 1202 iniquus
2691 1137 2752 1185 ut
2781 1132 3088 1202 puniatur;
3148 1135 3259 1188 alia
3287 1140 3348 1188 ut
3379 1136 3636 1206 corriga—

1941 1224 2061 1285 tur;
2093 1219 2204 1272 alia
2236 1236 2305 1272 ne
2334 1220 2522 1273 futura
2545 1221 2895 1288 committat;
2925 1221 3034 1275 alia
3091 1227 3153 1276 ut
3174 1239 3305 1276 cum
3335 1223 3635 1294 consequi-

1943 1313 2034 1361 tur
2079 1310 2246 1373 salus,
2283 1309 2527 1362 salvator
2559 1311 2804 1378 amplius
2831 1316 3075 1364 ametur.
3116 1313 3302 1365 Bonus
3342 1312 3387 1364 si
3431 1329 3636 1382 percu-

1943 1397 2102 1461 titur,
2161 1397 2366 1450 merita
2407 1399 2815 1452 cumulantur:
2865 1400 3015 1469 quod
3068 1401 3385 1454 nescientes
3434 1400 3636 1454 distin-

1943 1500 2138 1553 guere,
2169 1501 2499 1553 percussum
2547 1503 2648 1555 pro
2693 1487 2860 1555 culpa
2898 1487 3151 1541 credunt.
3198 1489 3353 1542 Unde
3387 1494 3441 1542 et
3472 1489 3635 1543 citius

1942 1572 2010 1625 ad
2041 1573 2265 1626 veniam
2297 1573 2560 1641 redeunt,
2602 1590 2744 1644 quos
2778 1577 2921 1628 Deus
2951 1575 3041 1628 hic
3102 1578 3385 1643 humiliat,
3428 1585 3490 1632 ut
3519 1595 3635 1632 non

1945 1660 2053 1714 nisi
2101 1677 2204 1731 per
2242 1678 2373 1716 eum
2407 1679 2578 1732 quem
2599 1663 2989 1733 despexerant,
3023 1665 3093 1719 ad
3135 1666 3375 1735 gratiam
3427 1667 3638 1738 recipe-

1941 1755 2046 1803 ret.

2011 1838 2166 1892 Sicut
2197 1855 2394 1892 omnes
2419 1838 2578 1907 justi,
2633 1839 2711 1893 ita
2750 1840 2872 1907 Job,
2926 1857 3040 1894 non
3075 1842 3244 1895 modo
3293 1842 3502 1909 verbis,
3537 1844 3635 1897 sed

1940 1926 2130 1992 rebus,
2167 1927 2451 1981 Christum
2484 1928 2854 1998 preesignavit
2886 1946 2898 1983 :
2924 1935 2986 1983 ut
3017 1947 3119 1999 per
3148 1931 3475 2001 passionem
3499 1949 3632 2001 pas-

1941 2031 2138 2068 surum
2161 2015 2423 2068 ostendat
2445 2016 2735 2070 Christum
2759 2033 2771 2070 :
2813 2017 2870 2070 id
2899 2023 3000 2085 est,
3025 2024 3194 2088 caput
3220 2036 3350 2073 cum
3379 2037 3634 2091 corpore,

1941 2103 2093 2173 quod
2125 2108 2207 2156 est
2251 2103 2509 2157 Ecclesia.
2545 2105 2692 2158 Uxor
2722 2105 2866 2174 ejus,
2901 2108 3155 2160 carnales
3201 2107 3503 2176 signiﬁcat,
3537 2109 3636 2179 qui

1939 2193 2090 2246 intra
2141 2192 2442 2246 Ecclesiam
2483 2209 2596 2263 quo
2642 2209 2745 2262 per
2776 2194 2944 2247 ﬁdem
2979 2195 3214 2263 propius
3255 2189 3407 2260 sunt,
3440 2197 3638 2250 durius

1938 2282 2055 2335 vita
2111 2286 2400 2351 premunt.
2485 2282 2667 2335 Amici
2718 2283 2838 2349 Job,
2913 2284 3228 2349 haereticos,
3287 2285 3388 2354 qui
3451 2286 3638 2354 specie

1941 2370 2272 2424 consulendi
2324 2370 2585 2441 decipere
2628 2371 2848 2438 volunt,
2878 2376 2935 2424 et
2973 2372 3108 2425 dum
3162 2373 3324 2442 quasi
3369 2389 3472 2443 pro
3529 2375 3639 2428 Do-

1942 2459 2098 2513 mino
2130 2460 2461 2530 loquuntur,
2497 2459 2723 2513 veritati
2753 2460 3147 2514 adversantur.
3194 2461 3297 2515 Job
3337 2462 3518 2516 dolens
3547 2463 3639 2516 di-

1942 2548 2105 2613 citur,
2142 2564 2254 2617 quo
2285 2548 2471 2617 passio
2521 2548 2729 2602 Christi
2757 2551 2842 2602 vel
2874 2549 3035 2603 labor
3073 2550 3335 2604 Ecclesiae.
3366 2551 3638 2622 exprimi-

1942 2640 2052 2690 tur.
2097 2636 2351 2705 Eliphaz,
2420 2638 2642 2690 Domini
2695 2642 3046 2706 contemptus,
3096 2639 3152 2692 id
3222 2643 3306 2692 est
3359 2639 3636 2707 haeretici,

1944 2725 2063 2794 qui,
2127 2725 2263 2778 dum
2313 2725 2454 2778 falsa
2503 2726 2571 2779 de
2619 2727 2735 2779 Deo
2784 2727 3059 2794 sentiunt,
3093 2743 3224 2780 eum
3255 2729 3638 2797 superbiendo

1944 2817 2336 2866 contemnunt.
2383 2813 2636 2879 Baldath,
2674 2819 2912 2868 vetustas
2942 2816 3075 2883 sola,
3137 2816 3273 2886 quia
3306 2833 3417 2871 non
3443 2817 3640 2872 inten-

149 2902 280 2955 vinis
313 2907 621 2968 resecatur,
657 2903 794 2955 dum
827 2901 889 2954 in
938 2902 1152 2972 templo
1190 2901 1290 2955 Dei
1342 2917 1545 2955 nemus
1585 2901 1832 2972 plantari
1866 2911 1905 2965 ρ,
1943 2901 2099 2954 tione
2128 2901 2298 2968 bona,
2334 2901 2429 2954 sed
2477 2903 2734 2972 appetitu
2789 2903 2986 2972 gloriae
3049 2904 3383 2974 loquuntur,
3437 2906 3491 2960 id
3534 2913 3638 2973 est,

144 2992 497 3059 prohibetur.
547 2992 853 3060 Indignum
886 2995 972 3044 est
1000 2996 1064 3044 ut
1109 2991 1285 3045 verba
1327 2991 1568 3045 caelestis
1617 2990 1834 3044 oraculi

145 3081 557 3150 restringantur
575 3081 680 3134 sub
703 3079 915 3149 regulis
949 3080 1174 3133 Donati.

209 3170 397 3224 Virtus
456 3170 558 3223 Job
618 3174 674 3222 et
729 3171 790 3222 in
839 3169 1030 3239 quiete
1078 3184 1286 3238 magna
1337 3167 1444 3220 fuit
1473 3167 1582 3221 sibi
1613 3172 1748 3221 nota
1779 3173 1837 3222 et

147 3258 252 3310 Deo
286 3278 298 3311 :
335 3257 435 3311 sed
466 3256 705 3327 ﬂagellis
753 3262 1064 3324 commota,
1089 3262 1154 3310 ut
1186 3260 1441 3310 aromata
1472 3256 1635 3309 nobis
1667 3256 1834 3310 redo-

146 3346 232 3399 let.
261 3347 424 3399 Unde
454 3350 509 3399 et
537 3346 731 3399 ﬁdeles
753 3361 931 3415 grano
972 3345 1185 3414 sinapis
1218 3350 1640 3414 comparantur,
1685 3345 1836 3415 quod

146 3448 254 3487 non
285 3433 596 3486 contritum
630 3434 755 3486 lene
785 3438 888 3499 est,
940 3432 1038 3486 sed
1087 3433 1132 3485 si
1161 3432 1474 3486 conteritur
1511 3433 1837 3500 inardescit,

147 3526 200 3573 et
227 3523 376 3592 quod
423 3522 632 3576 latebat
657 3521 715 3574 in
748 3537 814 3574 eo
843 3520 1070 3589 prodit;
1133 3521 1285 3574 unde
1316 3520 1378 3573 in
1411 3521 1630 3573 Psalmo
1664 3537 1676 3574 :
1715 3541 1742 3570 ‹‹
1778 3522 1839 3574 lu

145 3609 228 3662 die
281 3611 580 3664 mandavit
655 3609 928 3662 Dominus
1019 3607 1464 3662 misericordiam
1540 3625 1723 3674 suam,
1785 3614 1841 3662 et

142 3705 302 3753 nocte
370 3699 680 3752 declaravit
727 3715 852 3752 eam
907 3699 1074 3766 (Psal.
1129 3698 1258 3762 xu)'
1321 3718 1343 3745 ι
1407 3698 1630 3751 Donum
1669 3697 1839 3751 mise-

141 3788 430 3854 ricordiae,
464 3788 622 3856 quod
661 3788 720 3840 in
750 3788 862 3842 diei
893 3787 1086 3857 quiete
1132 3786 1466 3856 percipitur,
1522 3791 1685 3841 nocte
1738 3787 1840 3840 ad-

142 3879 427 3933 versitatis
465 3877 817 3931 manifestari
873 3876 1098 3930 dicitur.
1165 3876 1508 3945 Flagellatur
1549 3876 1744 3942 etiam,
1778 3880 1842 3929 ut

142 3968 286 4021 inter
333 3968 492 4021 mala
530 3967 741 4036 gratias
767 3982 936 4035 agere
967 3965 1134 4018 sciret
1172 3964 1326 4035 quod
1358 3979 1536 4017 unum
1567 3969 1624 4018 et
1653 3965 1843 4034 profe-

139 4060 224 4109 cto
257 4056 481 4110 deerat.
516 4056 680 4119 Quod
712 4071 846 4125 ergo
877 4055 1056 4108 hostis
1098 4055 1166 4108 ad
1219 4054 1433 4107 malum
1474 4054 1658 4123 petiit,
1695 4055 1843 4107 Deus

143 4144 205 4196 ad
239 4144 464 4197 bonum
491 4144 769 4213 permisit.
802 4145 912 4196 Nec
961 4147 1121 4212 putet
1151 4141 1278 4212 quis
1320 4142 1511 4212 aliqua
1540 4142 1710 4195 verba
1737 4141 1842 4195 Job

144 4233 643 4303 reprehendenda,
679 4249 849 4302 quem
882 4232 1022 4286 adeo
1053 4231 1414 4284 commendat
1444 4231 1612 4296 Deus,
1637 4230 1698 4283 in
1727 4247 1841 4300 quo

144 4323 304 4390 quasi
337 4322 532 4376 medio
564 4321 824 4375 diabolus
855 4326 1050 4374 contra
1089 4321 1266 4373 Deum
1299 4324 1494 4373 certat.
1521 4319 1682 4382 Quod
1712 4335 1845 4372 vero

142 4410 287 4465 bona
321 4428 432 4465 sua
462 4417 673 4474 narrat,
711 4427 826 4463 non
857 4415 940 4462 est
969 4408 1296 4478 arrogantia
1330 4425 1342 4461 :
1377 4408 1472 4462 sed
1507 4423 1609 4477 per
1649 4423 1715 4460 ea
1769 4424 1846 4473 se,

140 4516 207 4552 ne
249 4501 545 4570 desperet,
578 4499 897 4566 conﬁrmat,
951 4515 1079 4552 cum
1125 4514 1226 4568 per
1253 4500 1336 4550 tot
1368 4498 1517 4549 mala
1549 4501 1602 4550 et
1631 4496 1849 4550 amico—

141 4604 266 4642 rum
343 4587 664 4658 opprobria
732 4591 1036 4656 cogeretur
1093 4587 1394 4656 desperare
1429 4585 1499 4639 de
1557 4585 1671 4639 vita
1725 4601 1844 4639 sua.

137 4677 306 4731 Omni
339 4692 556 4747 genere
596 4675 925 4729 tentationis
960 4675 1159 4727 feritur
1181 4673 1283 4727 Job
1335 4689 1347 4726 :
1397 4673 1619 4726 damnis
1658 4689 1850 4727 rerum

137 4765 350 4833 quibus
387 4767 592 4834 potens
622 4763 683 4816 in
713 4763 919 4834 saeculo
980 4761 1194 4815 moveri
1235 4761 1572 4830 putabatur;
1606 4762 1702 4815 sed
1729 4762 1851 4815 haec

138 4826 446 4923 despicit-2
495 4851 736 4906 orbitate
767 4826 977 4921 prolis;
1012 4850 1107 4903 sed
1140 4826 1261 4902 haec
1313 4849 1709 4920 aequanimiter
1746 4850 1851 4903 do—

139 4941 216 4995 let
256 4959 269 4996 :
342 4941 712 5012 percussione
745 4940 948 5003 carnis,
985 4954 1157 5009 quam
1188 4938 1470 5008 patienter
1515 4939 1754 5004 tolerat;
1799 4941 1854 4990 et

133 5031 256 5084 haec
292 5032 536 5085 fuerunt
584 5030 744 5100 quasi
784 5029 1029 5082 exterior
1073 5029 1320 5098 impetus
1381 5027 1534 5092 belli,
1584 5033 1641 5081 et
1689 5027 1852 5097 quasi

136 5120 336 5173 hostes
391 5136 424 5172 a
480 5119 620 5173 facie
679 5123 1018 5189 pugnantes.
1066 5119 1224 5170 Intus
1284 5133 1416 5170 vero
1473 5133 1573 5187 per
1612 5133 1850 5170 uxorem

134 5208 305 5278 quasi
337 5224 445 5279 per
475 5209 655 5260 civem
683 5223 842 5260 mens
865 5207 1109 5260 sustinet
1143 5221 1362 5259 venena
1391 5203 1637 5272 consilii,
1663 5204 1762 5257 sed
1799 5207 1855 5256 et

140 5298 292 5350 hanc
327 5296 624 5366 sapienter
663 5296 843 5350 docet.

209 5385 411 5441 Amici
445 5385 515 5438 ad
548 5386 989 5438 consolationem
1023 5383 1279 5451 veniunt,
1337 5382 1435 5436 sed
1483 5381 1553 5436 ad
1597 5380 1856 5451 increpa-

142 5475 372 5529 tionem
401 5473 702 5543 prosiliunt
731 5489 744 5525 :
775 5473 925 5527 inter
953 5489 1095 5543 quos
1124 5475 1180 5526 et
1210 5471 1445 5527 ultimus
1463 5470 1678 5543 junior,
1705 5469 1858 5540 quod

1945 3006 2064 3043 non
2125 2990 2244 3042 zelo
2286 2989 2417 3042 novi
2462 2991 2731 3056 hominis,
2773 2992 2871 3045 sed
2909 2993 3185 3061 pravitate
3227 2994 3357 3047 vitae
3409 2995 3636 3048 veteris.

1946 3079 2188 3149 Sophar,
2224 3079 2512 3147 dissipatio
2577 3081 2820 3148 speculae,
2874 3080 2962 3134 vel
3011 3081 3285 3150 dissipans
3335 3084 3641 3150 speculato-

1943 3184 2074 3230 rem,
2128 3167 2264 3237 quia
2309 3167 2564 3221 haeretici
2613 3173 2832 3221 mentes
2890 3186 3136 3239 superna
3183 3172 3641 3241 contemplantes

1946 3256 2129 3309 verbis
2150 3261 2448 3324 percutere
2481 3261 2779 3326 appetunt.
2808 3257 3240 3312 Contemnendo
3268 3275 3403 3329 ergo
3437 3261 3640 3328 Deum,

1947 3345 2007 3398 in
2027 3348 2308 3398 vetustate
2331 3360 2388 3398 se
2425 3345 2691 3409 retinent,
2729 3345 2786 3398 in
2821 3362 2935 3416 qua
2974 3352 3289 3411 manentes,
3323 3349 3488 3401 malis
3517 3365 3640 3403 ser—

1948 3433 2213 3487 monibus
2243 3433 2669 3503 speculantibus
2717 3439 2943 3489 uocent.
3014 3436 3119 3490 Sed
3165 3436 3297 3507 quia
3319 3441 3377 3491 et
3402 3437 3512 3508 ipsi
3540 3438 3642 3491 ali-

1949 3523 2174 3594 quando
2200 3523 2271 3576 ad
2307 3522 2610 3576 Ecclesiam
2651 3524 2910 3588 redeunt,
2959 3525 3065 3577 hoc
3094 3525 3412 3578 amicorum
3443 3541 3644 3579 recon-

1948 3611 2158 3665 ciliatio
2191 3612 2461 3677 ostendit,
2493 3629 2598 3682 pro
2630 3612 2838 3682 quibus
2884 3613 2988 3666 Job
3020 3619 3160 3679 orat,
3196 3614 3332 3684 quia
3349 3614 3644 3668 haeretico-

1948 3717 2077 3753 rum
2108 3700 2381 3753 sacriﬁcia
2433 3701 2546 3753 Deo
2597 3716 2714 3753 non
2771 3704 2902 3754 sunt
2945 3706 3192 3770 accepta,
3229 3702 3336 3754 uisi
3379 3703 3640 3757 manibus

1951 3789 2206 3842 Ecclesiae
2241 3789 2448 3841 oblata'
2483 3788 2714 3858 Septem
2755 3805 2858 3858 pro
2891 3789 2971 3842 eis
3002 3790 3277 3842 sacriﬁcia
3306 3791 3640 3857 offeruntur,

1953 3877 2086 3947 quia
2145 3875 2284 3929 dum
2342 3875 2735 3945 septiformem
2787 3876 3061 3945 Splritum
3120 3876 3425 3947 accipiunt,
3483 3879 3645 3948 quasi

1955 3968 2174 4033 septem
2222 3962 2606 4016 oblationibus
2641 3963 2962 4033 expiantur.
3021 3964 3188 4016 Tauri
3223 3969 3277 4017 et
3309 3965 3511 4018 arietes
3540 3981 3644 4035 pro

1955 4052 2033 4104 eis
2048 4051 2222 4104 oblati
2253 4055 2386 4104 sunt
2416 4067 2428 4104 :
2464 4051 2521 4104 in
2554 4056 2719 4104 tauro
2743 4050 2929 4104 cervix
2951 4051 3236 4120 superbiae
3266 4051 3643 4121 signiﬁcatur;

1957 4140 2016 4193 in
2038 4139 2212 4193 ariete
2243 4139 2478 4193 ducatus
2527 4139 2716 4209 gregis
2749 4155 2760 4193 :
2797 4140 2932 4210 quia
2961 4155 3063 4210 per
3103 4139 3430 4210 superbiam
3461 4139 3529 4193 ab
3550 4139 3648 4193 Ec-

1958 4228 2126 4282 clesia
2159 4227 2495 4293 resilientes,
2537 4232 2667 4298 post
2694 4244 2753 4280 se
2799 4227 3056 4281 inﬁrmos
3086 4244 3286 4299 greges
3315 4228 3645 4293 trahebant;

1959 4317 2110 4387 quod
2144 4315 2201 4370 in
2230 4316 2309 4370 eis
2341 4315 2634 4382 occiditur,
2671 4316 2806 4370 dum
2840 4317 2910 4370 ad
2935 4317 3056 4382 Job,
3109 4315 3166 4370 id
3217 4322 3319 4380 est,
3347 4317 3648 4370 Ecclesiam

1959 4406 2219 4459 redeunt.
2254 4407 2359 4459 Per
2389 4405 2555 4458 Elihu
2586 4405 2684 4476 qui
2724 4409 2873 4458 recto
2931 4422 3097 4458 sensu
3146 4405 3420 4475 loquitur,
3453 4405 3549 4458 sed
3578 4404 3650 4458 ad

1961 4494 2219 4548 elationis
2259 4494 2428 4547 verba
2450 4494 2741 4547 derivatur
2780 4511 3071 4564 arrogans,
3105 4495 3203 4547 sed
3234 4501 3427 4548 tamen
3466 4494 3651 4548 ﬁdelis

1961 4582 2318 4652 exprimitur,
2353 4581 2451 4652 qui
2484 4587 2540 4635 et
2570 4581 2830 4651 arguitur
2863 4599 2874 4634 :
2912 4597 3015 4634 nec
3035 4587 3228 4634 tamen
3260 4582 3536 4635 sacriﬁcio
3568 4597 3651 4634 re-

1963 4672 2209 4735 ducitur,
2240 4669 2374 4740 quia
2430 4686 2534 4739 per
2563 4671 2855 4723 veritatem
2887 4669 3021 4723 ﬁdei
3057 4670 3236 4722 victus
3283 4676 3387 4735 est,
3439 4670 3534 4724 sed
3551 4685 3652 4739 per

1962 4765 2246 4814 tumorem
2273 4758 2555 4828 superbia:
2584 4758 2867 4828 displicet.
2906 4758 3062 4812 Unde
3092 4759 3274 4826 Elihu,
3326 4762 3465 4813 Deus
3509 4774 3653 4812 meus

1962 4852 2080 4916 iste,
2111 4848 2198 4902 vel
2237 4850 2372 4901 Deus
2400 4852 2580 4901 noster
2609 4847 3018 4917 interpretatur
3052 4862 3066 4900 :
3101 4846 3204 4900 etsi
3241 4847 3393 4901 enim
3448 4863 3654 4916 super-

1962 4939 2090 5003 bus,
2125 4942 2318 4990 tamen
2337 4937 2612 4989 veraciter
2664 4935 2967 5001 credendo,
3010 4939 3204 5005 aperte
3232 4935 3559 5002 conﬁtetur,
3601 4940 3657 4990 et

1968 5027 2145 5079 Deum
2179 5041 2280 5095 per
2331 5024 2706 5088 divinitatem,
2743 5029 2798 5078 et
2821 5024 3129 5077 Dominum
3160 5040 3262 5093 per
3305 5024 3653 5079 incarnatio-

1964 5131 2094 5169 nem
2123 5114 2406 5184 perhibet.

2036 5203 2170 5255 Post
2191 5202 2384 5254 omnia
2424 5201 2591 5268 mala,
2641 5201 2713 5253 ob
2754 5200 3003 5270 duplicia
3041 5199 3272 5270 recepit,
3307 5199 3440 5271 quia
3473 5202 3657 5255 Eccle-

1965 5289 2049 5343 sia
2077 5294 2132 5343 et
2162 5289 2253 5343 hic
2285 5305 2387 5358 pro
2441 5287 2731 5340 laboribus
2784 5287 2899 5340 suis
2953 5287 3196 5358 duplicis
3226 5289 3460 5359 accipit,
3523 5289 3660 5343 dum

1968 5377 2241 5448 susceptis
2271 5376 2554 5446 gentibus,
2591 5375 2647 5429 in
2701 5376 2815 5430 ﬁne
2873 5381 2929 5429 et
2982 5377 3207 5430 Iudaeos
3251 5379 3546 5444 convertit,
3603 5377 3662 5430 in

1970 5469 2160 5523 futuro
2213 5464 2427 5536 duplici
2484 5465 2629 5517 stola
2684 5464 2991 5532 dotabitur,
3035 5466 3089 5520 id
3147 5471 3252 5533 est,
3303 5467 3662 5523 beatitudine
