4082 6184
473 232 569 283 751

1098 226 1491 283 WALAFRIDI
1530 226 1777 282 STRABI
1816 226 2013 281 FULD.
2058 226 2222 283 ΜΟΝ.
2271 226 2420 282 ΟΡΡ.
2464 226 2639 282 PARS
2678 227 2722 281 l.
2762 256 2830 265 —
2870 224 3339 283 THEOLOGICA.
3836 233 3917 283 752

478 352 680 406 animm
710 354 765 405 et
811 349 1084 421 corporis.
1121 350 1278 404 Unde
1329 349 1612 420 Pr0pheta
1646 364 1659 403 :
1704 366 1731 399 α
1763 350 1828 402 In
1885 353 2038 403 terra
2069 365 2171 403 sua
2196 349 2240 404 A
2280 348 2652 416 sanctiﬁcare,
2688 354 2772 403 est
2800 353 2931 420 post
2965 348 3239 402 virtutum
3302 363 3531 402 sensum
3591 348 3928 405 intentionem

474 440 847 513 possidebunt
876 439 1123 511 duplicia
1172 439 1308 507 (lsa.
1346 439 1474 509 LXI).
1509 458 1538 489 »
1592 437 1817 492 Afﬁicto
1872 437 1977 492 Job
2028 438 2175 493 dici-

475 536 614 585 tur:
648 529 745 583 sed
773 532 990 599 quanto
1021 530 1278 596 tempore
1324 524 1514 589 fuerit,
1571 528 1819 593 tacetur;
1888 526 2025 597 quia
2074 527 2173 580 Ec-

476 619 645 672 clesia
691 616 998 687 afﬁigenda
1046 615 1240 679 scitur,
1274 614 1370 668 sed
1404 613 1660 685 quandiu
1693 613 2025 684 ignoratur;
2060 630 2173 667 un-

477 704 547 759 de
581 721 593 757 :
630 722 657 754 «
704 704 827 757 Non
857 705 940 756 est
992 706 1245 755 vestrum
1277 717 1440 755 nosse
1468 705 1729 772 tempora
1756 703 1847 755 vel
1877 707 2173 757 momenta

476 808 604 863 quae
642 793 807 846 Pater
826 790 885 845 in
917 806 1019 845 sua
1037 791 1231 860 posuit
1255 794 1537 861 potestate
1568 790 1716 860 (Act.
1753 790 1813 861 ι).
1848 810 1876 843 ›)

1030 900 1267 988 λοΑΡυΤ
1307 933 1596 989 PRIMUM.

542 1062 705 1116 Vens.
747 1063 794 1139 ξ.
852 1091 918 1100 -
956 1080 985 1110 ‹‹
1014 1060 1111 1113 Vir
1169 1062 1289 1114 erat
1344 1059 1405 1113 in
1454 1063 1608 1114 terra
1636 1060 1770 1113 Hus.
1821 1077 1849 1108 »
1883 1058 2074 1126 (Gneo.
2113 1059 2170 1111 in

468 1151 602 1217 Job,
634 1155 776 1205 tom.
810 1147 881 1221 Ι.)
911 1151 1018 1204 Per
1061 1149 1167 1204 Job
1222 1149 1499 1215 Christus,
1530 1148 1587 1203 id
1611 1152 1715 1217 est,
1745 1152 1917 1219 caput
1961 1152 2015 1201 et
2044 1162 2167 1200 cor—

468 1253 578 1308 pus
607 1237 984 1308 designatur:
1016 1252 1154 1307 ergo
1199 1234 1655 1307 postihistoriam
1708 1234 1829 1289 viso
1878 1234 1939 1287 in
1985 1234 2167 1304 capite

471 1325 611 1397 quid
638 1327 956 1392 credamus,
1016 1324 1310 1379 videamus
1356 1341 1424 1378 ex
1474 1338 1711 1394 corpore
1751 1322 1887 1394 quid
1919 1322 2166 1377 videndo

468 1420 789 1469 teneamus.

540 1504 707 1558 Gnec.
752 1502 942 1574 (Ibid.)
987 1501 1091 1556 Job
1119 1500 1179 1555 in
1208 1504 1360 1555 terra
1393 1503 1525 1568 Hus,
1560 1503 1691 1565 etc.,
1720 1514 1890 1568 usque
1927 1499 2002 1554 ad
2038 1505 2167 1571 post

469 1596 525 1647 et
556 1596 741 1646 astuta
769 1591 1007 1645 collecta
1036 1594 1186 1643 sunt.

540 1682 659 1749 (11).,
715 1680 872 1746 ibid.)
933 1678 1094 1731 Prius
1146 1692 1394 1747 persona
1416 1680 1546 1746 apta
1590 1676 1932 1730 describitur
1987 1692 2162 1747 quam

468 1784 662 1839 pugna
691 1768 813 1837 ejus
843 1768 1085 1831 dicatur,
1133 1770 1199 1818 ut
1249 1764 1376 1816 talis
1407 1780 1572 1834 posse
1616 1764 1842 1817 vincere
1883 1763 2158 1819 videatur.

473 1856 781 1926 «Simplex
813 1874 841 1905 »
886 1854 1121 1908 Necesse
1171 1856 1254 1906 est
1317 1858 1381 1907 ut
1421 1852 1842 1923 simplicitatem
1882 1852 2164 1907 columbae

469 1944 683 1998 astutia
736 1942 1013 2014 serpentis
1062 1941 1325 2008 instruat,
1387 1945 1443 1994 et
1515 1940 1782 1995 astutiam
1830 1940 2163 2012 simplicitas

466 2038 777 2103 temperet;
806 2031 959 2086 unde
988 2050 1003 2084 :
1038 2030 1279 2101 Spiritus
1318 2029 1380 2083 in
1428 2029 1693 2083 columba
1726 2033 1784 2083 et
1821 2029 1955 2099 igne
1984 2046 2159 2100 appa-

469 2121 585 2175 ruit
618 2138 630 2175 :
663 2122 799 2192 quia
849 2120 1007 2191 pleni
1061 2120 1159 2173 illo
1189 2118 1267 2172 sic
1300 2117 1729 2172 mansuetudni
1778 2117 2162 2188 simplicitatis

472 2192 820 2277 deserviunt,
853 2214 916 2263 ut
970 2212 1167 2262 contra
1210 2208 1360 2261 mala
1394 2207 1512 2261 zelo
1543 2206 1905 2261 rectitudinis
1960 2223 2160 2261 accen-

466 2299 691 2353 dantur.

537 2407 564 2434 α
595 2387 822 2440 Timens
851 2387 1051 2439 Deum.
1103 2406 1130 2434 »
1174 2384 1489 2439 Salomon:
1541 2400 1569 2433 ι(
1612 2382 1719 2447 Qui
1767 2383 1930 2436 timet
1980 2384 2161 2438 Deum

464 2474 610 2529 nihil
643 2476 882 2545 negligit
911 2474 1098 2545 (Eccle.
1122 2474 1236 2542 vn).
1266 2494 1293 2522 ››

534 2563 719 2631 (Ibid)
752 2564 893 2617 Item
924 2563 1191 2617 Salomon
1218 2580 1233 2615 :
1269 2582 1295 2609 ‹‹
1324 2560 1432 2625 Qui
1462 2560 1523 2613 in
1545 2576 1662 2614 uno
1690 2559 1946 2627 offendit,
1978 2561 2160 2615 multa

464 2670 491 2705 α
532 2652 684 2707 bona
713 2652 915 2722 perdet
947 2651 1138 2723 (Eccle.
1174 2651 1274 2719 1x).
1306 2671 1332 2699 »
1389 2649 1615 2720 Legalia
1646 2648 1915 2704 dicuntur
1942 2650 2151 2704 anima-

462 2739 557 2806 lia,
582 2740 639 2793 id
670 2745 774 2803 est,
810 2739 1125 2793 secundum
1155 2739 1343 2808 legem
1370 2737 1750 2807 munda,quaa
1781 2742 1835 2792 et
1863 2738 2160 2794 ruminant

462 2832 519 2881 et
565 2828 843 2897 ungulam
900 2826 1173 2880 ﬁndunt:
1230 2840 1475 2896 quorum
1507 2825 1751 2878 alterum
1807 2825 2022 2880 habent
2066 2843 2157 2880 ca-

2281 438 2468 493 cordis
2484 438 2730 508 dirigere
2763 454 2776 492 :
2807 443 2863 492 et
2911 453 3083 492 omne
3114 437 3271 508 quod
3296 436 3487 507 agitur
3511 436 3753 491 districta
3780 443 3929 492 retra-

2281 526 2528 580 ctatione
2581 527 2877 594 mundare,
2930 543 2999 580 ne
3027 526 3346 596 decipiatur
3375 525 3653 595 qualitate
3684 526 3819 589 mali,
3864 533 3917 581 ut

2280 620 2558 684 putentur
2587 616 2739 669 bona
2777 631 2907 686 qum
2941 615 3091 668 mala
3119 619 3281 682 sunt;
3334 616 3415 667 vel
3468 613 3774 682 quantitate
3799 614 3927 678 boni,

2280 707 2343 757 ut
2381 703 2670 757 sufﬁciens
2708 704 2991 770 credatur,
3026 718 3156 757 cum
3201 702 3516 773 perfectum
3563 701 3801 771 nonjﬁt:
3854 703 3933 756 sed

2279 794 2389 848 hoc
2418 794 2623 848 melius
2663 794 2880 849 orando
2913 810 3085 865 quam
3135 792 3494 848 discutiendo
3533 794 3762 847 invenit.
3808 793 3933 847 Mens

2279 882 2433 936 enim
2465 899 2567 952 per
2597 884 3101 955 compunctionem
3150 885 3366 938 elevata
3400 882 3726 954 omniag‘sub
3750 898 3801 936 se
3835 898 3932 936 cer-

2276 970 2391 1024 tius
2422 971 2712 1042 dijudicat.

2349 1061 2511 1115 Vens.
2546 1062 2597 1116 5.
2632 1092 2701 1101 —
2732 1078 2761 1111 α
2821 1062 3077 1132 Cumque
3106 1060 3164 1114 in
3225 1060 3444 1127 orbem,
3485 1079 3514 1109 »
3546 1063 3651 1113 etc.
3689 1060 3749 1113 In
3773 1059 3933 1113 orbem

2276 1148 2396 1202 dies
2427 1149 2668 1203 convivii
2717 1154 3032 1214 transeunt,
3093 1166 3222 1203 cum
3248 1148 3655 1220 praedicatione
3704 1147 3935 1218 mysteria

2275 1242 2657 1308 peraguntur;
2715 1239 2959 1308 peractis
3011 1237 3277 1293 omnibus
3324 1239 3428 1292 Job
3472 1254 3577 1308 pro
3618 1237 3750 1292 ﬁliis
3779 1236 3930 1297 offert,

2276 1326 2413 1396 quia
2440 1343 2545 1397 pro
2567 1327 2841 1396 apostolis
2881 1327 2950 1380 de
2980 1326 3387 1398 praedicatione
3415 1326 3782 1380 redeuntibus
3804 1324 3937 1379 Chri-

2275 1421 2394 1469 stus
2424 1417 2650 1469 Patrem
2689 1416 2888 1482 oravit,
2944 1416 3336 1486 mittendoque
3393 1415 3671 1486 Spiritum
3714 1419 3936 1468 sanctum

2272 1503 2670 1572 sanctiﬁcavit,
2710 1504 3029 1558 emundans
3059 1504 3341 1575 quidquid
3394 1504 3580 1574 culpae
3626 1503 3806 1557 inesse
3852 1517 3939 1571 po-

2272 1592 2401 1646 tuit.

2346 1680 2524 1750 (lbid.)
2563 1681 2821 1735 Diluculo
2860 1681 3154 1751 consurgit
3193 1680 3292 1752 qui
3334 1680 3787 1752 compunctionis
3829 1682 3938 1743 etc.,

2272 1786 2439 1840 usque
2473 1771 2547 1824 ad
2572 1788 2701 1842 qum
2733 1772 2957 1841 expleta
2977 1771 3239 1842 indigent
3268 1770 3627 1841 expiationis.

2343 1859 2531 1929 (Ibid.)
2560 1860 2968 1914 Holocaustum
3018 1864 3205 1915 totum
3228 1860 3523 1914 incensum
3554 1859 3779 1924 dicitur,
3830 1862 3935 1922 etc.,

2270 1954 2441 2007 usque
2469 1940 2542 1993 ad
2572 1944 2700 1994 ante
2734 1942 2927 1995 oculos
2958 1941 3058 1995 Dei
3114 1958 3294 2013 usque
3349 1942 3420 1996 ad
3471 1940 3783 1996 terminum
3832 1939 3936 1993 vitae

2272 2030 2445 2097 tegat.

2342 2116 2503 2172 Vens.
2540 2120 2591 2171 6.
2621 2147 2690 2156 —
2750 2137 2779 2167 ‹‹
2808 2117 3065 2181 Quadam
3095 2121 3287 2172 autem
3319 2117 3430 2172 die.
3464 2136 3492 2170 ao
3524 2119 3719 2179 Gneo,
3753 2116 3846 2171 lib.
3890 2132 3936 2177 ιι,

2269 2205 2487 2270 Moral.,
2523 2221 2643 2275 cap.
2693 2204 2771 2276 2.)
2818 2208 2881 2260 In
2915 2206 3144 2271 exordio
3196 2206 3439 2277 qualitas
3476 2211 3535 2260 et
3570 2206 3847 2260 terminus
3873 2203 3938 2256 rei

2270 2293 2639 2362 exprimitur;
2674 2298 2735 2347 ut
2763 2294 2954 2362 modo,
2991 2294 3227 2349 tentatio
3256 2295 3361 2349 Job
3408 2311 3442 2348 a
3467 2295 3559 2349 die
3595 2299 3783 2366 coepta
3821 2293 3941 2348 dici-

2268 2384 2383 2446 tur,
2417 2380 2552 2450 quia
2581 2380 2653 2434 ad
2690 2381 2985 2436 victoriam
3021 2382 3249 2451 dicitur,
3281 2384 3428 2437 sicut
3456 2387 3514 2437 et
3540 2383 3598 2437 in
3620 2383 3769 2437 aliis.
3804 2382 3942 2436 Nunc

2270 2468 2544 2539 qualitate
2581 2470 2855 2541 temporis
2894 2487 2985 2525 res
3024 2471 3305 2541 signatur,
3363 2476 3428 2526 ut
3474 2472 3628 2543 quod
3684 2469 3867 2542 angeli
3890 2469 3944 2522 in

2268 2555 2507 2610 meridie
2564 2561 2843 2626 apparent
2896 2558 3161 2625 Abrahae,
3195 2560 3368 2614 Iudas
3397 2565 3558 2613 nocte
3601 2559 3740 2613 exit.
3804 2558 3946 2611 Nunc

2268 2643 2390 2698 loco
2428 2661 2441 2698 :
2480 2650 2541 2699 ut
2588 2646 2740 2715 quod
2767 2647 2938 2700 Israel
2978 2647 3241 2702 inﬁrmus
3271 2648 3458 2702 lehem
3485 2664 3602 2702 non
3654 2648 3715 2702 in
3746 2650 3944 2711 monte,

2269 2732 2368 2786 sed
2389 2732 2451 2786 in
2479 2732 2620 2800 imo,
2651 2734 2829 2789 audit.
2866 2736 3026 2789 Nunc
3052 2736 3324 2806 qualitate
3355 2736 3523 2803 aeris,
3554 2741 3621 2791 ut
3642 2736 3802 2807 quod
3831 2733 3949 2789 dici-

2268 2825 2408 2875 tur:
2444 2823 2651 2897 Hyems
2703 2827 2844 2890 erat,
2903 2840 3032 2879 cum
3076 2826 3422 2896 praedicatur
3451 2843 3567 2880 non
3625 2824 3941 2883 credituris;

460 2916 615 2981 meli,
643 2917 885 2970 alterum
916 2931 1049 2970 vero
1091 2914 1250 2969 deest
1278 2913 1383 2982 eis,
1414 2917 1469 2968 et
1496 2912 1575 2968 sic
1598 2913 1714 2984 legi
1752 2919 2080 2985 congruunt
2105 2918 2161 2969 et
2187 2928 2227 2984 (ς,
2268 2916 2325 2965 et
2393 2911 2575 2983 frigus
2634 2917 2774 2979 erat,
2825 2913 3163 2968 imminente
3216 2915 3523 2986 negatione
3574 2914 3750 2971 Petri.
3802 2914 3948 2968 Nunc

460 3003 757 3059 dissident.

424 3152 429 3157 ,
529 3093 687 3147 Vens.
721 3095 772 3148 3.
806 3123 876 3133 -—-
899 3092 1086 3163 (Ibid.)
1110 3110 1139 3143 α
1165 3092 1244 3147 Ac
1273 3090 1492 3145 familia
1524 3091 1726 3148 multa.
1768 3110 1797 3144 ιο
1840 3091 2153 3148 Innumera

456 3181 627 3235 turba
670 3181 1108 3251 cogitationum,
1146 3196 1274 3251 quae.
1296 3180 1459 3251 quasi
1490 3180 1732 3246 ancillae,
1792 3178 2049 3248 domina,
2092 3177 2151 3232 id

459 3274 544 3323 est
572 3269 815 3333 ratione,
848 3271 1102 3334 absente,
1131 3285 1276 3339 Opus
1306 3269 1595 3334 deserunt,
1621 3270 2022 3338 perstrepunt;
2053 3264 2151 3320 sed

456 3374 523 3411 ea
552 3359 846 3425 redeunte,
879 3376 1010 3413 cum
1040 3358 1267 3412 silentio
1298 3361 1611 3428 operantur
1642 3372 1656 3410 :
1690 3355 1779 3409 his
1800 3356 1848 3409 si
1876 3355 2021 3410 bene
2053 3355 2153 3409 do-

456 3447 765 3514 minamur,
816 3464 922 3503 nec
986 3462 1184 3501 earum
1241 3446 1610 3500 multitudine
1665 3444 1891 3499 animus
1916 3460 2150 3516 supera-

454 3539 570 3589 tur.

526 3622 707 3693 (lbid.)
764 3645 786 3672 ι
871 3625 1024 3677 Inter
1078 3638 1297 3690 omnes,
1355 3642 1383 3675 »
1442 3622 1501 3676 id
1544 3626 1647 3691 est,
1710 3621 1864 3675 inter
1916 3622 2150 3693 angelos

454 3710 795 3765 orientiluci
842 3711 1206 3779 inhaerentes,
1245 3710 1440 3782 magni
1468 3726 1685 3779 sumus,
1739 3726 1940 3764 eorum
1987 3709 2146 3765 socii.

453 3799 771 3854 Orientales
792 3805 925 3854 sunt
954 3816 1153 3854 omnes
1185 3800 1284 3870 qui
1314 3816 1418 3870 per
1439 3800 1613 3856 ﬁdem
1645 3803 1781 3852 sunt
1810 3798 1869 3852 in
1901 3799 2146 3867 Christo,

451 3889 522 3943 de
553 3905 667 3959 quo
695 3876 977 3960 Propheta
1009 3906 1023 3944 :
1050 3908 1078 3940 α
1104 3889 1305 3944 Oriens
1332 3905 1545 3944 nomen
1573 3888 1697 3959 ejus
1747 3887 1930 3958 (Zach.
1962 3887 2040 3959 v1)
2068 3904 2081 3942 :
2115 3907 2144 3941 ››

451 3993 596 4048 quos
626 3994 825 4033 omnes
849 3982 1078 4049 superat
1109 3980 1288 4032 Homo
1324 3978 1491 4032 Deus.

522 4065 682 4119 Vens.
716 4066 777 4123 4.
814 4084 929 4116 -α
966 4066 1032 4119 Et
1055 4065 1342 4119 faciebant
1370 4064 1714 4131 convivium,
1750 4083 1778 4117 »
1811 4067 1918 4119 etc.
1979 4064 2140 4134 (Ibid.

2260 2998 2542 3068 positione
2590 3001 2870 3073 corporis,
2924 3006 2982 3056 et
3027 3002 3178 3073 quod
3214 3002 3537 3074 Stephanus
3580 3004 3724 3058 vidit
3769 3004 3944 3057 Jesum

2261 3091 2527 3143 stantem.

2332 3176 2520 3249 (Ibid.)
2550 3178 2670 3232 Non
2704 3178 2910 3234 dicitur
2939 3179 3155 3251 aliquid
3184 3179 3395 3235 factum
3443 3197 3635 3235 coram
3688 3179 3941 3241 Domino,

2260 3269 2393 3331 etc.,
2438 3281 2607 3335 usque
2659 3268 2733 3322 ad
2760 3284 2876 3339 quo
2930 3284 3025 3322 rex
3075 3268 3267 3323 Achab
3322 3269 3686 3340 exigentibus
3728 3268 3941 3325 meritis

2259 3352 2593 3423 decipiatur.

2335 3442 2560 3496 «Aﬁ‘uit
2589 3442 2741 3497 inter
2795 3460 2910 3500 eos.
2940 3464 2970 3498 ι)
3007 3444 3192 3517 (1bid.)
3220 3447 3285 3499 In
3316 3446 3407 3501 die
3454 3447 3743 3502 Dominus
3792 3447 3946 3502 Satan

2258 3529 2420 3595 vidit,
2469 3535 2597 3599 etc.,
2628 3547 2799 3601 usque
2846 3533 2920 3587 ad
2972 3533 3119 3588 sicut
3166 3550 3347 3589 caecus
3401 3551 3521 3590 non
3568 3537 3737 3593 videt
3763 3538 3947 3592 lumen

2258 3634 2373 3690 quo
2403 3619 2740 3675 illustratur.

2332 3727 2361 3756 «
2389 3708 2543 3763 Inter
2578 3724 2676 3765 eos
2706 3709 2877 3764 etiam
2906 3711 3099 3765 Satan.
3148 3730 3177 3763 ιο
3228 3711 3371 3776 Quia
3393 3712 3561 3767 bonis
3598 3715 3707 3769 Dei
3748 3715 3949 3784 cogita-

2255 3793 2508 3851 tionibus
2535 3814 2663 3868 quze
2695 3814 2763 3852 ex
2792 3800 2907 3853 Deo
2938 3803 3087 3865 sunt,
3123 3816 3183 3853 se
3211 3799 3503 3855 interserit
3548 3808 3615 3856 ut
3637 3804 3950 3874 perturbet,

2264 3884 2361 3939 sed
2386 3900 2517 3939 eum
2537 3886 2808 3941 latentem
2840 3887 3003 3942 nobis
3034 3888 3180 3942 Deus
3224 3888 3459 3959 detegit.
3496 3891 3664 3945 Unde
3699 3892 3910 3946 dicitur
3938 3906 3947 3941 :

2259 3992 2287 4021 «
2320 3973 2476 4029 Unde
2505 3975 2699 4030 venis?
2726 3997 2754 4025 ››
2785 3977 2942 4047 quod
2972 3976 3180 4043 dicere,
3207 3982 3293 4032 est
3321 3978 3443 4049 ejus
3466 3978 3715 4034 insidias
3738 3979 3950 4051 aperire

2254 4062 2444 4117 nobis.
2481 4082 2511 4115 α
2542 4064 2849 4119 Circumivi
2892 4070 3121 4119 terram.
3153 4084 3182 4117 »
3235 4066 3494 4121 Carnalia
3532 4069 3718 4123 corda
3775 4074 3951 4123 scuta-

452 4152 578 4207 Filii
603 4153 861 4208 convivia
892 4152 1126 4221 faciunt,
1160 4160 1291 4221 etc.,
1344 4169 1514 4223 usque
1542 4153 1617 4207 ad
1645 4153 1781 4224 quia
1819 4152 1887 4206 ad
1950 4152 2144 4208 omnia
2173 4221 2199 4226 _
2250 4154 2363 4220 tur,
2398 4157 2463 4207 ut
2490 4153 2641 4207 mala
2670 4153 2917 4220 inserat;
2946 4170 3050 4208 nec
3069 4155 3400 4225 transvolat,
3439 4156 3534 4209 sed
3558 4158 3944 4226 perambulat.

447 4241 739 4312 trepidans
767 4258 801 4295 a
819 4241 982 4295 bouis
1010 4242 1279 4312 operibus
1315 4245 1528 4311 torpet.

522 4351 545 4379 ι
596 4331 705 4383 Per
750 4329 968 4397 domos,
1013 4331 1427 4402 unusquisque,
1467 4352 1489 4379 ι
1539 4334 1644 4384 etc.
1678 4330 1786 4383 Per
1827 4329 2046 4397 domos,
2077 4334 2142 4384 ut

445 4419 646 4473 Petrus
676 4434 779 4487 per
800 4419 1059 4485 Romam,
1094 4419 1391 4489 Philippus
1412 4420 1471 4472 in
1500 4417 1775 4487 Samaria,
1802 4417 1862 4471 in
1887 4434 1990 4472 suo
2023 4418 2138 4488 die,

442 4506 502 4561 id
533 4511 636 4575 est,
669 4523 774 4577 pro
805 4508 970 4562 modo
1000 4508 1417 4579 intelligentiae,
1451 4508 1589 4578 quia
1618 4507 1790 4560 aliam
1817 4507 2137 4563 institutio-

441 4611 577 4650 nem
606 4595 741 4650 fecit
778 4597 986 4651 Paulus
1025 4597 1179 4669 apud
1234 4599 1473 4662 Graecos,
1507 4595 1679 4649 aliam
1730 4597 1930 4651 Petrus
1984 4598 2137 4669 apud

443 4686 734 4741 Romanos
766 4702 778 4739 :
812 4685 945 4740 licet
975 4702 1091 4740 non
1122 4686 1490 4740 dissentirent
1509 4684 1569 4738 in
1602 4684 1734 4738 ﬁde.

512 4793 540 4825 ‹‹
572 4775 705 4829 Tres
736 4790 980 4840 sorores,
1012 4796 1039 4823 ››
1065 4774 1123 4828 id
1156 4778 1260 4842 est,
1312 4773 1506 4838 ﬁdem,
1538 4788 1720 4842 spem,
1752 4772 2084 4830 charitatem
2118 4791 2133 4830 :

433 4861 495 4916 in
528 4877 699 4917 omne
728 4862 880 4933 quod
923 4868 1102 4932 agunt
1156 4861 1393 4915 virtutes
1429 4865 1653 4924 vocant,
1684 4866 1748 4915 ut
1776 4862 1845 4917 de
1875 4878 1942 4916 eo
1987 4878 2132 4933 gau-

436 4952 636 5018 deant;
671 4952 807 5022 quia
837 4968 902 5005 ex
932 4952 1055 5005 cibo
1084 4951 1231 5004 vires
1277 4950 1532 5020 capiunt,
1588 4950 1729 5005 dum
1780 4951 1948 5006 bonis
1994 4968 2131 5023 ope-

432 5040 591 5095 ribus
622 5039 950 5095 ﬁdentiores
979 5040 1152 5108 ﬁunt;
1186 5040 1348 5111 quasi
1381 5054 1448 5093 ex
1480 5043 1617 5109 potu
1648 5043 1778 5109 post
1805 5040 1997 5094 cibum
2025 5040 2131 5095 de-

431 5127 712 5195 briantur,
747 5129 885 5182 dum
905 5128 1403 5198 contemplationis
1417 5144 1546 5182 rore
1567 5127 1796 5182 infundi
1828 5134 2126 5199 appetunt.

434 5216 543 5270 Sed
575 5232 641 5270 ex
691 5216 831 5286 ipsis
868 5216 1035 5271 bonis
1075 5222 1132 5270 et
1186 5217 1338 5270 mala
1368 5216 1637 5270 oriuntur
1673 5222 1738 5270 ut
1785 5217 1988 5284 elatio;
2038 5217 2125 5272 vel

429 5319 562 5358 cum
601 5321 705 5375 pro
744 5305 835 5359 his
864 5305 1067 5359 laetitia
1088 5305 1152 5359 ﬁt
1208 5305 1407 5373 menti,
1441 5305 1598 5359 adest
1627 5305 1797 5359 etiam
1858 5306 2122 5376 quaedam

431 5394 725 5460 securitas,
777 5392 912 5447 inde
943 5398 1160 5465 torpor.
1216 5396 1364 5465 Ergo
1419 5393 1659 5449 subdit:
1699 5415 1721 5443 ι
1759 5394 2015 5466 Cumque
2061 5395 2121 5448 in

425 5480 628 5537 orbem
676 5481 1015 5538 transissent
1070 5483 1214 5537 dies.
1270 5501 1299 5535 ιο
1361 5484 1594 5538 Peracto
1665 5482 1921 5538 convivio
1968 5482 2119 5537 ﬁlios

2173 4221 2213 4277 θ
2250 4241 2385 4311 quia
2414 4257 2531 4295 non
2555 4242 2664 4295 cito
2720 4242 2934 4297 deserit
2961 4259 3134 4313 quem
3183 4221 3395 4310 tentet,
3425 4245 3520 4299 sed
3558 4221 3864 4309 —moratur,
3898 4252 3952 4299 ut

2246 4329 2485 4400 vestigia
2514 4331 2807 4401 pravitatis
2835 4331 3128 4403 imprimat
3157 4351 3174 4386 :
3206 4339 3401 4387 contra
3432 4349 3564 4388 eum
3589 4336 3619 4388 J
3626 4336 3709 4390 ob
3761 4336 3948 4389 lauda-

2244 4422 2341 4473 tur
2373 4435 2387 4473 :
2415 4439 2436 4469 ι
2468 4419 2736 4490 Nunquid
2768 4420 3140 4475 considerasti
3169 4437 3392 4476 servum
3428 4439 3649 4492 meum,
3686 4444 3716 4475 ι»
3782 4440 3947 4495 quem

2247 4507 2395 4560 Deus
2413 4506 2633 4561 bonum
2662 4506 2816 4573 facit,
2848 4513 2903 4562 et
2949 4508 3197 4575 roborat,
3251 4510 3414 4580 quasi
3458 4509 3518 4564 in
3566 4513 3821 4566 auribus
3866 4513 3949 4566 Sa-

2242 4597 2393 4649 tanas
2422 4596 2619 4650 laudat
2643 4613 2655 4651 :
2689 4596 2839 4651 unde
2858 4597 2979 4667 ipse
3006 4597 3234 4667 gravius
3255 4603 3451 4652 contra
3480 4601 3671 4670 saevit,
3704 4602 3903 4656 dicens
3935 4616 3946 4653 ε

2315 4703 2344 4734 α
2368 4685 2637 4756 Nunquid
2667 4685 2917 4740 frustra?
2956 4704 2985 4738 ι)
3011 4686 3175 4756 quasi
3202 4702 3305 4741 cur
3339 4687 3536 4742 laudas
3568 4706 3761 4760 quem
3825 4707 3949 4761 pro—

2238 4772 2422 4843 tegis?
2458 4774 2540 4827 Me
2570 4773 2835 4843 despecto
2894 4774 3212 4827 laudandus
3267 4780 3432 4842 esset,
3492 4776 3539 4829 si
3590 4784 3814 4834 contra
3867 4792 3950 4832 me

2239 4861 2357 4915 suis
2414 4860 2631 4915 viribus
2675 4866 2874 4928 staret;
2903 4863 3051 4916 unde
3081 4862 3366 4917 malitiose
3405 4865 3632 4935 expetit
3667 4885 3681 4921 :
3710 4869 3812 4922 sed
3862 4883 3948 4920 ex-

2235 4950 2407 5004 tende
2433 4950 2763 5020 paululum;
2794 4950 2932 5004 dum
2960 4950 3113 5004 bona
3140 4950 3452 5017 abundant,
3475 4968 3647 5007 mens
3687 4956 3949 5027 aliquan-

2235 5039 2424 5093 tulum
2455 5039 2714 5109 erigitur,
2738 5039 2902 5109 quasi
2921 5038 3075 5093 bona
3105 5057 3136 5093 a
3157 5056 3216 5093 se
3244 5056 3259 5093 :
3306 5057 3435 5111 quae
3485 5041 3649 5097 bona
3682 5045 3950 5099 diabolus

2232 5128 2451 5199 appetit
2491 5128 2636 5181 male
2667 5144 2682 5181 :
2713 5128 2809 5182 sed
2836 5129 2980 5182 Deus
3010 5128 3214 5182 tentari
3247 5129 3392 5183 bene
3420 5130 3576 5197 sinit,
3616 5138 3691 5187 ut
3719 5134 3861 5188 dum
3892 5134 3947 5186 in

2231 5216 2399 5271 bonis
2426 5215 2540 5269 illis
2570 5216 2743 5269 homo
2784 5216 3123 5283 concutitur,
3172 5217 3560 5273 imbecillitate
3615 5224 3865 5293 cognita
3890 5224 3944 5275 in

2231 5305 2348 5360 Deo
2399 5305 2693 5359 solidetur.
2746 5305 2903 5359 Unde
2961 5305 3197 5360 subdit:
3236 5327 3258 5355 ι
3294 5308 3429 5361 Ecce
3479 5307 3766 5365 universa
3816 5310 3943 5365 sub-

2230 5394 2438 5449 stantia
2468 5410 2641 5465 quam
2670 5394 2841 5449 habet
2870 5394 2932 5447 in
2960 5409 3137 5448 manu
3165 5397 3263 5449 tua
3296 5399 3398 5449 est.
3428 5416 3451 5444 ι

2302 5484 2463 5538 Vens.
2522 5487 2578 5537 7.
2632 5512 2703 5523 —
2760 5503 2780 5531 ι
2842 5481 2944 5537 Cui
2994 5481 3137 5537 dixit
3208 5483 3502 5552 Dominus,
3556 5489 3683 5542 etc.
3740 5488 3939 5559 (Ibid.)
