4034 6180
111 308 212 358 753
1277 302 1532 357 GLOSSA
1569 303 1971 357 OBDINARIA.
2011 331 2084 343 —
2123 304 2252 358 LIB.
2301 304 2449 358 JOB.

3523 305 3628 358 ’754

118 431 239 483 Non
287 427 583 494 Dominus,
619 430 748 494 etc.,
778 441 948 494 usque
977 425 1051 479 ad
1081 426 1230 495 quod
1255 429 1340 478 est
1368 426 1435 480 ad
1469 425 1838 480 afﬂictionem
1878 427 1922 478 A
1951 427 2100 480 bona
2127 427 2248 496 ejus
2278 426 2526 481 exterius
2574 425 2845 480 tentanda
2875 425 3084 492 tribuo,
3129 425 3226 480 sed
3281 423 3439 480 intus
3487 424 3632 480 mihi

111 519 396 572 bonorum
432 514 818 585 malitiae|suze
845 514 1079 568 testibus
1109 515 1396 568 anhelare.

179 626 207 657 «ι
247 606 409 659 Unde
443 604 648 657 venis?
677 624 704 654 »
738 604 1115 672 (Gneo.)‘.\’on
1148 603 1352 672 quaerit
1385 620 1418 656 a
1467 601 1648 669 bonis,
1682 603 1817 672 quia

113 712 228 749 nou
281 693 598 764 quaerimus
643 692 754 745 nisi
820 693 972 762 quod
1031 693 1334 757 nescimus,
1387 696 1442 746 et
1475 693 1569 744 Dei
1600 692 1816 744 nescire

112 790 194 837 est
224 783 560 852 reprobare,
595 786 657 834 ut
686 786 743 834 et
788 780 971 834 bonus
999 781 1082 833 vir
1139 781 1359 834 nescire
1414 780 1647 833 mentiri
1681 779 1817 833 dici-

110 878 224 940 tur,
259 887 378 925 non
429 870 583 940 quod
635 869 864 935 nesciat,
899 869 994 922 sed
1031 870 1184 940 quod
1240 875 1584 923 contemnat.
1625 869 1818 922 Dicere

112 980 249 1033 ergo
287 986 308 1011 ι
342 964 495 1016 unde
552 961 757 1016 venis?
810 962 927 1015 vias
971 963 1092 1032 ejus
1143 968 1229 1016 est
1286 964 1452 1033 quasi
1502 962 1819 1031 incognitas

110 1052 445 1122 reprobare.
481 1070 509 1101 «ί
569 1051 870 1105 Circumivi
945 1055 1176 1104 terram.
1217 1071 1245 1100 ι
1301 1054 1407 1105 Per
1453 1068 1655 1122 gyrum
1711 1051 1818 1104 cir-

111 1141 383 1207 cumitus,
416 1139 626 1193 laboris
683 1139 932 1192 anxietas
981 1139 1352 1210 signiﬁcatur.
1388 1141 1672 1194 Laborans
1717 1146 1822 1193 ter-

111 1248 232 1285 ram
266 1231 610 1295 circumivit,
644 1231 742 1300 qui
797 1231 856 1283 in
915 1231 1055 1284 cmlo
1114 1230 1342 1300 quietus
1395 1246 1509 1283 non
1541 1229 1730 1282 stetit:
1767 1232 1822 1282 et

110 1337 222 1373 non
274 1321 608 1385 transvolat,
661 1319 759 1372 sed
807 1319 1186 1389 perambulat,
1246 1318 1382 1388 quia
1424 1335 1456 1370 a
1506 1317 1820 1387 spiritualis

110 1410 384 1480 potentiae
435 1409 624 1461 volatu
674 1409 908 1474 corruit,
984 1409 1242 1477 pressus)
1291 1407 1460 1460 nimis
1517 1406 1820 1474 gravedine

109 1515 226 1550 sua;
255 1497 520 1550 malitiae.
564 1498 638 1550 De
671 1497 944 1550 membris
976 1513 1206 1566 quoque
1241 1497 1365 1565 ejus
1415 1494 1621 1548 dicitur
1652 1511 1664 1549 :
1701 1516 1722 1543 ι
1755 1496 1817 1547 In

107 1585 414 1639 circumitu
447 1585 612 1655 impii
658 1585 954 1638 ambulant
1005 1586 1187 1653 (Psal.
1229 1584 1327 1653 x1),
1387 1584 1442 1636 id
1490 1587 1591 1648 est,
1640 1582 1700 1635 in
1723 1599 1818 1635 ex-

1924 513 2086 568 illum
2117 531 2298 570 servo.

1993 623 2020 654 α
2089 604 2194 658 Sed
2242 603 2499 658 extende.
2544 623 2566 650 ι
2620 603 2806 672 (Ibid.)
2874 605 2980 656 Per
3045 601 3338 671 passiones
3395 617 3628 672 peccare

1927 707 2092 761 posse
2121 691 2407 745 Christum
2438 690 2676 760 putavit.
2713 709 2739 739 «
2802 692 2935 744 Ecce
2984 691 3244 742 universa
3298 706 3426 759 qua:
3456 690 3629 743 habet

1927 779 1985 832 in
2018 795 2190 832 manu
2225 785 2322 832 tua
2350 783 2498 831 sunt.
2536 799 2562 829 »
2594 779 2788 832 Manus
2824 779 3047 830 Satanas
3081 794 3196 830 non
3225 781 3494 846 potestas,
3529 776 3625 829 sed

1926 867 2216 932 tentatio;
2265 867 2423 937 prius
2467 867 2681 933 Judaaa,
2747 883 2873 937 quae
2939 866 3216 936 possessio
3270 866 3392 934 ejus
3441 865 3628 918 fuerat

1927 955 2260 1009 inﬁdelitate
2289 956 2511 1010 sublata
2535 961 2640 1022 est,
2675 961 2731 1009 et
2759 957 2810 1008 ei
2837 956 3128 1010 adversata
3162 971 3174 1008 :
3225 958 3354 1024 post
3410 958 3466 1007 et
3495 968 3625 1006 caro

1927 1044 1975 1114 ej
1986 1059 2050 1097 us
2079 1044 2365 1098 cruciﬁxa.

2002 1153 2028 1179 «
2060 1134 2348 1202 Egressus.
2386 1153 2413 1182 »
2448 1133 2508 1186 Id
2550 1137 2652 1200 est,
2689 1132 2758 1185 ad
2808 1131 3074 1186 desiderii
3131 1129 3217 1183 sui
3247 1133 3372 1183 vota
3426 1145 3628 1199 perve-

1930 1221 2031 1274 nit.
2065 1222 2161 1274 Vel
2215 1222 2524 1292 egreditur,
2575 1223 2712 1275 dum
2766 1222 2915 1291 quod
2963 1221 3112 1273 bona
3172 1219 3489 1273 intentione
3522 1217 3630 1272 sibi

1927 1310 2300 1379 permittitur,
2375 1327 2547 1380 prava
2578 1311 2593 1376 ζ
2623 1310 2941 1362 intentione
2971 1309 3072 1376 (ab
3103 1325 3168 1361 eo
3231 1312 3618 1377 perpetretur.

1992 1421 2018 1446 ››
2056 1400 2324 1468 Egressus
2346 1399 2534 1452 Satan.
2575 1419 2596 1446 ι
2633 1400 2754 1462 Quo
2769 1397 2922 1462 exiit,
2948 1397 3016 1450 ab
3047 1414 3113 1449 eo
3133 1396 3234 1466 qui
3262 1395 3473 1464 ubique
3505 1396 3627 1449 est?

1929 1489 2025 1540 sed
2054 1487 2331 1557 quamdiu
2380 1502 2606 1556 pressus
2655 1486 2912 1555 potentia
2943 1485 3061 1550 Dei,
3121 1486 3290 1538 Satan
3333 1483 3486 1554 quod
3525 1499 3626 1552 ap-

1927 1576 2111 1645 petiit,
2145 1592 2402 1629 exercere
2423 1592 2538 1628 non
2572 1575 2778 1644 potuit,
2839 1574 2999 1644 quasi
3029 1580 3159 1627 ante
3207 1573 3410 1626 faciem
3440 1572 3626 1637 stetit;

106 1675 389 1728 teriorum
422 1675 611 1728 labore
650 1674 981 1744 fatigantur.
1018 1674 1283 1728 Diabolus
1311 1689 1427 1726 non
1471 1677 1668 1726 contra
1689 1671 1815 1736 Job,
1858 1710 1899 1764 Β
1930 1670 2045 1720 erit
2091 1681 2221 1718 cum
2295 1665 2645 1764 laxatuslest
2702 1664 2772 1717 ad
2805 1663 3110 1764 neﬁectum
3191 1661 3277 1714 sui
3339 1660 3622 1764 desiderii.

106 1765 202 1817 sed
235 1764 300 1816 in
325 1763 430 1817 Job
480 1764 689 1830 medio,
753 1769 954 1818 contra
1002 1765 1182 1818 Deum
1237 1767 1431 1816 certat.
1489 1762 1645 1816 Unde
1704 1777 1818 1814 non

104 1853 268 1922 prius
295 1853 405 1905 Job
437 1870 470 1904 a
500 1855 612 1906 Deo
635 1853 818 1923 petiit,
870 1852 964 1905 sed
1013 1852 1177 1905 illum
1211 1853 1356 1905 Deus
1402 1851 1460 1904 iu
1511 1854 1821 1920 conspectu

105 1941 232 2010 ejus
261 1940 538 1994 laudavit.

175 2031 344 2082 Vens.
393 2032 444 2082 9.
475 2058 549 2069 —
577 2048 603 2078 α
663 2029 932 2098 Nunquid
980 2028 1187 2082 frustra
1234 2028 1333 2083 Job
1381 2028 1545 2081 timet
1585 2029 1762 2081 Deum
1791 2030 1820 2082 ?

107 2122 212 2170 etc.
248 2139 276 2165 »
311 2117 517 2184 (Ibid.)
556 2115 1054 2170 Diabolusvenisse
1090 2117 1511 2185 redemptorem
1544 2120 1817 2182 senserat,

108 2205 224 2270 sed,
259 2204 757 2273 prepterhumilia
775 2221 902 2274 quae
927 2221 1124 2274 passus
1149 2210 1248 2271 est,
1283 2205 1566 2275 quidquid
1597 2205 1664 2259 de
1692 2204 1820 2258 dei-

106 2298 220 2345 tate
253 2292 574 2362 suspicatus
607 2297 710 2359 est,
745 2292 794 2345 ei
830 2292 889 2345 in
918 2293 1156 2346 dubium
1209 2293 1400 2346 evenit
1427 2311 1528 2364 pro
1588 2311 1688 2347 sua
1719 2310 1819 2348 su-

107 2381 334 2450 perbia,
351 2386 406 2433 et
431 2397 547 2433 non
571 2382 750 2434 Deum
779 2387 1000 2447 natum,
1026 2383 1120 2435 sed
1140 2383 1234 2435 Dei
1264 2383 1448 2452 gratia
1469 2383 1820 2436 custoditum

108 2469 372 2524 credidit.
413 2490 440 2517 «
477 2470 674 2523 Nonne
703 2469 924 2524 vallasti
953 2473 981 2524 ?
1011 2492 1037 2519 ››
1067 2471 1312 2524 Domum
1343 2472 1608 2524 vallatam
1660 2472 1816 2538 dicit,

109 2559 246 2629 quia
294 2559 568 2612 tentando
627 2559 1027 2612 conscientiam
1059 2560 1182 2628 ejus
1237 2565 1536 2629 penetrare
1572 2576 1684 2613 non
1714 2577 1819 2629 po-

110 2647 218 2700 tuit
246 2646 652 2713 substantiam,
685 2646 820 2717 quia
851 2647 1056 2701 electos
1090 2647 1212 2716 ejus
1243 2647 1510 2701 invadere
1533 2665 1647 2702 non
1677 2665 1820 2718 pra:-

109 2737 375 2806 sumpsit.

183 2844 208 2876 ι
245 2823 532 2879 Possessio
565 2823 718 2876 illius
767 2823 961 2877 crevit.
998 2842 1026 2873 n
1080 2823 1260 2894 (Ibid.)
1319 2823 1489 2887 Quasi
1527 2840 1538 2876 :
1573 2824 1706 2894 quia
1735 2829 1820 2878 tot

113 2913 269 2967 bona
289 2913 352 2966 in
382 2919 533 2966 terra
587 2912 822 2983 recepit,
879 2929 986 2982 pro
1017 2912 1105 2965 his
1155 2929 1212 2966 se
1259 2913 1594 2966 innocenter
1623 2915 1769 2983 gerit
1800 2932 1812 2968 :

1931 1773 1958 1804 ε(
2022 1756 2410 1824 Egressusque
2442 1769 2474 1806 a
2525 1752 2686 1806 facie.
2722 1771 2748 1802 ι)
2801 1751 2944 1815 Quia
2996 1751 3133 1804 dum
3184 1765 3360 1820 usque
3417 1749 3487 1802 ad
3530 1762 3628 1800 cor

1927 1842 2242 1909 prmvalere
2275 1841 2495 1912 nequit,
2531 1841 2791 1894 exclusus
2817 1841 2888 1893 ab
2918 1839 3137 1893 intimis
3169 1837 3416 1891 exterius
3454 1852 3626 1906 vaga-

1927 1932 2062 1983 tur:
2096 1930 2226 1983 etsi
2275 1935 2527 1983 mentem
2565 1929 2776 1994 turbat,
2823 1929 2964 1982 foris
3013 1932 3134 1982 est:
3170 1926 3305 1996 quia
3336 1941 3452 1980 non
3482 1925 3626 1978 inte-

1929 2019 2106 2085 rimit,
2139 2019 2234 2072 sed
2283 2019 2489 2072 erudit.

2001 2109 2184 2179 (Ibid.)
2222 2109 2503 2178 Tempora
2539 2105 2953 2160 tentationibus
2992 2106 3336 2175 congruunt.
3380 2103 3628 2171 Tempus

1929 2197 2186 2253 tentandi
2229 2203 2427 2267 aptum
2480 2196 2674 2265 elegit,
2727 2211 2856 2247 cum
2905 2193 3055 2247 ﬁlios
3100 2194 3224 2263 ejus
3278 2192 3337 2244 in
3368 2189 3627 2244 convivio

1928 2288 2188 2342 invenit:
2225 2285 2628 2358 praznuutiatio
2671 2281 3057 2337 tribulationis
3103 2285 3189 2334 est
3217 2279 3417 2333 laetitia
3455 2278 3626 2332 satie-

1925 2377 2076 2431 tatis.

1997 2466 2160 2519 Vens.
2221 2467 2303 2518 13.
2365 2492 2433 2502 -
2487 2483 2508 2510 ι
2545 2461 2686 2516 Cum
2746 2463 2935 2512 autem
2983 2457 3232 2528 quadam
3300 2455 3392 2510 die
3424 2454 3529 2508 ﬁlii
3571 2459 3628 2509 et

1929 2573 1957 2604 «
1989 2553 2145 2617 ﬁliae,
2177 2557 2284 2605 etc.
2323 2573 2344 2599 ι
2381 2548 2636 2620 Apostoli
2673 2553 2730 2601 et
2784 2563 2982 2600 omnes
3013 2545 3227 2599 ﬁdeles.
3271 2543 3446 2612 Major
3471 2542 3624 2596 ﬁlius

1924 2641 2190 2697 Judaicus
2219 2640 2471 2710 populus
2499 2640 2625 2708 lege
2659 2641 2962 2708 generatus
2995 2653 3010 2702 ;
3052 2634 3262 2700 minor,
3299 2631 3535 2687 Gentilis
3563 2630 3626 2684 in

1925 2731 2040 2784 ﬁne
2098 2733 2347 2782 vocatus.
2400 2730 2462 2782 In
2518 2728 2689 2781 domo
2759 2741 2895 2795 ergo
2945 2721 3335 2795 primogeniti,
3383 2720 3627 2790 apostoli

1926 2817 2332 2872 convivantur:
2365 2815 2502 2885 quia
2531 2815 2714 2867 adhuc
2753 2813 3058 2882 Scriptura
3093 2827 3266 2863 sacrae
3314 2808 3531 2863 deliciis
3563 2807 3624 2861 iu

1927 2905 2254 2960 collectione
2285 2904 2459 2957 solius
2488 2902 2704 2958 Judaici
2733 2899 2932 2972 p0puli
2989 2898 3383 2965 vescebantur,
3414 2895 3623 2966 quibus

109 3003 204 3055 sed
236 3003 512 3055 innocens
542 3017 655 3055 non
696 3006 845 3055 esset
874 3001 920 3054 si
950 3002 1098 3055 inter
1137 3002 1369 3055 adversa
1426 3008 1599 3056 staret
1631 3020 1642 3056 :
1678 3004 1813 3074 quia
1844 2996 1883 3050 C
1920 2999 2057 3048 tunc
2102 2994 2315 3047 dictum
2365 2996 2486 3046 est:
2541 3013 2568 3039 ‹‹
2619 2994 2680 3045 Iu
2737 2990 2887 3043 viam
2939 2989 3198 3059 gentium
3246 3002 3317 3040 ne
3370 2984 3624 3038 abieritis

106 3089 315 3160 nequit
344 3090 404 3143 in
438 3089 544 3151 die,
580 3089 640 3141 in
686 3093 849 3143 nocte
899 3089 1288 3157 adversorum,
1316 3089 1436 3142 vult
1483 3091 1806 3159 reprobare.

105 3181 230 3233 Non
278 3195 418 3249 ergo
476 3179 622 3232 vires
665 3178 788 3241 Job,
842 3179 938 3232 sed
997 3195 1284 3248 quemque
1335 3178 1521 3232 verius
1563 3181 1812 3234 adversis

100 3268 356 3338 probare
389 3267 587 3330 sciens,
640 3268 977 3320 tentandum
1008 3266 1234 3336 expetit.
1269 3288 1294 3313 ‹‹
1326 3267 1434 3320 Sed
1489 3269 1746 3332 extende,
1783 3290 1805 3317 ι

101 3373 205 3409 nec
237 3356 393 3409 vires
417 3355 660 3409 feriendi
690 3354 796 3408 sibi
825 3354 1026 3408 tribuit
1056 3371 1070 3419 ;
1103 3354 1366 3408 voiuntas
1405 3356 1527 3424 ejus
1586 3371 1811 3426 semper

103 3445 332 3513 iniqua,
367 3459 496 3513 quae
535 3443 605 3496 ab
634 3443 759 3511 ipso
785 3448 904 3494 est:
932 3448 1182 3511 potestas
1209 3443 1384 3511 justa,
1421 3460 1548 3513 qum
1584 3461 1614 3496 a
1647 3446 1762 3498 Deo
1795 3467 1810 3513 ;

101 3532 256 3585 unde
297 3548 312 3585 :
343 3531 586 3600 Spiritus
616 3531 843 3584 Domini
890 3531 1075 3583 malus
1106 3530 1166 3584 in
1196 3531 1349 3591 Saul,
1393 3537 1448 3584 et
1480 3532 1705 3587 Domini
1727 3545 1811 3593 est

99 3637 204 3690 per
233 3619 552 3685 licentiam,
580 3625 636 3673 et
661 3620 847 3673 malus
877 3634 980 3688 per
1003 3619 1369 3674 voluntatem.

172 3730 201 3758 ς
236 3710 492 3763 Manum.
529 3728 555 3758 »
605 3708 788 3776 (Ibid)
836 3707 1106 3770 Queritur
1136 3708 1287 3777 quod
1345 3724 1618 3763 numerus
1662 3711 1809 3765 ﬁde-

96 3798 241 3851 lium
309 3796 750 3868 praedicantibus
820 3796 1091 3865 apostolis
1142 3801 1420 3866 augetur:
1481 3798 1588 3851 hoc
1639 3800 1809 3853 Satan

95 3886 314 3950 dicere,
339 3888 424 3937 est
455 3885 583 3937 talis
640 3883 948 3938 invidendo
1003 3884 1272 3954 cogitare,
1325 3889 1380 3938 et
1408 3885 1477 3938 de
1530 3887 1619 3939 his
1650 3888 1807 3941 tabe-

94 3973 313 4026 scendo
342 3973 558 4026 dolere.

165 4062 340 4114 Vens.
414 4064 495 4114 tl.
551 4081 672 4108 -ι
739 4061 949 4131 Tange.
989 4083 1016 4109 ››
1073 4061 1272 4132 (Ibid.)
1331 4063 1475 4127 Quia
1529 4063 1809 4116 exteriora

95 4155 230 4204 sunt
263 4166 402 4220 quae
433 4151 572 4219 petit
614 4150 849 4216 conteri,
901 4167 1004 4204 nec
1057 4151 1306 4204 multum
1353 4157 1518 4222 putat
1543 4152 1652 4205 nisi
1691 4153 1810 4206 ani-

97 4255 252 4292 mam
303 4239 495 4292 lazdat.

165 4340 194 4368 α
231 4320 303 4372 In
361 4318 584 4372 faciem.
619 4339 646 4367 ››
687 4319 876 4372 Facies
925 4319 1156 4372 Domini
1214 4325 1502 4390 respectus
1557 4325 1640 4373 est
1673 4337 1800 4390 gra-
1831 4316 1874 4369 D

94 4407 208 4460 tiae.
278 4406 423 4460 Dicit
480 4422 662 4476 ergo:
723 4407 773 4460 si
802 4407 930 4460 data
979 4423 1105 4476 quae
1162 4415 1316 4461 amat
1373 4409 1678 4474 subtrahis,
1709 4426 1798 4462 re-

92 4501 384 4565 spectum,
435 4495 646 4548 scilicet
701 4495 900 4564 gratia;
962 4501 1094 4559 tute,
1143 4495 1394 4549 favorem
1462 4503 1625 4550 tuum
1683 4513 1800 4550 non

90 4584 369 4653 requirit,
393 4584 488 4636 sed
509 4583 896 4638 malediceudo
928 4584 1261 4637 contemnit.

159 4674 335 4726 Vens.
373 4673 456 4723 12.
483 4702 547 4711 -
576 4690 603 4722 α
662 4671 810 4725 Dixit
839 4687 975 4740 ergo
1036 4672 1327 4725 Dominus.
1369 4694 1390 4720 ι
1454 4673 1642 4743 (lbid.)
1677 4675 1799 4728 Non

88 4760 383 4831 petitione
412 4759 622 4813 diaboli
651 4765 988 4829 provocatus
1021 4762 1168 4814 Deus
1198 4760 1459 4825 vincitur,
1494 4762 1589 4814 sed
1650 4762 1800 4816 hosti

86 4847 367 4902 concedit
395 4848 466 4902 ad
497 4849 753 4902 dolorem
778 4852 834 4902 et
867 4848 1258 4918 deceptionem
1320 4865 1481 4902 suam
1528 4851 1678 4918 quod
1713 4851 1801 4904 fa-

86 4939 253 4991 mulo
295 4936 492 5005 prosit.
521 4960 543 4986 ι
576 4938 709 4990 Ecce
741 4937 935 4990 omnia
963 4953 1088 5007 quae
1119 4937 1308 5002 habet,
1342 4959 1368 4985 ››
1403 4942 1507 4991 etc.
1567 4939 1665 4992 Pia
1685 4939 1802 4992 dis-

87 5025 437 5097 pensatione
479 5027 697 5079 relaxat
727 5032 782 5079 et
827 5027 1096 5079 refrzenat
1125 5041 1137 5079 :
1181 5026 1556 5080 substantiam
1588 5029 1795 5097 prodit,

88 5129 304 5184 corpus
325 5113 598 5183 protegit,
631 5118 688 5166 et
742 5113 788 5166 si
835 5119 1032 5184 postea
1061 5129 1268 5183 corpus
1312 5114 1643 5182 traditurus,
1686 5132 1801 5169 non

89 5207 294 5256 tamen
328 5202 500 5255 simul
564 5201 777 5268 omnia,
826 5219 896 5256 ne
928 5209 1257 5256 coacervata
1314 5205 1618 5273 perimant,
1674 5222 1802 5274 quae

89 5291 277 5344 divisa
307 5297 548 5360 possunt
573 5291 822 5345 tolerari.
859 5292 953 5345 Vel
975 5297 1188 5344 sortem
1243 5291 1346 5345 Job
1394 5293 1667 5346 Dominus
1701 5310 1798 5346 no-

91 5379 186 5446 vit,
227 5384 287 5432 et
312 5382 508 5432 tamen
534 5379 680 5432 bella
713 5379 926 5449 divisit,
955 5385 1017 5433 ut
1052 5380 1371 5434 mirabilius
1401 5380 1582 5434 victor
1613 5387 1796 5437 esset:

96 5483 226 5520 cum
255 5467 442 5520 hostis
466 5467 647 5520 victus
677 5483 735 5522 se
765 5467 975 5522 iterum
998 5468 1066 5522 ad
1113 5485 1262 5522 nova
1291 5469 1438 5523 bella
1488 5476 1796 5540 repararet.

165 5577 192 5604 α
235 5557 378 5609 Ecce
407 5555 746 5611 universa...
785 5560 1008 5612 tantum
1061 5557 1122 5612 in
1161 5574 1316 5626 eum,
1351 5562 1482 5625 etc.,
1512 5576 1538 5601 ι)
1594 5558 1648 5613 id
1693 5565 1796 5617 est.

1943 3083 2145 3137 Matth.
2179 3083 2257 3137 x).
2296 3101 2316 3127 ιι

1943 3083 2145 3137 Matth.
2179 3098 2211 3135 x
2246 3122 2257 3134 .
2296 3101 2316 3127 ιι

1920 3083 1936 3152 (
1993 3189 2021 3222 ‹‹
2080 3083 2460 3224 Com)ederent
2493 3173 2550 3222 et
2584 3168 2863 3232 biberent,
2921 3171 3092 3220 etc.»
3152 3162 3488 3228 Comedere,
3537 3164 3623 3214 est

1918 3260 2081 3314 bonis
2111 3258 2376 3329 operibus
2403 3257 2685 3328 gaudere:
2716 3256 2910 3309 vinum
2955 3255 3171 3320 bibere,
3205 3258 3290 3307 est
3334 3249 3614 3306 desiderio

1918 3349 2131 3404 caelesti
2154 3353 2416 3402 aestuare.

1990 3461 2017 3487 ‹‹
2054 3437 2262 3492 Fratris
2297 3437 2384 3490 sui
2436 3434 2826 3505 primogeniti,
2870 3440 2974 3489 etc.
3014 3455 3040 3483 ››
3074 3432 3235 3487 Prior
3275 3429 3526 3484 nascitur
3555 3428 3618 3482 in

1917 3526 2086 3580 corde
2118 3524 2417 3595 sapientia,
2452 3529 2583 3586 etc.,
2613 3539 2782 3592 usque
2829 3524 2902 3577 ad
2933 3528 2993 3577 ut
3025 3522 3161 3592 quid
3219 3522 3617 3590 praeoccupate

1917 3631 2078 3668 mens
2101 3614 2367 3684 perdidit,
2397 3613 2606 3667 afﬂicta
2626 3613 2880 3683 recipiat.

1986 3705 2147 3756 Vens.
2187 3703 2268 3756 14.
2299 3732 2368 3742 -
2403 3723 2428 3750 ‹‹
2464 3703 2634 3755 Boves
2691 3702 2946 3764 arabant,
2989 3703 3091 3753 etc.
3129 3718 3156 3750 »
3217 3697 3413 3769 (Ibid.)
3442 3697 3616 3749 Boves

1916 3797 2158 3855 arantes,
2191 3791 2248 3843 id
2281 3794 2384 3854 est,
2441 3789 2574 3843 boni
2619 3790 2763 3842 bene
2808 3793 3129 3858 operantes,
3187 3785 3360 3839 asinae
3389 3782 3615 3853 simpli-

1916 3880 2056 3932 citer
2106 3877 2400 3942 viventes;
2448 3878 2535 3930 lue
2583 3878 2742 3945 juxta
2790 3876 2980 3940 boves,
3035 3875 3170 3945 quia
3230 3871 3614 3942 intelligentia

1915 3981 2117 4020 eorum
2169 3969 2496 4034 pascuntur.
2543 3965 2724 4018 Sabaei
2771 3963 3138 4032 captivantes,
3175 3962 3232 4015 id
3292 3966 3376 4013 est
3398 3960 3612 4013 dieme-

1916 4071 2038 4122 nes,
2067 4069 2297 4122 pueros,
2331 4052 2389 4106 id
2419 4056 2504 4106 est
2533 4052 2892 4121 incipientes,
2951 4051 3208 4103 nondum
3262 4049 3440 4102 virilis
3471 4064 3611 4100 con-

1914 4141 2155 4208 stantiae,
2231 4141 2436 4210 gladio,
2511 4141 2566 4194 id
2630 4145 2715 4193 est
2787 4140 3178 4210 desperatione
3256 4136 3608 4192 aeternitatis.

1918 4231 2158 4285 Nuntius
2189 4231 2288 4301 qui
2324 4230 2528 4298 evadit,
2561 4229 2927 4300 propheticus
2978 4244 3163 4282 sermo
3195 4231 3317 4282 est:
3355 4225 3453 4296 qui
3485 4225 3562 4278 ait
3594 4241 3606 4279 :

1917 4339 1942 4369 ‹ι
1977 4320 2239 4389 Captivus
2274 4321 2473 4374 ductus
2521 4325 2603 4374 est
2656 4319 2903 4389 populus
2938 4333 3136 4371 meus:
3197 4316 3330 4386 quia
3357 4331 3470 4367 non
3505 4316 3607 4367 ha-

1911 4407 2035 4461 buit
2056 4408 2350 4462 scientiam
2377 4409 2505 4476 (lsa.
2531 4408 2582 4476 v)
2614 4425 2628 4475 ;
2661 4429 2688 4455 ››
2741 4407 2877 4476 quia
2906 4406 3043 4460 dum
3102 4405 3246 4458 ﬁunt
3303 4405 3450 4456 mala
3481 4419 3609 4472 quae

1909 4497 2191 4566 praedixit,
2220 4496 2383 4567 quasi
2427 4512 2596 4549 sanus
2653 4496 2723 4548 ad
2759 4495 3062 4548 Dominum
3096 4493 3281 4546 redit:
3316 4491 3610 4561 captivatis

1911 4585 2063 4640 enim
2094 4585 2358 4650 inﬁrmis,
2392 4602 2524 4639 vera
2553 4584 2877 4654 prazdixisse
2914 4584 3292 4653 cognoscitur.

1981 4675 2142 4728 Vens.
2182 4677 2263 4728 15.
2295 4705 2364 4713 -
2396 4694 2424 4723 α
2483 4675 2546 4728 Et
2601 4689 2829 4743 pueros.
2869 4693 2890 4721 ι
2947 4674 3158 4725 Pueros
3228 4674 3389 4722 vocat
3417 4674 3607 4739 caute-

1910 4763 2022 4816 lam
2056 4763 2211 4816 illam
2240 4762 2575 4832 diligentiaa,
2603 4778 2707 4831 per
2736 4777 2910 4831 quam
2949 4760 3036 4813 liis
3089 4759 3364 4829 providet,
3395 4775 3523 4828 qua:
3554 4762 3609 4812 et

1909 4852 1970 4905 in
2003 4867 2066 4904 eo
2098 4851 2438 4921 percutitur.

1981 4940 2144 4992 Vens.
2181 4942 2269 4993 16.
2328 4967 2398 4978 -
2428 4958 2450 4987 ι
2509 4937 2662 5006 Ignis
2690 4936 2790 4990 Dei
2845 4935 3044 4990 cecidit
3069 4952 3098 4988 e
3128 4934 3286 4988 caelo.
3323 4955 3347 4984 η
3392 4935 3606 4989 leum

1908 5029 2167 5083 doctores
2217 5027 2379 5096 legis,
2439 5025 2776 5090 sacerdotes,
2811 5025 2879 5078 de
2935 5023 3143 5094 quibus
3197 5023 3346 5092 ignis
3376 5023 3606 5078 invidiaa

1909 5116 2061 5170 cadit
2111 5131 2283 5186 super
2313 5132 2444 5168 oves
2499 5120 2556 5167 et
2605 5129 2836 5183 pueros,
2888 5112 2946 5166 id
2995 5117 3099 5177 est,
3157 5111 3492 5165 innocentes
3548 5118 3604 5168 et

1909 5205 2189 5260 inﬁrmos.
2220 5207 2364 5259 Puer
2395 5220 2564 5257 sanus
2589 5203 2754 5269 redit,
2789 5202 2924 5272 quia
2962 5217 3094 5254 vera
3118 5201 3321 5254 dixisse
3353 5203 3604 5272 prophe-

1910 5294 2049 5348 tiam
2083 5293 2288 5347 claruit
2312 5291 2856 5362 zelusappreheudit
2911 5290 3187 5360 populum
3227 5290 3601 5346 ineruditum.

1983 5384 2167 5454 (Ibid.)
2243 5383 2384 5437 Oves
2441 5379 2855 5450 cogitationum
2919 5379 3266 5435 innocentia.
3330 5381 3483 5452 Ignis
3536 5383 3604 5436 de

1911 5473 2073 5538 cmlo,
2106 5471 2164 5524 id
2196 5476 2298 5537 est,
2341 5468 2410 5522 ab
2469 5468 2649 5522 aereis
2697 5469 3072 5538 potestatibus
3121 5470 3351 5524 ﬂamma
3413 5470 3605 5524 livoris

1911 5559 2100 5630 irruit,
2131 5565 2188 5615 et
2214 5575 2364 5629 saepe
2397 5558 2639 5614 mundae
2675 5558 3050 5630 cogitationes
3102 5561 3303 5615 ardore
3347 5559 3603 5615 libidinis
