4082 6184
383 311 490 363 755

988 306 1380 362 WALAFRIDI
1418 307 1666 364 STRABI
1706 308 1902 364 FULD.
1945 309 2104 365 MON.
2158 308 2316 364 OPP.
2362 308 2534 363 PARS
2583 309 2624 363 Ι.
2668 337 2737 347 -—
2775 306 3227 364 THEOLOGICA.
3773 314 3865 365 756

386 426 679 483 accendit:
708 425 807 498 qui
854 426 1005 498 ignis
1030 431 1117 481 est
1176 427 1293 494 Dei,
1344 443 1461 481 non
1507 427 1784 494 facientis,
1835 430 1933 483 sed
1964 445 2091 501 per-
2124 431 2173 484 Α
2210 433 2345 491 ctus,
2370 428 2492 499 ipsa
2538 428 2863 483 humilitate
2912 429 3115 483 melius
3161 428 3447 485 vestitur:
3506 447 3618 484 non
3656 431 3753 485 sibi
3787 433 3869 487 sed

386 515 696 585 mittentis;
730 519 788 569 et
823 516 959 587 quia
1013 516 1201 569 subito
1252 515 1505 586 impulsu
1552 516 2089 588 circumspectiones

388 606 732 671 obruuntur,
760 606 1018 658 custodes
1047 604 1213 675 pueri
1263 604 1617 659 occiduntur.
1679 606 1786 660 Sed
1818 607 1939 661 sola
1970 607 2090 661 dis-

387 695 580 756 cretio,
614 694 670 748 id
699 696 802 762 est,
850 694 993 747 ratio
1040 694 1234 748 animo
1281 693 1490 747 damna
1545 694 1790 761 nuntiat,
1842 702 1900 750 et
1929 695 2090 767 quasi

390 784 697 837 Dominum
725 782 796 836 ad
828 783 1078 836 lamenta
1109 787 1289 837 vocat.

462 873 615 924 Vens.
673 875 755 925 17.
788 902 851 910 --
897 891 926 920 ‹‹
984 872 1232 925 Chaldaei
1290 871 1633 938 fecerunt,»
1677 875 1785 927 etc.
1840 872 2090 926 Chaldaei

384 959 836 1029 interpretantur
862 960 1083 1028 feroces,
1118 965 1248 1026 etc.,
1281 976 1452 1029 usque
1498 960 1571 1013 ad
1602 960 1695 1014 isti
1726 976 1932 1032 pueros
1958 977 2091 1031 per-

385 1052 685 1102 cusserunt
733 1048 945 1118 gladio,
970 1049 1026 1102 id
1084 1054 1186 1117 est,
1249 1049 1626 1116 persuasione
1682 1049 1932 1115 sinistra,
1981 1055 2087 1105 etc.

461 1155 489 1187 α
518 1137 798 1205 Camelos,
850 1142 1007 1192 etc.»
1069 1138 1330 1193 Camelus
1374 1139 1654 1192 mundum
1715 1139 1926 1192 animal
1967 1155 2092 1210 par-

385 1225 513 1294 tim,
565 1230 697 1294 etc.,
744 1242 914 1295 usque
970 1227 1047 1281 ad
1099 1233 1155 1281 et
1210 1228 1332 1280 sola
1388 1227 1651 1281 discretio
1696 1227 1889 1281 animo
1940 1229 2090 1299 quod

386 1315 573 1385 ploret
603 1314 916 1369 renuntiat.

461 1421 489 1453 α
523 1403 591 1456 Ut
646 1402 972 1457 nuntiarem
1044 1402 1170 1468 tibi,
1202 1406 1310 1456 etc.
1350 1423 1372 1451 ι
1432 1403 1781 1458 Nuntiantur
1834 1405 2007 1470 mala,
2037 1409 2093 1459 et

389 1491 592 1557 multa,
617 1495 672 1544 et
699 1492 905 1558 subita,
954 1496 1018 1546 ut
1056 1508 1229 1563 super
1278 1492 1485 1545 vulnus
1541 1495 1778 1546 vulnere
1840 1494 2091 1564 irrogato

387 1578 756 1649 impatienter
787 1582 931 1635 ferat
963 1599 977 1647 ;
1013 1586 1068 1634 et
1098 1582 1332 1635 callidus
1358 1580 1537 1634 hostis
1565 1598 1678 1635 non
1710 1587 1829 1635 tam
1871 1583 2094 1653 jactura

2200 519 2314 572 Deo
2347 518 2605 573 tribuens
2665 518 2821 589 quod
2876 518 3069 585 habet,
3134 519 3408 573 Dominus
3439 519 3596 573 dedit
3646 520 3797 588 bona,
3816 538 3873 574 ea

2200 606 2477 661 Dominus
2508 606 2678 660 etiam
2702 608 2876 676 tollit,
2937 608 3093 679 quod
3149 608 3279 662 ideo
3337 609 3406 663 ad
3458 613 3680 679 tempus
3727 610 3875 677 ﬁt,ut

2199 695 2433 750 humilis
2462 696 2669 749 melius
2698 695 2925 751 habeat.

2273 786 2433 840 Vens.
2472 789 2566 839 21.
2607 817 2673 826 -
2706 805 2733 837 (ι
2768 786 2963 840 Nudus
3008 801 3268 856 egressus
3298 802 3443 840 sum.
3475 806 3502 837 »
3554 786 3770 840 Nudum
3799 803 3876 841 me

2200 874 2311 928 huc
2340 874 2645 927 intrantem
2677 880 2830 927 tm‘ra
2868 875 3124 943 protulit,
3153 876 3368 928 nudum
3402 891 3492 928 me
3530 875 3662 928 hinc
3689 892 3875 929 exeun-

2199 966 2312 1018 tem
2346 967 2495 1016 terra
2526 963 2777 1032 recipiet.
2834 963 3159 1017 Consolatio
3217 980 3283 1016 ex
3331 963 3656 1017 conditione
3686 980 3873 1025 rerum.

2199 1050 2355 1121 quod
2382 1050 2615 1121 propria
2640 1066 2757 1103 non
2786 1051 3053 1121 perdidit,
3090 1050 3185 1104 sed
3199 1056 3429 1120 accepta
3442 1056 3497 1103 et
3527 1050 3878 1121 relinquenda

2200 1139 2446 1193 recolit:
2482 1143 2709 1209 tempus
2762 1155 2876 1210 quo
2925 1139 3169 1193 necdum
3235 1139 3342 1193 ista
3387 1138 3588 1193 habuit
3635 1140 3881 1209 praevidet

2203 1227 2386 1300 qualis
2416 1227 2690 1281 exiturus.
2724 1227 3068 1282 Consolatur
3113 1228 3283 1282 etiam
3312 1244 3370 1281 se
3417 1244 3483 1281 ex
3507 1228 3727 1297 justitia
3775 1229 3877 1281 Dei.

2278 1339 2304 1367 ‹‹
2336 1319 2415 1372 De
2444 1322 2605 1371 utero
2635 1319 2833 1372 matris
2863 1333 3024 1371 meae.
3055 1336 3083 1367 »
3131 1317 3307 1371 Mater
3360 1316 3566 1371 Christi
3607 1317 3882 1387 Synagoga

2204 1411 2307 1471 est,
2340 1423 2467 1477 quae
2488 1406 2549 1459 in
2576 1423 2633 1459 se
2664 1422 2797 1460 eum
2845 1411 3109 1477 opertum
3167 1406 3353 1459 littera
3401 1406 3604 1471 tenuit,
3667 1422 3763 1459 nec
3789 1422 3881 1459 nu-

2204 1496 2340 1549 dum
2374 1495 2432 1548 in
2490 1494 2697 1549 deitate
2745 1495 2906 1562 vidit,
2958 1495 3055 1549 sed
3111 1495 3181 1548 ab
3230 1511 3297 1547 ea
3343 1494 3531 1548 nudus
3579 1494 3650 1548 ad
3705 1496 3885 1549 Gentes

2206 1584 2376 1637 venit.
2404 1585 2539 1637 Ecce
2594 1584 2826 1653 Joseph,
2864 1599 3037 1654 quem
3076 1600 3285 1653 purum
3334 1583 3626 1637 hominem
3674 1583 3886 1637 credens

388 1683 583 1720 rerum
610 1684 783 1738 quam
816 1670 1011 1724 ordine
1034 1669 1373 1723 nuntiorum
1392 1674 1697 1740 pertentat.
1726 1670 1889 1724 Prius
1918 1688 2093 1742 prava
2123 1716 2162 1743 ι,
2201 1673 2520 1743 Synagoga,
2581 1672 2904 1726 adulterino
2965 1673 3267 1742 complexu
3324 1687 3455 1725 eum
3515 1672 3886 1741 constringere

292 1754 307 1764 ’
388 1755 636 1823 nuntiat,
669 1764 796 1828 post
826 1759 1065 1830 majora,
1126 1759 1358 1813 tandem
1416 1763 1663 1812 mortem
1696 1759 1985 1815 ﬁliorum:
2022 1777 2092 1815 ne

382 1845 503 1915 jam
534 1844 731 1902 orbato
760 1847 1055 1902 vilesceret
1084 1864 1278 1902 rerum
1316 1847 1569 1914 amissio,
1597 1864 1727 1902 cum
1759 1865 1873 1903 non
1905 1854 2095 1903 essent

389 1941 647 1997 haeredes
704 1936 914 2008 quibus
941 1937 1051 1991 hoc
1106 1940 1373 1990 servaret.
1432 1936 1721 1991 Gradatim
1774 1953 1909 2009 ergo
1940 1938 2092 1992 dete-

390 2031 544 2085 riora
574 2028 752 2092 audit,
801 2029 862 2078 ut
920 2025 981 2079 in
1036 2026 1159 2097 ejus
1214 2025 1381 2080 corde
1437 2041 1608 2080 omne
1645 2027 1851 2080 vulnus
1904 2028 2093 2082 locum

392 2118 665 2173 inveniat.

462 2208 625 2260 Vens.
665 2208 749 2259 18.
780 2234 848 2243 —
892 2224 921 2252 ‹‹
980 2202 1137 2258 Filiis
1193 2203 1327 2273 tuis,
1387 2207 1493 2258 etc.
1528 2224 1554 2255 ››
1624 2204 1840 2276 (6ης.)
1881 2206 2009 2259 Filii
2043 2210 2097 2261 et

393 2295 527 2350 ﬁliae
558 2295 645 2363 (ut
674 2294 888 2348 dictum
910 2293 1011 2363 est)
1054 2297 1189 2347 sunt
1236 2292 1477 2363 apostoli
1520 2297 1576 2346 et
1604 2293 1799 2363 plebes
1834 2294 2093 2363 subditae,

394 2384 493 2456 qui
524 2383 583 2437 in
621 2383 816 2439 Judtea
870 2382 1161 2453 Scriptura
1208 2382 1600 2436 vescebantur.
1645 2404 1665 2429 α
1720 2383 1950 2449 Ventus,
1984 2403 2013 2435 ))
2040 2384 2097 2439 id

394 2477 495 2535 est,
522 2472 680 2527 fortis
709 2471 945 2525 tentatio
978 2488 1007 2524 a
1038 2471 1281 2538 deserto,
1310 2470 1365 2524 id
1399 2475 1504 2538 est,
1557 2470 1820 2525 cordibus
1869 2472 2097 2526 Iudaeo-

395 2577 543 2630 rum,
581 2561 667 2615 vel
706 2559 1023 2614 immundis
1054 2558 1350 2630 spiritibus
1381 2560 1743 2630 prorumpit:
1769 2564 1822 2614 et
1852 2565 2101 2631 quatuor

393 2652 635 2722 angulos
688 2649 747 2703 in
795 2648 1002 2720 quibus
1049 2652 1161 2702 stat
1189 2648 1413 2714 domus,
1471 2648 1810 2714 sacerdotes,
1863 2649 2096 2716 scribas,

396 2740 648 2793 seniores
696 2737 916 2809 populi,
977 2737 1313 2799 Pharisaeos.
1374 2737 1699 2790 commovit.
1764 2738 1995 2805 Domus,
2040 2739 2099 2793 id

396 2832 501 2894 est,
533 2827 729 2882 Iudaea
759 2826 818 2880 in
849 2825 1242 2897 persecutione
1288 2824 1516 2879 Domini
1566 2826 1773 2878 cadens
1812 2826 2097 2896 apostolos

394 2916 454 2971 in
487 2914 882 2986 desperatione
930 2913 1142 2968 obruit.
1202 2914 1267 2967 Et
1290 2929 1455 2967 verus
1512 2917 1596 2967 est
1624 2930 1813 2968 sermo
1865 2914 1933 2968 de
1963 2931 2098 2986 per-

2203 1760 2421 1815 voluit:
2455 1761 2546 1814 cui
2577 1766 2810 1831 tegmen
2845 1760 3051 1814 litterae
3072 1760 3326 1831 reliquit,
3348 1765 3404 1815 et
3434 1776 3493 1813 se
3541 1760 3888 1830 conspicuum

2203 1848 2479 1905 Gentibus
2508 1848 2775 1919 praebuit.
2820 1849 2928 1903 Sed
2948 1849 3137 1903 nudus
3157 1854 3494 1914 revertetur,
3540 1865 3672 1903 cum
3697 1849 3755 1901 in
3790 1848 3888 1901 ﬁne

2203 1938 2405 1992 mundi
2448 1937 2707 2008 reliquiis
2764 1938 2937 1991 Israel
2993 1939 3140 1992 Deus
3188 1937 3521 1992 innotescet.
3556 1957 3583 1988 tl
3635 1936 3889 1991 Dominus

2202 2027 2374 2082 dedit.
2406 2048 2427 2075 ι
2460 2026 2657 2081 Iudaea
2686 2026 2825 2080 dum
2858 2031 3162 2081 venturum
3186 2027 3441 2090 credidit,
3495 2026 3748 2094 abstulit,
3775 2040 3886 2079 cum

2203 2115 2327 2186 ipsa
2356 2115 2681 2169 venientem
2715 2116 3075 2185 contempsit.
3112 2137 3139 2166 ς
3172 2116 3329 2170 Sicut
3372 2116 3612 2169 Domino
3676 2113 3885 2185 placuit.

2206 2206 2345 2260 Cum
2371 2203 2691 2270 turbamur,
2724 2204 2793 2258 ad
2811 2204 3095 2275 judicium
3127 2203 3226 2258 Dei
3274 2219 3565 2257 recurrere
3612 2194 3889 2267 debemus,

2206 2298 2262 2348 et
2288 2294 2531 2363 maiores
2583 2293 2778 2347 laudes
2816 2293 3071 2353 reddere,
3123 2292 3260 2364 quia
3305 2292 3522 2363 pulsari
3569 2292 3760 2346 verius
3802 2305 3890 2343 nos

2207 2382 2486 2437 novimus.

2268 2472 2434 2525 Vens.
2468 2473 2557 2525 2'2.
2582 2502 2650 2510 ——
2686 2494 2707 2520 ι
2737 2473 2802 2526 In
2836 2472 3104 2527 omnibus
3128 2472 3217 2527 his
3275 2488 3387 2526 non
3442 2472 3697 2543 peccavit
3721 2470 3835 2526 Job.
3868 2490 3889 2515 κ

2207 2558 2389 2629 (ιὸἰά.)
2423 2560 2630 2614 Dolens
2662 2560 2887 2615 animus
2918 2561 3087 2616 debet
3116 2578 3175 2615 se
3213 2561 3523 2628 custodire,
3583 2566 3714 2625 etc.,
3745 2573 3895 2628 usque

2207 2649 2282 2702 ad
2319 2648 2491 2703 corde
2521 2665 2639 2703 non
2668 2649 2901 2717 tumuit,
2937 2666 3036 2705 ore
3080 2666 3199 2705 non
3258 2650 3660 2717 murmuravit,
3706 2649 3890 2719 lingua

2208 2741 2514 2792 contumax
2545 2754 2662 2792 non
2687 2738 2813 2793 fuit.

2910 2868 3134 2924 CAPUT
3201 2870 3266 2924 II.

398 2972 653 3059 secutore
683 3003 899 3074 populo
929 3018 944 3057 :
973 3021 1000 3053 ‹‹
1035 3002 1280 3056 Dilectus
1311 3018 1473 3057 meus
1514 3001 1573 3055 in
1607 3003 1778 3057 domo
1812 3018 1936 3056 mea
1963 2972 2103 3058 fecit
2141 3006 2181 3062 C
2282 3004 2441 3058 Vens.
2475 3007 2522 3065 1,
2556 3005 2610 3057 2.
2642 3032 2702 3042 —
2732 3025 2754 3052 ι
2782 2972 3014 3058 Factum
3071 3007 3157 3057 est
3200 3006 3411 3068 autem,
3465 3007 3571 3057 etc.
3608 3022 3637 3054 ii
3671 3022 3698 3053 α
3752 3001 3893 3056 Unde

398 3092 611 3146 scelera
644 3092 823 3145 multa
852 3089 991 3161 (Jer.
1041 3089 1138 3160 x1),
1178 3110 1204 3141 η
1256 3091 1323 3144 Et
1352 3090 1419 3144 de
1452 3090 1755 3161 apostolis:
1794 3111 1816 3139 ι
1850 3091 2102 3144 Proximi

400 3181 560 3234 meia
588 3181 757 3248 longe
776 3184 1059 3233 steterunt
1081 3178 1254 3248 (Psal.
1284 3178 1517 3246 xxxvn).
1555 3196 1578 3230 υ
1596 3179 1661 3231 Et
1696 3193 1707 3230 :
1740 3197 1767 3227 n
1786 3178 2101 3231 Percutiam

403 3274 707 3340 pastorem,
740 3272 795 3321 et
838 3267 1244 3337 dispergentur
1291 3282 1425 3320 oves
1472 3266 1696 3335 (Matth.
1739 3268 1934 3335 xxw)»
1992 3271 2098 3320 etc.

476 3376 503 3403 ‹‹
530 3357 596 3409 In
626 3355 796 3408 domo
828 3354 1038 3417 fratris,
1072 3374 1099 3402 ››
1135 3353 1190 3406 id
1239 3357 1343 3420 est,
1370 3353 1428 3405 in
1476 3351 1708 3422 majoris
1745 3351 1937 3405 fratris
1969 3370 2105 3407 cou-

402 3440 549 3494 vivio
578 3440 747 3494 Satan
777 3440 966 3494 obruit
997 3439 1168 3508 ﬁlios,
1213 3439 1350 3509 quia
1388 3455 1493 3509 per
1540 3438 1949 3510 negligentiam
1982 3457 2105 3496 ma-

396 3530 592 3600 jorum
624 3528 832 3599 quaerit
890 3528 1109 3582 aditum
1153 3527 1212 3582 in
1272 3532 1516 3581 mortem
1577 3527 1890 3595 minorum,
1943 3534 2000 3583 et
2044 3530 2105 3584 in

403 3617 547 3671 alios
575 3616 758 3687 magis
805 3616 1009 3688 accipit
1048 3616 1214 3683 vires,
1247 3616 1478 3687 quando
1525 3632 1624 3670 eos
1655 3616 1754 3687 qui
1785 3633 1890 3688 per
1918 3624 2105 3673 custo-

404 3707 557 3762 diam
597 3707 721 3761 aliis
778 3710 1048 3778 praesunt,
1106 3706 1315 3761 servire
1359 3706 1576 3761 laetitia;
1629 3706 1925 3778 conspicit.
1982 3709 2106 3762 Non

405 3796 641 3868 quidem
670 3796 755 3849 illi
783 3795 967 3849 ventri
989 3796 1264 3849 vacabant
1291 3815 1306 3862 ;
1337 3795 1435 3849 sed
1479 3812 1609 3850 cum
1662 3796 1812 3850 inter
1851 3796 2108 3851 convivia

405 3885 646 3939 intentio
680 3884 886 3939 mentis
903 3884 1055 3939 bona
1105 3884 1295 3938 minus
1325 3884 1520 3952 fervet,
1564 3884 1757 3939 minus
1810 3886 2104 3956 praevidet.

495 3974 658 4028 Vens.
723 3976 805 4028 19.
856 3995 884 4022 ‹‹
944 3973 1198 4044 Repente
1263 3976 1485 4027 ventus.
1520 3992 1547 4024 ››
1599 3974 1789 4044 abici.)
1846 3974 2108 4029 Latenter

410 4062 616 4117 dicitur
646 4067 843 4116 contra
870 4078 1003 4116 eum
1034 4063 1315 4115 elementa
1347 4062 1587 4117 movisse
1618 4061 1737 4129 ille,
1770 4063 1931 4132 cujus
1960 4067 2107 4117 nutu

407 4155 565 4205 mota
596 4154 763 4204 sunt:
796 4150 927 4204 licet
959 4150 1187 4204 diabolo
1236 4151 1413 4204 semel
1434 4168 1466 4205 a
1512 4152 1627 4204 Deo
1658 4156 1888 4222 accepta
1938 4156 2106 4221 pote-

408 4242 550 4293 state
576 4238 646 4291 ad
674 4254 843 4292 usum
888 4238 1161 4308 nequitiae
1212 4254 1328 4292 suae
1383 4239 1663 4291 elementa
1692 4244 2013 4304 concutere,
2046 4243 2109 4292 ut

2211 3092 2371 3146 venis
2407 3093 2437 3145 ?
2468 3113 2491 3142 ι
2521 3093 2716 3162 (Gneo.
2749 3094 2806 3145 in
2832 3093 2941 3147 Job
2966 3093 3003 3145 l.
3039 3092 3162 3161 III.)
3195 3094 3308 3146 Hoc
3334 3109 3446 3147 non
3475 3096 3541 3147 ut
3565 3092 3746 3163 prius,
3776 3096 3893 3153 etc.,

2211 3195 2380 3248 usque
2436 3180 2510 3233 ad
2567 3179 2666 3250 qui
2722 3179 2984 3234 minuere
3031 3179 3279 3246 voluisti,
3340 3180 3622 3250 profectui
3670 3177 3894 3233 servisti.

2274 3267 2432 3320 Vens.
2460 3269 2510 3320 3.
2534 3296 2605 3306 —
2636 3286 2661 3316 ι
2729 3267 3143 3321 Innocentiam.
3176 3288 3204 3315 ››
3264 3267 3655 3322 Innocentiam
3712 3265 3903 3321 retinet

2214 3354 2314 3426 qui
2372 3354 2543 3409 etiam
2592 3359 2722 3425 post
2779 3355 3005 3426 lapsum
3060 3355 3305 3409 scintilla
3360 3355 3595 3409 rationis
3646 3356 3901 3410 excitatus

2214 3443 2461 3497 ﬁdeliter
2491 3444 2751 3513 poenitet.

2287 3530 2475 3602 (Ibid.)
2505 3532 2803 3595 Quomodo
2835 3531 3072 3586 Paterin
3101 3532 3410 3599 Christum,
3458 3550 3588 3587 cum
3619 3550 3735 3605 quo
3765 3532 3901 3586 idem

2215 3624 2317 3685 est,
2351 3624 2538 3673 motus
2568 3625 2654 3673 est
2674 3636 2776 3690 per
2799 3620 3067 3674 Satanam
3089 3619 3117 3674 ?
3148 3620 3283 3689 quia
3323 3619 3577 3674 Christus
3599 3622 3773 3675 homo
3799 3634 3902 3672 non

2213 3712 2526 3778 pateretur,
2588 3708 2700 3761 nisi
2748 3708 2930 3762 Adam
2977 3713 3281 3778 peccasset,
3336 3724 3466 3761 cum
3510 3709 3685 3763 Satan
3738 3707 3905 3762 Adam

2215 3795 2410 3862 movit,
2444 3794 2504 3848 in
2548 3795 2834 3850 Christum
2887 3798 3066 3851 Deum
3110 3796 3436 3851 commovit.
3499 3798 3752 3862 Frustra,
3785 3792 3906 3866 quia

2214 3900 2446 3955 poenam
2479 3882 2610 3937 tulit
2637 3884 2758 3937 sine
2818 3900 2919 3937 sua
2950 3885 3153 3955 culpa;
3208 3885 3304 3939 sed
3353 3900 3469 3938 non
3519 3885 3753 3954 frustra,
3783 3883 3906 3955 quia

2216 3972 2383 4027 solvit
2413 3972 2565 4043 quod
2586 3973 2728 4026 alter
2760 3972 2966 4043 rapuit.

2290 4062 2450 4114 Vens.
2490 4062 2543 4114 4.
2577 4091 2644 4100 -
2670 4082 2692 4110 ι
2725 4061 2935 4115 Pellem
2958 4077 3063 4131 pro
3093 4060 3261 4132 pelle.
3296 4081 3323 4109 »
3378 4060 3648 4115 Diabolus
3680 4076 3782 4132 per
3808 4058 3903 4113 mi-

2216 4149 2406 4204 racula
2434 4148 2638 4203 Filium
2663 4149 2779 4213 Dei,
2836 4149 2936 4203 sed
2988 4154 3226 4220 propter
3270 4149 3513 4204 humilia
3562 4165 3779 4219 purum
3804 4148 3903 4202 ho-

2218 4240 2432 4293 minem
2464 4238 2705 4308 putavit.
2756 4239 2920 4292 Hunc
2958 4255 3094 4308 ergo
3127 4239 3393 4308 judicans
3424 4255 3491 4291 ex
3541 4239 3692 4304 aliis,
3720 4237 3817 4310 qui
3852 4235 3904 4289 in

408 4331 465 4381 et
492 4326 776 4381 damnatis
806 4327 864 4379 in
892 4327 1145 4393 metallo,
1180 4326 1252 4379 ad
1284 4342 1453 4380 usum
1484 4326 1632 4396 ignis
1666 4331 1722 4381 et
1745 4343 1892 4398 aqua
1914 4327 2099 4382 servit.
2140 4347 2183 4401 ι)
2222 4328 2345 4381 loco
2378 4332 2668 4398 pastorum
2707 4326 2892 4380 aliena
2916 4326 3124 4380 damna
3155 4332 3547 4392 contemnunt,
3602 4328 3768 4398 quasi
3800 4340 3907 4379 non

482 4438 505 4465 ι
543 4418 588 4469 Α
639 4415 872 4485 regione
914 4415 1143 4469 deserti.
1180 4434 1207 4465 ι)
1256 4414 1431 4482 Regio
1489 4415 1718 4481 deserti,
1761 4420 1890 4482 etc.,
1940 4431 2109 4484 usque

409 4504 484 4558 ad
512 4503 871 4557 nominatam
898 4504 1040 4558 iram
1064 4503 1122 4556 in
1154 4519 1285 4557 aere
1323 4508 1624 4572 monstrat,
1685 4508 1888 4557 ventus
1917 4504 2103 4560 irruit.

480 4594 645 4647 Vens.
676 4594 858 4647 20.—
891 4613 913 4640 ι
954 4593 1111 4645 Tunc
1167 4592 1412 4646 surrexit
1455 4592 1583 4659 Job,
1616 4596 1672 4646 et
1729 4592 1894 4647 scidit
1938 4593 2107 4647 vesti-

412 4704 441 4733 ‹‹
462 4685 656 4736 menta
678 4696 805 4734 sua.
833 4699 861 4730 ι)
921 4680 1101 4750 (Ιὸίἀ.)
1161 4681 1382 4735 Ruente
1429 4680 1619 4747 domo,
1673 4684 1802 4747 etc.,
1833 4696 2002 4751 usque
2036 4681 2111 4735 ad

409 4774 473 4825 ut
503 4774 687 4825 totum
740 4784 838 4823 cor
887 4768 947 4822 in
987 4768 1088 4823 Dei
1143 4784 1339 4823 amore
1379 4770 1583 4824 ardens
1636 4786 1731 4824 eas
1789 4769 2110 4824 devotionis

408 4859 759 4932 perfectione
806 4862 1121 4912 consumat.
1158 4879 1185 4907 ‹‹
1243 4859 1308 4912 Et
1359 4862 1523 4912 tonso
1578 4857 1781 4928 capite.
1824 4877 1851 4911 ν
1910 4859 2111 4929 Magna

410 4948 728 5003 constantia
760 4951 1013 5019 putatur,
1045 4951 1176 5013 etc.,
1200 4962 1369 5016 usque
1396 4947 1473 5001 ad
1501 4952 1559 5001 et
1587 4962 1644 5001 se
1676 4946 1884 5000 divinae
1905 4950 2108 5017 poten-

408 5036 504 5091 tim
542 5036 861 5092 consentire
919 5035 1236 5091 ostendere.
1292 5056 1319 5083 ‹‹
1376 5036 1660 5090 Corruens
1692 5034 1752 5088 in
1806 5038 2040 5089 terram.
2078 5056 2107 5086 s

409 5125 861 5197 (GREG.)Cadeus
914 5124 1186 5190 adoravit,
1237 5123 1370 5195 quia
1401 5122 1500 5176 illa
1557 5138 1749 5177 veram
1792 5123 2109 5177 orationem

409 5214 659 5281 exhibet,
692 5212 793 5285 qui
820 5213 973 5284 quod
996 5212 1182 5283 pulvis
1213 5212 1285 5265 sit
1314 5211 1610 5266 humiliter
1636 5211 1804 5265 videt.
1860 5211 2017 5266 Unde
2056 5216 2112 5265 et

409 5302 546 5357 dicit
578 5319 591 5356 :
626 5324 653 5351 ‹‹
687 5302 884 5357 Nudus
914 5317 1177 5373 egressus
1207 5317 1331 5355 sum
1365 5301 1433 5355 de
1462 5305 1627 5355 utero
1657 5299 1856 5353 matris
1883 5315 2045 5354 meae.
2079 5321 2107 5349 ››

410 5390 637 5445 Nudum
678 5390 875 5445 inﬁde
904 5389 1090 5462 prima
1121 5389 1301 5461 gratia
1358 5389 1577 5460 genuit,
1630 5388 1849 5442 nudum
1908 5388 2109 5443 eadem

408 5478 663 5549 suscipit.
697 5480 838 5535 Cum
885 5480 1143 5550 pulsatus
1200 5477 1352 5532 vitiis
1396 5477 1561 5549 quasi
1592 5478 1778 5532 nudus
1825 5477 1897 5531 ad
1937 5477 2106 5531 mise-

408 5567 710 5625 ricordiam
762 5566 994 5637 refugit,
1022 5571 1078 5622 et
1136 5566 1328 5638 aliqua
1381 5566 1589 5621 virtute
1614 5566 1925 5638 aliquando
1956 5566 2108 5621 dete-

2219 4421 2439 4471 motum
2467 4414 2664 4469 multis
2716 4415 3034 4480 subtractis,
3089 4415 3252 4485 quasi
3285 4431 3414 4486 qua:
3463 4420 3621 4469 extra
3678 4431 3736 4468 se
3766 4416 3907 4473 sunt,

2221 4506 2413 4560 dolore
2442 4503 2693 4575 propriae
2754 4502 2941 4558 carnis
2993 4508 3195 4567 tentat,
3242 4503 3409 4574 quasi
3464 4520 3568 4574 pro
3600 4520 3660 4557 se
3712 4504 3906 4563 doleat,

2220 4594 2320 4666 qui
2352 4609 2466 4648 non
2498 4609 2602 4662 pro
2638 4592 2779 4647 aliis.
2809 4593 2922 4646 Hoc
2953 4608 3084 4666 cum
3130 4591 3256 4646 ﬁeri
3291 4592 3456 4663 petit,
3506 4592 3647 4647 dicit
3702 4590 3908 4646 deside-

2221 4664 2363 4749 riis;
2394 4682 2517 4735 haec
2547 4686 2603 4735 et
2630 4696 2735 4751 per
2766 4664 3024 4734 membra
3050 4679 3237 4734 verbis
3266 4684 3321 4734 et
3348 4680 3647 4734 desideriis
3707 4677 3905 4739 intulit,

2219 4787 2323 4842 per
2360 4786 2489 4841 quae
2508 4769 2684 4824 dixit:
2737 4790 2765 4818 «
2812 4769 3098 4823 Mittamus
3149 4768 3372 4839 lignum
3424 4768 3484 4822 in
3534 4784 3745 4839 panem
3797 4766 3906 4835 ejus

2216 4861 2338 4913 Jer.
2372 4859 2450 4927 xi)
2521 4876 2571 4923 ι,
2604 4858 2659 4911 id
2691 4861 2797 4925 est,
2832 4857 3173 4928 conﬁgendo
3232 4856 3461 4928 corpori
3490 4858 3613 4928 ejus
3671 4855 3905 4927 stipitem

2220 4947 2402 5003 crucis
2420 4946 2811 5002 adhibeamus.

2281 5036 2474 5107 (Ibid.)
2508 5036 2675 5091 Pellis
2712 5051 2818 5106 pro
2849 5035 2999 5106 pelle
3020 5034 3210 5099 datur,
3245 5033 3382 5106 quia
3404 5050 3572 5106 saepe,
3606 5034 3747 5088 dum
3776 5032 3905 5085 ictus

2220 5130 2417 5180 contra
2448 5125 2678 5179 oculum
2708 5123 2880 5189 venit,
2940 5139 3177 5177 manum
3227 5124 3591 5194 opponimus,
3628 5126 3695 5175 ut
3733 5120 3905 5191 potius

2218 5214 2280 5268 in
2310 5214 2432 5285 ipsa
2462 5228 2634 5284 quam
2663 5212 2722 5265 in
2753 5211 3027 5265 teneriori
3057 5212 3425 5265 vulneremur
3459 5228 3471 5264 :
3500 5212 3605 5264 hoc
3647 5211 3903 5263 consuete

2221 5302 2344 5356 ﬁeri
2375 5301 2581 5369 sciens,
2614 5300 2750 5354 dicit
2784 5317 2797 5355 :
2825 5322 2846 5349 ι
2880 5301 3091 5355 Pellem
3122 5316 3225 5371 pro
3246 5301 3414 5370 pelle,
3472 5304 3527 5354 et
3558 5304 3761 5353 cuncta
3790 5308 3903 5366 quae

2218 5391 2390 5445 habet
2434 5390 2624 5445 homo.
2670 5411 2698 5439 ››
2739 5389 2931 5455 Quasi,
2982 5388 3111 5443 ideo
3142 5388 3245 5442 Job
3285 5392 3441 5442 extra
3472 5404 3529 5441 se
3578 5391 3664 5441 tot
3694 5382 3904 5455 ﬂagella

2220 5476 2619 5549 aequanimiter
2648 5476 2907 5543 sustinet,
2968 5476 3105 5547 quia
3133 5492 3205 5530 ne
3249 5477 3372 5547 ipse
3417 5476 3673 5539 feriatur,
3722 5474 3899 5545 pavet:

2218 5572 2274 5621 et
2303 5582 2439 5620 cura
2468 5567 2555 5620 sui
2587 5566 2780 5620 minus
2810 5566 2879 5619 de
2912 5566 3027 5620 suis
3052 5566 3227 5619 sentit
3258 5581 3272 5631 ;
3307 5564 3460 5619 unde
3506 5565 3695 5635 ipsum
3746 5560 3901 5617 ferire
