4082 6184
191 328 220 340 α

203 327 286 375 757
1356 325 1610 380 GLOSSA
1647 326 2051 382 ORDINARIA.
2099 355 2163 365 —-
2206 327 2335 379 LIB.
2375 326 2515 380 JOB.

3591 328 3694 381 758

188 443 426 515 expetit:
490 465 516 494 (ι
570 443 722 498 Mitte
774 461 1010 499 manum
1042 450 1218 510 tuam,
1264 468 1284 494 ι
1335 448 1489 517 quod
1550 450 1695 502 Dens
1730 454 1880 503 recte
1919 449 1965 501 A
1995 448 2104 502 Sed
2151 448 2253 503 Job
2314 465 2417 503 nec
2467 451 2662 502 contra
2715 447 3015 501 ferientem
3067 447 3311 518 superba
3369 447 3534 518 dixit,
3591 464 3695 501 nec

194 533 490 604 permittit,
530 538 590 586 ut
620 549 772 603 saepe
805 533 981 586 victus
1014 535 1384 589 Obmutescat.

252 623 412 676 Vens.
531 652 599 661 —
629 644 654 671 ‹‹
682 622 952 692 Alioquin
990 623 1147 676 mitte
1190 641 1422 678 manum
1457 631 1634 679 tuam.
1664 645 1689 676 »
1723 627 1884 697 Saepe

179 711 463 775 diabolus,
499 716 804 780 postquam
857 716 1109 765 mentem
1142 712 1523 783 impugnavit,
1556 715 1624 768 ad
1657 718 1885 783 tempus

182 805 379 864 cessat,
435 805 500 852 ut
548 815 806 852 securam
864 808 1098 871 repente
1143 801 1453 872 irrumpat:
1519 803 1644 857 ideo
1676 803 1883 857 iterum

181 888 283 942 Job
343 887 572 955 expetit,
628 889 780 958 quod
829 890 974 942 Deus
1008 889 1059 942 ei
1105 890 1393 945 reticendo
1443 891 1721 945 concedit.
1758 892 1884 945 «Et

182 981 352 1047 tange
400 994 460 1030 os
519 978 659 1047 ejus.
696 996 722 1026 ι)
767 979 871 1030 Per
903 994 964 1030 os
1014 983 1068 1031 et
1098 994 1328 1032 carnem
1386 978 1662 1049 intelligit
1703 979 1877 1033 vitam

181 1067 558 1135 corporalem,
587 1081 690 1136 per
719 1065 972 1119 animam
1026 1066 1296 1137 intelligit
1327 1068 1631 1136 rationem,
1688 1073 1749 1122 ut
1787 1085 1878 1120 su-

181 1155 394 1226 perius.

249 1244 417 1296 Vens.
462 1245 512 1296 6.
546 1271 613 1281 —
646 1260 673 1290 «
705 1244 842 1297 Ecce
869 1243 927 1296 in
963 1260 1136 1297 manu
1187 1248 1286 1298 tua
1317 1250 1418 1299 est.
1453 1265 1479 1296 ι)
1535 1247 1878 1300 Potestatem

176 1347 279 1403 per
311 1348 444 1384 suos
503 1331 560 1384 in
618 1348 848 1386 carnem
906 1333 1112 1387 Christi
1159 1334 1330 1387 Satan
1370 1334 1589 1399 habuit,
1632 1335 1730 1388 sed
1763 1335 1878 1387 ani-

175 1436 328 1473 mam
362 1425 567 1485 servat,
621 1437 736 1473 non
774 1421 927 1491 quod
978 1437 1096 1474 non
1153 1426 1349 1489 tentet,
1418 1422 1512 1476 sed
1549 1422 1702 1491 quod
1763 1439 1876 1475 non

175 1514 435 1579 superet;
490 1509 575 1562 vel
628 1509 902 1576 animam,
956 1509 1014 1562 id
1065 1514 1166 1577 est,
1224 1511 1425 1563 charos
1481 1516 1538 1564 et
1571 1511 1622 1563 ei
1668 1511 1876 1564 electos

173 1615 205 1651 a
231 1599 362 1668 jure
419 1614 523 1651 suo
555 1597 786 1666 amittit,
813 1614 940 1650 cum
975 1597 1140 1651 illum
1188 1598 1394 1651 occidit
1424 1615 1456 1650 a
1489 1599 1688 1668 planta
1714 1599 1876 1668 pedis

177 1703 360 1757 usque
394 1687 461 1740 ad
493 1687 792 1740 verticem:
826 1686 961 1757 quia
991 1686 1060 1739 ab
1093 1686 1324 1739 exordio
1361 1686 1564 1740 mundi
1598 1686 1874 1740 membris

172 1776 294 1846 ejus
351 1775 493 1828 dura
525 1775 736 1840 intulit,
770 1779 825 1828 et
855 1791 1035 1845 usque
1095 1776 1162 1828 ad
1186 1781 1356 1845 caput
1386 1775 1662 1844 ipsorum,
1696 1775 1753 1829 id
1789 1781 1873 1830 est

169 1865 464 1919 Christum
521 1865 806 1918 saeviendo
839 1863 1117 1935 pervenit.
1156 1885 1178 1913 ι
1213 1865 1348 1917 Ecce
1386 1864 1444 1916 in
1477 1880 1650 1916 manu
1687 1869 1804 1918 tua.
1840 1888 1866 1913 η

172 1954 321 2007 Sinit
351 1970 450 2006 nos
480 1953 706 2019 tentari,
731 1959 795 2006 ut
825 1953 1122 2008 videamur
1150 1952 1567 2020 nobisinﬁrmi,
1594 1957 1650 2007 et
1679 1958 1872 2007 tamen

170 2041 440 2094 custodit.

243 2129 411 2182 Vens.
479 2134 530 2182 7.
587 2159 655 2169 —
690 2148 716 2180 «
776 2129 1049 2199 Egressus
1107 2129 1285 2200 igitur
1336 2130 1527 2183 Satan.
1570 2152 1588 2176 ιι
1647 2129 1879 2202 (Gneo)

167 2220 418 2287 Accepta
451 2218 677 2271 licentia
724 2223 866 2284 etc.,
918 2233 1085 2288 usque
1117 2219 1190 2272 ad
1242 2219 1572 2288 paenitendo
1621 2221 1869 2290 respicit,

169 2321 242 2359 ne
272 2323 387 2376 qua
417 2306 586 2358 elatio
619 2311 830 2376 surgat.

240 2396 402 2448 Vens.
437 2398 489 2448 8.
523 2426 588 2434 —
623 2415 650 2445 «
699 2395 802 2458 Qui
841 2399 985 2448 testa
1034 2394 1250 2448 saniem
1313 2395 1619 2449 radebat.»
1681 2397 1869 2468 (Ibid)

163 2485 332 2536 Testa
359 2499 428 2536 ex
485 2484 602 2536 luto
649 2484 734 2552 ﬁt,
793 2487 936 2547 etc.,
972 2499 1142 2552 usque
1167 2485 1242 2537 ad
1272 2485 1365 2538 sed
1436 2485 1744 2539 deteriores
1773 2487 1871 2557 qui

168 2572 439 2637 elatione,
462 2577 526 2625 ut
547 2588 690 2626 uxor
717 2573 820 2626 Job
853 2588 977 2643 qum
1008 2573 1254 2641 superba
1282 2574 1485 2627 suadet
1513 2573 1654 2628 viro.

241 2662 408 2714 Vens.
451 2664 502 2728 9,
535 2693 599 2701 —-
643 2683 670 2712 ‹‹
723 2661 872 2715 Dixit
929 2666 1118 2714 autem
1153 2661 1237 2714 illi
1265 2678 1405 2715 uxor
1436 2678 1555 2716 sua.
1601 2683 1628 2713 »
1677 2664 1870 2733 (Ibid)

171 2749 426 2803 Primam
455 2750 666 2804 diaboli
697 2750 1072 2804 tentationem
1114 2751 1383 2815 ostendit,
1418 2756 1560 2818 etc.,
1589 2767 1756 2820 usque
1799 2753 1873 2806 ad

172 2839 274 2892 sed
313 2838 373 2891 in
396 2840 760 2910 asperitatem
790 2839 1141 2894 dilabuntur.

248 2945 278 2977 α
308 2927 506 2981 Adhuc
535 2933 594 2981 tu
654 2943 958 2997 permanes
988 2927 1044 2980 in
1085 2927 1447 2998 simplicitate
1499 2932 1669 2982 tua.»
1720 2929 1872 2983 Sim-

1997 543 2195 591 contra
2247 538 2580 592 suadentem
2636 540 2787 591 recta
2817 537 3062 590 reticuit.
3099 537 3439 590 Patientiam
3469 537 3692 604 habuit,

2001 628 2112 680 Deo
2145 627 2358 697 gratias
2399 643 2592 697 agens,
2653 625 3042 695 insipientiam
3089 625 3348 695 conjugis
3403 626 3692 694 arguendo

1997 717 2206 770 docens
2238 720 2292 769 et
2341 716 2419 768 sic
2475 715 2658 768 victus
2707 715 3035 768 ardentibus
3067 715 3245 767 hostis
3280 714 3605 783 instigatur,
3639 719 3694 769 et

1996 803 2133 873 quia
2206 819 2347 856 uxor
2400 804 2575 856 tacuit
2639 803 2779 856 alios
2826 804 3087 856 excitavit
3155 803 3222 856 ad
3292 803 3684 858 contumelias.

1997 911 2023 942 «
2047 893 2110 945 In
2141 891 2435 945 omnibus.
2465 915 2490 940 ››
2544 892 2664 956 Qua
2699 891 2875 944 sancti
2935 892 2994 944 in
3053 892 3342 954 omnibus,
3375 907 3502 961 quas
3533 896 3689 945 extra

1993 986 2050 1034 et
2075 981 2230 1034 intus
2261 980 2580 1050 patiuntur,
2633 996 2735 1033 nec
2766 980 2990 1050 injuriis
3024 980 3121 1034 Dei
3166 979 3465 1047 excedunt,
3498 995 3601 1032 nec
3629 980 3687 1033 in

1991 1070 2355 1123 contumeliis
2385 1085 2709 1139 pravorum.

2062 1157 2221 1210 Vens.
2258 1160 2340 1211 ll.
2399 1187 2466 1197 —
2499 1175 2525 1208 «
2580 1157 2779 1228 Igitur.
2827 1179 2852 1207 »
2912 1157 3102 1227 (Ibid)
3159 1155 3340 1209 Amici
3391 1155 3687 1210 haereticos

1990 1245 2332 1316 significant,
2394 1251 2522 1309 etc.,
2580 1262 2748 1314 usque
2777 1247 2850 1298 ad
2901 1244 3215 1316 hypocrita
3249 1245 3508 1297 nolentes
3541 1261 3681 1310 esse,

1990 1334 2084 1387 sed
2117 1334 2297 1388 videri
2329 1334 2500 1387 docti.
2541 1354 2567 1383 «
2617 1334 2944 1388 Audientes.
2983 1353 3007 1384 ι)
3040 1334 3164 1387 Non
3198 1332 3334 1385 dicit
3365 1333 3681 1398 audientes,

1987 1422 2116 1476 ideo
2151 1423 2304 1492 quod
2337 1423 2476 1475 vitia
2533 1424 2654 1477 haec
2720 1422 2976 1485 audiant,
3005 1421 3101 1475 sed
3161 1421 3420 1474 diabolus
3451 1421 3550 1491 qui
3581 1437 3685 1490 per

1987 1511 2093 1564 ista
2125 1516 2305 1565 tentat
2347 1512 2468 1566 haec
2525 1511 2810 1581 intelligit.
2849 1531 2875 1560 α
2933 1513 3065 1565 Tres
3098 1510 3283 1563 amici.
3320 1530 3346 1559 »
3401 1511 3683 1564 Numerus

1989 1600 2095 1653 iste
2165 1601 2400 1653 moralis
2457 1601 2542 1653 vel
2593 1600 2858 1670 mysticus
2889 1603 3001 1652 tres
3032 1604 3250 1653 turmas
3284 1598 3681 1653 Chaldaeorum

1987 1687 2287 1757 significat,
2313 1689 2369 1741 id
2401 1693 2503 1754 est,
2561 1688 3057 1758 impugnationem
3087 1703 3211 1758 quas
3270 1687 3334 1740 fit
3386 1687 3444 1740 in
3485 1704 3676 1758 opere.

1982 1776 2201 1846 lingua,
2261 1782 2315 1830 et
2343 1778 2718 1847 cogitatione,
2772 1778 2893 1831 haec
2926 1777 3080 1830 enim
3113 1776 3306 1829 omnia
3352 1776 3674 1846 impugnat.

2055 1886 2081 1912 ‹‹
2151 1865 2553 1927 Condixerant,
2609 1870 2784 1918 etc.»
2848 1866 3047 1935 (Ibid)
3108 1865 3251 1929 Quia
3319 1864 3381 1917 in
3435 1864 3678 1918 falsitate

1981 1955 2341 2022 concordant,
2379 1958 2434 2008 et
2489 1955 2624 2008 dum
2675 1972 2776 2008 sua
2808 1955 3032 2019 docent,
3103 1955 3266 2025 quasi
3298 1955 3676 2008 consolantur.

1981 2042 2121 2095 Vere
2195 2047 2386 2095 autem
2460 2042 2830 2096 consolantur
2887 2043 2944 2095 in
3012 2043 3322 2098 afﬂictione
3380 2043 3673 2114 praesenti,

1983 2131 2081 2202 qui
2111 2131 2180 2185 de
2211 2130 2439 2184 asternis
2466 2130 2762 2185 erudiunt.
2833 2131 3095 2185 Haeretici
3153 2133 3319 2185 amici
3369 2133 3676 2186 nominan-

1980 2224 2096 2287 tur,
2149 2219 2285 2290 quia
2331 2235 2450 2272 non
2516 2235 2583 2273 ex
2644 2235 2746 2272 sua
2767 2219 3043 2290 nequitia,
3071 2221 3168 2273 sed
3195 2236 3263 2273 ex
3294 2224 3485 2273 nostra
3515 2218 3674 2273 beni-

1982 2308 2198 2378 gnitate
2217 2307 2554 2362 nominandi
2609 2311 2776 2362 sunt:
2833 2313 2912 2370 ut,
2955 2329 2976 2355 ι
3034 2308 3250 2371 Amice,
3302 2308 3371 2361 ad
3414 2307 3557 2377 quid
3586 2324 3677 2362 ve-

1981 2396 2115 2450 nisti
2148 2399 2359 2466 (Matth.
2382 2397 2533 2467 xxvi)
2564 2396 2591 2451 ἲ)
2621 2419 2649 2444 ››
2678 2418 2705 2444 ‹‹
2729 2396 3126 2450 Condixerant.
3161 2417 3188 2444 ››
3221 2395 3365 2459 Quia
3409 2396 3673 2466 quasdam

1981 2485 2116 2540 vitia
2147 2489 2344 2539 contra
2377 2502 2478 2540 nos
2531 2485 2682 2539 inter
2738 2502 2794 2538 se
2827 2486 3276 2554 conjunguntur,
3305 2488 3368 2537 ut
3408 2483 3676 2554 superbia

1981 2579 2038 2628 et
2069 2575 2172 2640 ira,
2206 2574 2465 2628 remissio
2497 2579 2552 2626 et
2583 2575 2758 2627 timor
2787 2590 2800 2627 :
2833 2590 2961 2644 quae
2991 2579 3046 2627 et
3089 2574 3134 2625 si
3166 2573 3386 2627 diversa
3420 2573 3552 2640 sint,
3588 2579 3676 2626 ta-

1981 2677 2115 2716 men
2137 2663 2204 2716 ad
2237 2663 2501 2716 eumdem
2539 2662 2709 2716 finem
2739 2663 2998 2728 tendunt,
3029 2662 3082 2716 id
3130 2666 3228 2727 est,
3265 2662 3334 2715 ad
3367 2661 3677 2716 subversio-

1981 2767 2116 2805 nem
2147 2750 2461 2821 spiritualis
2489 2752 2613 2805 Job.

2052 2841 2210 2893 Vens.
2247 2843 2330 2893 12.
2354 2870 2422 2878 ›-
2457 2858 2483 2889 (ι
2520 2841 2774 2910 Cumque
2805 2841 3121 2893 elevassent
3158 2840 3355 2910 procul
3394 2839 3607 2894 oculos.
3648 2861 3669 2886 ι

1981 2928 2088 2992 Qui
2137 2928 2196 2982 in
2227 2929 2342 2982 imo
2401 2934 2533 2981 sunt
2582 2930 2778 2982 oculos
2807 2929 3018 2995 levant,
3053 2933 3176 2992 etc.,
3218 2944 3386 2996 usque
3410 2929 3483 2982 ad
3511 2927 3675 2998 quasi

168 3016 489 3086 plicitatem
545 3017 754 3086 arguit,
814 3017 964 3086 quod
1024 3021 1246 3070 terrena
1295 3016 1537 3087 despicit
1566 3022 1621 3070 et
1659 3023 1872 3072 aeterna
1905 3016 1943 3071 C
1983 3015 2173 3069 hostes
2203 3032 2305 3085 per
2339 3015 2676 3068 intentionis
2735 3016 2979 3069 hostiam
3021 3016 3080 3069 in
3120 3017 3329 3069 amicos
3365 3021 3670 3071 mutamus.

169 3103 357 3174 cupit,
415 3106 577 3175 quasi
627 3105 806 3158 dicat:
874 3104 1020 3168 Quid
1072 3104 1412 3174 simpliciter
1471 3110 1685 3159 aeterna
1727 3107 1871 3176 petis

169 3198 226 3245 et
249 3209 426 3263 super
472 3193 561 3246 his
592 3194 742 3247 male
801 3194 1005 3265 gemis,
1038 3195 1304 3249 excidens
1338 3196 1578 3262 (aeterna
1623 3195 1870 3265 despice)

168 3287 227 3335 et
289 3281 442 3334 mala
498 3281 826 3350 praesentia,
882 3283 969 3335 vel
1029 3284 1281 3336 moriens
1340 3285 1536 3337 evade.
1591 3284 1696 3338 Sed
1753 3285 1873 3337 haec

164 3369 326 3439 passi
355 3373 492 3422 sunt
520 3370 602 3422 illi
659 3370 845 3423 forma
875 3371 1254 3426 rectitudinis.
1305 3374 1462 3426 Unde
1497 3373 1605 3426 ait:
1643 3391 1670 3423 ι(
1704 3373 1872 3437 Quasi

167 3474 286 3510 una
319 3457 388 3510 de
429 3457 634 3521 stultis,
690 3463 817 3524 etc.,
852 3480 878 3506 ››
911 3459 1177 3512 ferientes
1209 3465 1364 3513 extra
1413 3461 1714 3529 sustinent,
1752 3478 1875 3531 per-

167 3561 366 3598 versos
413 3545 566 3599 intus
600 3546 833 3600 docent:
871 3546 951 3600 ibi
1003 3547 1197 3613 fortes,
1232 3549 1322 3602 hic
1342 3549 1766 3603 misericordes:
1795 3551 1874 3604 ibi

168 3634 440 3687 adversos
473 3635 778 3704 repellunt,
811 3634 902 3688 hic
924 3651 1056 3688 suos
1087 3639 1427 3705 protegunt;
1459 3641 1515 3689 et
1536 3638 1752 3706 grande
1792 3643 1877 3692 est

164 3723 231 3776 in
264 3723 386 3776 acie
420 3722 529 3776 hoc
552 3727 858 3793 utrumque
877 3724 1078 3777 facere.
1117 3743 1144 3774 ei
1178 3725 1377 3777 Adhuc
1406 3729 1465 3778 tu
1494 3741 1816 3792 permanes.
1844 3750 1868 3775 ››

165 3813 286 3864 Eva
317 3811 491 3864 verba
559 3827 661 3864 sua
717 3812 946 3881 repetit,
1007 3812 1168 3882 quasi
1225 3812 1462 3866 dicens:
1502 3815 1702 3867 Desere
1735 3816 1870 3869 sim-

163 3899 508 3969 plicitatem,
544 3898 600 3951 id
627 3903 730 3964 est,
791 3884 1201 3966 obedientiam,
1246 3901 1484 3954 vetitum
1515 3903 1870 3957 comedendo

167 3993 501 4042 contemne.
539 4006 566 4036 «
623 3987 866 4041 Benedic
926 3989 1169 4042 Domino
1211 3993 1266 4042 et
1317 4005 1557 4043 morere.
1597 4011 1624 4042 »
1675 3992 1736 4045 Id
1768 3998 1867 4053 est,

168 4076 634 4130 transcendendo
680 4082 1052 4147 prazceptum,
1110 4077 1260 4130 ultra
1291 4093 1465 4148 quam
1514 4095 1573 4131 es
1611 4079 1874 4134 conditus

167 4165 322 4218 vive.
367 4165 504 4218 Vide
527 4165 820 4218 ordinem:
876 4170 1001 4234 post
1030 4165 1264 4218 vulnera
1304 4165 1474 4219 verba
1506 4166 1687 4220 hostis
1719 4168 1870 4222 intu-

165 4253 257 4318 lit,
311 4251 450 4322 quia
507 4269 636 4306 cum
671 4251 752 4305 vis
784 4253 991 4306 doloris
1036 4253 1393 4323 ingravescit,
1450 4255 1669 4308 facilius
1699 4272 1875 4325 parva

1985 3126 2009 3152 ‹‹
2037 3106 2420 3158 Exclamantes
2445 3105 2828 3174 ploraverunt.
2865 3127 2893 3154 n
2947 3105 3086 3169 Quia
3144 3105 3390 3175 speciem
3421 3105 3676 3174 percussi

1978 3193 2146 3262 plaga
2179 3196 2513 3259 mutaverat,
2551 3192 2801 3262 speciem
2849 3195 3272 3247 eonsolatorum
3323 3199 3674 3263 spontaneus

1980 3281 2142 3335 dolor
2179 3281 2473 3334 immutat:
2511 3281 2644 3351 quia
2693 3283 2978 3336 dolentem
3012 3300 3124 3336 non
3155 3287 3340 3352 potest
3368 3282 3673 3348 consolari,

1981 3370 2078 3441 qui
2138 3386 2252 3423 non
2290 3371 2594 3424 concordat
2634 3371 2840 3436 dolori,
2895 3371 2993 3424 sed
3042 3372 3266 3425 haerens
3297 3372 3490 3426 trahit.
3521 3371 3672 3437 Ideo,

1980 3459 2234 3513 videntes
2278 3475 2482 3528 corpus
2529 3459 2784 3522 scissum,
2847 3466 3030 3514 vestes
3082 3460 3387 3526 scindunt;
3419 3461 3675 3514 videntes

1982 3551 2285 3611 mutatum,
2320 3548 2502 3618 capita
2551 3549 2765 3602 fcedant
2793 3551 3046 3618 pulvere,
3081 3553 3142 3603 ut
3187 3549 3408 3603 facilius
3435 3550 3538 3603 Job
3570 3565 3675 3602 au—

1980 3637 2099 3690 diat
2129 3653 2245 3699 eos,
2283 3637 2418 3689 dum
2452 3636 2667 3706 aliquid
2701 3638 2770 3690 de
2809 3654 2909 3690 sua
2967 3638 3272 3692 afﬂictione
3303 3639 3360 3691 in
3392 3638 3472 3691 eis
3499 3638 3672 3693 videt.

1982 3725 2302 3778 Videndum
2351 3729 2545 3778 tamen
2599 3730 2683 3777 est
2730 3727 3095 3794 consolatori,
3128 3743 3198 3778 ne
3257 3727 3429 3779 nimis
3479 3727 3677 3780 dolens

1980 3813 2255 3866 afﬂictum
2286 3817 2500 3882 gravet,
2558 3817 2615 3867 et
2657 3814 2944 3867 dolentem
2979 3815 3280 3884 desperare
3325 3815 3526 3867 faciat:
3559 3816 3675 3868 for-

1983 3901 2126 3954 sitan
2155 3901 2323 3953 amici
2352 3901 2454 3954 Job
2513 3901 2682 3954 nimis
2714 3903 3034 3966 doluerunt,
3068 3903 3383 3955 nescientes
3423 3907 3676 3956 mentem

1982 3989 2264 4059 percussi,
2298 3989 2459 4059 quasi
2492 3989 2586 4042 ille
2615 4006 2646 4042 a
2679 3991 2844 4043 corde
2904 3990 3217 4043 cecidisset.
3254 4011 3275 4038 ¢
3334 3990 3677 4059 Sparserunt

1981 4080 2295 4148 pulverem.
2322 4097 2349 4128 »
2382 4079 2572 4131 Pulvis
2587 4084 2814 4132 terrena
2836 4078 3212 4148 intelligentia
3238 4099 3251 4144 ;
3274 4083 3462 4147 caput,
3481 4095 3674 4146 mens;

1982 4168 2203 4226 coelum,
2234 4172 2583 4236 praeceptum
2606 4183 2870 4237 superna:
2909 4166 3235 4220 locutionis.
3264 4169 3561 4221 Pulverem
3589 4184 3674 4222 su-

1982 4272 2087 4326 per
2117 4261 2287 4325 caput
2341 4256 2399 4309 in
2444 4257 2649 4308 coelum
2706 4255 2950 4323 mittere,
2977 4260 3031 4309 et
3084 4254 3338 4309 saeculari
3386 4256 3673 4311 intellectu

167 4339 473 4410 persuasio
526 4340 776 4409 aliquem
824 4340 1011 4409 capit:
1068 4346 1306 4410 propter
1362 4343 1515 4411 quod
1544 4343 1642 4413 qui
1674 4347 1876 4397 caetera
1916 4350 1959 4402 D
1986 4349 2237 4398 mentem
2269 4360 2654 4414 corrumpere,
2689 4349 2744 4397 et
2775 4345 2843 4398 de
2877 4344 3060 4398 verbis
3094 4343 3417 4398 caelestibus
3449 4349 3678 4400 terrena

169 4429 436 4493 abstulit,
461 4445 697 4482 uxorem
727 4429 1054 4483 reservavit.

245 4518 409 4571 Vens.
452 4521 534 4571 lO.
564 4547 633 4557 —
665 4537 692 4567 «
723 4517 893 4581 Quasi
938 4533 1056 4571 una
1087 4518 1154 4570 de
1189 4518 1390 4578 stultis,
1421 4524 1525 4572 etc.
1564 4540 1589 4569 η
1650 4521 1870 4590 (ϐεδε.)

166 4606 316 4670 Quia
349 4623 568 4670 sensus,
614 4623 726 4660 non
761 4622 922 4659 sexus
950 4606 1011 4659 in
1071 4605 1206 4660 vitio
1240 4613 1356 4660 est:
1389 4625 1501 4661 non
1552 4609 1630 4662 ait
1660 4626 1774 4662 una
1805 4611 1874 4663 de

167 4693 538 4759 mulieribus,
560 4694 658 4746 sed
679 4716 705 4742 ‹‹
725 4694 792 4747 de
817 4694 1002 4747 stultis
1019 4694 1385 4750 mulieribus:
1418 4718 1443 4742 ››
1463 4697 1612 4766 quod
1634 4714 1870 4767 pravum

164 4783 349 4851 sapit,
379 4782 682 4836 accidentis
703 4783 957 4836 stultitiae
984 4789 1088 4849 est,
1123 4801 1239 4838 non
1272 4785 1601 4838 conditione
1635 4791 1870 4839 naturae.

166 4891 196 4920 α
235 4870 296 4924 Si
328 4870 484 4925 bona
542 4872 912 4942 suscepimus,
944 4877 1057 4927 etc.
1094 4893 1120 4922 »
1171 4874 1363 4942 (Ibid)
1397 4875 1597 4945 Magna
1618 4876 1872 4929 consola-

162 4961 255 5014 tio
287 4966 378 5013 est
412 4960 468 5013 in
503 4960 667 5013 malis
692 4961 979 5014 bonorum
1008 4961 1314 5027 reminisci,
1344 4978 1415 5014 ne
1449 4963 1519 5015 sit
1543 4964 1873 5018 omnimoda

163 5048 523 5118 desperatio,
552 5048 694 5101 sicut
712 5049 769 5102 in
792 5050 933 5102 lmtis
955 5054 1232 5119 temperat
1255 5051 1324 5104 ab
1347 5051 1590 5104 elatione
1607 5052 1871 5121 praevisio

161 5138 336 5192 mali.
365 5138 520 5191 Unde
543 5138 782 5192 dicitur:
817 5140 880 5192 In
915 5139 1006 5192 die
1055 5140 1337 5194 bonorum
1371 5157 1442 5193 ne
1475 5140 1549 5192 sis
1571 5140 1875 5194 immemor

161 5227 484 5292 malorum,
521 5229 576 5278 et
601 5226 660 5278 in
692 5226 782 5279 die
822 5227 1103 5280 malorum
1137 5243 1206 5280 ne
1239 5227 1312 5280 sis
1355 5228 1660 5282 immemor
1697 5229 1874 5282 bono-

159 5331 325 5368 rum.
373 5333 399 5363 ‹‹
431 5314 488 5368 Si
533 5314 701 5379 bona,
736 5334 764 5365 »
797 5315 850 5368 id
895 5320 997 5381 est,
1026 5317 1073 5369 si
1122 5316 1194 5370 ad
1241 5321 1452 5370 aeterna
1500 5317 1649 5370 bona
1679 5317 1873 5370 tendi-

161 5421 326 5472 mus,
368 5419 470 5456 cur
499 5419 615 5456 non
648 5404 799 5457 mala
841 5405 1148 5474 praesentia
1174 5405 1521 5459 sustinemus
1544 5405 1571 5459 i’
1599 5426 1625 5452 «
1660 5407 1721 5458 In
1747 5423 1871 5459 om-

162 5494 343 5548 nibus
373 5491 483 5559 his,
509 5511 536 5542 ι)
568 5496 671 5546 etc.
711 5493 900 5561 (Ibid.)
965 5494 1196 5548 Duobus
1245 5493 1430 5547 modis
1461 5492 1624 5546 labiis
1672 5509 1872 5563 pecca-

164 5598 326 5648 mus,
373 5597 504 5635 cum
536 5597 653 5635 non
678 5581 832 5652 justa
869 5582 1132 5644 dicimus.
1175 5583 1259 5636 vel
1281 5599 1414 5636 cum
1441 5582 1592 5652 justa
1621 5587 1873 5637 tacemus

1987 4433 2217 4486 sentire.
2273 4433 2398 4486 Dies
2454 4433 2857 4503 intelligentia,
2918 4449 3031 4486 nox
3082 4433 3430 4502 ignorantia,
3457 4438 3675 4503 septem

1986 4522 2343 4574 universitas.
2415 4522 2626 4575 Sedent
2681 4538 2837 4591 ergo,
2886 4522 2942 4575 id
2995 4527 3097 4588 est,
3135 4522 3588 4575 condescendere
3620 4539 3677 4575 se

1986 4609 2259 4663 simulant
2318 4609 2640 4663 inﬁrmitati
2689 4610 2985 4676 Ecclesiae;
3043 4615 3099 4662 et
3144 4609 3202 4662 in
3232 4610 3320 4662 his
3378 4610 3437 4662 in
3471 4610 3677 4679 quibus

1986 4715 2181 4752 verum
2216 4700 2408 4752 lumen
2438 4699 2790 4769 intelligunt,
2822 4699 2954 4751 etin
3003 4698 3090 4751 his
3122 4698 3180 4750 in
3212 4697 3418 4766 quibus
3469 4698 3678 4751 habent

1985 4787 2389 4858 ignorantiam,
2429 4791 2483 4840 et
2512 4788 2590 4840 sic
2624 4788 2784 4841 dolos
2815 4786 3171 4856 deceptionis
3203 4791 3423 4855 parant.

2057 4877 2215 4928 Vens.
2254 4878 2334 4928 l2.
2370 4905 2432 4916 —
2473 4898 2499 4924 ‹‹
2530 4878 2593 4929 In
2651 4881 2818 4930 terra.
2855 4896 2882 4928 ›)
2915 4876 3078 4943 ξρυὶδ
3107 4875 3351 4946 speciem
3383 4873 3677 4928 humilita-

1985 4964 2054 5017 tis
2099 4964 2424 5028 ostendunt,
2489 4969 2551 5017 ut
2601 4966 2847 5034 superba
2902 4965 3196 5018 suadeant.
3261 4965 3354 5017 Vel
3414 4969 3565 5016 terra
3595 4968 3679 5016 est

1984 5051 2298 5105 incarnatio
2350 5051 2572 5120 Christi,
2622 5069 2796 5123 quam
2846 5054 3081 5123 quidam
3140 5052 3394 5106 haeretici
3426 5069 3541 5106 non
3576 5068 3674 5104 ne-

1983 5145 2138 5210 gant,
2173 5140 2266 5192 sed
2298 5140 2382 5192 vel
2416 5140 2482 5192 de
2507 5140 2733 5207 deitate,
2764 5143 2849 5194 vel
2882 5142 2950 5194 de
2973 5141 3384 5194 incarnationis
3406 5140 3677 5211 qualitate

1983 5228 2369 5283 discordanta
2425 5228 2620 5281 nobis:
2683 5229 2819 5298 quia
2870 5245 3004 5298 ergo
3057 5230 3214 5282 illam
3276 5246 3391 5282 non
3444 5234 3672 5298 negant,

1985 5317 2148 5387 quasi
2178 5333 2306 5371 cum
2334 5317 2438 5370 Job
2492 5317 2549 5369 in
2583 5322 2732 5370 terra
2792 5317 3008 5370 sedent.
3046 5341 3072 5364 ‹‹
3103 5319 3331 5387 Septem
3391 5318 3611 5372 diebus.
3654 5341 3673 5365 ι

1985 5407 2286 5475 lgnoratur
2313 5411 2503 5459 utrum
2552 5405 2840 5472 continue,
2876 5423 2946 5458 an
2977 5410 3061 5458 tot
3098 5406 3297 5458 diebus
3319 5407 3515 5459 crebra
3547 5407 3676 5459 visi-

1985 5494 2564 5548 tationeinsisterent.
2604 5518 2630 5540 ‹‹
2682 5494 2888 5549 Diebus
2917 5498 2971 5547 et
3027 5494 3307 5547 noctibus.
3347 5518 3366 5540 υ
3417 5494 3556 5557 Quia
3592 5497 3680 5548 vel

1984 5583 2040 5637 in
2074 5583 2200 5649 hoc,
2235 5583 2388 5654 quod
2454 5600 2604 5648 vere,
2644 5583 2730 5638 vel
2786 5583 2846 5637 iu
2875 5584 2982 5638 hoc
3034 5583 3187 5654 quod
3221 5583 3392 5637 stulte
3426 5583 3676 5654 sapiunt,
