4034 6180
362 250 469 301 759

980 244 1375 300 WALAFRIDI
1412 244 1660 299 STRABI
1700 244 1894 299 FULD.
1938 243 2100 299 MON.
2142 200 2513 299 OPPIPARS
2551 243 2593 296 Ι.
2635 270 2704 281 --
2742 239 3201 296 THEOLOGICA.
3428 310 3429 315 η
3730 246 3820 298 760

362 369 747 426 incarnationi
803 384 920 423 non
964 368 1380 423 contradicunt.
1418 387 1446 418 α
1489 368 1666 421 Nemo
1720 368 2138 438 loquebaturA
2174 371 2232 421 et
2260 383 2378 421 non
2428 364 2755 420 illustrabit.
2815 365 3065 418 Illustrat
3092 362 3332 425 lumine,
3377 363 3476 436 qui
3527 365 3821 435 arguitzsed

368 460 423 515 ei
450 460 708 514 verbum.
752 476 781 510 ››
836 457 980 522 Quia
1008 462 1144 511 tunc
1180 461 1370 510 tacent
1415 456 1626 522 hostes,
1684 454 1731 508 si
1784 455 1933 510 ﬁlios
1967 454 2065 510 Dei

368 547 739 622 praedicando
772 562 1049 617 generare
1080 543 1461 615 negligimus:
1497 544 1592 598 sed
1629 543 1674 596 si
1693 548 1846 597 recta
1874 544 2067 615 loqui-

372 654 525 705 mur,
578 641 715 690 tunc
763 651 962 704 graves
1008 632 1385 687 contumelias
1424 632 1714 702 ingerunt,
1764 632 1825 685 in
1868 648 2067 686 vocem

371 721 584 777 doloris
641 724 841 772 contra
884 734 987 771 nos
1048 722 1375 787 erumpunt.
1440 718 1775 787 Loquuntur
1831 716 2068 786 quidem

374 809 593 862 semina
623 821 914 860 errorum:
948 821 1077 858 cum
1110 806 1283 858 corda
1320 803 1581 858 fidelium
1610 808 1839 874 torpere
1878 802 2071 857 vident

373 898 468 951 sed
501 912 631 949 cum
679 894 877 949 vident
924 895 1040 948 alta
1065 909 1287 963 sapere,
1317 893 1387 947 de
1438 908 1699 947 aerumna
1746 891 1938 946 saeculi
1967 893 2069 946 do-

372 988 509 1050 lere,
539 984 607 1038 ad
640 984 846 1037 coelum
905 983 1156 1038 reditum
1208 997 1486 1054 quaerere,
1519 981 1922 1053 circumspecte
1960 981 2071 1035 lin-

373 1090 545 1146 guam
577 1072 840 1126 fremant.

451 1182 479 1212 ‹‹
514 1162 692 1215 Nemo
723 1157 1082 1230 loquebatur.
1120 1177 1148 1210 ι)
1180 1158 1320 1212 Sunt
1342 1157 1495 1212 enim
1526 1158 1711 1224 multi,
1747 1161 1876 1224 etc.,
1908 1172 2076 1226 usque

378 1250 453 1305 ad
482 1255 540 1305 et
568 1248 681 1302 nisi
710 1247 984 1303 sacriﬁcio
1014 1252 1352 1318 purgentur,
1386 1246 1664 1318 puniendi
1698 1251 1855 1301 sunt.

457 1357 486 1389 α
539 1337 826 1392 Videbant
868 1336 1018 1390 enim
1079 1335 1353 1389 dolorem.
1405 1358 1431 1385 ιι
1489 1335 1634 1400 Quia
1688 1340 1825 1389 tunc
1871 1334 2080 1388 timent

383 1443 557 1497 prava
580 1426 764 1497 loqui,
796 1441 926 1479 cum
956 1423 1167 1478 amoris
1203 1424 1299 1478 Dei
1326 1424 1487 1478 dolor
1507 1424 1677 1478 corda
1704 1422 1900 1493 ﬁngit:
1943 1422 2080 1493 quia

383 1521 520 1569 tunc
565 1530 681 1568 non
709 1514 1073 1584 proﬁcerent,
1130 1513 1229 1567 sed
1268 1518 1325 1567 et
1378 1529 1520 1584 quos
1571 1511 1862 1575 tenebant,
1913 1510 2080 1565 bonis

385 1602 706 1659 exercitatis
735 1602 1060 1674 perderent.

1056 1743 1281 1798 CAPUT
1312 1742 1410 1797 III.

466 1869 621 1923 Vens.
659 1872 709 1922 l.
742 1897 808 1909 --
843 1888 865 1917 ε
910 1869 1047 1922 Post
1070 1867 1214 1930 haec,
1248 1870 1353 1921 etc.
1384 1886 1406 1914 ι
1442 1866 1699 1921 Attentos
1737 1864 1891 1935 facit,
1923 1865 2086 1937 quasi

392 1956 465 2010 ad
529 1956 748 2009 occulta
807 1971 937 2026 qum
996 1955 1199 2009 clausis
1268 1955 1509 2009 vasculis
1568 1955 1927 2026 tegebantur,
1988 1954 2087 2009 sed

394 2047 592 2115 aperto
626 2060 724 2098 ore
747 2060 949 2098 eorum
977 2044 1348 2114 deteguntur,
1378 2048 1442 2097 ut
1467 2060 1665 2097 eorum
1683 2043 1888 2097 intimo
1916 2043 2088 2097 odore

392 2148 736 2187 recreemur.
789 2134 1093 2203 Hucusque
1148 2133 1353 2204 triplex
1385 2132 1685 2203 expositio,
1734 2132 1870 2186 hinc
1919 2136 2092 2203 prout

395 2222 622 2291 singula
646 2226 974 2292 exspectent
1003 2223 1147 2275 loca.

449 2309 673 2380 '(Gneo.)
708 2327 735 2360 ε(
783 2308 1071 2364 Maledixit
1123 2308 1236 2363 diei
1291 2324 1472 2363 suo.»
1528 2310 1663 2363 Ecce
1704 2308 1811 2363 hoc
1855 2324 1974 2362 non
2003 2325 2091 2363 se-

399 2399 648 2453 cundum
680 2397 933 2452 historiae
970 2397 1352 2468 superﬁciem,
1393 2396 1529 2467 quia
1554 2402 1611 2451 et
1642 2397 1858 2451 malum
1881 2402 1965 2450 est
1984 2396 2095 2451 hoc

396 2493 454 2542 et
480 2487 832 2559 impossible.
870 2486 998 2540 Dies
1040 2485 1197 2540 enim
1226 2484 1288 2537 in
1310 2500 1424 2554 quo
1475 2489 1644 2537 natus
1674 2484 1799 2550 fuit,
1829 2485 1949 2554 jam
1978 2500 2095 2538 non

398 2579 538 2636 erat.
598 2580 656 2629 et
711 2574 962 2628 otiosum
1003 2578 1089 2627 est
1149 2572 1494 2626 maledicere
1523 2571 1608 2625 rei
1667 2588 1781 2625 non
1811 2572 2093 2634 existenti,

396 2663 785 2735 perniciosum
821 2678 956 2715 vero
987 2662 1034 2714 si
1091 2661 1391 2715 existeret:
1421 2676 1525 2714 nec
1571 2662 1692 2731 jam
1729 2665 1920 2731 potest
1973 2661 2096 2715 dies

400 2751 724 2822 praeteritus
769 2749 915 2804 verti
971 2748 1033 2802 in
1076 2748 1360 2814 tenebras,
1394 2764 1499 2802 nec
1540 2749 1593 2803 ei
1622 2754 1860 2820 possunt
1887 2765 2097 2803 conve-

403 2839 526 2893 nire
551 2844 755 2893 caetera
783 2853 911 2908 qua:
943 2842 1244 2907 sequntur,
1304 2852 1405 2890 nec
1435 2836 1721 2891 abortivus
1766 2837 1938 2908 (quod
1970 2841 2099 2909 post

2174 455 2338 527 quasi
2367 454 2600 526 tegitur,
2632 452 2733 524 qui
2762 452 2824 506 in
2862 452 3141 506 memoria
3164 452 3376 521 judicis
3407 469 3522 507 non
3549 460 3822 507 revocatur.

2176 542 2364 597 Unde:
2400 563 2427 591 ¢
2461 542 2717 605 Quorum
2774 545 2923 596 tecta
2977 546 3111 594 sunt
3164 546 3389 611 peccata
3441 543 3606 610 (Psal.
3656 558 3825 606 xxxi,»

2175 647 2280 686 nec
2298 637 2435 684 tunc
2464 632 2526 684 in
2542 634 2849 701 conspectu
2879 630 3139 683 omnium
3175 635 3580 684 monstrentur.

2247 721 2408 773 Vens.
2483 723 2533 773 5.
2599 750 2671 761 —
2722 720 2908 773 «Non
2956 718 3292 784 illustretur,
3358 724 3488 785 etc.,
3567 720 3833 773 obscurent

2179 824 2331 863 eum.
2367 828 2393 859 »
2420 808 2483 861 Id
2509 812 2612 873 est,
2648 808 2797 860 d'wm
2822 807 3232 871 delectationis,
3258 823 3328 859 ne
3350 807 3419 860 ab
3450 823 3517 860 eo
3547 806 3642 877 qui
3671 808 3835 860 omnia

2178 897 2351 962 videt,
2393 896 2674 950 videatur.
2704 917 2730 947 α
2768 895 3060 949 Tum-brae.
3101 918 3121 941 ι
3152 895 3373 964 (Gnec.)
3404 895 3463 948 Id
3489 900 3591 960 est,
3620 894 3837 947 lamenta

2180 984 2535 1057 poenitentiae
2563 985 2649 1038 vel
2681 984 2901 1037 occulta
2951 983 3048 1038 Dei
3077 982 3310 1053 judicia,
3353 999 3384 1035 a
3417 981 3623 1052 quibus
3654 998 3836 1051 praeve-

2182 1074 2378 1128 niente
2444 1073 2627 1143 gratia
2693 1072 3065 1139 absolvimur,
3119 1088 3293 1143 quam
3338 1087 3441 1124 nos
3510 1070 3708 1124 mereri
3756 1087 3838 1123 ne-

2184 1162 2413 1216 scimus.
2452 1182 2479 1209 ‹‹
2503 1162 2565 1214 Et
2590 1162 2793 1215 umbra
2822 1161 3044 1214 mortis.
3084 1182 3110 1209 ι
3140 1161 3199 1214 ld
3228 1165 3331 1226 est,
3387 1175 3540 1213 mors
3562 1158 3751 1214 Christi
3771 1174 3839 1211 se-

2185 1250 2436 1303 cundum
2465 1264 2716 1314 carnem,
2766 1253 2894 1316 etc.,
2928 1263 3097 1317 usque
3127 1248 3201 1301 ad
3230 1247 3289 1301 in
3320 1263 3433 1318 quo
3492 1246 3843 1300 misericordia

2187 1337 2468 1402 subvenit,
2514 1338 2623 1390 hoc
2678 1338 2851 1390 homo
2890 1337 3128 1407 puniat:
3185 1336 3337 1389 unde
3390 1336 3669 1406 sequitur:
3705 1356 3724 1383 ι
3760 1334 3843 1387 0c-

2188 1430 2360 1495 cupet
2382 1441 2513 1479 eum
2546 1424 2751 1495 caligo.
2786 1446 2813 1474 ››
2845 1425 2908 1479 Id
2961 1428 3064 1491 est,
3116 1423 3323 1478 mentis
3352 1422 3632 1487 confusio,
3666 1421 3728 1475 de
3755 1437 3846 1491 qua

2190 1513 2425 1568 dicitur:
2483 1533 2510 1563 α
2564 1514 2657 1566 Est
2720 1512 2875 1566 enim
2934 1512 3195 1566 confusio
3272 1511 3559 1565 adducens
3617 1509 3844 1580 gloriam.

2192 1602 2387 1673 (Eccli.
2422 1603 2515 1671 1v.)
2554 1623 2574 1649 ι
2634 1622 2661 1650 ‹‹
2695 1602 2764 1655 Et
2802 1601 3139 1654 involvatur.
3178 1622 3199 1647 ιι
3239 1599 3411 1654 Omni
3448 1604 3629 1670 parte.
3662 1602 3846 1651 «Ama-

2193 1690 2467 1745 ritudine.
2502 1709 2529 1741 ››
2563 1689 2955 1744 Poenitentiaa:
2981 1690 3080 1743 sed
3111 1689 3158 1743 si
3180 1689 3323 1754 dies,
3354 1688 3413 1742 id
3438 1693 3542 1755 est,
3590 1686 3850 1741 delectatio

2194 1777 2431 1848 peccati,
2482 1777 2562 1832 sic
2587 1777 2829 1849 punitur
2860 1795 2876 1830 :
2921 1776 3062 1848 quid
3105 1792 3236 1843 nox,
3261 1776 3319 1830 id
3349 1780 3458 1843 est,
3487 1791 3779 1829 consensus
3796 1773 3851 1827 ad

2195 1868 2423 1936 culpam
2446 1866 2475 1919 ?

2267 1956 2433 2009 Vens.
2469 1957 2519 2010 6.
2550 1986 2617 1994 ——
2648 1976 2670 2003 ι
2723 1955 2956 2009 Noctem
2986 1954 3145 2007 illam
3176 1954 3516 2008 tenebrosus
3547 1952 3706 2006 turbo
3748 1967 3852 2021 pos-

2198 2043 2401 2097 sideat.
2436 2062 2464 2095 »
2497 2042 2667 2107 Quasi
2689 2043 2857 2097 turbo
2888 2042 3242 2112 tempestatis
3273 2049 3358 2096 est
3385 2041 3717 2104 concitatus,
3747 2042 3851 2101 etc.,

2197 2148 2367 2201 usque
2386 2132 2460 2185 ad
2474 2144 2580 2202 pro
2611 2131 2864 2185 caecitate
2883 2130 3271 2184 damnationis
3301 2130 3360 2183 in
3382 2146 3499 2201 qua
3529 2128 3647 2183 nati
3672 2142 3851 2181 sumus.

2204 2243 2231 2272 «
2261 2223 2387 2276 Non
2410 2226 2773 2291 computetur
2801 2220 2863 2275 in
2894 2220 2984 2275 die
3006 2220 3141 2274 anni
3180 2239 3207 2271 ››
3240 2222 3441 2273 Annus
3472 2234 3712 2290 superna
3754 2232 3852 2285 gra-

2200 2310 2299 2375 tia,
2334 2316 2465 2379 etc.,
2509 2325 2679 2378 usque
2707 2309 2781 2362 ad
2828 2309 2924 2363 sed
2956 2325 3121 2363 exors
3169 2309 3240 2362 ab
3288 2308 3385 2362 illa
3429 2308 3616 2379 patria
3645 2307 3699 2361 in
3724 2310 3854 2359 aeter-

2200 2416 2343 2454 num
2373 2404 2474 2453 est.
2512 2398 2668 2453 Unde
2699 2397 2924 2451 subdit:
3701 2390 3703 2393 ’

2274 2488 2436 2541 Vens.
2483 2491 2539 2541 7.
2592 2517 2661 2527 —
2714 2486 2845 2541 «Sit
2899 2502 3009 2539 nox
3039 2485 3138 2539 illa
3197 2485 3470 2541 solitaria.
3506 2504 3535 2537 ι)
3565 2483 3749 2549 Quiaa
3777 2482 3860 2536 fre-

2204 2576 2440 2647 quentia
2473 2576 2572 2629 illa
2625 2580 2942 2647 separatur;
2976 2576 3064 2629 vel
3095 2575 3412 2642 hominem,
3464 2591 3635 2646 quem
3663 2573 3760 2627 sibi
3784 2587 3859 2623 so-

2204 2665 2357 2719 cium
2409 2665 2642 2733 fecerat,
2695 2664 2942 2718 amittit:
2992 2669 3049 2718 et
3106 2662 3297 2717 electis
3354 2678 3463 2733 per
3520 2661 3751 2733 gratiam
3792 2675 3859 2713 re-

2206 2752 2455 2824 demptis
2502 2754 2656 2808 solus
2713 2768 2844 2807 cum
2884 2768 3131 2823 corpore
3179 2768 3282 2805 suo
3313 2752 3597 2823 gehennae
3636 2750 3859 2805 traditur.

2211 2864 2234 2891 ι
2272 2842 2383 2895 Nec
2440 2842 2607 2896 laude
2659 2842 2851 2912 digna.
2890 2862 2912 2889 ι
2963 2842 3146 2895 Homo
3195 2857 3323 2894 cum
3370 2840 3707 2904 substratus,
3745 2836 3865 2890 idola

402 2927 502 2998 ait)
526 2926 723 2997 requie
744 2926 1049 2995 frueretur,
1074 2925 1308 2980 ideohic
1331 2925 1471 2980 nihil
1491 2926 1806 2980 secundum
1828 2926 2094 2980 litteram.
2131 2942 2170 2998 ο
2208 2931 2405 2997 coluit,
2467 2931 2528 2985 in
2588 2930 2796 3001 quibus
2833 2929 3121 2984 dmmonia
3178 2929 3342 3000 quasi
3398 2929 3659 2983 tenebras
3720 2925 3865 2979 noctis

480 3036 508 3066 ‹‹
529 3018 663 3070 Post
692 3015 831 3069 hinc.
871 3036 893 3063 ι
920 3014 979 3068 Id
1009 3021 1099 3069 est
1128 3019 1258 3086 post
1278 3015 1474 3069 omnia
1502 3015 1796 3085 praedicta,
1828 3031 1957 3086 quae
1985 3032 2104 3085 pas-

406 3121 503 3159 sus
534 3108 638 3171 est,
670 3103 987 3158 tacentibus
1030 3103 1203 3158 etiam
1233 3103 1449 3158 amicis.
1493 3104 1635 3159 Cum
1662 3120 1795 3176 ergo
1823 3104 2106 3175 patienter

409 3194 468 3248 in
499 3192 769 3247 omnibus
818 3192 1032 3262 gratias
1080 3191 1201 3262 egit
1229 3196 1285 3245 et
1337 3192 1484 3245 bene
1514 3192 1730 3258 docuit,
1762 3208 1913 3246 nunc
1942 3193 2102 3246 nullo

407 3282 717 3352 instigante
744 3296 863 3334 non
892 3285 978 3334 est
993 3280 1308 3333 credendus
1334 3280 1775 3349 eximpatientia
1792 3280 2107 3335 admaledi—

411 3370 657 3424 ctionem
675 3383 1072 3437 prorumpere,
1110 3367 1207 3421 sed
1232 3368 1459 3437 quietus
1475 3367 1585 3421 hoc
1604 3367 1755 3429 dicit,
1790 3367 1927 3439 quia
1958 3367 2108 3422 inter

410 3456 562 3511 mala
618 3454 870 3508 laudavit
917 3455 1119 3508 Deum.
1159 3473 1186 3502 «
1242 3453 1543 3508 Maledixit.
1576 3476 1604 3505 ››
1652 3453 1834 3526 (Ibid.)
1870 3455 2105 3511 Maledi-

411 3549 566 3598 ctum
596 3542 824 3597 duobus
865 3541 1051 3596 modis
1083 3541 1311 3608 dicitur,
1349 3546 1479 3609 etc.,
1501 3542 1757 3611 usquead
1777 3547 1833 3598 et
1859 3543 2106 3597 medica-

413 3647 550 3686 men
571 3629 756 3701 ponit.

486 3720 642 3772 Vers.
674 3721 725 3773 3.
757 3746 826 3758 —
855 3739 877 3768 ι
913 3719 1115 3773 Pereat
1145 3717 1265 3772 dies
1295 3717 1356 3771 in
1386 3733 1499 3789 qua
1526 3722 1694 3772 natus
1746 3734 1898 3775 sum.
1923 3743 1948 3767 ιο
1986 3720 2109 3774 Non

415 3807 699 3866 conditus,
758 3810 889 3875 etc.,
948 3821 1118 3875 usque
1164 3806 1240 3860 ad
1301 3806 1400 3861 sed
1454 3806 1667 3877 peccati
1708 3807 1974 3862 tenebras
2024 3808 2110 3862 in-

416 3896 567 3951 tulit.

488 4006 516 4035 ‹
546 3986 746 4039 Pereat
804 3983 943 4039 dies.
992 4005 1013 4033 ι
1052 3984 1200 4053 Dies,
1262 3984 1465 4039 mundi
1503 3984 1872 4055 prosperitas,
1920 3986 2019 4057 qui
2047 3985 2109 4041 in

416 4078 578 4128 nocte
609 4071 835 4139 desinit,
902 4072 1039 4143 quia
1068 4073 1140 4127 ad
1190 4072 1619 4127 tribulationem
1666 4073 1958 4143 perducit:
1998 4076 2105 4141 vel,

418 4161 560 4231 dies,
589 4160 803 4231 peccati
853 4161 1191 4227 delectatio;
1243 4177 1378 4228 nox,
1413 4161 1622 4215 mentis
1651 4161 1891 4215 caecitas.
1926 4162 2109 4216 Homo

419 4221 608 4304 tribus
662 4248 852 4303 modis
897 4248 1126 4319 dicitur,
1173 4221 1277 4320 per
1326 4221 1612 4318 naturam,
1645 4265 1749 4319 per
1777 4251 2025 4319 culpam,
2058 4255 2114 4305 et
2138 4221 2182 4275 D

420 4352 527 4408 per
569 4335 982 4390 inﬁrmitatem.
1040 4337 1218 4389 Homo
1249 4352 1385 4406 ergo
1433 4336 1491 4389 in
1523 4336 1614 4390 die
1645 4336 1916 4402 nascitur,
1949 4341 2115 4392 nocte

422 4424 770 4495 concipitur:
816 4425 954 4496 quia
1009 4424 1080 4479 ad
1130 4424 1563 4479 delectationem
1604 4424 1824 4494 peccati
1883 4440 2001 4479 non
2024 4442 2113 4479 ra-

422 4513 598 4586 pitur,
632 4512 744 4567 nisi
775 4513 934 4583 prius
962 4528 1067 4584 per
1099 4512 1308 4567 mentis
1336 4512 1601 4567 tenebras
1632 4511 1979 4569 inﬁrmetur.
2007 4514 2116 4569 Sed

424 4605 622 4674 pereat
672 4600 811 4667 dies,
843 4600 903 4655 id
931 4606 1034 4668 est,
1083 4600 1303 4671 peccati
1327 4599 1627 4655 delectatio
1660 4599 1858 4671 vigore
1875 4601 2117 4673 justitia:

425 4690 779 4746 destruatur.

502 4799 531 4828 ‹‹
550 4778 619 4831 Et
650 4793 784 4831 nox.
818 4796 846 4829 ιυ
891 4776 1071 4848 (Greg.
1115 4779 1173 4831 in
1213 4776 1310 4832 Job
1344 4776 1378 4831 l.
1414 4775 1512 4847 ιν.)
1556 4776 1618 4831 Id
1647 4779 1752 4843 est,
1809 4776 1965 4848 quod
2015 4792 2119 4831 cas-

426 4872 553 4923 cata
598 4882 762 4922 mens
793 4882 896 4938 per
940 4882 1280 4920 consensum
1335 4869 1643 4937 perpetrat,
1706 4865 1844 4920 dum
1887 4866 2118 4921 blandi-

428 4960 625 5010 menta
671 4954 1062 5010 delectationis
1112 4960 1275 5009 caute
1315 4972 1429 5009 non
1462 4954 1751 5026 perspicit,
1784 4955 2120 5026 pcenitentia

430 5043 778 5115 exstinguat:
807 5059 880 5098 ne
911 5044 1097 5115 culpa,
1130 5060 1280 5115 quae,
1312 5042 1560 5098 blandiri
1588 5043 1811 5113 incipit,
1846 5044 1916 5097 ad
1938 5043 2117 5098 inter-

429 5134 577 5189 itum
608 5134 813 5189 trahat.

497 5224 657 5278 Vens.
714 5224 765 5277 4.
797 5252 867 5263 -
892 5242 919 5272 ‹‹
979 5222 1106 5276 Dies
1135 5222 1253 5290 illa,
1285 5243 1311 5271 »
1362 5224 1468 5277 etc.
1495 5220 1685 5291 (Ibid)
1721 5220 1784 5274 Id
1815 5224 1918 5286 est,
1957 5235 2117 5273 exor-

428 5310 523 5366 dio
569 5311 981 5379 delectationis,
1028 5311 1101 5365 ad
1131 5328 1305 5382 quem
1354 5312 1529 5365 finem
1571 5309 1909 5382 perditionis
1948 5309 2116 5380 rapit,

426 5399 704 5463 videatur,
738 5406 795 5455 et
840 5416 944 5471 per
974 5400 1370 5472 paenitentiam
1423 5400 1722 5454 crucietur.
1757 5399 1918 5464 Quod
1967 5399 2014 5453 si
2039 5398 2119 5453 ita

426 5487 629 5561 punita
675 5493 778 5544 est.
812 5508 841 5540 α
873 5490 997 5545 Non
1037 5489 1311 5562 requirat.
1346 5508 1375 5541 ››
1431 5490 1494 5544 In
1518 5488 1737 5559 judicio
1774 5493 1835 5543 ut
1872 5488 2114 5560 puniat:

2209 3018 2494 3073 laudavit:
2540 3018 2639 3072 sed
2675 3018 2796 3089 jam
2852 3017 3021 3072 idolis
3052 3016 3393 3088 reprobatis,
3441 3033 3558 3071 nox
3606 3019 3685 3071 est
3728 3013 3865 3067 laude

2210 3105 2402 3176 digna.

2282 3193 2440 3246 Vens.
2476 3194 2529 3247 8.
2588 3221 2656 3232 —-
2689 3210 2718 3243 ‹‹
2776 3190 3110 3247 Maledicant
3167 3190 3237 3245 ei.
3280 3211 3310 3241 2
3370 3190 3563 3263 (Ibid.)
3617 3191 3677 3243 In
3721 3181 3869 3240 veteri

2210 3280 2602 3347 translatione,
2630 3283 2759 3347 etc.,
2813 3295 2982 3347 usque
3008 3279 3083 3333 ad
3114 3284 3172 3333 et
3206 3280 3270 3332 in
3320 3279 3436 3333 ﬁne
3468 3280 3683 3332 solutus
3708 3278 3868 3346 aperte

2212 3370 2360 3424 bella
2418 3372 2647 3438 gerat.«
2709 3367 3036 3421 Leviathan.
3087 3386 3114 3420 ι»
3170 3368 3233 3422 Id
3289 3373 3393 3434 est,
3453 3367 3867 3421 additamentum

2213 3455 2521 3526 eorum,.id
2574 3465 2679 3519 est,
2734 3455 3055 3523 hominum,
3088 3455 3148 3509 in
3200 3455 3408 3526 quibus
3438 3460 3568 3525 post
3596 3450 3869 3524 suggestio-

2216 3560 2347 3599 nem
2394 3545 2546 3598 mala
2597 3543 2809 3598 addere
2840 3559 2957 3597 non
3005 3548 3204 3598 cessat.
3236 3544 3332 3597 Vel
3381 3542 3867 3613 exprobrationem,

2216 3632 2354 3705 quia
2382 3648 2512 3686 cum
2567 3632 2703 3687 Adae
2761 3632 2968 3686 addere
2999 3631 3271 3685 deitatem
3297 3632 3629 3703 spopondit,
3670 3633 3721 3684 et
3749 3625 3871 3699 quod

2214 3721 2479 3787 habebat,
2523 3720 2777 3775 abstulit.
2837 3720 2936 3774 Hic
2965 3736 2999 3773 a
3029 3720 3312 3790 propheta
3353 3736 3591 3790 serpens
3621 3722 3871 3771 tortuosos

2216 3810 2444 3875 dicitur,
2477 3809 2577 3879 qui
2607 3808 2857 3863 molliter
2886 3808 3048 3879 quasi
3100 3808 3325 3863 blandis
3354 3809 3659 3862 verborum
3698 3803 3872 3859 ﬁnibus

2216 3897 2454 3952 insidias
2482 3897 2752 3951 infundit.
2800 3897 2866 3951 Et
2895 3897 3088 3963 vectis,
3119 3897 3255 3967 quia
3299 3897 3476 3950 durus
3506 3913 3608 3968 per
3636 3892 3872 3949 malitiam

2216 3986 2289 4040 ad
2347 4000 2545 4039 necem
2577 3985 2843 4056 percutit.
2902 3985 3212 4040 Suscitatus
3249 3990 3444 4056 aperte
3490 3990 3639 4057 aget,
3676 3978 3873 4036 interim

2218 4078 2409 4129 autem
2433 4075 2688 4129 latenter.

2288 4164 2452 4219 Vens.
2511 4166 2563 4216 9.
2598 4192 2670 4203 —
2703 4183 2724 4211 ι
2773 4161 3026 4233 Caligine
3062 4181 3090 4212 »
3153 4162 3287 4233 Ejus
3349 4162 3551 4216 noctis.
3591 4182 3619 4209 «
3662 4160 3872 4215 Obtene-

2222 4252 2460 4307 brentur
2511 4251 2709 4305 stellae.
2744 4269 2771 4302 »
2840 4250 2901 4304 Id
2955 4256 3059 4319 est,
3101 4250 3435 4321 bypocritae,
3466 4251 3568 4322 qui
3599 4250 3773 4305 lucent
3794 4257 3873 4314 per

2222 4356 2397 4411 Opera
2425 4340 2495 4394 ad
2521 4339 2713 4393 oculos
2742 4338 3061 4393 hominum.
3097 4340 3195 4394 Hae
3240 4345 3376 4393 sunt
3404 4356 3535 4411 quae
3564 4338 3734 4393 cauda
3768 4334 3873 4387 dra—

2223 4427 2399 4495 conis,
2428 4426 2487 4482 id
2535 4432 2634 4493 est,
2697 4431 2951 4481 extrema
2978 4427 3371 4498 persecutione
3408 4423 3748 4485 Antichristi,
3779 4426 3871 4474 tra-

2222 4516 2468 4585 huntur;
2516 4515 2606 4569 ha:
2655 4514 3121 4582 obtenebrantur,
3180 4516 3318 4587 quia
3363 4516 3585 4571 malitia
3632 4512 3792 4569 hostis
3815 4507 3875 4560 sic

2223 4605 2496 4675 praevalet
2525 4603 2625 4672 eis,
2659 4608 2724 4658 ut
2749 4603 2958 4674 apertis
2991 4604 3155 4658 malis
3181 4605 3565 4671 involvantur,
3599 4602 3779 4675 quales
3804 4598 3873 4651 in-

2222 4698 2335 4759 tus,
2360 4692 2501 4747 tales
2521 4695 2794 4748 exterius.
2830 4714 2850 4741 ι
2869 4693 3167 4763 Exspectet
3183 4693 3390 4748 lucem.
3417 4713 3445 4742 »
3472 4694 3588 4747 Hoc
3602 4686 3873 4745 secundum

2226 4780 2483 4835 membra
2513 4780 2655 4851 ejus,
2716 4785 2847 4848 etc.,
2880 4795 3049 4850 usque
3095 4780 3169 4834 ad
3198 4796 3329 4851 quae
3359 4780 3641 4837 Christum
3670 4774 3873 4848 prophe-

2224 4871 2395 4925 tando
2417 4869 2705 4933 sustinuit,
2728 4870 2828 4924 sed
2853 4869 3175 4924 venientem
3194 4886 3311 4924 non
3336 4869 3618 4940 cognovit.
3645 4886 3671 4917 (ι
3688 4866 3787 4919 Nec
3807 4874 3874 4913 or-

2223 4960 2347 5010 tum
2390 4955 2674 5026 surgentis
2723 4971 2965 5010 aurorae.
3000 4976 3028 5004 »
3090 4955 3273 5025 (1bid.)
3332 4955 3502 5011 Ortus
3556 4965 3761 5007 aurorae
3810 4946 3872 4997 est

2227 5060 2373 5099 nova
2410 5043 2677 5098 nativitas
2706 5043 3160 5106 resurrectionis,
3212 5061 3326 5115 qua
3372 5043 3549 5098 sancti
3577 5057 3699 5097 cum
3734 5046 3871 5091 carne

2227 5132 2486 5187 orientur
2506 5131 2576 5185 ad
2605 5130 2912 5185 videndum
2934 5132 3130 5186 lumen
3152 5138 3450 5186 aeternum.
3475 5131 3581 5185 Sed
3606 5130 3869 5200 quantum-

2227 5236 2454 5290 cunque
2486 5220 2579 5274 hic
2603 5219 2862 5290 fulgeant
2926 5220 3112 5286 electi,
3138 5226 3433 5290 nequeunt
3460 5224 3739 5291 penetrare
3765 5222 3865 5281 qua

2227 5309 2336 5363 erit
2366 5308 2463 5363 illa
2483 5308 2665 5379 gloria
2720 5308 2873 5361 illius
2903 5324 3064 5361 novas
3104 5308 3450 5362 nativitatis:
3509 5309 3627 5361 haec
3655 5317 3754 5357 nox
3776 5310 3865 5351 non

2226 5397 2449 5461 clausit,
2511 5396 2608 5452 sed
2669 5397 2893 5466 aperuit
2912 5396 3052 5450 ostia
3092 5396 3324 5461 ventris,
3357 5396 3491 5467 quia
3518 5394 3768 5461 concepto
3791 5386 3866 5439 lio-

2225 5489 2402 5554 mine,
2430 5486 2499 5541 ad
2530 5489 2824 5557 peccatum
2854 5483 3137 5540 desideria
3174 5481 3659 5556 concupiscentiae,
3690 5487 3863 5532 resera-
