4082 6184
221 282 316 334 Ἶ61

1396 276 1647 332 GLOSSA
1686 274 2104 331 ORDINARIA.
2145 304 2217 315 —
2256 276 2381 330 LIB.
2424 274 2564 330 JOB.

3628 283 3735 335 762

221 401 318 454 vit.
352 400 449 455 His
470 404 663 455 autem
692 398 875 467 ostiis,
910 398 968 454 id
1018 401 1122 464 est,
1182 398 1482 469 desideriis
1510 398 1921 469 concupiscen-
1949 399 1997 451 Α
2034 402 2121 452 ter
2150 415 2183 451 a
2205 415 2310 452 sua
2346 398 2558 452 virtute
2593 397 2801 465 deﬁcit,
2836 402 2891 452 et
2911 414 3026 469 quo
3057 397 3260 453 fortius
3295 402 3510 453 aeterna
3566 400 3730 470 petit,

226 490 319 543 tiae
351 489 591 544 carnalis
622 488 907 556 reseratis,
935 487 1002 541 ad
1026 486 1332 541 innumera
1361 486 1746 557 corruptionis
1773 488 1921 540 mala

220 580 626 649 pertrahimur.
659 578 813 633 Unde
842 576 1064 649 gravati
1102 576 1422 647 gemimus:
1458 576 1593 647 quia
1624 577 1733 630 hoc
1757 576 1922 646 justi-

220 668 301 722 tia
331 668 522 739 exigit,
574 672 636 723 ut
694 668 849 738 quod
904 670 1102 737 sponte
1162 666 1422 733 fecimus,
1490 665 1657 720 inviti
1714 667 1926 720 tolere-

226 772 377 810 mus.

298 846 457 899 Vens.
496 848 578 898 l0.
623 875 694 885 —-
739 866 761 893 ι
798 843 940 908 Quia
991 859 1105 897 non
1160 843 1439 898 conclusit
1509 841 1655 897 ostia
1687 842 1924 912 ventris,

227 937 334 987 etc.
360 952 385 983 ››
419 934 533 987 Hoc
562 932 631 987 de
659 932 783 1002 ipso
806 931 1014 1001 capite,
1047 936 1175 992 etc.,
1232 946 1401 1000 usque
1449 931 1524 985 ad
1570 935 1633 985 ut
1677 931 1929 985 latrones

226 1022 472 1077 dicimus
502 1020 680 1091 captis
709 1019 884 1074 vitam
910 1020 1067 1086 dare,
1100 1020 1148 1073 si
1171 1036 1287 1073 non
1317 1020 1605 1074 auferunt.

300 1110 457 1163 Vens.
492 1114 573 1164 ll.
604 1140 670 1149 ο-
704 1128 731 1160 α
767 1110 950 1173 Quare
985 1125 1098 1161 non
1138 1108 1198 1161 in
1228 1110 1393 1161 vulva
1425 1114 1686 1162 mortuus
1717 1124 1862 1162 sum.
1904 1130 1925 1157 ι

229 1200 359 1253 Non
392 1204 477 1253 est
505 1198 878 1265 credendum,
918 1205 1049 1264 etc.,
1072 1213 1241 1268 usque
1262 1197 1336 1250 ad
1365 1212 1436 1251 ne
1486 1197 1556 1250 ad
1610 1197 1931 1251 delectatio-

230 1304 369 1342 nem
429 1287 720 1357 suggestio
775 1287 1046 1340 traheret.
1106 1287 1171 1339 Et
1227 1301 1489 1355 egressus
1555 1302 1622 1339 ex
1679 1291 1862 1339 utero.
1903 1309 1924 1335 ι

230 1374 458 1445 (ΟΒΕΟ.)
490 1374 631 1438 Quia
660 1380 956 1444 peccatum
990 1378 1327 1443 conceptum
1352 1374 1523 1441 foras,
1578 1378 1705 1439 etc.,
1764 1388 1930 1441 usque

229 1462 307 1516 ad
336 1462 474 1516 dum
505 1461 933 1515 contentionem
965 1460 1216 1531 propriae
1274 1460 1459 1514 carnis
1517 1468 1718 1513 contra
1756 1459 1929 1530 spiri-

228 1556 357 1605 tum
386 1551 597 1605 ferunt.

2033 504 2098 542 eo
2156 488 2336 557 magis
2366 488 2565 553 fessus,
2623 487 2684 541 in
2716 487 2957 541 terrenis
2997 486 3256 542 moritur.
3296 488 3491 542 Unde:
3530 506 3555 539 «
3588 488 3730 542 Con-

2033 574 2290 644 cupiscit,
2363 580 2420 628 et
2478 574 2668 628 deficit
2753 574 2943 628 anima
2999 591 3126 628 mea
3181 575 3241 627 in
3298 575 3443 628 atria
3502 575 3734 628 Domini

2034 664 2207 733 (Psal.
2241 665 2494 732 xxxvm).
2529 685 2556 712 »
2594 665 2738 717 Dum
2773 663 2853 717 ibi
2882 663 3019 717 dicit
3044 665 3255 732 lucem,
3288 664 3478 717 locum
3529 664 3735 718 electo-

2034 768 2161 805 rum
2196 768 2309 823 quo
2340 752 2724 818 continentur,
2751 751 3021 805 ostendit.

2109 842 2279 895 Vens.
2318 843 2401 895 18.
2438 871 2499 880 --
2544 861 2571 891 (ι
2607 842 2669 895 Et
2708 840 2998 911 quondam
3042 840 3235 893 vincti.
3274 862 3295 888 ιι
3328 840 3492 907 Justi,
3562 840 3668 895 etsi
3702 858 3736 894 a

2035 928 2331 983 desideriis
2376 928 2575 999 quieti,
2628 930 2765 983 dum
2810 934 3004 983 tamen
3056 929 3116 982 in
3160 945 3420 999 corpore,
3474 929 3735 982 molestia

2037 1033 2154 1070 suae
2211 1017 2593 1087 corruptionis
2649 1016 2812 1087 ligati
2864 1022 3011 1070 sunt.
3077 1017 3295 1087 Corpus
3329 1017 3484 1071 enim
3541 1021 3738 1088 gravat

2039 1106 2312 1172 animam,
2348 1110 2403 1159 et
2424 1111 2703 1175 repugnat
2734 1122 2863 1159 caro
2893 1106 3141 1175 spiritui.
3223 1106 3363 1159 Sunt
3409 1110 3464 1159 et
3511 1105 3737 1158 vincula

2037 1208 2333 1261 corporea,
2367 1191 2565 1257 fames,
2595 1192 2734 1260 sitis,
2752 1199 2805 1246 et
2834 1193 3163 1263 hujusmodi
3191 1210 3319 1264 quae
3338 1194 3427 1246 hic
3446 1198 3738 1263 nequeunt

2039 1280 2218 1335 solvi:
2253 1280 2349 1335 sed
2381 1286 2438 1335 et
2467 1281 2536 1335 ab
2568 1282 2835 1336 omnibus
2868 1282 2926 1335 in
2960 1282 3220 1336 libertate
3253 1283 3451 1352 glorias
3482 1282 3735 1336 ﬁliorum

2043 1369 2134 1423 Dei
2170 1370 2489 1424 solventur.
2533 1370 2664 1424 Vide
2697 1371 2944 1441 gradus:
2985 1370 3150 1441 impii
3181 1370 3437 1424 conversi
3475 1377 3733 1438 cessant;

2041 1457 2329 1511 exercitati
2360 1457 2419 1511 in
2450 1458 2653 1512 intimo
2682 1458 2810 1511 sinu
2852 1459 3183 1529 quiescunt:
3236 1476 3268 1512 a
3315 1460 3556 1513 vinculis
3605 1476 3737 1513 cor-

2042 1544 2329 1614 ruptionis
2388 1545 2633 1599 absoluti
2690 1546 2759 1599 ad
2831 1546 3157 1600 libertatem
3218 1548 3577 1618 perveniunt.
3630 1548 3736 1602 Sed

301 1640 468 1693 Vens.
512 1642 594 1707 13,
630 1639 713 1693 14.
745 1667 815 1676 -
848 1656 876 1689 α
906 1638 1067 1691 Nunc
1097 1636 1270 1690 enim.
1309 1655 1335 1687 »
1370 1636 1551 1705 (Ibid.)
1600 1638 1707 1690 Per
1756 1653 1926 1705 nunc,
1964 1673 2004 1726 Β
2042 1633 2180 1704 quid
2213 1633 2306 1687 hic
2339 1632 2569 1687 interim
2602 1634 2847 1705 egerint,
2880 1636 3070 1689 subdit
3103 1651 3114 1689 :
3155 1658 3181 1685 (ι
3212 1636 3319 1700 Qui
3372 1653 3489 1691 non
3539 1636 3735 1691 audie-

227 1728 390 1799 quod
446 1733 530 1782 est
573 1726 873 1798 praesentis
933 1726 1226 1797 temporis,
1287 1730 1532 1779 stantem
1589 1742 1816 1797 semper
1869 1726 1931 1780 in

227 1816 521 1889 praesenti,
555 1816 611 1870 id
635 1820 736 1883 est,
758 1819 1034 1869 aiternam
1057 1814 1313 1886 quietem
1335 1814 1615 1884 designat.
1642 1834 1669 1865 α
1685 1814 1929 1884 Requie-

228 1922 447 1959 scerem
470 1922 600 1959 cum
637 1905 886 1975 regibus.
930 1926 950 1951 ι
980 1904 1039 1957 Id
1075 1908 1179 1971 est,
1214 1903 1455 1973 angelis,
1492 1903 1645 1973 quod
1679 1903 1932 1973 subjecta

230 1999 459 2065 regunt.
494 1993 603 2058 Qui
626 2000 679 2047 et
710 1994 989 2059 consules,
1025 1992 1157 2063 quia
1212 1992 1376 2046 nobis
1422 1993 1776 2046 voluntatem
1833 1992 1934 2047 Dei

228 2082 555 2137 nuntiando
586 2082 912 2135 consulunt.
943 2082 1041 2134 Vel
1085 2096 1269 2151 reges,
1329 2080 1467 2135 dicit
1524 2086 1745 2135 sanctos
1783 2098 1931 2151 prte-

232 2172 535 2237 dicatores,
565 2170 663 2242 qui
686 2187 743 2223 se
777 2174 1007 2240 regunt,
1042 2174 1100 2223 et
1128 2169 1388 2223 consules
1420 2174 1608 2235 terrae,
1651 2169 1787 2239 quia
1814 2173 1936 2223 ter-

232 2259 390 2314 renis
421 2260 567 2314 bene
598 2260 921 2313 consulunt.
954 2258 1099 2312 Dicit
1125 2274 1262 2327 ergo
1295 2258 1445 2329 quod
1479 2258 1525 2311 si
1584 2273 1700 2311 non
1731 2274 1935 2328 pecca-

230 2354 339 2417 ret,
381 2348 519 2402 illuc
548 2348 721 2402 etiam
750 2364 864 2401 non
887 2348 1218 2416 redemptus
1249 2346 1597 2408 ascenderet,
1660 2348 1730 2400 ad
1780 2345 1937 2417 quod

231 2436 475 2507 apostoli
515 2442 573 2490 et
638 2436 818 2489 sancti
857 2435 1262 2506 praedicatores
1308 2439 1436 2504 post
1479 2434 1935 2505 redemptionem

234 2542 369 2580 cum
396 2542 608 2595 magno
647 2525 841 2579 labore
883 2523 1245 2595 perveniunt,
1296 2523 1396 2593 qui
1444 2540 1557 2577 non
1596 2524 1938 2578 differuntur

235 2621 304 2670 ut
352 2614 596 2685 antiqui,
651 2613 747 2668 sed
798 2629 929 2666 mox
987 2617 1116 2683 post
1170 2618 1411 2666 mortem
1447 2612 1661 2666 intrant
1707 2610 1935 2667 omium.

238 2722 270 2753 ‹
304 2703 413 2766 Qui
452 2702 753 2757 aediﬁcant.
789 2720 817 2752 ι»
854 2699 1049 2755 Omnis
1080 2704 1342 2754 terrenus
1392 2699 1582 2753 densis
1639 2700 1937 2770 cogitatio-

240 2808 385 2845 num
436 2790 774 2845 tumultibus
834 2790 1001 2843 corde
1041 2788 1463 2859 comprimitur,
1523 2793 1579 2843 et
1616 2788 1941 2860 frequentia

239 2880 651 2936 desideriorum
681 2878 1159 2951 quasiturbarum
1190 2879 1458 2931 calcatur.
1476 2877 1587 2931 Sed
1605 2877 1940 2932 solitudines

2042 1726 2199 1790 runt,
2230 1726 2333 1775 etc.
2365 1722 2656 1776 «Exactor
2712 1722 2993 1791 diabolus,
3052 1724 3152 1794 qui
3198 1725 3374 1779 semel
3433 1742 3738 1781 nummum

2042 1810 2394 1880 deceptionis
2452 1810 2675 1864 homini
2734 1811 2993 1879 contulit,
3057 1819 3113 1866 et
3178 1812 3431 1883 quotidie
3482 1813 3739 1867 debitum

2042 1900 2244 1953 mortis
2270 1899 2461 1970 exigit,
2490 1916 2594 1953 vox
2629 1899 2751 1971 ejus
2814 1904 2899 1954 est
2944 1902 3203 1955 tentatio.
3259 1901 3430 1955 Audit
3472 1901 3571 1972 qui
3623 1905 3742 1955 ten-

2042 1992 2213 2055 tatur,
2246 1992 2302 2041 et
2323 1988 2567 2042 resistit:
2603 1990 2831 2045 exaudit
2861 1990 2960 2061 qui
2990 1990 3291 2044 consentit.
3348 1990 3505 2044 Idem
3553 1989 3622 2043 de
3652 1989 3740 2042 in-

2041 2079 2206 2128 terna
2236 2092 2396 2146 pace,
2430 2075 2565 2146 quia
2603 2076 2761 2147 quod
2798 2094 2959 2131 mens
2980 2078 3142 2131 valde
3182 2082 3356 2143 amat,
3404 2076 3614 2148 saepius
3652 2092 3741 2131 re-

2042 2164 2235 2235 plicat.

2117 2254 2278 2307 Veas.
2309 2256 2391 2307 19.
2433 2284 2498 2293 -
2534 2255 2747 2308 Parvus
2773 2258 2830 2308 et
2860 2270 3104 2325 magnus
3142 2254 3223 2308 ibi
3280 2259 3427 2309 sunt.
3467 2274 3493 2306 ι)
3553 2254 3740 2325 (Ιὸίά.)

2044 2343 2188 2406 Quia
2216 2341 2307 2396 hic
2339 2347 2423 2396 est
2452 2342 2717 2396 discretio
2755 2359 3019 2413 operum,
3066 2342 3146 2397 ibi
3204 2343 3313 2397 erit
3373 2343 3739 2413 dignitatum.

2049 2432 2232 2487 Unde:
2278 2452 2305 2481 α
2341 2432 2407 2485 In
2438 2431 2606 2485 domo
2641 2432 2821 2485 Patris
2848 2432 2963 2486 mei
2996 2432 3321 2486 mansiones
3349 2434 3541 2487 multa:
3585 2436 3739 2486 sunt.

2047 2521 2221 2592 (Joan.
2255 2521 2391 2590 xxv.)
2455 2541 2477 2569 ι
2515 2542 2542 2570 ‹‹
2585 2522 2650 2575 Et
2675 2537 2890 2575 servus.
2931 2542 2951 2568 ιι
2978 2521 3086 2585 Qui
3138 2526 3353 2591 peccat,
3408 2537 3605 2575 servus
3658 2525 3745 2575 est

2046 2609 2282 2681 peccati,
2314 2608 2447 2679 quia
2504 2608 2597 2662 hic
2642 2624 2941 2679 nunquam
2980 2610 3127 2662 liber
3166 2610 3247 2674 lit,
3314 2609 3451 2662 dum
3486 2609 3741 2680 judicem

2049 2698 2292 2752 metuit:
2328 2698 2425 2751 sed
2456 2697 2535 2751 ibi
2563 2697 2709 2751 liber
2738 2698 2866 2759 erit,
2898 2697 2998 2751 ubi
3029 2699 3098 2751 de
3131 2698 3296 2751 venia
3327 2698 3486 2751 nulla
3542 2697 3741 2751 dubie-

2047 2792 2135 2842 tas
2164 2786 2292 2840 erit.
2323 2785 2443 2839 Erit
2473 2786 2705 2856 quidem
2753 2785 2835 2840 ibi
2865 2786 3146 2841 memoria
3193 2787 3395 2857 culpae,
3447 2802 3562 2840 non
3615 2803 3746 2858 quas

2050 2878 2303 2929 mentem
2335 2874 2575 2944 polluat,
2608 2874 2707 2928 sed
2739 2890 2867 2944 quae
2914 2874 3037 2928 sine
3080 2874 3312 2929 laesione
3351 2873 3743 2941 beatitudinis,

236 2969 542 3034 aediﬁcare,
575 2974 716 3022 esta
744 2971 961 3021 secreto
995 2966 1180 3020 cordis
1207 2970 1569 3020 terrenorum
1619 2966 1939 3020 desiderio—
1969 2963 2009 3018 C
2047 2963 2257 3017 arctius
2300 2963 2643 3017 beatitudini
2704 2968 2760 3017 et
2814 2963 3029 3017 lmtitiae
3082 2964 3381 3035 astringat,
3433 2968 3497 3018 ut
3562 2960 3745 3016 sanati

236 3075 369 3112 rum
404 3058 687 3111 tumultus
719 3056 1018 3126 expellere,
1045 3059 1100 3108 et
1129 3054 1191 3107 in
1230 3069 1485 3107 amorem
1515 3053 1736 3107 intimae
1771 3053 1935 3124 quie-

236 3147 311 3200 tis
340 3146 630 3214 anhelare,
677 3150 742 3198 ut
769 3144 947 3215 possit
989 3143 1135 3198 dici:
1191 3144 1371 3198 Unam
1397 3143 1537 3214 petii
1592 3159 1626 3196 a
1674 3142 1934 3209 Domino,

236 3240 296 3290 et
324 3236 475 3289 hanc
506 3233 819 3304 requiram,
854 3238 957 3287 etc.

311 3325 475 3377 Vens.
512 3326 594 3377 15.
623 3352 695 3361 -
737 3322 939 3376 «Cum
986 3318 1340 3391 principibus
1370 3318 1469 3389 qui
1499 3317 1791 3390 possident
1837 3335 1939 3373 au-

237 3428 392 3466 rum.
432 3433 454 3459 ι
490 3409 781 3480 Principes
835 3415 969 3463 sunt
998 3407 1257 3462 Ecclesiae
1283 3412 1551 3472 rectores,
1604 3412 1732 3474 etc.,
1773 3422 1941 3476 usque

239 3500 315 3554 ad
362 3499 463 3570 qui
507 3504 701 3553 autem
756 3497 950 3552 futura
991 3496 1275 3568 praevidit,
1331 3496 1455 3567 jam
1512 3495 1801 3566 praeterita
1841 3512 1941 3550 re-

240 3587 396 3641 colit.

310 3677 474 3729 Vsns.
535 3677 618 3729 l6.
667 3703 737 3714 ——
791 3695 813 3722 ι
895 3675 1008 3727 Aut
1073 3672 1218 3726 sicut
1273 3671 1617 3727 abortivum.
1672 3690 1701 3723 »
1753 3671 1939 3741 (Ιὸἱά.)

238 3765 383 3830 Quia
416 3764 568 3835 quod
590 3762 937 3827 abortivum,
960 3766 1093 3816 ante
1117 3764 1343 3832 tempus
1367 3761 1565 3826 oritur,
1598 3760 1942 3815 exstinctum

238 3853 503 3926 protinus
530 3853 871 3905 occultatur.
911 3851 977 3903 Hi
1015 3855 1150 3903 sunt
1172 3850 1372 3917 sancti,
1429 3866 1558 3904 cum
1616 3850 1826 3920 quibus
1882 3865 1943 3904 se

213 3943 535 4014 .quiescere
564 3939 816 4011 potuisse
849 3938 1189 4004 considerat,
1225 3938 1323 4009 qui
1357 3955 1391 3991 a
1446 3938 1651 3992 mundi
1706 3937 1941 3991 exordio

241 4036 375 4085 ante
406 4034 638 4099 tempus
660 4027 1075 4098 redemptionis
1105 4026 1338 4081 fuerunt
1371 4044 1383 4082 :
1409 4032 1465 4081 et
1495 4033 1688 4081 tamen
1726 4026 1941 4081 mundo

242 4136 300 4174 se
326 4117 840 4172 mortiﬁcaverunt.
892 4117 1138 4186 Tempus
1212 4116 1467 4186 primum
1542 4120 1675 4169 ante
1734 4115 1941 4183 legem,

240 4206 397 4276 quod
425 4208 617 4274 patres
666 4203 914 4257 secundo
958 4206 1214 4256 mortuos
1264 4201 1523 4272 protulit,
1555 4201 1716 4273 quasi
1747 4207 1944 4255 uterus

240 4291 491 4347 abortivi
517 4290 667 4345 fuit:
712 4295 767 4344 et
819 4290 928 4361 ipsi
981 4290 1146 4360 quasi
1204 4290 1275 4343 ab
1332 4294 1495 4343 utero
1549 4289 1761 4342 mortui
1793 4293 1944 4355 sunt,

245 4381 345 4453 qui
405 4379 529 4433 sine
558 4379 767 4433 tabulis
801 4378 942 4448 legis
976 4380 1155 4432 Deum
1206 4379 1547 4432 naturaliter
1603 4378 1941 4445 timuerunt,

241 4475 298 4524 et
328 4469 591 4523 futurum
640 4468 1064 4537 redemptorem
1094 4468 1386 4521 credentes
1435 4467 1755 4536 voluptates
1807 4466 1946 4520 occi-

239 4558 472 4613 derunt.
514 4578 537 4606 ι
592 4556 1017 4611 Absconditum.
1055 4578 1078 4605 ο
1134 4555 1278 4620 Quia
1301 4555 1496 4626 paucis
1525 4571 1558 4608 a
1596 4555 1779 4625 Moyse
1820 4571 1948 4608 me-

240 4646 505 4712 moratis,
540 4649 669 4708 etc.,
698 4660 865 4713 usque
895 4644 969 4697 ad
1007 4660 1149 4715 quos
1182 4643 1417 4713 spiritus
1443 4643 1764 4713 prophetia:
1801 4643 1942 4696 irra-

243 4733 444 4799 diavit,
469 4737 535 4787 ut
563 4732 751 4802 ipsum
780 4731 902 4786 Job.
938 4730 1134 4801 (Ibid.)
1186 4732 1310 4785 Iam
1357 4730 1589 4801 quidem
1645 4731 1819 4800 hujus
1857 4731 1945 4784 lu-

245 4823 324 4875 cis
356 4820 564 4892 aperit,
626 4824 683 4873 et
740 4820 874 4890 quid
921 4819 1072 4883 apud
1130 4834 1257 4872 eam
1314 4817 1569 4888 quotidie
1640 4818 1831 4888 agitur
1878 4818 1947 4873 de

243 4906 677 4964 conversatione
717 4907 1030 4977 impiorum
1077 4906 1265 4961 verbis
1317 4904 1802 4960 manifestioribus
1848 4906 1947 4960 de-

246 4999 549 5053 monstrat.

316 5087 481 5139 Veas.
511 5087 599 5138 27.
633 5112 702 5122 -
734 5099 764 5135 α
790 5082 877 5136 Ibi
907 5082 1093 5152 impii.
1129 5100 1157 5133 »
1186 5081 1249 5136 Id
1274 5086 1377 5148 est,
1432 5081 1493 5135 in
1549 5082 1673 5135 luce
1717 5080 1947 5148 Christi,

244 5192 425 5249 quam
460 5173 680 5245 antiqui
706 5173 1019 5244 priestolati
1043 5177 1198 5242 sunt,
1228 5174 1478 5228 Gentiles
1529 5189 1563 5226 a
1603 5173 1770 5227 turba
1801 5172 1948 5227 desi-

244 5266 546 5323 deriorum
608 5261 807 5315 mundi
852 5267 1095 5329 cessant,
1149 5266 1207 5315 et
1250 5262 1561 5332 tranquilla
1595 5267 1781 5316 mente
1830 5262 1950 5331 jam

242 5360 528 5409 aeternam
568 5351 822 5421 quietem
847 5355 1222 5421 praegustant.
1256 5352 1324 5405 Et
1359 5350 1467 5404 hoc
1517 5355 1637 5405 est:
1675 5371 1698 5399 ι
1754 5351 1822 5404 Et
1872 5349 1953 5403 ibi

244 5442 681 5513 requieverunt.
720 5460 742 5488 ι
795 5441 860 5494 In
900 5441 1116 5495 mundo
1155 5441 1333 5495 fortes
1378 5441 1603 5505 robore,
1650 5456 1766 5494 non
1820 5440 1953 5494 fessi

245 5530 545 5587 dicuntur.
578 5528 685 5598 Qui
716 5545 849 5585 vero
875 5529 938 5585 in
966 5546 1163 5586 amore
1189 5531 1285 5585 Dei
1326 5530 1650 5596 roboratur,
1705 5528 1950 5586 salubri-

2048 3052 2313 3105 dolorum
2363 3051 2483 3104 sine
2511 3051 2705 3105 dolore
2735 3052 3101 3106 recordamur
3126 3071 3140 3122 ;
3172 3053 3320 3107 unde
3343 3051 3588 3123 amplius
3620 3066 3742 3105 me-

2048 3141 2173 3195 dico
2205 3139 2413 3211 gratias
2449 3139 2691 3211 agimus.

2120 3230 2282 3283 Vens.
2343 3230 2439 3283 20.
2497 3256 2568 3268 —
2630 3247 2657 3278 ‹(
2717 3228 2900 3293 Quare
2977 3229 3187 3284 misero
3254 3230 3387 3284 data
3433 3234 3517 3283 est
3550 3230 3739 3283 lux?-

2048 3316 2245 3386 (Gneo.
2301 3318 2359 3370 in
2404 3316 2497 3370 lib.
2552 3316 2649 3371 Job
2706 3317 2805 3371 lib.
2841 3319 2920 3387 v.)
2972 3318 3420 3388 Comtemplatus
3462 3317 3744 3388 requiem,

2049 3406 2150 3460 ubi
2181 3404 2325 3459 liber
2350 3421 2381 3458 a
2403 3404 2646 3458 Domino
2668 3405 2906 3477 despicit
2934 3406 3126 3460 saeculi
3151 3423 3447 3477 prospera,
3491 3423 3621 3477 quas
3676 3405 3747 3459 ab

2050 3509 2118 3547 ea
2145 3493 2463 3548 retrahunt.
2502 3515 2523 3543 ι
2569 3494 2755 3558 Quare
2811 3494 3020 3549 misero
3060 3496 3191 3550 data
3224 3502 3308 3549 est
3339 3497 3453 3561 lux,
3490 3517 3517 3544 »
3555 3495 3610 3548 id
3640 3501 3747 3563 est,

2050 3582 2397 3653 prosperitas
2429 3582 2487 3636 in
2540 3583 3020 3655 peregrinationis
3060 3584 3324 3639 miseria:
3364 3584 3519 3655 quia,
3554 3584 3599 3637 si
3634 3600 3749 3637 non

2045 3670 2267 3740 justum
2299 3670 2526 3741 penitus
2553 3671 2847 3742 opprimit,
2876 3678 3069 3726 tamen
3100 3679 3351 3727 mentem
3401 3673 3459 3726 in
3491 3688 3748 3726 amorem

2054 3760 2153 3813 Dei
2174 3764 2229 3813 et
2258 3758 2321 3812 in
2348 3759 2774 3829 dispensatione
2805 3760 2895 3815 sui
2925 3761 3160 3827 dividit;
3212 3762 3364 3815 unde
3392 3761 3585 3815 addit:
3616 3782 3638 3809 ε
3682 3762 3752 3813 Et

2053 3847 2167 3901 vita
2190 3846 2279 3900 his
2329 3847 2448 3917 qui,
2482 3853 2584 3902 etc.
2629 3869 2656 3897 »
2693 3848 3032 3902 Amaritudo
3072 3854 3157 3903 est
3205 3848 3363 3903 omni
3390 3852 3568 3919 justo,
3602 3854 3750 3917 etc.,

2052 3951 2221 4005 usque
2256 3936 2330 3989 ad
2359 3937 2447 3990 vel
2475 3935 2536 3990 in
2556 3936 2839 4006 regimine
2870 3952 3135 4007 praeesse.

2126 4025 2290 4079 Vens.
2323 4026 2412 4078 21.
2455 4054 2523 4063 -
2555 4042 2582 4074 ‹‹
2631 4024 2739 4087 Qui
2793 4028 3119 4095 exspectant
3175 4027 3439 4078 mortem.
3483 4046 3510 4072 »
3562 4024 3750 4094 (Ibid.)

2055 4112 2113 4167 id
2136 4116 2238 4178 est,
2279 4111 2506 4182 penitus
2538 4129 2596 4165 se
2626 4112 2844 4166 mundo
2896 4112 3240 4166 mortificare
3273 4112 3619 4179 desiderant,
3653 4114 3752 4167 sed

2055 4202 2276 4255 occulto
2312 4201 2409 4254 Dei
2430 4200 2645 4271 judicio
2668 4217 2783 4255 non
2814 4202 2989 4265 venit,
3022 4202 3157 4273 quia
3179 4200 3446 4271 occupari
3481 4202 3754 4271 injunctis

2057 4289 2377 4344 honoribus
2415 4291 2856 4360 compelluntur,
2885 4293 3040 4361 quod
3079 4290 3180 4345 Dei
3220 4290 3427 4345 timore
3473 4292 3754 4359 tolerant;

2055 4383 2112 4433 et
2140 4378 2293 4432 intus
2316 4383 2374 4432 et
2403 4378 2750 4433 desiderium
2810 4379 3056 4450 pietatis,
3111 4385 3168 4434 et
3206 4380 3343 4434 furis
3397 4380 3628 4449 explent
3656 4380 3757 4434 mi-

2054 4466 2358 4521 nisterium
2417 4467 2650 4530 ordinis,
2705 4483 2776 4521 ne
2832 4484 2935 4537 per
2993 4468 3318 4539 superbiam
3358 4468 3755 4523 contradicant

2058 4555 2160 4610 Dei
2184 4554 2579 4625 dispositioni:
2630 4558 2685 4608 et
2722 4555 2801 4608 sic
2829 4561 2885 4609 et
2915 4556 3109 4610 multis
3160 4561 3421 4627 prosunt.
3454 4562 3510 4610 et
3548 4573 3662 4627 quo
3695 4573 3754 4610 se

2056 4643 2418 4714 imperfectos
2436 4643 2647 4710 vident,
2680 4659 2783 4713 per
2802 4644 3185 4699 humilitatem
3200 4646 3447 4715 amplius
3478 4649 3752 4715 surgunt:

2058 4738 2116 4786 et
2146 4732 2300 4803 quod
2333 4749 2361 4786 a
2388 4731 2685 4786 desideriis
2715 4732 3080 4801 dilferuntur,
3102 4733 3227 4803 ipsa
3254 4734 3520 4786 tarditate
3559 4733 3628 4787 ad
3662 4749 3755 4786 ea-

2057 4821 2189 4875 dem
2216 4821 2567 4875 dilatantur:
2616 4821 2769 4875 unde
2800 4822 2977 4887 addit,
3028 4821 3191 4891 quasi
3240 4821 3588 4885 elfodientes,
3646 4826 3751 4875 etc.

2064 4930 2085 4957 ε
2125 4909 2295 4973 Quasi
2317 4909 2648 4963 eﬁ‘odientes
2674 4910 3025 4963 thesaurum.
3058 4930 3079 4958 ι
3113 4909 3256 4973 Quia
3297 4910 3394 4980 qui
3420 4911 3754 4963 thesaurum

2058 4998 2329 5053 fodiendo
2361 4998 2585 5069 quaerit,
2618 5003 2749 5064 etc.,
2780 5014 2950 5068 usque
2991 4998 3065 5052 ad
3102 4998 3364 5067 exempla
3402 4998 3754 5067 contempla-

2059 5085 2233 5139 tionis
2263 5085 2503 5151 invenit,
2531 5086 2680 5139 uude
2701 5085 2854 5140 dives
2885 5086 2974 5141 sit.

2135 5176 2301 5229 Vens.
2334 5177 2422 5228 22.
2455 5203 2525 5213 -
2584 5195 2606 5223 ι
2662 5174 2793 5227 Viro
2838 5175 3021 5245 cujus.
3074 5195 3102 5224 »
3157 5174 3292 5228 Ecce
3348 5190 3477 5227 cum
3533 5189 3757 5244 quaere-

2062 5268 2221 5318 retur
2249 5279 2426 5335 quare
2480 5263 2688 5316 misero
2744 5263 2874 5317 data
2925 5268 3009 5316 est
3056 5262 3171 5328 lux,
3226 5262 3474 5317 ostendit
3519 5261 3633 5331 hic,
3668 5263 3759 5316 via

2064 5352 2396 5406 abscondita
2417 5356 2499 5405 est
2527 5351 2675 5405 viro:
2710 5352 2846 5421 quia
2873 5350 2920 5404 si
2943 5352 3063 5422 jam
3094 5352 3238 5405 bene
3266 5351 3403 5421 agit,
3438 5351 3575 5422 quid
3624 5356 3757 5421 aget

2065 5440 2126 5494 iu
2157 5441 2271 5494 ﬁne
2305 5440 2517 5505 nescit;
2553 5440 2633 5492 vel
2666 5439 2975 5511 aliquando
3005 5456 3134 5519 quas
3163 5444 3437 5521 putantur
3468 5441 3583 5503 Deo
3630 5441 3754 5520 pla-

2064 5544 2212 5594 cere,
2244 5527 2560 5601 displicent,
