4082 6184
349 302 451 352 763

1007 298 1399 353 WALAFRIDI
1441 298 1689 354 STRABI
1730 297 1933 353 FULD.
1978 301 2037 355 Ml

2185 299 2337 355 OPP.
2382 297 2561 353 PARS
2601 300 2643 353 Ι.
2685 326 2754 336 -
2792 297 3248 353 THEOLOGICA.
3739 300 3826 353 764

416 423 577 476 Vens.
611 425 700 477 23.
735 454 802 462 —
855 444 876 471 ι
914 421 1302 478 Circumdedit
1357 438 1488 475 eum
1547 423 1714 475 Deus.
1762 443 1783 470 ι
1824 423 2039 491 (Gneo)
2079 424 2124 475 A
2157 421 2297 475 vult.
2331 422 2593 486 Quantus
2622 425 2753 474 ante
2774 419 2880 474 fuit
2910 420 3009 491 qui
3037 424 3120 474 tot
3162 419 3279 473 suis
3327 424 3630 491 occupatus
3659 420 3824 492 dispo-

347 509 491 574 Quia
523 509 655 565 licet
684 511 931 566 cmlestia
962 510 1263 576 desideret,
1292 514 1481 563 tamen
1514 508 1652 581 quid
1682 510 1750 564 de
1803 528 1859 565 se
1890 511 2044 565 intus

350 598 686 670 dispositum
718 600 789 652 sit
846 599 1045 653 nescit.
1105 599 1249 654 Sunt
1296 602 1351 651 et
1404 599 1551 653 circa
1612 616 1742 653 eum
1792 600 2044 655 tenebrze

345 687 709 758 ignorantiae,
743 687 1015 758 praeteriti
1042 692 1126 740 est
1169 686 1495 755 immemor,
1548 687 1743 741 futura
1795 705 1913 743 non
1958 689 2045 743 in-

346 778 519 840 venit,
562 777 865 848 praesentia
888 777 978 829 vix
1009 776 1184 842 novit,
1220 775 1424 831 intima
1447 776 1887 848 dispensationis
1948 776 2047 831 Dei

345 871 643 935 penetrare
685 866 900 937 nequit.
961 866 1067 930 Qui
1120 882 1252 919 vero
1311 866 1414 920 has
1466 866 1732 920 tenebras
1771 864 2044 931 intendit,

347 954 444 1006 flet
476 970 489 1007 :
525 958 580 1007 et
611 954 768 1007 omni
827 954 948 1006 visu
1000 970 1312 1023 supernam
1340 955 1526 1008 lucem
1586 953 1859 1024 requirit:
1894 953 2046 1007 unde

347 1044 411 1097 ﬁt
438 1042 768 1113 aliquando,
813 1046 871 1095 ut
918 1046 977 1095 in
1013 1042 1110 1112 pio
1158 1042 1296 1096 fletu
1327 1042 1541 1096 interni
1596 1042 1791 1113 gaudii
1823 1042 2047 1096 claritas

342 1136 609 1201 erumpat
636 1147 652 1200 ;
684 1131 837 1185 unde
872 1131 1170 1202 sequitur:
1570 1192 1582 1202 ,

420 1221 579 1274 Vens.
613 1222 701 1273 24.
722 1239 832 1270 —«
866 1223 1188 1290 Antequam
1220 1220 1538 1274 comedam.
1575 1240 1602 1269 ›
1628 1220 1941 1273 Comedere
1962 1224 2049 1274 est

348 1308 847 1379 contemplationis
878 1310 1002 1362 luce
1030 1308 1201 1378 pasci,
1238 1325 1412 1380 quam
1444 1325 1558 1362 non
1591 1309 1761 1362 habet
1810 1309 1923 1362 nisi
1948 1308 2049 1380 qui

343 1396 503 1467 prius
534 1397 594 1450 in
624 1397 729 1450 hoc
773 1397 991 1463 exsilio,
1025 1396 1189 1467 quasi
1220 1395 1319 1450 ubi
1351 1413 1464 1451 non
1497 1401 1630 1450 sunt
1662 1397 1813 1451 bona
1844 1397 2041 1467 gemit,

343 1488 399 1538 et
428 1485 674 1555 suspirat
706 1484 986 1538 desiderio
1026 1490 1080 1539 et
1106 1485 1439 1556 exsequitur
1472 1485 1583 1539 vim
1641 1487 2042 1556 lacrymarum.

416 1594 442 1624 ‹‹
474 1576 538 1628 Et
567 1574 729 1644 quasi
780 1574 1125 1627 inundantes
1183 1591 1368 1644 aquae,
1429 1578 1593 1629 etc.»
1651 1578 1830 1645 Aquae
1873 1575 2045 1628 inun-

340 1664 539 1717 dantes
582 1662 776 1716 mnltis
827 1662 1217 1716 voluminibus
1272 1663 1490 1732 impetu
1533 1663 1812 1726 feruntur,
1850 1664 1929 1717 sic
1983 1664 2042 1718 in

341 1751 668 1821 lugentibus
701 1752 879 1804 multa
911 1750 1224 1818 volumina,
1255 1752 1393 1805 dum
1426 1751 1526 1823 qui
1556 1752 1706 1822 apud
1739 1754 1919 1807 Deum
1950 1753 2042 1807 de-

342 1846 628 1908 cernatur,
661 1840 957 1895 nesciunt:
991 1840 1130 1894 dum
1159 1840 1449 1909 praeterita
1478 1856 1582 1894 sua
1634 1842 1917 1910 recolunt,
1949 1842 2040 1896 fu-

341 1934 470 1983 tura
502 1930 932 1999 pertimescunt,
967 1934 1023 1982 et
1080 1929 1141 1983 in
1198 1928 1361 1983 bonis
1409 1929 1527 1983 suis
1557 1945 1628 1984 ne
1683 1934 1894 1998 errent,
1953 1947 2044 1985 ve-

340 2022 569 2072 rentur:
604 2035 749 2089 quos
780 2019 917 2073 dum
948 2018 1173 2088 ﬂagella
1225 2018 1325 2073 Dei
1371 2018 1712 2089 corripiunt,
1772 2036 1830 2073 se
1860 2020 2040 2074 offen-

342 2108 490 2162 disse
516 2107 913 2178 suspicantur:
947 2107 1098 2161 unde
1131 2107 1329 2161 addit:

414 2198 573 2250 Vens.
616 2199 705 2249 25.
745 2225 817 2236 —
850 2218 877 2245 «
904 2195 1047 2261 Quia
1073 2195 1269 2249 timor.
1300 2215 1327 2247 ››
1362 2197 1524 2250 Flent
1553 2195 1730 2262 enim,
1760 2196 1897 2267 quia
1937 2197 2042 2251 de-

340 2285 450 2338 seri
483 2301 541 2338 se
572 2285 805 2339 timent:
835 2288 891 2338 et
921 2300 992 2338 ne
1013 2284 1111 2355 pia
1139 2286 1428 2355 percussio
1452 2301 1568 2338 non
1598 2285 1670 2338 sit
1700 2285 2039 2355 disciplinae,

341 2373 438 2427 sed
477 2372 761 2435 vindictae,
820 2374 970 2427 unde
1006 2390 1018 2426 :
1053 2394 1083 2422 α
1132 2372 1268 2437 Quis
1328 2373 1486 2426 novit
1548 2376 1885 2442 potestatem
1940 2372 2041 2425 iraa

339 2462 711 2531 tuaa?(Psal.
769 2462 1004 2531 LXXXIX.)
1058 2480 1086 2513 »
1140 2461 1464 2532 Aliquando
1514 2460 1671 2515 enim
1729 2465 1814 2514 est
1857 2461 2042 2531 gratia

340 2565 515 2619 quam
547 2549 791 2604 dicimus
822 2550 985 2616 iram,
1019 2554 1076 2604 et
1122 2549 1430 2621 aliquando
1475 2549 1561 2603 ira
1595 2565 1767 2620 quam
1798 2549 2041 2604 dicimus

341 2637 605 2707 gratiam,
638 2638 792 2692 unde
847 2654 1076 2691 necesse
1107 2642 1192 2691 est
1237 2642 1297 2691 ut
1343 2637 1403 2690 in
1436 2636 1700 2691 omnibus
1725 2636 2037 2705 timeatur;

342 2726 401 2780 in
429 2727 744 2797 prosperis,
778 2732 839 2781 ut
861 2744 996 2781 nom
1022 2727 1137 2781 sint
1165 2727 1273 2781 sibi
1300 2728 1431 2782 data
1460 2728 1529 2782 ad
1555 2728 1833 2799 majorem
1864 2744 2039 2783 excae-

341 2816 648 2883 cationem,
681 2832 799 2869 non
829 2818 901 2870 ad
929 2816 1402 2884 consolationem,
1436 2821 1497 2871 ut
1516 2816 1684 2871 bonis
1715 2818 1859 2871 solet
1888 2817 2036 2882 ﬁeri,

341 2918 414 2956 ne
437 2904 511 2958 sit
544 2903 603 2957 in
632 2904 882 2958 adversis
911 2905 1141 2960 initium
1174 2922 1379 2976 poenae.

2157 509 2380 573 nendis,
2414 510 2585 563 etiam
2624 509 2800 563 libere
2833 508 2975 562 alios
3005 509 3220 573 docuit,
3256 514 3385 562 actu
3416 514 3473 563 et
3500 510 3669 564 verbo
3701 515 3828 563 recta

2155 600 2503 655 ostendens?
2544 599 2687 663 Quia
2747 615 2880 652 vero
2929 598 3267 653 criminator
3315 598 3469 651 bona
3528 598 3595 651 de
3653 599 3828 652 eodem

2155 688 2310 755 dicit,
2343 688 2411 742 ad
2444 688 2661 741 crimen
2692 687 2932 754 inflexit,
2974 687 3199 741 dicens:

2226 780 2384 833 Vens.
2421 779 2449 829 5
2482 807 2550 818 -
2600 797 2627 828 (ι
2664 778 2823 830 Nunc
2874 781 3065 830 autem
3123 775 3299 841 venit,
3358 780 3486 841 etc.,
3534 775 3692 846 quasi
3728 791 3832 829 non

2154 865 2385 918 servasti
2415 869 2566 919 recta
2598 881 2727 936 quae
2775 864 3025 918 dicebas.
3069 886 3089 913 ι
3127 865 3269 919 Nota
3298 868 3487 918 autem
3537 865 3685 936 quod
3716 869 3834 917 sunt

2156 953 2362 1025 iniqui,
2396 959 2453 1008 et
2478 954 2629 1008 bona
2673 953 2963 1023 justorum
2993 969 3121 1025 quia
3152 958 3291 1007 nota
3326 969 3537 1024 negare
3566 970 3682 1007 non
3716 970 3833 1024 pos-

2155 1048 2311 1110 sunt,
2352 1043 2567 1110 dicunt,
2617 1058 2685 1096 ne
2736 1043 2895 1113 pravi
2926 1042 3257 1096 videantur:
3311 1048 3365 1096 et
3417 1047 3480 1096 ut
3507 1043 3639 1097 inde
3670 1041 3835 1111 magis

2157 1132 2423 1186 credatur
2452 1133 2552 1198 eis,
2590 1132 2649 1186 in
2705 1132 2873 1186 malis
2929 1149 3059 1203 quae
3108 1132 3385 1197 inserunt,
3445 1136 3503 1186 et
3556 1131 3679 1185 haec
3724 1132 3837 1202 ipsa

2154 1219 2303 1273 bona
2356 1221 2427 1274 ad
2494 1223 2789 1275 cumulum
2835 1228 3026 1275 reatus
3080 1221 3388 1276 invertunt.
3423 1222 3523 1275 Hic
3561 1226 3710 1275 recta
3743 1222 3837 1275 Job

2156 1323 2291 1380 ergo
2323 1310 2551 1369 dixisse,
2600 1310 2695 1363 sed
2724 1327 2839 1363 non
2871 1326 3145 1374 servasse,
3179 1310 3339 1381 quasi
3390 1327 3490 1363 suo
3522 1310 3837 1364 testimonio

2155 1398 2340 1450 malus
2390 1398 2870 1469 reprehenditur:
2915 1398 3150 1452 inferius
3206 1399 3350 1452 male
3400 1398 3557 1468 loqui
3600 1403 3835 1463 notatur,

2158 1490 2221 1539 ut
2252 1490 2453 1540 taceat.
2497 1487 2557 1541 Et
2590 1485 2651 1539 hi
2703 1490 2836 1539 sunt
2875 1486 2988 1540 duo
3036 1486 3192 1539 modi
3222 1487 3429 1557 quibus
3460 1487 3641 1540 bonos
3672 1486 3838 1556 impe-

2153 1578 2281 1627 tunt
2323 1574 2480 1641 mali,
2539 1574 2761 1628 dicente
2809 1591 2906 1628 eos
2950 1576 3039 1629 vel
3088 1591 3263 1645 prava
3314 1574 3522 1637 dicere,
3579 1575 3668 1628 vel
3704 1574 3842 1627 bona

2154 1678 2284 1733 quae
2310 1662 2508 1716 dicunt
2537 1679 2654 1716 non
2687 1669 2902 1717 tenere.

2226 1769 2255 1802 ι(
2288 1752 2570 1818 Defecisti,
2604 1756 2706 1805 etc.
2763 1752 2868 1807 Ubi
2909 1756 2993 1806 est
3025 1751 3200 1807 timor
3242 1753 3424 1805 tuus?
3480 1772 3507 1802 ι)
3566 1752 3736 1816 Quasi
3779 1751 3841 1805 de

2151 1839 2459 1893 virtutibus
2515 1840 2757 1893 miretur
2803 1839 3061 1910 perditis,
3134 1857 3274 1911 quas
3327 1856 3579 1910 congruo
3650 1839 3840 1893 ordine

2149 1929 2330 1999 ponit.
2386 1928 2543 1983 Sicut
2621 1928 2680 1982 in
2739 1928 2829 1983 via
2891 1928 3086 1983 seaculi
3142 1929 3380 1983 audacia
3427 1928 3839 1994 fortitudinem,

2149 2017 2325 2070 timor
2353 2016 2699 2071 debilitatem
2732 2016 2898 2087 parit,
2921 2017 2999 2071 ita
3025 2021 3082 2071 et
3100 2017 3160 2071 in
3181 2017 3272 2071 via
3304 2017 3402 2071 Dei
3430 2017 3669 2071 audacia
3700 2016 3844 2071 debi-

2150 2107 2389 2173 litatem,
2418 2106 2597 2159 timor
2655 2107 2754 2160 Dei
2784 2106 3215 2160 fortitudinem:
3249 2106 3384 2176 quia
3437 2106 3536 2177 qui
3570 2107 3685 2159 Deo
3709 2106 3840 2175 jun-

2149 2195 2324 2266 gitur,
2358 2198 2634 2264 potestate
2682 2195 2927 2265 quadam
2984 2211 3155 2265 super
3197 2194 3390 2249 omnia
3445 2196 3703 2262 levatur;
3736 2195 3840 2248 for-

2148 2283 2335 2337 titudo
2370 2298 2485 2335 non
2519 2282 2630 2336 nisi
2685 2282 2745 2336 in
2777 2282 3028 2337 adversis
3059 2283 3402 2347 ostenditur,
3433 2283 3587 2337 unde
3626 2282 3841 2355 patien-

2147 2371 2228 2425 tia
2279 2371 2525 2438 additur,
2589 2371 2725 2442 quia
2776 2372 2834 2425 in
2864 2371 3203 2426 fortitudine
3233 2371 3397 2443 quasi
3453 2371 3698 2443 proﬁcit,
3752 2369 3841 2440 qui

2149 2461 2300 2514 mala
2360 2461 2545 2514 aliena
2601 2477 2716 2514 non
2761 2466 2951 2514 motus
3004 2460 3231 2514 tolerat.
3281 2461 3357 2513 De
3408 2459 3693 2530 potientia
3722 2476 3839 2530 per-

2147 2550 2315 2604 fectio
2364 2552 2630 2618 nascitur,
2663 2549 2813 2604 unde
2844 2550 2905 2603 in
2934 2549 3212 2619 patientia
3242 2548 3494 2603 animam
3560 2548 3841 2620 possidere

2149 2640 2322 2693 homo
2351 2639 2580 2705 dicitur,
2631 2638 2687 2692 id
2718 2643 2823 2707 est,
2850 2637 2912 2692 in
2938 2638 3206 2693 omnibus
3253 2644 3405 2692 recte
3451 2637 3661 2702 vivere,
3710 2653 3839 2691 cuu-

2149 2728 2252 2782 ctis
2297 2728 2545 2782 motibus
2577 2727 2782 2782 mentis
2812 2743 2877 2782 ex
2934 2728 3143 2781 virtute
3191 2726 3504 2781 dominari:
3537 2727 3639 2797 qui
3696 2727 3840 2780 enim

2149 2833 2208 2870 se
2234 2817 2428 2885 vincit,
2459 2821 2657 2871 contra
2695 2816 2890 2870 omnia
2921 2820 3005 2870 est
3036 2816 3216 2869 fortis.

2222 2905 2411 2977 (lbid.)
2438 2905 2715 2971 Quoniam
2770 2910 2961 2959 autem
3005 2904 3329 2959 invehendo
3361 2903 3665 2974 corripuit,
3698 2919 3841 2957 nunc

438 2993 599 3046 Vens.
646 2995 731 3046 26.
765 3023 835 3032 —
868 3011 896 3044 α
929 2993 1315 3048 Dissimulavi.
1354 3016 1374 3043 ι
1407 2994 1598 3065 (Ibid)
1635 2996 1700 3049 Et
1729 2994 1774 3048 si
1815 3012 2041 3067 semper
2070 2996 2111 3049 C
2148 2994 2311 3063 quasi
2342 2993 2691 3047 exhortando
2745 2991 2973 3046 subdit:

341 3080 671 3151 cogitando,
704 3086 848 3149 etc.,
902 3098 1072 3151 usque
1112 3082 1186 3136 ad
1214 3082 1260 3135 si
1297 3084 1401 3137 Job
1432 3083 1596 3154 quasi
1651 3083 1713 3137 in
1760 3089 2039 3155 potestate

345 3170 451 3224 fuit
484 3170 554 3223 ad
583 3171 907 3241 exemplum
934 3171 1236 3242 proponit.

415 3276 443 3308 α
478 3259 677 3311 Nonne
718 3258 1167 3313 dissimulavi?»
1203 3261 1453 3313 Potestas
1486 3259 1680 3313 habita
1704 3264 1759 3313 et
1788 3261 1855 3313 ad
1891 3261 2043 3315 utili-

342 3349 517 3399 tatem
549 3344 871 3415 cogitanda,
915 3352 972 3400 et
1020 3351 1254 3417 propter
1284 3352 1575 3400 tumorem
1604 3347 2037 3416 dissimulanda,

343 3437 400 3487 et
428 3438 633 3503 potens
663 3440 723 3487 ut
740 3433 1013 3503 prodesse
1046 3433 1271 3500 debeat,
1302 3450 1467 3504 posse
1482 3450 1540 3486 se
1561 3434 1716 3488 sciat.

416 3538 443 3571 ‹‹
488 3520 681 3574 Nonne
713 3520 890 3576 silui?
918 3542 945 3570 »
979 3522 1114 3576 Ecce
1152 3521 1338 3592 qualis
1364 3526 1447 3576 est
1476 3521 1535 3575 in
1564 3538 1680 3576 ore.

418 3627 445 3659 «
479 3609 682 3662 Nonne
710 3608 991 3679 quievi?»
1013 3611 1147 3664 Ecce
1170 3610 1353 3680 qualis
1384 3626 1522 3680 erga
1545 3610 1763 3677 illicita,
1797 3616 1927 3678 etc.,
1946 3628 2037 3667 us-

344 3714 444 3767 que
500 3698 575 3751 ad
602 3697 737 3769 quia
769 3702 960 3753 nostra
990 3698 1264 3770 perfectio
1299 3699 1464 3770 culpa
1499 3715 1617 3753 non
1663 3705 1835 3761 caret,
1887 3701 2038 3756 unde

344 3786 502 3840 addit
523 3802 534 3839 :

422 3896 443 3923 ι
475 3876 541 3929 Et
568 3874 723 3929 venit
761 3891 935 3946 super
992 3892 1083 3929 me
1140 3875 1477 3947 indignatio.
1539 3896 1565 3927 »
1618 3877 1775 3931 Unde
1829 3893 2037 3948 magna

344 3967 462 4016 arte
484 3962 736 4017 dicturus
765 3964 1021 4032 verbera,
1053 3965 1333 4036 pramisit
1372 3970 1523 4021 recte
1552 3966 1718 4034 facta,
1751 3969 1812 4019 ut
1860 3965 1919 4019 in
1949 3965 2037 4019 his

343 4051 587 4122 quisque
613 4052 937 4107 consideret
969 4070 1096 4124 quae
1124 4071 1293 4126 pcena
1327 4060 1556 4110 maneat
1576 4054 1825 4126 iniquos,
1872 4054 1918 4107 si
1956 4054 2037 4108 ita

344 4140 435 4194 hic
473 4140 710 4212 castigat
756 4142 965 4212 justos,
996 4147 1061 4196 ut
1113 4143 1160 4196 si
1182 4143 1372 4214 justus
1422 4144 1511 4197 vix
1566 4144 1893 4212 salvabitur,
1925 4142 2033 4196 im—

344 4228 473 4299 pius
502 4229 601 4283 ubi
630 4229 902 4299 parebit?

1038 4301 1262 4356 CAPUT
1285 4302 1371 4356 IV.

417 4405 662 4461 Vnns.2.
696 4435 762 4445 —
800 4428 821 4455 ι
884 4406 942 4461 Si
999 4407 1338 4478 coeperimus
1396 4408 1555 4480 loqui
1615 4408 1737 4463 tibi.
1777 4429 1799 4457 ι
1844 4409 2035 4478 (Ibid.)

344 4493 586 4547 Molliter
645 4494 947 4565 incipiunt,
1013 4496 1111 4550 sed
1168 4497 1228 4550 in
1285 4513 1486 4567 aspera
1516 4503 1917 4568 prorumpunt.
1950 4496 2039 4551 Sic

344 4581 597 4635 haeretici
625 4582 837 4636 blanda
865 4583 1037 4637 verba
1094 4591 1445 4656 proponunt,
1479 4602 1550 4640 ne
1585 4591 1906 4653 caveantur,
1940 4587 2038 4642 sed

342 4686 543 4740 aspera
564 4670 943 4725 subinferunt.

415 4777 440 4807 ‹‹
474 4759 585 4813 Sed
644 4763 999 4830 conceptum.
1036 4779 1063 4812 ν
1116 4760 1297 4831 (Ibid)
1349 4762 1588 4816 Perfecti
1640 4778 1742 4815 nec
1772 4762 1831 4815 in
1867 4762 2036 4817 corde

342 4862 611 4916 perversa
654 4847 987 4919 concipiunt
1014 4865 1142 4920 qua:
1200 4849 1425 4903 silentio
1481 4855 1868 4921 compescunt.
1924 4851 2038 4906 Alii

344 4952 517 5005 prava
561 4937 907 5008 concipiunt,
972 4939 1068 4992 sed
1124 4939 1337 4993 silentii
1384 4939 1576 5011 vigore
1636 4956 1843 5010 magno
1902 4956 2037 4994 con-

344 5024 668 5095 stringunt:
714 5025 808 5080 alii
868 5032 926 5081 et
979 5027 1309 5098 concipiunt
1364 5032 1418 5081 et
1462 5044 1596 5081 mox
1651 5028 1914 5082 efferunt.
1972 5029 2036 5081 In

344 5128 514 5166 sensu
574 5115 745 5180 leves,
800 5114 860 5169 in
904 5116 1102 5186 lingua
1138 5116 1480 5187 praecipites.
1532 5118 1609 5170 De
1662 5116 1752 5170 his
1794 5122 1879 5170 est
1924 5116 2036 5169 Eli-

341 5198 509 5267 phaz,
542 5201 641 5270 qui
673 5217 775 5255 suo
807 5203 1195 5273 experimento
1230 5204 1298 5257 de
1347 5203 1614 5257 omnibus
1647 5203 1799 5257 idem
1842 5203 2032 5258 sentit.

416 5305 441 5335 α
478 5288 693 5341 Tenere
754 5288 882 5359 quis
932 5290 1163 5359 poterit.
1225 5312 1246 5340 ι
1296 5290 1467 5355 Quasi
1525 5290 1695 5344 vellet
1746 5290 2031 5345 retinere:

344 5374 403 5427 in
436 5390 551 5444 quo
599 5374 791 5431 innuit
829 5393 889 5430 se
928 5377 987 5431 in
1019 5378 1305 5449 loquendo
1338 5380 1711 5434 offensurum.

416 5462 575 5516 Vens.
634 5467 663 5516 3
725 5494 793 5504 —-
853 5487 875 5515 ι
930 5466 1066 5520 Ecce
1119 5466 1360 5521 docuisti
1420 5467 1716 5539 plurimos.
1769 5490 1795 5517 υ
1847 5467 2035 5539 (ιὸίά.)

343 5553 510 5607 Certa
540 5551 691 5607 bona
720 5557 853 5608 sunt
882 5570 1011 5625 quae
1069 5559 1127 5609 et
1177 5556 1272 5609 ille
1318 5556 1547 5623 fatetur,
1606 5555 1705 5628 qui
1743 5555 2037 5611 criminari

2220 3081 2386 3133 VEns.
2419 3081 2470 3133 9.
2506 3109 2575 3119 —
2609 3100 2630 3127 ι
2669 3078 3010 3146 Recordare,
3073 3076 3304 3131 obsecro
3349 3080 3425 3130 te.
3458 3096 3479 3123 ι
3515 3076 3627 3130 Sed
3658 3080 3714 3129 et
3742 3075 3842 3129 hoc

2148 3166 2682 3237 reprehensibiliter
2710 3167 2851 3236 agit.
2885 3169 3160 3221 Innocens
3193 3165 3348 3219 enim
3390 3170 3447 3219 et
3477 3169 3666 3218 rectus
3697 3179 3841 3233 stepe

2149 3257 2243 3312 hic
2281 3256 2538 3310 funditus
2595 3256 2881 3321 delentur,
2940 3254 3043 3308 etsi
3100 3255 3171 3308 ad
3232 3259 3445 3308 aeterna
3500 3258 3835 3307 servantur:

2150 3347 2245 3400 sed
2278 3346 2379 3416 qui
2425 3361 2541 3398 non
2589 3360 2694 3416 pro
2745 3349 2962 3398 aeterna
3000 3343 3099 3398 sed
3152 3348 3379 3397 terrena
3435 3343 3699 3397 mercede
3735 3343 3841 3395 Deo

2148 3433 2422 3499 serviunt,
2460 3433 2572 3503 ipsi
2606 3432 2714 3486 sibi
2743 3433 2970 3504 ﬁngunt
2995 3433 3147 3504 quod
3204 3436 3483 3503 qumrent,
3537 3436 3597 3485 et
3646 3432 3843 3485 docere

2146 3526 2565 3592 praesumentes
2622 3537 2753 3575 cum
2783 3526 3072 3575 terrenam
3111 3520 3471 3573 securitatem
3506 3519 3841 3589 praedicant,

2148 3609 2368 3663 cunctis
2398 3609 2514 3662 suis
2544 3609 2754 3664 laboris
2785 3609 3095 3663 ostendunt
3123 3608 3275 3679 quod
3306 3613 3519 3661 amant.

2219 3698 2387 3751 Vens.
2432 3700 2485 3751 8.
2515 3728 2584 3736 —
2637 3719 2659 3746 «ι
2709 3696 2858 3761 Quin
2903 3696 3096 3766 potius
3144 3696 3258 3750 vidi
3311 3712 3426 3751 eos.
3468 3718 3491 3745 ι
3524 3696 3708 3766 (Ibid)
3742 3697 3845 3751 Do—

2146 3785 2296 3839 lores
2335 3786 2599 3845 seminat.
2655 3785 2755 3856 qui
2813 3784 2970 3839 dicit.
3006 3785 3387 3838 Fraudulente
3417 3786 3600 3849 metit,
3638 3785 3737 3856 qui
3764 3783 3842 3838 di-

2147 3873 2324 3927 cendo
2382 3874 2670 3943 praavalet.
2722 3874 2819 3926 Vel
2869 3873 3095 3926 dolores
3127 3872 3390 3936 seminat,
3453 3873 3553 3943 qui
3584 3887 3845 3945 perversa

2146 3962 2285 4033 agit.
2321 3962 2493 4029 Metit,
2546 3962 2647 4033 qui
2702 3962 2764 4017 in
2813 3963 2895 4016 eis
2933 3968 3324 4032 prosperatur.
3359 3963 3427 4016 Hi
3476 3965 3709 4032 nonr(ut
3747 3962 3842 4029 ait)

2146 4055 2410 4122 pereunt,
2461 4051 2555 4105 sed
2588 4050 2809 4104 felicius
2835 4050 2928 4105 hic
2976 4050 3144 4121 justis
3191 4050 3402 4105 vivunt.
3435 4050 3659 4105 Patitur
3688 4050 3839 4105 enim

2150 4140 2298 4192 Deus
2331 4139 2611 4210 quosdam
2642 4139 2733 4193 hic
2762 4138 3091 4210 praevalere,
3121 4144 3186 4191 ut
3215 4138 3487 4192 mundius
3517 4139 3631 4192 vita
3657 4139 3839 4209 justo-

2144 4243 2275 4282 rum
2321 4232 2619 4298 purgetur.
2655 4226 2828 4282 Punit
2855 4244 2989 4281 mox
3015 4228 3178 4293 alios,
3218 4243 3289 4281 ne
3317 4231 3549 4297 putetur
3588 4228 3842 4281 humana

2146 4316 2457 4387 negligere,
2493 4321 2549 4371 et
2594 4318 2774 4371 multa
2803 4317 2955 4371 mala
2982 4316 3298 4387 prasterire,
3336 4321 3399 4370 ut
3450 4316 3629 4370 corda
3675 4317 3840 4371 inno-

2148 4405 2417 4474 centium,
2454 4405 2554 4476 qui
2610 4405 3004 4474 pusillanimes
3060 4410 3214 4473 sunt,
3263 4404 3602 4459 conﬁrmet:
3656 4404 3842 4459 verius

2149 4498 2340 4548 autem
2388 4494 2597 4548 diceret
2627 4494 2697 4548 de
2726 4493 3018 4560 omnibus,
3048 4492 3107 4545 in
3139 4492 3289 4558 fine;
3350 4493 3701 4562 generaliter
3743 4507 3842 4563 po-

2146 4586 2293 4635 terat
2325 4582 2456 4651 dici,
2488 4582 2643 4653 quod
2701 4582 2976 4635 innocens
3033 4585 3091 4635 et
3123 4586 3307 4636 rectus
3338 4598 3453 4635 non
3505 4582 3681 4652 perit,
3713 4580 3845 4652 quia

2148 4671 2254 4725 etsi
2280 4671 2373 4725 hic
2404 4671 2686 4737 atteritur,
2722 4670 2872 4741 apud
2927 4672 3104 4725 Deum
3144 4686 3277 4724 vera
3308 4670 3486 4723 salute
3518 4676 3841 4740 reparatur.

2147 4760 2214 4813 Et
2258 4759 2394 4813 mali
2456 4765 2718 4830 pereunt,
2751 4759 2889 4831 quia
2923 4760 3027 4813 etsi
3084 4760 3176 4813 hic
3229 4759 3399 4814 altius
3474 4764 3753 4825 crescant,
3788 4757 3844 4811 in

2144 4847 2257 4902 ﬁne
2313 4848 2510 4903 durius
2574 4849 2871 4903 ferientur.
2968 4848 3077 4903 Sed
3144 4848 3278 4919 quia
3344 4847 3479 4902 dicit
3536 4848 3841 4913 recordare,

2145 4942 2302 5007 patet
2330 4941 2613 4992 transacta
2637 4938 2708 4992 ad
2740 4942 2994 4993 mentem
3023 4937 3237 5004 reduci,
3263 4954 3379 4992 non
3435 4937 3633 4991 futura
3661 4953 3839 4991 enun-

2144 5025 2294 5080 tiari.

2217 5116 2393 5169 Vans.
2429 5119 2481 5169 7.
2540 5144 2608 5155 -
2662 5136 2682 5163 ι
2746 5115 2939 5169 Flante
2997 5117 3110 5169 Deo
3154 5114 3388 5185 perisse.
3421 5133 3450 5166 ι)
3511 5114 3701 5183 (Ibid)
3734 5115 3842 5168 Nos

2146 5202 2462 5257 conﬂamus
2487 5218 2699 5270 aerem,
2732 5202 2868 5257 dum
2901 5202 2969 5257 ab
3000 5208 3155 5257 extra
3184 5204 3339 5256 intus
3359 5202 3661 5268 trahimus,
3696 5208 3752 5257 et
3776 5200 3841 5255 ab

2146 5291 2302 5345 intus
2334 5295 2492 5345 extra
2521 5292 2831 5346 reddimus.
2866 5292 3015 5346 Deus
3047 5308 3182 5363 ergo
3221 5291 3281 5345 in
3306 5291 3682 5345 retributione
3708 5290 3841 5344 ﬂare

2148 5380 2376 5447 dicitur,
2409 5379 2545 5450 quia
2575 5380 2644 5434 ab
2676 5380 3050 5435 exterioribus
3085 5380 3269 5434 causis
3299 5379 3452 5433 intus
3480 5377 3686 5450 judicii
3716 5394 3842 5433 con-

2147 5467 2338 5522 silium
2370 5468 2636 5540 concipit,
2689 5474 2747 5523 et
2783 5470 2854 5523 ab
2883 5469 3109 5523 interno
3141 5468 3377 5522 consilio
3433 5467 3685 5522 exterius
3714 5482 3839 5520 sen-

2147 5557 2386 5613 tentiam
2427 5557 2655 5626 emittit,
2706 5558 2761 5614 id
2797 5563 2901 5626 est,
2936 5575 2968 5612 a
3021 5558 3185 5613 malis
3242 5556 3452 5612 nostris
3491 5572 3619 5629 que
3653 5562 3836 5611 extra-
