4034 6180
168 316 278 369 765

165 529 336 595 ceptu
394 528 551 577 extra
593 522 1055 592 damnationem”)
1074 523 1222 577 facit.
1275 523 1372 576 Vel
1416 522 1551 576 ﬂare
1610 524 1775 588 Deus,
1817 523 1873 576 id

164 617 271 675 est,
305 611 473 665 irasci
509 611 717 664 dicitur
768 627 872 681 per
903 610 1108 677 simile,
1155 610 1292 680 quia
1339 626 1444 663 nos
1492 626 1620 664 cum
1679 611 1874 664 irasci-

162 715 323 767 mur,
383 701 519 753 ﬂatu
578 699 785 753 furoris
814 699 1261 753 inﬂammamur.
1321 700 1443 754 Fiat
1477 699 1646 770 l'ergo
1730 700 1875 753 Deus

163 789 469 843 irascendo
539 788 853 842 vindictam
900 788 1180 859 cogitans,
1253 803 1382 842 cum
1440 792 1571 858 post
1641 788 1875 858 longam

163 878 529 950 patientiam,
586 877 686 949 qui
737 878 795 930 in
853 893 912 931 se
974 869 1429 947 tranquillus‘est
1486 877 1594 930 reis
1654 877 1877 931 videtur

165 967 558 1032 turbulentus,
617 982 747 1019 cum
810 965 918 1036 ipsi
967 982 1159 1020 coram
1219 982 1285 1019 eo
1361 969 1522 1020 reatu
1582 981 1684 1019 suo
1746 970 1876 1019 tur-

162 1056 400 1110 bentur.

244 1144 473 1215 (Gnao)
502 1145 809 1214 Postquam
836 1143 1145 1197 clen‘enter
1176 1143 1415 1208 monuit,
1451 1147 1645 1214 aperte
1684 1143 1875 1197 incre-

166 1239 290 1304 pat.
334 1254 362 1282 ‹
427 1232 665 1303 Rugitus
713 1231 915 1292 leonis,
943 1252 970 1281 n
1020 1232 1077 1284 id
1121 1237 1222 1298 est,
1272 1233 1539 1286 severitas
1590 1236 1646 1286 et
1692 1237 1877 1286 terror

165 1324 351 1394 ipsius
371 1322 474 1377 Job
504 1339 515 1374 :
545 1340 571 1371 α
596 1337 703 1374 vox
723 1320 939 1388 leaenae,
976 1342 996 1368 ι
1034 1321 1350 1390 loquacitas
1365 1321 1646 1391 conjugis,
1678 1340 1703 1371 «
1736 1322 1875 1375 den-

166 1418 251 1465 tes
283 1411 631 1475 catulorum,
666 1427 695 1457 »
728 1408 976 1461 edacitas
1002 1407 1255 1461 ﬁliorum
1312 1408 1597 1462 destructa
1633 1414 1734 1462 est.
1780 1409 1870 1463 Ri-

167 1500 339 1569 gidus
373 1498 631 1564 exsultat,
690 1497 853 1566 quasi
900 1497 1030 1566 jure
1089 1501 1277 1550 essent
1308 1496 1601 1550 damnata.
1658 1494 1878 1565 Tigridi

168 1587 342 1640 etiam
370 1588 398 1639 J
406 1587 477 1639 ob
506 1590 797 1656 comparat
823 1601 924 1656 pro
957 1585 1194 1639 maculis
1248 1585 1650 1640 simulationis.
1692 1587 1877 1656 Hypo-

169 1676 310 1730 crita
337 1676 516 1741 enim,
550 1676 650 1746 qui
698 1679 887 1727 rectus
939 1670 1185 1739 videtur,
1231 1675 1404 1727 habet
1456 1674 1691 1728 latentia
1718 1674 1873 1739 vitia,

169 1782 302 1836 qua:
332 1765 646 1835 aliquando
696 1763 1057 1834 erumpentia
1114 1762 1363 1816 colorem
1404 1762 1639 1817 variant.
1675 1762 1875 1817 Praeda

170 1858 255 1908 est
276 1854 573 1923 justorum
599 1852 802 1922 gloria,
837 1868 1010 1922 quam
1044 1851 1149 1904 sibi
1205 1851 1444 1920 arripit:
1502 1854 1707 1920 putant
1737 1866 1873 1919 ergo

171 1941 278 1996 iste
316 1946 580 1995 sanctum
609 1940 712 1995 Job
736 1940 890 1993 bona
914 1956 1044 2009 quas
1072 1941 1132 1992 in
1153 1955 1220 1993 eo
1249 1944 1507 2005 noverat,
1557 1954 1660 2009 per
1705 1938 1879 2008 hypo-

170 2031 367 2084 crisim
395 2029 668 2095 tenuisse,
701 2028 837 2083 dicit
867 2042 880 2080 :

242 2120 410 2173 Vens.
470 2122 557 2172 Η.
612 2148 678 2157 -
715 2137 743 2168 (ι
801 2116 985 2186 Tigris
1034 2115 1232 2186 periit.
1272 2117 1440 2169 nHoc
1497 2119 1582 2169 est
1636 2114 1879 2168 varietas

173 2212 285 2262 tuae
316 2206 702 2261 simulationis
733 2206 1007 2260 exstincta
1038 2210 1144 2270 est,
1178 2209 1321 2270 etc.,
1352 2220 1521 2273 usque
1540 2204 1615 2257 ad
1659 2204 1719 2258 hi
1738 2204 1880 2258 tales

172 2314 275 2370 per
304 2297 646 2369 sapientiam
675 2300 880 2368 putant
908 2312 967 2348 se
1024 2312 1223 2349 omnes
1275 2295 1702 2350 transcendere.

241 2389 388 2441 Vens
482 2390 569 2441 l2.
613 2414 673 2426 --
709 2404 735 2436 α
787 2387 961 2439 Porro
994 2385 1064 2439 ad
1105 2401 1195 2438 me
1253 2384 1470 2439 dictum
1505 2388 1589 2437 est
1642 2383 1880 2436 verbum

172 2475 599 2531 absconditum.
636 2496 657 2523 ι
708 2475 903 2546 (Ibid.)
955 2472 1297 2528 Abscondita
1354 2490 1411 2525 se
1468 2471 1723 2526 haeretici
1784 2486 1884 2524 au-

175 2563 295 2617 dire
342 2564 635 2627 simulant,
686 2562 839 2616 unde
871 2566 927 2616 et
974 2563 1215 2616 latenter
1261 2561 1595 2633 praedicant,
1642 2564 1701 2614 ut
1758 2576 1883 2612 san-

174 2651 539 2706 ctioreorum
597 2650 927 2722 praedicatio
972 2650 1270 2718 habeatur,
1331 2667 1444 2704 non
1486 2649 1611 2703 aliis
1682 2664 1873 2719 aequa.

248 2741 548 2805 «Furtive,
586 2745 673 2794 etc
741 2760 768 2789 ι
821 2738 1007 2809 (Ibid)
1063 2740 1207 2804 Quia
1256 2755 1371 2793 non
1424 2755 1555 2793 cum
1608 2738 1732 2791 aliis
1781 2754 1884 2808 per

182 2828 387 2882 ostium
409 2828 641 2895 intrant,
672 2828 765 2882 sed
798 2827 974 2881 rimas
1006 2833 1273 2899 quaerunt
1320 2844 1509 2898 pravas
1555 2826 1882 2897 intelligen-

183 2916 292 2983 tiae,
320 2917 458 2987 quia
483 2933 618 2971 vero
650 2917 745 2970 fur
774 2917 968 2970 lumen
998 2917 1183 2983 timet,
1220 2916 1407 2970 addit:

1365 314 1622 371 GLOSSA
1660 314 2069 370 ORDINARIA.
2111 343 2183 355 —
2223 314 2353 369 LIB.
2393 315 2532 370 JOB.

170 437 343 503 videt,
390 435 671 508 judicium
725 434 878 488 intus
935 433 1208 505 disponit,
1242 438 1299 487 et
1354 433 1424 488 ab
1476 433 1703 488 interno
1733 450 1869 488 con-
1910 438 1955 488 Α
1984 433 2389 502 subtrahatur;
2451 435 2648 489 unde:
2699 456 2727 483 ‹‹

3576 323 3679 374 ’766

2784 436 2985 490 Vacatc
3011 440 3069 490 et
3126 435 3349 491 videte:
3410 438 3682 508 quoniam

1983 539 2087 593 ego
2119 540 2243 577 sum
2308 526 2453 578 Deus
2498 524 2672 595 (Psal.
2732 524 2884 595 XLV).
2924 546 2946 573 ι
3009 525 3119 579 Sed
3174 542 3287 595 quo
3341 525 3567 579 animus
3626 526 3683 578 in

1982 613 2465 683 contemplatione
2518 615 2730 667 levatus
2788 630 2962 684 super
3022 632 3079 668 se
3126 615 3330 669 altiora
3384 615 3684 687 conspicit,

1982 718 2049 755 eo
2086 701 2145 754 in
2184 718 2242 755 se
2282 703 2595 756 terribilius
2626 702 2839 769 tremit,
2873 704 3050 757 unde:

2057 812 2079 838 ι
2115 792 2491 846 Pavorteuuit
2522 808 2610 845 me
2644 797 2926 846 ettremor
2955 797 3010 846 et
3041 792 3235 845 omnia
3263 808 3407 845 ossa.
3436 813 3462 841 »
3500 791 3684 862 (Ibid.)

1982 879 2044 933 Id
2075 885 2178 944 est,
2211 880 2448 934 fortiora
2489 885 2631 947 acta,
2656 884 2783 949 etc.,
2834 897 3004 950 usque
3034 882 3107 935 ad
3143 881 3440 934 stimulum
3498 881 3683 935 carnis

1981 966 2174 1037 sentit,
2205 968 2365 1022 addit
2387 985 2399 1021 :

2051 1057 2213 1111 Vnns.
2270 1060 2347 1110 16.
2397 1087 2465 1095 —
2497 1078 2523 1105 (ι
2573 1055 2741 1111 Stetit
2787 1056 3042 1126 quidam.
3105 1056 3295 1127 (Ibid.)
3347 1057 3411 1111 Ut
3469 1055 3683 1109 incom-

1980 1134 2390 1214 prehensibilia
2455 1161 2513 1198 se
2572 1145 2794 1198 novisse
2836 1145 3114 1214 judicent,
3168 1151 3294 1210 etc.,
3376 1160 3544 1213 usque
3613 1144 3687 1198 ad

1981 1235 2117 1304 quia
2148 1234 2363 1287 bonum
2390 1250 2690 1287 commune
2721 1234 3040 1303 specialiter
3070 1234 3175 1287 sibi
3220 1233 3524 1303 arrogavit.

2059 1344 2079 1370 ι
2116 1323 2529 1376 Inhorruerunt
2560 1322 2660 1393 pili
2686 1322 2871 1376 carnis
2920 1339 3081 1377 mem.
3124 1345 3143 1369 ι
3183 1324 3371 1394 (Ibid.)
3416 1322 3521 1375 Pili
3552 1325 3687 1374 sunt

1982 1410 2276 1479 superﬂua
2305 1412 2577 1482 qualibet
2598 1412 2866 1465 humana:
2899 1411 3281 1482 corruptionis
3312 1409 3685 1479 cogitationes

1983 1498 2113 1553 vitae
2166 1501 2412 1553 veteris:
2470 1517 2610 1570 quas
2681 1500 2789 1554 sia
2843 1504 3033 1553 mente
3096 1500 3472 1566 excludimus,
3537 1498 3685 1568 pilos

1984 1602 2152 1640 carne
2224 1587 2550 1649 incidimus,
2602 1592 2665 1640 ut
2716 1604 2826 1640 non
2887 1588 3085 1641 dolore
3141 1588 3473 1658 fatigentur.
3528 1586 3684 1640 Unde

1987 1676 2236 1747 Moyses:
2287 1698 2313 1725 «
2378 1677 2580 1731 Levita:
2636 1677 2839 1730 radant
2904 1692 3101 1730 omnes
3148 1676 3295 1747 pilos
3348 1674 3532 1728 carnis
3564 1690 3681 1727 sua:

1987 1766 2180 1833 (Leuit.
2214 1766 2367 1834 XIV).
2403 1786 2429 1816 »
2456 1767 2585 1819 Haac
2625 1770 2817 1819 autem
2865 1765 3128 1819 subtilius
3185 1765 3244 1818 in
3318 1763 3486 1817 nobis
3551 1779 3685 1816 con-

1985 1854 2276 1924 spicimus,
2325 1870 2455 1907 cum
2506 1855 2618 1907 alta
2676 1858 3066 1925 penetramus,
3134 1853 3283 1906 unde
3329 1857 3479 1906 recte
3533 1868 3687 1906 nunc

1987 1942 2196 1999 dicitur
2229 1959 2240 1995 :

2060 2049 2087 2081 ‹‹
2120 2030 2261 2084 Cum
2292 2029 2523 2100 spiritus
2570 2029 2864 2083 transiret.
2908 2047 2934 2081 ι
2986 2030 3125 2083 Cum
3158 2028 3311 2083 enim
3365 2043 3525 2081 mens
3554 2042 3688 2081 vera

1986 2118 2154 2182 videt,
2207 2118 2405 2171 durius
2458 2134 2517 2171 se
2558 2118 2629 2171 de
2686 2117 2993 2187 superﬂuis
3040 2117 3279 2171 cruciat.
3337 2117 3688 2170 Transeuute

1987 2223 2143 2277 ergo,
2182 2206 2410 2276 spiritu,
2444 2205 2547 2276 pili
2570 2205 3001 2275 pertimescunt,
3053 2206 3189 2275 quia
3218 2210 3348 2259 ante
3377 2204 3494 2258 vim
3525 2220 3690 2258 com-

1989 2292 2320 2366 punctionis
2369 2293 2673 2364 superﬂua:
2714 2293 3088 2363 cogitationes
3136 2292 3386 2364 fugiunt,
3442 2292 3577 2363 quia
3608 2291 3691 2344 in-

1994 2384 2129 2438 tima
2180 2382 2322 2435 visio
2372 2383 2623 2436 animam
2667 2387 2863 2436 contra
2911 2397 2967 2435 se
3026 2381 3382 2447 inﬂammat;
3446 2384 3501 2433 et
3549 2381 3684 2433 dum

1989 2471 2187 2526 illicita
2239 2470 2491 2525 dictricte
2561 2475 2793 2536 resecat,
2850 2486 3011 2524 mens
3067 2470 3237 2523 latius
3312 2467 3688 2537 speculationi

1991 2560 2257 2625 inhaeret,
2292 2564 2347 2614 et
2394 2560 2540 2614 bene
2595 2559 2720 2630 ﬁgit
2774 2559 3043 2629 spiritum
3109 2557 3208 2629 qui
3257 2556 3555 2624 transibat,
3584 2572 3689 2609 nec

1992 2654 2185 2703 tamen
2216 2649 2334 2703 haec
2364 2648 2488 2719 ipsa
2544 2664 2706 2702 mora
2748 2646 3249 2717 contemplationis
3308 2646 3422 2698 vim
3461 2644 3689 2714 pietatis

1991 2738 2161 2808 plene
2193 2738 2395 2808 aperit,
2431 2737 2578 2791 unde
2610 2736 2836 2791 subdit:

2066 2846 2091 2877 α
2126 2826 2293 2880 Stetit
2322 2826 2558 2897 quidam
2585 2826 2745 2896 cujus
2777 2840 2895 2878 non
2954 2824 3326 2895 agnoscebam
3386 2822 3624 2876 vultum.
3663 2842 3684 2868 ι

1994 2915 2179 2986 (Ibid)
2225 2915 2465 2978 Quidam
2514 2930 2631 2968 non
2680 2914 2906 2975 dicitur,
2952 2919 3081 2979 etc.,
3128 2928 3296 2981 usque
3330 2912 3405 2965 ad
3456 2927 3560 2983 per
3589 2927 3691 2964 co-

245 3008 411 3059 Vens.
440 3010 532 3062 i3.
581 3035 652 3046 —
692 3024 719 3056 ι(
780 3007 845 3059 In
896 3006 1132 3059 horrore
1192 3004 1429 3057 visionis
1487 3007 1807 3057 nocturnas.
1849 3021 1878 3053 η
1919 3001 1960 3055 C
1990 3007 2263 3057 aeternam
2295 3005 2417 3075 ejus
2447 3004 2695 3073 speciem
2725 3002 3023 3072 conspicit,
3059 3001 3276 3055 subdit:

173 3096 237 3149 In
284 3110 495 3164 pavore
560 3098 853 3149 nocturnas
908 3093 1139 3148 visionis
1198 3109 1255 3146 se
1322 3092 1639 3163 percepisse
1706 3108 1876 3146 venas

176 3182 397 3237 susurri
443 3182 622 3237 divini
655 3183 870 3247 dicunt,
920 3182 1055 3253 quia
1103 3188 1168 3235 ut
1219 3182 1333 3235 alta
1383 3182 1619 3251 jactent,
1671 3180 1761 3234 vix
1810 3197 1876 3234 ea

173 3289 340 3343 posse
374 3288 433 3326 se
492 3288 695 3342 capere
752 3271 968 3327 dicunt.
1019 3271 1131 3326 Sed
1172 3272 1311 3325 dum
1359 3270 1437 3324 ita
1490 3271 1604 3324 alta
1653 3274 1874 3333 notant,

174 3366 346 3415 testes
380 3365 579 3415 contra
626 3377 685 3414 se
730 3359 1007 3431 nequitiae
1050 3364 1208 3413 sunt.
1272 3360 1336 3413 In
1389 3363 1670 3413 nocturna
1720 3359 1875 3413 enim

174 3450 397 3504 visione
427 3449 597 3503 dubie
625 3449 903 3504 cernitur.

242 3538 536 3603 «Quando
583 3539 725 3591 solet
762 3552 933 3606 sopor
985 3552 1290 3606 occupare.
1331 3554 1360 3587 »
1405 3535 1525 3589 Hoc
1584 3539 1686 3603 est,
1739 3535 1875 3589 dum

2058 3112 2085 3143 α
2119 3093 2312 3163 Imago
2342 3108 2534 3145 coram
2562 3090 2740 3145 oculis
2778 3107 2889 3145 me.
2933 3112 2954 3139 ι
3022 3092 3216 3160 Imago
3274 3088 3456 3143 Patris
3515 3087 3689 3142 Filius

1987 3184 2092 3248 est,
2120 3181 2219 3251 qui
2253 3180 2427 3234 dicit:
2461 3182 2638 3234 Nemo
2694 3180 2849 3233 venit
2877 3180 2949 3233 ad
3000 3180 3246 3244 Patrem,
3307 3177 3414 3231 nisi
3444 3193 3545 3246 per
3574 3192 3685 3230 me.

2064 3291 2084 3316 α
2122 3270 2187 3323 Et
2215 3285 2411 3323 vocem
2442 3268 2604 3339 quasi
2643 3284 2796 3322 aura;
2829 3267 2973 3322 lenis
3012 3267 3221 3321 audivi.
3256 3288 3281 3315 s
3342 3264 3525 3337 (lbid.)
3576 3266 3689 3317 Vox

1987 3373 2162 3421 aurae,
2213 3358 2478 3429 cognitio,
2531 3362 2654 3425 etc.,
2705 3372 2872 3426 usque
2928 3355 3002 3409 ad
3062 3356 3161 3427 qui
3202 3372 3265 3408 ex
3312 3355 3417 3408 hoc
3468 3353 3689 3417 auditu,

1986 3445 2202 3501 didicit.

2058 3536 2223 3589 Vens.
2268 3540 2356 3590 17.
2414 3565 2480 3574 —-
2517 3556 2538 3583 ι
2578 3532 2846 3605 Nunquid
2885 3533 3059 3587 homo
3108 3532 3531 3604 comparatione
3588 3532 3688 3587 Dei

175 3643 378 3681 omnes
446 3626 683 3680 inferius
758 3625 1051 3680 dormiunt
1121 3630 1403 3695 tempore,
1470 3641 1574 3679 nos
1632 3625 1702 3678 ad
1763 3625 1879 3678 alta
1979 3623 2643 3693 justiﬁcabitur?nHoc
2680 3622 2739 3675 in
2798 3622 3300 3692 comtemplatioue
3331 3621 3506 3685 novit,
3539 3620 3689 3691 quod

172 3723 226 3771 et
255 3732 513 3786 superna
541 3715 907 3787 percipienda
938 3714 1261 3785 vigilamus.
1296 3716 1362 3769 Et
1393 3715 1529 3769 dum
1563 3714 1875 3785 aliquando

170 3805 510 3876 hocdespici
565 3805 788 3871 vident,
852 3804 1065 3874 seipsos
1132 3804 1335 3857 timere
1396 3803 1671 3857 simulant
1727 3803 1879 3874 quod

169 3895 393 3961 dicunt,
428 3894 578 3949 unde
609 3893 802 3948 subdit
834 3909 847 3947 :

238 3986 416 4039 Vsus.
460 3985 550 4038 14.
588 4014 657 4023 -
691 4004 713 4032 ι
745 3985 926 4037 Pavor
950 3981 1137 4037 tenuit
1160 3997 1272 4035 me.
1308 4000 1336 4033 »
1387 3982 1457 4036 Ut
1485 3980 1617 4034 miri
1646 3979 1878 4034 videan-

172 4076 262 4127 tur
302 4074 369 4126 in
432 4071 581 4137 altis,
631 4071 793 4143 quasi
847 4070 1255 4142 pertimescunt
1304 4085 1434 4140 qum
1490 4069 1718 4139 ﬁngunt
1759 4085 1771 4122 :
1826 4072 1881 4122 et

170 4166 369 4216 tamen
395 4161 637 4215 audaces
679 4164 811 4214 sunt
861 4160 1138 4231 proferre,
1199 4174 1329 4230 qua:
1378 4162 1639 4212 asserunt
1695 4157 1785 4210 vix
1818 4173 1880 4212 se

172 4251 432 4321 potuisse
464 4249 685 4304 audire.

242 4357 271 4389 α
304 4339 395 4393 Ad
437 4354 528 4391 me
560 4336 774 4392 dictum
805 4341 891 4391 est
917 4336 1182 4391 verbum.
1224 4354 1252 4387 ν
1302 4335 1496 4407 (Ibid.)
1547 4335 1719 4389 Filius
1779 4334 1878 4388 Dei

174 4427 407 4493 dicitur,
437 4430 779 4494 etc.,usque
832 4425 907 4478 ad
934 4441 1001 4478 eo
1061 4425 1243 4495 magis
1297 4424 1696 4478 rectitudinem
1756 4423 1879 4495 ejus

170 4531 435 4587 repressa
464 4514 769 4569 formidat:
802 4514 952 4568 unde
983 4514 1174 4567 subdit
1202 4530 1217 4567 :

241 4606 365 4657 «In
422 4604 656 4657 horrore
713 4602 947 4656 visionis
1000 4606 1317 4669 nocturnas,
1373 4604 1542 4655 etc.»
1590 4601 1649 4655 Id
1682 4604 1784 4667 est,
1820 4600 1874 4654 in

172 4708 385 4763 pavore
412 4692 649 4745 occulta:
681 4690 1201 4760 contemplationis,
1225 4690 1285 4743 in
1343 4706 1455 4761 qua
1498 4689 1640 4744 nihil
1691 4690 1876 4743 mani-

171 4780 335 4848 feste,
373 4780 472 4834 sed
528 4780 691 4851 quasi
745 4778 1109 4849 imaginarie,
1149 4779 1391 4833 videtur.
1449 4778 1557 4832 Sed
1606 4778 1676 4832 ad
1733 4779 1879 4832 hanc

173 4886 343 4923 nemo
394 4868 690 4940 pertingit,
742 4868 852 4922 nisi
894 4867 1216 4921 carnalibus
1245 4867 1541 4923 desideriis
1580 4866 1875 4937 repressis,

171 4958 355 5011 unde:
1629 4946 1636 4954 “

247 5067 276 5093 ‹‹
308 5045 551 5110 Quando
578 5044 719 5099 solet
750 5061 923 5115 sopor
946 5061 1219 5116 occupare
1270 5043 1551 5099 homines.
1588 5064 1615 5094 »
1670 5042 1879 5114 Vigilat

172 5134 272 5204 qui
299 5133 453 5187 curis
500 5133 690 5187 saeculi
737 5132 982 5186 intendit
1010 5149 1022 5185 :
1084 5131 1299 5209 dormit
1327 5132 1388 5185 in
1433 5132 1625 5203 quiete
1656 5133 1752 5203 qui
1783 5132 1874 5185 fu—

173 5222 281 5291 git.
326 5222 431 5275 Hic
463 5226 545 5275 est
572 5221 742 5276 Jacob
777 5220 964 5292 quiin
1033 5220 1238 5275 itinere
1298 5221 1512 5275 dormit
1532 5226 1588 5275 et
1644 5222 1876 5292 angelos

174 5309 348 5373 videt,
384 5309 441 5363 id
488 5314 593 5377 est,
625 5309 687 5363 in
735 5325 901 5363 cursu
933 5309 1105 5380 hujus
1134 5310 1265 5363 vitm
1296 5325 1330 5361 a
1362 5309 1725 5363 saecularibus
1783 5326 1874 5363 re-

174 5398 279 5452 bus
309 5399 506 5452 oculos
554 5398 767 5453 claudit
815 5399 969 5469 quod
1022 5399 1093 5453 ad
1152 5398 1668 5469 concupiscendum
1708 5398 1875 5469 culpa

176 5488 375 5558 primis
402 5487 737 5558 parentibus
767 5487 1016 5558 aperuit.
1082 5488 1147 5542 Et
1173 5504 1344 5542 nemo
1393 5488 1460 5541 ad
1520 5488 1765 5542 videnda
1798 5488 1876 5542 iu-

178 5583 346 5633 terna
374 5577 730 5649 perducitur,
762 5578 873 5632 nisi
901 5578 970 5632 ab
999 5577 1087 5632 his
1114 5593 1243 5650 qua:
1273 5576 1524 5632 exterius
1578 5577 1876 5649 implicant

1981 3711 2205 3780 justitia
2229 3712 2480 3765 humana
2505 3709 2712 3764 divinae
2737 3714 3068 3781 comparata
3126 3710 3426 3778 injustitia,
3462 3714 3524 3761 ut
3562 3725 3691 3778 quae

1987 3800 2222 3853 lucerna
2275 3798 2335 3852 in
2388 3797 2635 3851 tenebris
2693 3798 2859 3861 lucet,
2943 3797 3003 3850 in
3060 3798 3175 3850 sole
3231 3797 3473 3866 caligat:
3538 3796 3688 3866 quod

1986 3886 2192 3957 potuit,
2217 3886 2352 3958 quia
2382 3885 2481 3957 qui
2546 3886 2733 3939 lucem
2763 3885 2936 3951 videt,
2990 3884 3095 3938 scit
3125 3884 3261 3954 quid
3317 3885 3386 3937 de
3435 3883 3688 3937 tenebris

1989 3974 2251 4029 testimet.

2063 4082 2091 4114 ι(
2122 4066 2232 4117 Aut
2284 4063 2497 4117 factore
2551 4078 2653 4116 suo
2709 4060 3024 4132 purior?»
3075 4059 3258 4130 (Ibid.)
3311 4061 3424 4113 Hoc
3445 4058 3690 4112 aestimat

1991 4153 2092 4224 qui
2128 4156 2328 4206 contra
2350 4150 2736 4221 ﬂagellantem
2770 4153 3118 4202 murmurat.
3175 4148 3283 4202 Sed
3327 4148 3495 4201 debet
3524 4147 3686 4212 scire,

1914 4288 1959 4342 Β
1990 4241 2125 4313 quia
2158 4240 2333 4311 impie
2363 4255 2481 4293 non
2537 4239 2809 4309 ﬂagellat,
2840 4237 2939 4307 qui
2971 4236 3116 4290 mira
3137 4253 3205 4290 ex
3254 4235 3394 4289 nihil
3434 4235 3586 4303 fecit,
3634 4243 3692 4290 et

1991 4329 2251 4384 conditor
2280 4334 2501 4382 naturae
2550 4343 2665 4380 non
2694 4332 2779 4380 est
2829 4326 3062 4396 iniquus
3098 4326 3274 4396 judex
3322 4326 3523 4395 culpae.
3572 4325 3691 4379 Etsi

1987 4419 2091 4472 iste
2126 4418 2334 4489 injuste
2360 4416 2465 4470 Job
2496 4416 2808 4486 redarguit,
2844 4420 2993 4469 recte
3026 4420 3217 4469 tamen
3260 4414 3496 4467 modum
3537 4430 3689 4467 crea-

1988 4512 2132 4562 turae
2163 4508 2223 4560 in
2246 4506 2673 4575 comparatione
2725 4503 3010 4558 Creatoris
3058 4502 3341 4557 describit.
3393 4502 3690 4556 Puriorem

1988 4612 2125 4666 ergo
2149 4612 2207 4649 se
2247 4594 2332 4648 vir
2352 4596 2561 4648 factore
2600 4609 2703 4647 suo
2751 4594 3017 4658 aestimat,
3068 4591 3116 4645 si
3158 4598 3356 4646 contra
3398 4591 3689 4662 ﬂagellum

1988 4684 2281 4756 querelam
2306 4688 2487 4753 parat,
2521 4699 2770 4753 eumque
2801 4682 2909 4736 sibi
2938 4681 3137 4752 procul
3167 4680 3341 4735 dubio
3376 4679 3687 4750 postponit,

1987 4788 2117 4827 cum
2149 4772 2271 4842 ejus
2297 4770 2583 4842 judicium
2614 4769 2920 4824 afﬂictione
2958 4768 3269 4838 redarguit.
3654 4788 3657 4789 ν

2061 4882 2083 4911 ι
2117 4862 2254 4914 Ecce
2286 4860 2387 4931 qui
2449 4860 2707 4914 serviunt
2741 4859 2813 4913 ei.
2854 4879 2874 4904 ι
2914 4858 3114 4926 (lnam)
3176 4857 3425 4927 Angelus
3482 4858 3590 4910 etsi
3631 4856 3688 4910 in

1990 4954 2137 5004 statu
2161 4966 2263 5003 suo
2297 4948 2672 5003 immutabilis
2703 4952 3022 5017 permanet,
3063 4947 3123 4999 in
3162 4947 3265 4999 hoc
3310 4951 3500 4999 tamen
3532 4946 3688 5016 quod

1983 5044 2243 5093 creatura
2304 5042 2409 5106 est,
2463 5035 2910 5091 vicissitudinem
2958 5033 3354 5088 mutabilitatis
3411 5035 3599 5101 habet,
3634 5038 3689 5088 et

1984 5128 2065 5182 ita
2090 5127 2307 5182 stabilis
2357 5142 2469 5181 non
2492 5131 2600 5179 est.
2662 5125 2720 5179 Si
2776 5124 2930 5177 enim
2988 5128 3195 5177 natura
3254 5123 3376 5177 haec
3399 5124 3689 5177 mutabilis

1983 5234 2101 5272 non
2141 5222 2307 5283 esset,
2353 5232 2483 5268 cum
2530 5218 2676 5268 esset
2727 5214 2869 5267 bene
2930 5212 3177 5280 condita,
3215 5212 3276 5266 in
3328 5212 3502 5266 nullis
3539 5213 3684 5267 ceci-

1972 5296 2178 5362 disset.
2202 5306 2307 5361 Sed
2342 5322 2408 5358 ex
2456 5304 2691 5358 arbitrio
2739 5301 2940 5356 habuit
2998 5317 3163 5355 ruere
3213 5302 3296 5354 vel
3344 5305 3513 5367 stare,
3548 5301 3687 5356 etin

1985 5397 2265 5452 stantibus
2324 5394 2593 5448 meritum
2645 5394 2771 5462 fuit,
2829 5396 3055 5446 motum
3123 5392 3521 5446 mutabilitatis
3551 5410 3684 5459 suae,

1984 5487 2172 5541 studio
2204 5483 2510 5539 voluntatis
2541 5481 2750 5537 ﬁxisse.
2809 5483 2921 5535 Hoc
2954 5480 3346 5536 mutabilitatis
3377 5498 3685 5552 argumen-

1983 5582 2107 5632 tum
2138 5573 2398 5645 estquod
2428 5573 2497 5628 de
2528 5576 2784 5644 apostata
2813 5570 3037 5625 subdit:
