4034 6180
314 296 419 346 ’767

931 292 1323 346 WALAFRIDI
1362 292 1608 347 STRABI
1649 289 1854 347 FULD.
1897 290 2062 345 MON.
2102 290 2252 347 OPP.
2296 290 2470 346 PARS
2509 292 2549 345 l.
2590 320 2659 329 -
2698 290 3155 345 THEOLOGICA.
3685 296 3767 348 768

382 432 411 465 ς(
444 415 510 469 Et
528 414 588 468 in
636 413 856 483 angelis
884 413 1001 467 suis
1049 413 1264 485 reperit
1311 413 1669 483 pravitatem.
1702 433 1730 464 η
1760 414 1839 467 Ex
1868 429 2016 484 quo-
2044 415 2089 469 Δ
2127 413 2196 467 ad
2244 413 2490 483 gloriam
2536 428 2737 468 eorum
2787 417 3079 484 sequatur,
3134 411 3565 483 prosperitatem
3608 429 3772 469 eorum

312 519 438 557 rum
470 504 891 573 comparatione
921 502 1225 556 inﬁrmitas
1253 502 1505 556 humana
1547 503 1851 573 colligitur.

384 612 412 643 (ι
441 592 661 656 Quanto
721 591 900 661 magis
931 592 990 644 hi
1044 591 1144 662 qui
1194 591 1457 645 habitant
1511 592 1710 646 domos
1750 594 1947 645 luteas.
1981 610 2008 641 ››

312 679 530 750 ((ἱΒεϐ.)
586 680 643 733 Id
686 686 771 733 est
819 686 1047 733 terrena
1089 695 1347 749 corpora,
1386 680 1516 746 etc.,
1572 696 1741 748 usque
1779 680 1852 735 ad
1881 695 2014 734 con-

310 768 557 837 spiciunt
583 768 730 821 curis
770 767 960 821 saculi
990 769 1250 838 occupati
1284 785 1298 835 ;
1334 769 1485 822 unde
1537 769 1759 823 subdit:

383 856 550 909 Vens.
588 858 675 909 20.
709 885 777 894 —
824 856 899 909 De
945 870 1113 909 mane
1180 871 1362 926 usque
1396 857 1468 911 ad
1524 872 1902 927 vesperam.»
1953 856 2013 910 Id

314 948 417 1009 est,
451 960 483 996 a
511 944 639 997 vita
669 960 786 997 sua
835 943 1068 997 exordio
1108 960 1288 1014 usque
1345 946 1415 999 ad
1467 946 1778 999 terminum
1810 962 2016 1016 perpe-

314 1030 560 1084 tratione
591 1030 909 1101 iniquitatis
939 1033 1334 1099 vulnerantur,
1357 1050 1391 1087 a
1427 1049 1542 1104 qua
1570 1033 1772 1087 succisi
1799 1034 1859 1087 in
1887 1050 2017 1104 pro-

312 1120 557 1174 fundum
590 1125 782 1173 ruunt.

385 1208 579 1279 (Ibid.)
623 1210 719 1262 Vel
785 1225 974 1272 mane,
1039 1210 1422 1279 prosperitas;
1470 1227 1725 1283 vespera,
1774 1212 2016 1265 adversi-

316 1302 439 1363 tas;
478 1298 575 1351 sed
618 1314 720 1367 per
742 1304 1049 1368 utrumque
1099 1304 1362 1367 pereunt,
1429 1300 1565 1370 quia
1601 1316 1706 1370 per
1744 1316 2018 1370 prospera

317 1386 533 1453 lasciv1,
573 1403 677 1456 per
720 1387 953 1440 adversa
1008 1386 1379 1457 impatientes
1421 1388 1492 1441 ad
1557 1388 1838 1442 insaniam
1887 1404 2015 1441 sur-

317 1479 480 1544 gunt.
510 1476 574 1528 Et
601 1476 736 1545 quia
782 1475 975 1529 nullus
1014 1492 1236 1541 eorum,
1287 1476 1517 1535 scilicet.
1553 1496 1581 1529 α
1627 1478 1726 1549 qui
1757 1477 1826 1531 de
1849 1493 2017 1531 mane

318 1579 501 1634 usque
550 1564 622 1616 ad
685 1580 979 1634 vesperam
1037 1565 1401 1619 succidentur
1436 1587 1457 1615 ι
1518 1566 1809 1637 intelligit,
1879 1566 2019 1637 quid

317 1652 485 1706 bonis
532 1652 756 1706 afﬂictis
804 1652 896 1707 hic
943 1657 1219 1720 servetur,
1284 1654 1422 1724 quid
1469 1654 1579 1709 sibi
1620 1655 1879 1708 futurum
1919 1654 2019 1726 qui

321 1740 414 1794 hic
445 1740 599 1794 bona
626 1745 857 1811 putant.
897 1740 1007 1794 Sed
1052 1741 1187 1811 quia
1240 1757 1356 1795 non
1390 1758 1589 1797 omnes
1644 1742 1724 1796 sic
1747 1743 2021 1797 deserun-

316 1836 433 1895 tur,
464 1830 655 1883 subdit
686 1846 699 1883 :

415 1940 436 1966 ι
471 1916 579 1982 Qui
627 1922 818 1971 autem
867 1916 1076 1988 reliqui
1121 1917 1353 1973 fuerint.
1405 1938 1433 1971 ν
1493 1919 1552 1974 Id
1598 1924 1703 1986 est,
1772 1920 2023 1990 despecti

324 2006 546 2073 mundi,
608 2023 750 2076 quos
778 2006 1050 2059 saculum
1098 2012 1160 2060 ut
1189 2007 1457 2078 indignos
1487 2009 1739 2080 reliquit,
1797 2013 1859 2063 ut
1880 2025 2025 2079 puer

323 2094 640 2165 Egyptius,
690 2095 747 2148 id
815 2100 916 2161 est,
973 2100 1196 2149 amator
1264 2096 1475 2162 saculi,
1534 2096 1777 2167 peccatis
1836 2097 2021 2167 niger,

322 2199 475 2253 sape
502 2200 535 2238 a
586 2184 793 2237 saeculo
866 2185 1166 2254 despectus
1222 2184 1584 2256 relinquitur,
1626 2190 1690 2239 ut
1731 2202 1847 2239 non
1893 2202 2025 2239 cum

323 2288 390 2326 eo
429 2277 639 2339 currat,
702 2273 797 2326 sed
870 2273 1082 2327 fractus
1149 2274 1397 2327 adversis
1440 2279 1680 2344 torpeat.
1729 2274 1834 2329 Sed
1872 2275 2026 2328 hunc

326 2360 523 2427 David,
548 2360 603 2415 id
635 2366 740 2429 est,
775 2361 1048 2427 Christus,
1079 2361 1317 2427 invenit,
1366 2367 1421 2415 et
1449 2362 1508 2415 in
1550 2366 1717 2416 suum
1770 2379 2025 2416 amorem

323 2449 617 2517 convertit,
670 2454 726 2503 et
775 2450 898 2504 cibo
946 2450 1105 2504 verbi
1152 2452 1353 2521 pascit,
1406 2456 1465 2505 et
1518 2451 1721 2505 ducem
1781 2451 2024 2519 itineris,

320 2538 378 2591 id
443 2544 547 2603 est,
599 2537 1033 2608 pradicatorem
1080 2555 1247 2593 suum
1287 2537 1443 2593 facit:
1495 2556 1610 2611 quo
1658 2541 1801 2594 duce
1832 2540 2025 2595 convi-

323 2632 543 2693 vantes,
577 2626 635 2680 id
684 2631 788 2692 est,
840 2626 1043 2681 mundi
1092 2626 1349 2681 latitiam
1408 2628 1672 2695 destruit,
1731 2644 1860 2700 qua
1892 2644 2026 2683 eum

325 2716 597 2769 comitem
628 2716 839 2769 habere
868 2715 1143 2785 despexit.

400 2824 428 2855 (ι
462 2806 810 2858 Auferentur
832 2821 898 2858 ex
932 2805 1030 2859 eis.
1068 2826 1092 2855 ι
1152 2805 1294 2869 Quia
1324 2806 1472 2860 Deus
1526 2805 1633 2860 sibi
1684 2822 1779 2859 eos
1833 2806 2025 2877 elegit.

398 2910 426 2943 α
480 2893 813 2959 Morientur,
859 2897 916 2946 et
962 2909 1080 2947 non
1130 2893 1191 2947 in
1256 2894 1563 2965 sapientia.
1609 2912 1636 2947 ι
1687 2895 2029 2965 Interposita

2123 502 2437 573 reprobant
2500 502 2714 556 statim.
2763 502 3032 556 Inﬁrmus
3098 517 3228 555 cum
3302 502 3566 572 qualitate
3616 518 3774 557 rerum

2124 597 2402 657 mutatur,
2435 592 2573 646 dum
2616 592 2770 646 videt
2816 606 3110 661 prospera,
3142 590 3361 657 laudat,
3418 590 3551 644 dum
3587 597 3776 645 mutam

2121 685 2236 745 tur,
2324 680 2466 735 nihil
2524 697 2644 735 esse
2703 680 2953 750 iudicat:
3021 679 3122 733 sed
3197 680 3398 733 ﬁrmus
3482 695 3603 733 cum
3680 680 3780 750 ipsa

2122 770 2307 840 gloria
2337 786 2566 840 panam
2616 769 2935 823 considerat
2987 773 3347 838 sequentem,
3408 772 3464 821 et
3494 783 3617 821 mox
3641 768 3778 823 dam-

2122 864 2239 913 nat.
2273 859 2381 913 Sed
2438 859 2539 929 qui
2593 858 2954 930 proﬁcientes
3010 858 3074 911 in
3126 858 3339 911 mundo
3396 857 3597 911 multos
3623 873 3781 911 secum

2121 948 2378 1014 trahunt,
2411 947 2604 1002 subdit
2627 965 2639 1002 :

2193 1037 2354 1089 Vens.
2386 1036 2438 1088 4.
2472 1065 2542 1075 -
2576 1056 2604 1084 ‹‹
2654 1035 2843 1105 Longe
2892 1034 3031 1088 ﬁent
3080 1033 3186 1087 ﬁlii
3219 1033 3368 1103 ejus.
3415 1051 3439 1082 ιι
3479 1032 3539 1087 Id
3591 1038 3683 1095 est,
3711 1050 3781 1087 se-

2124 1139 2332 1195 quaces
2344 1164 2357 1177 .

2198 1235 2225 1263 «
2258 1215 2321 1267 In
2352 1216 2539 1283 porta.
2580 1234 2606 1261 ι
2654 1211 2843 1282 (Ιὸἰά.)
2904 1212 3073 1264 Porta
3102 1209 3265 1280 regni
3323 1214 3411 1263 est
3459 1209 3574 1263 dies
3594 1209 3784 1279 judicii,

2124 1302 2185 1355 in
2217 1316 2331 1372 quo
2362 1300 2527 1354 electi
2557 1299 2778 1353 intrant
2807 1299 2880 1353 ad
2911 1299 3172 1369 gloriam,
3215 1303 3347 1351 ante
3378 1314 3548 1368 quem
3579 1298 3673 1351 ﬁlii
3698 1298 3784 1350 hu-

2122 1392 2217 1463 jus
2246 1390 2444 1444 mundi
2470 1389 2606 1443 elati
2634 1394 2789 1456 sunt,
2821 1388 2916 1441 sed
2949 1393 3085 1441 tunc
3111 1393 3494 1441 conterentur.

2096 1522 2109 1541 .
2198 1481 2361 1532 Vens.
2401 1482 2453 1533 5.
2488 1509 2554 1517 —
2585 1497 2611 1528 α
2642 1479 2705 1532 Et
2742 1494 2858 1531 non
2902 1478 3010 1531 erit
3039 1477 3138 1548 qui
3194 1482 3381 1531 eruat.
3420 1496 3446 1526 ι)
3477 1475 3655 1546 (Ibid)
3675 1474 3792 1538 Quia

2128 1569 2257 1622 illos
2312 1567 2393 1621 ibi
2442 1566 2650 1621 veritas
2696 1566 2887 1636 eripit,
2950 1581 3094 1636 quos
3142 1564 3234 1618 hic
3309 1580 3410 1637 per
3467 1562 3791 1633 disciplinam

2052 1695 2093 1749 Β
2132 1657 2368 1729 premit.

2206 1764 2235 1798 α
2266 1746 2437 1815 Cujus
2468 1758 2733 1798 messem.
2769 1765 2797 1792 n
2860 1742 3039 1797 Habet
3068 1742 3313 1813 quisque
3371 1742 3586 1797 donum
3613 1738 3794 1793 intelli-

2130 1834 2361 1906 gentia,
2389 1850 2503 1905 quo
2534 1838 2690 1887 recta
2716 1831 2985 1902 intelligit
3014 1836 3069 1885 et
3094 1831 3231 1885 dicit
3264 1848 3276 1885 :
3310 1830 3419 1886 Sed
3449 1830 3581 1901 quia
3626 1828 3797 1883 eadem

2130 1939 2248 1977 non
2267 1928 2424 1976 amat
2452 1938 2556 1976 nec
2595 1920 2806 1989 facit,a
2860 1936 3041 1975 messe
3100 1936 3276 1991 quam
3330 1920 3524 1985 habet,
3574 1918 3796 1989 jejunat;

2131 2013 2228 2067 sed
2279 2010 2379 2083 qui
2431 2011 2607 2065 esurit
2647 2009 2930 2081 justitiam
2987 2009 3056 2063 ab
3125 2009 3224 2063 illo
3268 2009 3509 2063 audiens
3554 2011 3710 2075 recta,
3751 2020 3797 2057 se

2130 2101 2332 2163 reﬁcit,
2368 2100 2559 2153 unde:
2589 2120 2611 2147 ιι
2674 2098 2813 2162 Qua
2867 2098 3085 2166 dicunt,
3133 2097 3297 2151 facite
3328 2098 3548 2165 (Matth.
3598 2099 3795 2159 nm).-

2207 2210 2231 2239 ι
2266 2190 2331 2242 Et
2362 2189 2547 2259 ipsum
2582 2187 2763 2258 rapiet
2813 2191 3086 2241 armatus.
3120 2206 3147 2237 ››
3192 2186 3395 2255 (Ιὸίά.)
3456 2185 3709 2239 Diabolus
3748 2189 3798 2237 ut

2130 2278 2366 2331 inermis
2394 2276 2656 2343 vincitur,
2693 2292 2825 2329 cum
2847 2280 3045 2346 aperta
3073 2275 3225 2350 mala
3253 2290 3587 2345 suggerens,
3635 2271 3799 2326 omnia

2132 2368 2284 2421 bona
2309 2365 2573 2419 similiter
2615 2365 2814 2419 tollere
2868 2369 3144 2417 conatur:
3196 2363 3295 2417 sed
3344 2370 3595 2416 armatus
3636 2361 3796 2426 vincit,

2132 2455 2245 2508 alia
2274 2452 2426 2506 bona
2463 2453 2675 2506 intacta
2734 2451 3011 2523 praeterit,
3042 2451 3152 2504 alia
3206 2452 3450 2504 latenter
3505 2448 3798 2518 corrumpit.

2206 2561 2234 2593 α
2267 2543 2334 2595 Et
2388 2541 2665 2595 bibent.»
2726 2540 2930 2609 (ἰοει.)
2988 2539 3206 2594 Stultus
3258 2555 3411 2609 sape
3473 2538 3641 2593 habet
3682 2536 3800 2591 divi-

2133 2630 2261 2696 tias,
2286 2640 2416 2695 etc.,
2465 2644 2634 2698 usque
2662 2628 2736 2682 ad
2782 2634 2840 2683 et
2896 2627 3186 2681 studiosus
3232 2627 3503 2681 tarditate
3553 2624 3800 2697 praepedi-

2136 2724 2229 2773 tur
2256 2718 2283 2772 ‘I
2305 2717 2612 2788 respondet
2636 2732 2650 2770 :

2207 2809 2365 2861 Vens.
2403 2809 2454 2860 6.
2487 2835 2557 2846 -
2589 2824 2617 2855 α
2659 2804 2811 2860 Nihil
2843 2804 2902 2857 in
2950 2808 3103 2858 terra
3130 2804 3197 2858 ﬁt
3227 2803 3349 2857 sine
3400 2820 3588 2858 causa.
3617 2822 3643 2854 io
3686 2799 3807 2865 Quia

2136 2896 2270 2950 inde
2342 2895 2438 2948 ille
2500 2893 2711 2965 justius
2768 2893 2838 2947 de
2892 2893 3238 2963 negligentia
3302 2893 3569 2963 punitur,
3625 2891 3718 2945 iste
3750 2889 3805 2943 de

328 2986 479 3034 sorte
516 2981 831 3051 justorum,
884 2982 1036 3059 redit
1078 2982 1149 3036 ad
1197 2982 1494 3037 interitum
1532 3000 1646 3037 non
1696 2982 2031 3052 intelligen-
2058 2986 2098 3041 C
2138 2983 2328 3038 studio
2383 2987 2709 3036 coronatur.
2742 2981 2850 3036 Sed
2880 2980 3016 3051 quia
3063 2981 3134 3034 ad
3199 2980 3642 3051 intelligendum
3678 2982 3806 3032 recta

326 3070 494 3122 tium.
551 3069 800 3140 Reprobi
848 3069 1037 3140 justos
1083 3070 1428 3140 despiciunt,
1480 3070 1619 3141 quia
1647 3087 1749 3141 per
1781 3075 2024 3124 mortem

329 3171 491 3209 suam
530 3156 837 3211 invisibilia
874 3164 1159 3228 quarunt,
1200 3159 1287 3213 vel
1331 3175 1436 3230 per
1464 3164 1710 3214 mortem
1745 3159 1919 3213 vitam
1941 3158 2028 3212 in-

327 3244 609 3298 visibilem
642 3251 933 3315 quarunt.
973 3247 1080 3301 Sed
1118 3247 1249 3317 ipsi,
1280 3248 1381 3319 qui
1427 3248 1642 3318 pariter
1678 3254 1923 3302 mortem
1971 3252 2028 3302 et

330 3332 670 3403 sapientiam
698 3333 953 3403 fugiunt,
984 3336 1326 3404 sapientiam
1348 3336 1580 3407 quidem
1611 3339 1836 3408 penitus
1866 3338 2026 3390 dese-

328 3424 485 3480 runt,
513 3421 774 3475 nolentes
800 3437 904 3492 pro
938 3423 1170 3477 veritate
1202 3426 1366 3490 mori,
1420 3432 1667 3479 mortem
1696 3430 1891 3479 tamen
1917 3440 2030 3479 non

332 3508 597 3563 evadunt.

1066 3584 1290 3639 CAPUT
1322 3585 1384 3638 V.

409 3686 574 3740 Vens.
622 3690 676 3741 l.
732 3706 853 3739 -α
897 3688 1046 3743 Voca
1092 3705 1305 3761 ergo.»
1348 3691 1526 3761 (lbid.)
1593 3691 1875 3756 Quoniam
1922 3690 2032 3745 hoc

333 3774 606 3828 veraciter
642 3781 840 3831 contra
877 3776 1107 3849 iniquos
1156 3780 1415 3850 protulit,
1481 3780 1743 3851 quamvis
1791 3782 2033 3835 latenter

327 3863 430 3917 Job
453 3863 510 3917 in
546 3880 785 3919 numero
840 3882 1043 3922 eorum
1114 3869 1513 3940 proposuerit:
1547 3870 1692 3924 fastu
1737 3870 2031 3941 sapientia

335 3952 564 4006 inﬂatus
617 3959 874 4024 apertam
921 3956 1248 4011 irrisionem
1300 3958 1360 4012 in
1391 3958 1497 4012 Job
1548 3959 1779 4014 subdit:
1810 3981 1832 4009 ι
1886 3960 2032 4013 Voca

336 4055 490 4110 ergo,
525 4059 552 4091 ››
582 4040 641 4096 id
667 4048 771 4108 est,
803 4042 851 4096 si
879 4043 1122 4098 afﬂictus
1153 4047 1381 4108 clames,
1416 4047 1562 4100 Deus
1584 4063 1697 4100 non
1717 4047 2029 4117 respondit,

335 4128 391 4181 id
423 4134 506 4183 est
534 4146 651 4183 non
704 4131 801 4185 dat
838 4132 1120 4200 effectum,
1151 4135 1287 4204 quia
1335 4135 1394 4188 in
1445 4136 1858 4206 tranquillitate
1897 4152 2031 4189 eum

334 4219 726 4287 contempsisti
758 4236 771 4284 ;
799 4224 853 4273 et
884 4238 913 4271 ι(
965 4221 1036 4275 ad
1074 4222 1322 4292 aliquem
1354 4229 1706 4287 sanctorum,
1740 4242 1765 4276 ι
1817 4224 1873 4277 id
1923 4230 2028 4290 est,

336 4312 557 4360 sanctos
578 4308 639 4361 in
688 4308 994 4363 afﬂictione
1046 4310 1335 4379 adjutores
1374 4328 1491 4365 non
1538 4312 1731 4379 habes,
1774 4312 1912 4384 quia
1937 4328 2030 4367 so-

336 4395 451 4448 cios
476 4395 535 4449 ii:
566 4396 852 4451 hilaritate
882 4414 998 4452 non
1028 4398 1297 4455 habuisti.

410 4483 596 4552 (Ibid)
655 4487 787 4540 Post
844 4486 1168 4541 irrisionem
1218 4487 1411 4542 subdit
1484 4489 1845 4554 sententiam,
1899 4498 2030 4557 etc.,

334 4588 503 4641 usque
530 4574 605 4627 ad
625 4574 745 4628 hac
796 4575 1079 4644 sapientes
1134 4576 1344 4643 turbat,
1406 4577 1504 4632 sed
1556 4578 1642 4631 ira
1699 4594 1803 4649 per
1832 4577 2033 4631 vitium

337 4662 538 4715 stultos
568 4662 833 4716 trucidat.

410 4768 439 4800 (ι
471 4750 535 4803 Et
588 4751 891 4820 parvulum
938 4751 1161 4806 occidit.
1202 4772 1231 4804 η
1273 4753 1335 4808 Id
1379 4758 1483 4822 est,
1509 4754 1646 4808 dum
1703 4754 1757 4809 ei
1795 4754 2032 4822 invidet,

338 4854 510 4907 quem
536 4843 700 4908 putat
729 4840 1026 4909 majorem,
1059 4847 1188 4907 etc.,
1216 4858 1385 4911 usque
1413 4843 1488 4897 ad
1545 4844 1629 4897 vel
1688 4848 1908 4914 partem
1938 4844 2035 4898 ha-

340 4925 527 4979 bendo
548 4926 929 4995 quantitatem
959 4927 1126 4983 nobis
1156 4930 1463 4998 restringit.

410 5014 604 5084 (Gneo.
661 5015 763 5069 lib.
821 5032 872 5070 v1
918 5018 1146 5083 Moral.,
1175 5034 1299 5087 cap.
1334 5018 1407 5089 v.)
1452 5018 1597 5082 Quia
1640 5019 1779 5073 totis
1819 5017 2037 5073 deside-

339 5101 441 5155 riis
472 5102 531 5155 in
592 5108 817 5157 terreno
871 5120 1066 5159 amore
1118 5106 1410 5174 solidatur,
1444 5108 1595 5160 unde
1643 5107 1865 5177 primus
1897 5106 2036 5161 Cain

340 5190 401 5244 in
454 5195 608 5245 terra
675 5192 961 5247 civitatem
1034 5195 1365 5263 construxit,
1423 5196 1645 5250 alienus
1674 5213 1707 5249 a
1762 5196 1900 5250 calo
1944 5194 2037 5249 hic

339 5279 558 5333 felicius
585 5280 759 5349 degit.

415 5369 588 5423 Vitas.
628 5372 678 5423 3.
724 5400 789 5409 —-
823 5392 845 5420 ι
903 5372 968 5425 Et
1024 5371 1294 5425 maledixi
1358 5371 1768 5443 pulchritudini
1825 5372 1967 5442 ejus.
2007 5392 2029 5418 ι

344 5457 552 5527 (Ini-2n.)
603 5457 747 5521 Quia
804 5476 935 5513 cum
996 5476 1067 5515 ex
1114 5459 1232 5513 visa
1311 5460 1687 5531 prosperitate
1730 5461 2033 5526 malorum,

343 5544 887 5615 pedesinﬁrmorum
919 5552 1123 5603 nutent
1146 5563 1160 5602 :
1182 5548 1379 5615 fortes,
1397 5548 1653 5603 videntes
1683 5564 1813 5620 qua
1840 5564 2031 5620 pana,

2133 3088 2250 3126 non
2278 3072 2449 3125 modo
2477 3071 2687 3136 studio,
2737 3070 2837 3123 sed
2866 3078 2923 3123 et
2975 3068 3476 3140 persecutionibus
3520 3066 3805 3129 erudimur,

2136 3161 2433 3216 additum:
2471 3180 2493 3209 ε
2530 3160 2595 3213 Et
2617 3159 2687 3213 de
2742 3158 2919 3212 humo
2952 3174 3072 3212 non
3114 3158 3463 3229 egredietur.
3502 3178 3525 3206 ι

2209 3271 2235 3298 α
2268 3250 2332 3303 Et
2362 3249 2431 3303 de
2489 3248 2667 3302 humo
2722 3263 2837 3301 non
2884 3246 3228 3316 egredietur.
3263 3266 3291 3298 ν
3338 3246 3541 3317 (Ιὸἱά.)
3600 3246 3808 3310 Hamus,

2135 3338 2192 3393 id
2216 3342 2318 3405 est,
2351 3338 2633 3390 elementa
2684 3335 2883 3389 mundi
2923 3335 2985 3389 in
3037 3350 3268 3405 panam
3316 3341 3618 3389 vertuntur
3646 3332 3808 3387 delin-

2138 3425 2480 3497 quentium;
2535 3424 2688 3478 unde
2748 3423 2993 3477 dicitur:
3024 3442 3053 3474 α
3111 3423 3397 3494 Pugnabit
3426 3439 3530 3493 pro
3585 3438 3669 3487 eo,
3706 3440 3730 3471 ιο
3761 3419 3807 3472 id

2138 3519 2244 3582 est,
2264 3530 2368 3585 pro
2416 3513 2680 3579 Domino,
2722 3512 2877 3566 orbis
2937 3517 3222 3566 terrarum
3275 3518 3480 3565 contra
3500 3511 3806 3565 insensalos.

2137 3603 2236 3658 sed
2264 3607 2460 3657 tamen
2485 3602 2554 3656 de
2585 3600 2666 3655 eis
2719 3617 2835 3655 non
2883 3600 3209 3670 egredietur
3258 3599 3447 3665 dolor,
3502 3599 3636 3671 quia
3663 3612 3805 3669 pane

2139 3708 2259 3747 non
2310 3690 2562 3745 nascitur
2604 3691 2672 3745 de
2725 3689 2813 3743 his
2867 3705 2995 3760 qua
3026 3688 3258 3755 feriunt,
3320 3689 3419 3743 sed
3478 3689 3548 3743 de
3604 3688 3687 3742 his
3728 3684 3811 3756 qui

2140 3780 2425 3852 peccando
2480 3778 2879 3850 percussiones
2938 3781 3341 3831 extorserunt:
3407 3776 3506 3830 sed
3533 3792 3642 3846 quo
3673 3779 3811 3827 exte-

2139 3868 2260 3923 rior
2306 3884 2476 3938 pana
2527 3867 2783 3938 castigat,
2820 3883 2888 3920 eo
2954 3881 3113 3919 mens
3158 3864 3228 3918 ad
3276 3881 3527 3936 superna
3574 3866 3811 3925 levatur;

2140 3958 2295 4012 unde
2321 3956 2548 4011 subdit:

2212 4048 2373 4100 Vens.
2406 4051 2465 4102 7.
2502 4076 2571 4084 —
2603 4066 2630 4092 α
2658 4045 2839 4098 Homo
2891 4043 2963 4097 ad
3020 4042 3273 4097 laborem
3306 4041 3577 4096 nascitur.
3625 4062 3645 4090 ι
3691 4036 3813 4103 Quia

2140 4134 2491 4206 impossibile
2540 4133 2722 4187 estin
2784 4133 2888 4185 hac
2946 4131 3408 4203 peregrinatione
3468 4131 3589 4185 sine
3644 4130 3812 4183 labore

2140 4239 2259 4276 esse
2291 4239 2304 4276 :
2341 4224 2435 4276 sed
2459 4221 2516 4275 in
2542 4238 2608 4275 eo
2638 4220 2792 4291 quod
2823 4236 2953 4273 caro
2984 4220 3278 4289 afﬂigitur,
3313 4236 3477 4274 mens
3504 4219 3570 4272 ad
3596 4215 3813 4289 petenda

2141 4313 2252 4366 alta
2283 4313 2523 4366 levatur.
2572 4329 2599 4361 α
2653 4310 2748 4362 Vel
2820 4310 3016 4375 homo,
3048 4327 3078 4361 ιδ
3112 4309 3166 4363 id
3213 4314 3315 4373 est,
3374 4308 3635 4374 carnalis,
3684 4304 3812 4359 mala

2143 4400 2344 4455 mundi
2370 4398 2557 4465 sentit,
2588 4398 2721 4468 quia
2768 4397 3061 4451 inhianter
3105 4396 3258 4450 bona
3282 4398 3406 4467 ejus
3452 4396 3689 4467 appetit.
3724 4391 3813 4448 Sed

2141 4489 2303 4558 cujus
2332 4505 2492 4542 mens
2522 4488 2645 4541 hac
2675 4486 2897 4552 transit,
2934 4491 2996 4539 ut
3038 4485 3156 4539 avis
3186 4485 3259 4538 ad
3306 4486 3440 4550 alta,
3500 4500 3683 4556 penna
3710 4480 3813 4551 spei

2141 4578 2379 4641 levatus,
2413 4576 2491 4630 nil
2538 4575 2676 4629 mali
2727 4574 2916 4641 sentit,
2975 4573 3334 4643 congaudeat
3354 4579 3409 4627 et
3451 4573 3521 4627 de
3578 4568 3811 4642 ﬂagellis,

2144 4666 2241 4721 sed
2270 4665 2405 4736 quia
2428 4665 2552 4718 hac
2571 4664 2761 4718 nullus
2783 4663 2898 4717 suis
2922 4662 3137 4716 viribus
3170 4663 3338 4728 valet,
3370 4661 3598 4715 subdit:

2214 4755 2382 4808 Vens.
2416 4755 2469 4807 8.
2502 4782 2570 4791 —
2600 4773 2621 4801 ι
2671 4750 3193 4820 Quamobrem‘ego
3242 4755 3315 4803 te.
3357 4771 3378 4798 ι
3430 4748 3493 4802 Id
3542 4753 3641 4814 est,
3670 4746 3811 4800 illum

2143 4858 2283 4911 rogo
2309 4857 2413 4912 per
2441 4857 2613 4911 quem
2644 4840 2767 4894 hac
2796 4838 2970 4893 tribui
3000 4838 3137 4892 scio.

2211 4930 2381 4983 Vens.
2411 4930 2461 4981 9.
2512 4955 2583 4967 —
2613 4945 2642 4977 (ι
2701 4924 2978 4980 Mirabilia
3024 4925 3239 4994 absque
3319 4938 3584 4977 numero.
3625 4940 3650 4973 ν
3690 4916 3814 4983 Quia

2143 5017 2465 5073 divinorum
2496 5030 2736 5084 operum
2775 5012 3132 5083 magnitudo,
3166 5026 3270 5065 nec
3307 5027 3374 5064 ex
3423 5011 3688 5082 qualitate
3730 5022 3809 5059 va-

2143 5107 2221 5160 let
2249 5103 2455 5159 discuti
2486 5119 2589 5157 nec
2628 5118 2693 5157 ex
2725 5102 3044 5172 quantitate
3069 5099 3379 5155 numerari.

2217 5194 2490 5247 Vens.10.
2550 5221 2618 5233 —
2658 5210 2687 5243 tl
2741 5190 2849 5257 Qui
2900 5191 2998 5245 dat
3043 5189 3319 5261 pluviam.
3373 5208 3401 5240 ι)
3464 5187 3657 5256 (ιὸἰά.)
3703 5186 3809 5238 Haec

2143 5282 2311 5337 verba
2356 5280 2593 5351 mystica
2641 5285 2792 5346 sunt,
2850 5280 2987 5349 quia
3036 5277 3203 5332 amici
3250 5278 3355 5331 Job
3402 5276 3660 5329 societate
3704 5272 3807 5339 ejus

2145 5370 2352 5425 eruditi
2417 5372 2598 5423 erant.
2633 5392 2653 5415 ι
2718 5368 2819 5421 Dat
2849 5367 3098 5437 pluviam
3140 5368 3308 5419 terra
3358 5381 3371 5419 :
3407 5386 3434 5414 »
3474 5378 3602 5418 cum
3669 5357 3805 5413 arida

2143 5458 2446 5530 gentilium
2469 5456 2639 5510 corda
2666 5454 2849 5526 gratia
2873 5454 3295 5525 pradicationis
3338 5452 3601 5507 infundit.

2219 5568 2240 5594 α
2278 5546 2485 5618 Irrigat
2510 5548 2702 5601 autem
2730 5543 2894 5617 aquis
2942 5543 3221 5598 universa.
3270 5563 3291 5591 ι
3345 5543 3484 5597 Cum
3538 5536 3799 5595 hominem
