  <div class='ocr_page' id='page_1' title='image "/cluster/home/n/w/nwhite01/storage/ocr_20150623/113/hvd.32044054759782/390.png"; bbox 0 0 4082 6184; ppageno 0'>
   <div class='ocr_carea' id='block_1_1' title="bbox 284 253 394 305">
    <p class='ocr_par' dir='ltr' id='par_1_1' title="bbox 284 253 394 305">
     <span class='ocr_line' id='line_1_1' title="bbox 284 253 394 305; baseline -0.009 0"><span class='ocrx_word' id='word_1_1' title='bbox 284 253 394 305; x_wconf 78' lang='grc'>’769</span> 
     </span>
    </p>
   </div>
   <div class='ocr_carea' id='block_1_2' title="bbox 1463 253 2610 309">
    <p class='ocr_par' dir='ltr' id='par_1_2' title="bbox 1463 253 2610 309">
     <span class='ocr_line' id='line_1_2' title="bbox 1463 253 2610 309; baseline 0 -3"><span class='ocrx_word' id='word_1_2' title='bbox 1463 253 1711 309; x_wconf 83' lang='lat' dir='ltr'>GLOSSA</span> <span class='ocrx_word' id='word_1_3' title='bbox 1750 253 2148 308; x_wconf 83' lang='lat' dir='ltr'>ORDINARIA.</span> <span class='ocrx_word' id='word_1_4' title='bbox 2189 283 2255 290; x_wconf 89' lang='lat'>-—-</span> <span class='ocrx_word' id='word_1_5' title='bbox 2299 254 2429 308; x_wconf 82' lang='lat' dir='ltr'>LIB.</span> <span class='ocrx_word' id='word_1_6' title='bbox 2469 253 2610 309; x_wconf 80' lang='lat' dir='ltr'>JOB.</span> 
     </span>
    </p>
   </div>
   <div class='ocr_carea' id='block_1_3' title="bbox 3690 268 3795 318">
    <p class='ocr_par' dir='ltr' id='par_1_3' title="bbox 3690 268 3795 318">
     <span class='ocr_line' id='line_1_3' title="bbox 3690 268 3795 318; baseline 0.019 -2"><span class='ocrx_word' id='word_1_7' title='bbox 3690 268 3795 318; x_wconf 78' lang='grc'>770</span> 
     </span>
    </p>
   </div>
   <div class='ocr_carea' id='block_1_4' title="bbox 283 378 3800 450">
    <p class='ocr_par' dir='ltr' id='par_1_4' title="bbox 283 378 3800 450">
     <span class='ocr_line' id='line_1_4' title="bbox 283 378 3800 450; baseline 0.002 -16"><span class='ocrx_word' id='word_1_8' title='bbox 283 381 491 450; x_wconf 90' lang='lat' dir='ltr'>spiritu</span> <span class='ocrx_word' id='word_1_9' title='bbox 527 380 705 450; x_wconf 77' lang='lat' dir='ltr'>replet</span> <span class='ocrx_word' id='word_1_10' title='bbox 754 379 822 431; x_wconf 89' lang='lat' dir='ltr'>ad</span> <span class='ocrx_word' id='word_1_11' title='bbox 882 378 1363 433; x_wconf 81' lang='lat' dir='ltr'>fructificandum.</span> <span class='ocrx_word' id='word_1_12' title='bbox 1405 379 1585 432; x_wconf 89' lang='lat' dir='ltr'>Homo</span> <span class='ocrx_word' id='word_1_13' title='bbox 1619 379 1829 433; x_wconf 91' lang='lat' dir='ltr'>dicitur</span> <span class='ocrx_word' id='word_1_14' title='bbox 1857 395 1983 434; x_wconf 90' lang='lat' dir='ltr'>om-</span> <span class='ocrx_word' id='word_1_15' title='bbox 2017 382 2060 434; x_wconf 82' lang='lat' dir='ltr'><strong>A</strong></span> <span class='ocrx_word' id='word_1_16' title='bbox 2101 379 2394 449; x_wconf 90' lang='lat' dir='ltr'>Iniquitas,</span> <span class='ocrx_word' id='word_1_17' title='bbox 2433 384 2644 443; x_wconf 89' lang='lat' dir='ltr'>autem,</span> <span class='ocrx_word' id='word_1_18' title='bbox 2669 395 2797 448; x_wconf 72' lang='lat' dir='ltr'>qum</span> <span class='ocrx_word' id='word_1_19' title='bbox 2823 380 2991 433; x_wconf 91' lang='lat' dir='ltr'>modo</span> <span class='ocrx_word' id='word_1_20' title='bbox 3012 380 3210 434; x_wconf 86' lang='lat' dir='ltr'>dilatat</span> <span class='ocrx_word' id='word_1_21' title='bbox 3240 399 3300 434; x_wconf 90' lang='lat' dir='ltr'>os</span> <span class='ocrx_word' id='word_1_22' title='bbox 3322 399 3488 437; x_wconf 89' lang='lat' dir='ltr'>suum</span> <span class='ocrx_word' id='word_1_23' title='bbox 3521 386 3578 438; x_wconf 91' lang='lat' dir='ltr'>in</span> <span class='ocrx_word' id='word_1_24' title='bbox 3601 395 3800 442; x_wconf 91' lang='lat' dir='ltr'>contu-</span> 
     </span>
    </p>
   </div>
   <div class='ocr_carea' id='block_1_5' title="bbox 284 465 1990 538">
    <p class='ocr_par' dir='ltr' id='par_1_5' title="bbox 284 465 1990 538">
     <span class='ocr_line' id='line_1_5' title="bbox 284 465 1990 538; baseline 0 -16"><span class='ocrx_word' id='word_1_25' title='bbox 284 471 405 537; x_wconf 88' lang='lat' dir='ltr'>nia,</span> <span class='ocrx_word' id='word_1_26' title='bbox 439 471 573 538; x_wconf 84' lang='lat' dir='ltr'>quia</span> <span class='ocrx_word' id='word_1_27' title='bbox 603 485 733 521; x_wconf 92' lang='lat' dir='ltr'>cum</span> <span class='ocrx_word' id='word_1_28' title='bbox 764 467 1030 521; x_wconf 90' lang='lat' dir='ltr'>omnibus</span> <span class='ocrx_word' id='word_1_29' title='bbox 1060 467 1234 521; x_wconf 87' lang='lat' dir='ltr'>habet</span> <span class='ocrx_word' id='word_1_30' title='bbox 1291 467 1507 537; x_wconf 91' lang='lat' dir='ltr'>aliquid</span> <span class='ocrx_word' id='word_1_31' title='bbox 1541 485 1865 522; x_wconf 86' lang='lat' dir='ltr'>commune.</span> <span class='ocrx_word' id='word_1_32' title='bbox 1895 465 1990 522; x_wconf 89' lang='lat' dir='ltr'><strong>Vel</strong></span> 
     </span>
    </p>
   </div>
   <div class='ocr_carea' id='block_1_6' title="bbox 283 556 1992 626">
    <p class='ocr_par' dir='ltr' id='par_1_6' title="bbox 283 556 1992 626">
     <span class='ocr_line' id='line_1_6' title="bbox 283 556 1992 626; baseline 0.001 -18"><span class='ocrx_word' id='word_1_33' title='bbox 283 559 572 622; x_wconf 87' lang='lat' dir='ltr'>universa,</span> <span class='ocrx_word' id='word_1_34' title='bbox 622 557 678 610; x_wconf 90' lang='lat' dir='ltr'>id</span> <span class='ocrx_word' id='word_1_35' title='bbox 711 561 813 623; x_wconf 90' lang='lat' dir='ltr'>est,</span> <span class='ocrx_word' id='word_1_36' title='bbox 849 556 1049 610; x_wconf 82' lang='lat' dir='ltr'>divites</span> <span class='ocrx_word' id='word_1_37' title='bbox 1081 560 1135 609; x_wconf 90' lang='lat' dir='ltr'>et</span> <span class='ocrx_word' id='word_1_38' title='bbox 1166 573 1462 626; x_wconf 86' lang='lat' dir='ltr'>pauperes,</span> <span class='ocrx_word' id='word_1_39' title='bbox 1528 564 1583 611; x_wconf 92' lang='lat' dir='ltr'>et</span> <span class='ocrx_word' id='word_1_40' title='bbox 1641 574 1840 610; x_wconf 90' lang='lat' dir='ltr'>omnes</span> <span class='ocrx_word' id='word_1_41' title='bbox 1891 558 1992 611; x_wconf 83' lang='lat' dir='ltr'>dif-</span> 
     </span>
    </p>
   </div>
   <div class='ocr_carea' id='block_1_7' title="bbox 282 631 1990 716">
    <p class='ocr_par' dir='ltr' id='par_1_7' title="bbox 282 631 1990 716">
     <span class='ocr_line' id='line_1_7' title="bbox 282 631 1990 716; baseline -0.001 -17"><span class='ocrx_word' id='word_1_42' title='bbox 282 631 556 700; x_wconf 81' lang='lat' dir='ltr'>ferentias</span> <span class='ocrx_word' id='word_1_43' title='bbox 585 645 906 710; x_wconf 88' lang='lat' dir='ltr'>hominum,</span> <span class='ocrx_word' id='word_1_44' title='bbox 957 645 1093 715; x_wconf 88' lang='lat' dir='ltr'>quia</span> <span class='ocrx_word' id='word_1_45' title='bbox 1123 644 1338 698; x_wconf 89' lang='lat' dir='ltr'>bonum</span> <span class='ocrx_word' id='word_1_46' title='bbox 1385 661 1529 715; x_wconf 92' lang='lat' dir='ltr'>opus</span> <span class='ocrx_word' id='word_1_47' title='bbox 1581 645 1842 716; x_wconf 84' lang='lat' dir='ltr'>sequitur</span> <span class='ocrx_word' id='word_1_48' title='bbox 1897 661 1990 698; x_wconf 94' lang='lat' dir='ltr'>rc-</span> 
     </span>
    </p>
   </div>
   <div class='ocr_carea' id='block_1_8' title="bbox 284 737 542 789">
    <p class='ocr_par' dir='ltr' id='par_1_8' title="bbox 284 737 542 789">
     <span class='ocr_line' id='line_1_8' title="bbox 284 737 542 789; baseline 0.004 -1"><span class='ocrx_word' id='word_1_49' title='bbox 284 737 542 789; x_wconf 89' lang='lat' dir='ltr'>tributio.</span> 
     </span>
    </p>
   </div>
   <div class='ocr_carea' id='block_1_9' title="bbox 361 820 1984 891">
    <p class='ocr_par' dir='ltr' id='par_1_9' title="bbox 361 820 1984 891">
     <span class='ocr_line' id='line_1_9' title="bbox 361 820 1984 891; baseline -0.004 -17"><span class='ocrx_word' id='word_1_50' title='bbox 361 825 528 877; x_wconf 88' lang='lat' dir='ltr'>Vens.</span> <span class='ocrx_word' id='word_1_51' title='bbox 576 827 666 878; x_wconf 85' lang='lat' dir='ltr'>ll.</span> <span class='ocrx_word' id='word_1_52' title='bbox 721 852 790 860; x_wconf 90' lang='lat'>—</span> <span class='ocrx_word' id='word_1_53' title='bbox 823 844 850 870; x_wconf 91' lang='grc'>‹‹</span> <span class='ocrx_word' id='word_1_54' title='bbox 881 821 988 884; x_wconf 89' lang='lat' dir='ltr'>Qui</span> <span class='ocrx_word' id='word_1_55' title='bbox 1019 821 1187 891; x_wconf 91' lang='lat' dir='ltr'>ponis</span> <span class='ocrx_word' id='word_1_56' title='bbox 1241 821 1489 873; x_wconf 86' lang='lat' dir='ltr'>humiles</span> <span class='ocrx_word' id='word_1_57' title='bbox 1538 821 1596 873; x_wconf 93' lang='lat' dir='ltr'>in</span> <span class='ocrx_word' id='word_1_58' title='bbox 1657 820 1923 874; x_wconf 85' lang='lat' dir='ltr'>sublime.</span> <span class='ocrx_word' id='word_1_59' title='bbox 1960 840 1984 868; x_wconf 73' lang='grc' dir='ltr'><em>γ</em></span> 
     </span>
    </p>
   </div>
   <div class='ocr_carea' id='block_1_10' title="bbox 288 910 1809 981">
    <p class='ocr_par' dir='ltr' id='par_1_10' title="bbox 288 910 1809 981">
     <span class='ocr_line' id='line_1_10' title="bbox 288 910 1809 981; baseline -0.003 -15"><span class='ocrx_word' id='word_1_60' title='bbox 288 911 508 981; x_wconf 85' lang='lat' dir='ltr'>(Gnec.)</span> <span class='ocrx_word' id='word_1_61' title='bbox 540 913 608 965; x_wconf 89' lang='lat' dir='ltr'>Ut</span> <span class='ocrx_word' id='word_1_62' title='bbox 637 912 808 965; x_wconf 91' lang='lat' dir='ltr'>modo</span> <span class='ocrx_word' id='word_1_63' title='bbox 840 911 1089 981; x_wconf 85' lang='lat' dir='ltr'>despecti</span> <span class='ocrx_word' id='word_1_64' title='bbox 1111 910 1365 980; x_wconf 82' lang='lat' dir='ltr'>judicent</span> <span class='ocrx_word' id='word_1_65' title='bbox 1396 926 1524 962; x_wconf 92' lang='lat' dir='ltr'>cum</span> <span class='ocrx_word' id='word_1_66' title='bbox 1551 911 1809 963; x_wconf 92' lang='lat' dir='ltr'>Domino.</span> 
     </span>
    </p>
   </div>
   <div class='ocr_carea' id='block_1_11' title="bbox 366 998 1992 1070">
    <p class='ocr_par' dir='ltr' id='par_1_11' title="bbox 366 998 1992 1070">
     <span class='ocr_line' id='line_1_11' title="bbox 366 998 1992 1070; baseline -0.001 -20"><span class='ocrx_word' id='word_1_67' title='bbox 366 1020 392 1050; x_wconf 76' lang='grc' dir='ltr'>(ι</span> <span class='ocrx_word' id='word_1_68' title='bbox 427 1001 742 1053; x_wconf 71' lang='lat' dir='ltr'>Mmrentes.</span> <span class='ocrx_word' id='word_1_69' title='bbox 776 1021 803 1050; x_wconf 90' lang='lat'>»</span> <span class='ocrx_word' id='word_1_70' title='bbox 830 1000 973 1064; x_wconf 92' lang='lat' dir='ltr'>Quia</span> <span class='ocrx_word' id='word_1_71' title='bbox 1026 1005 1242 1070; x_wconf 90' lang='lat' dir='ltr'>quanto</span> <span class='ocrx_word' id='word_1_72' title='bbox 1303 1001 1485 1069; x_wconf 90' lang='lat' dir='ltr'>magis</span> <span class='ocrx_word' id='word_1_73' title='bbox 1542 1015 1694 1052; x_wconf 91' lang='lat' dir='ltr'>nunc</span> <span class='ocrx_word' id='word_1_74' title='bbox 1744 998 1992 1052; x_wconf 82' lang='lat' dir='ltr'>adversis</span> 
     </span>
    </p>
   </div>
   <div class='ocr_carea' id='block_1_12' title="bbox 287 1087 1987 1158">
    <p class='ocr_par' dir='ltr' id='par_1_12' title="bbox 287 1087 1987 1158">
     <span class='ocr_line' id='line_1_12' title="bbox 287 1087 1987 1158; baseline -0.002 -15"><span class='ocrx_word' id='word_1_75' title='bbox 287 1089 658 1157; x_wconf 88' lang='lat' dir='ltr'>tribulantur,</span> <span class='ocrx_word' id='word_1_76' title='bbox 693 1093 748 1142; x_wconf 90' lang='lat' dir='ltr'>et</span> <span class='ocrx_word' id='word_1_77' title='bbox 781 1105 838 1142; x_wconf 90' lang='lat' dir='ltr'>se</span> <span class='ocrx_word' id='word_1_78' title='bbox 869 1105 974 1158; x_wconf 91' lang='lat' dir='ltr'>per</span> <span class='ocrx_word' id='word_1_79' title='bbox 1008 1089 1255 1142; x_wconf 91' lang='lat' dir='ltr'>lamenta</span> <span class='ocrx_word' id='word_1_80' title='bbox 1288 1088 1588 1158; x_wconf 83' lang='lat' dir='ltr'>castigant,</span> <span class='ocrx_word' id='word_1_81' title='bbox 1623 1093 1781 1141; x_wconf 90' lang='lat' dir='ltr'>tanto</span> <span class='ocrx_word' id='word_1_82' title='bbox 1807 1087 1987 1140; x_wconf 87' lang='lat' dir='ltr'>subli-</span> 
     </span>
    </p>
   </div>
   <div class='ocr_carea' id='block_1_13' title="bbox 287 1175 1992 1246">
    <p class='ocr_par' dir='ltr' id='par_1_13' title="bbox 287 1175 1992 1246">
     <span class='ocr_line' id='line_1_13' title="bbox 287 1175 1992 1246; baseline 0 -18"><span class='ocrx_word' id='word_1_83' title='bbox 287 1175 535 1229; x_wconf 90' lang='lat' dir='ltr'>miorem</span> <span class='ocrx_word' id='word_1_84' title='bbox 575 1177 908 1246; x_wconf 89' lang='lat' dir='ltr'>sospitatem</span> <span class='ocrx_word' id='word_1_85' title='bbox 939 1177 1232 1231; x_wconf 89' lang='lat' dir='ltr'>habebunt</span> <span class='ocrx_word' id='word_1_86' title='bbox 1261 1177 1434 1231; x_wconf 86' lang='lat' dir='ltr'>etiam</span> <span class='ocrx_word' id='word_1_87' title='bbox 1478 1177 1536 1229; x_wconf 92' lang='lat' dir='ltr'>in</span> <span class='ocrx_word' id='word_1_88' title='bbox 1563 1177 1668 1230; x_wconf 91' lang='lat' dir='ltr'>hac</span> <span class='ocrx_word' id='word_1_89' title='bbox 1693 1176 1828 1230; x_wconf 90' lang='lat' dir='ltr'>vita.</span> <span class='ocrx_word' id='word_1_90' title='bbox 1863 1177 1992 1228; x_wconf 69' lang='lat' dir='ltr'>Haec</span> 
     </span>
    </p>
   </div>
   <div class='ocr_carea' id='block_1_14' title="bbox 289 1265 1989 1336">
    <p class='ocr_par' dir='ltr' id='par_1_14' title="bbox 289 1265 1989 1336">
     <span class='ocr_line' id='line_1_14' title="bbox 289 1265 1989 1336; baseline 0.001 -18"><span class='ocrx_word' id='word_1_91' title='bbox 289 1265 363 1318; x_wconf 87' lang='lat' dir='ltr'>de</span> <span class='ocrx_word' id='word_1_92' title='bbox 395 1265 586 1318; x_wconf 88' lang='lat' dir='ltr'>electis</span> <span class='ocrx_word' id='word_1_93' title='bbox 609 1271 846 1336; x_wconf 88' lang='lat' dir='ltr'>possunt</span> <span class='ocrx_word' id='word_1_94' title='bbox 876 1265 1140 1335; x_wconf 86' lang='lat' dir='ltr'>intelligi,</span> <span class='ocrx_word' id='word_1_95' title='bbox 1175 1267 1270 1320; x_wconf 91' lang='lat' dir='ltr'>ubi</span> <span class='ocrx_word' id='word_1_96' title='bbox 1333 1267 1580 1320; x_wconf 88' lang='lat' dir='ltr'>humiles</span> <span class='ocrx_word' id='word_1_97' title='bbox 1640 1267 1752 1318; x_wconf 90' lang='lat' dir='ltr'>alta</span> <span class='ocrx_word' id='word_1_98' title='bbox 1801 1269 1989 1319; x_wconf 90' lang='lat' dir='ltr'>mente</span> 
     </span>
    </p>
   </div>
   <div class='ocr_carea' id='block_1_15' title="bbox 289 1353 1989 1424">
    <p class='ocr_par' dir='ltr' id='par_1_15' title="bbox 289 1353 1989 1424">
     <span class='ocr_line' id='line_1_15' title="bbox 289 1353 1989 1424; baseline 0 -17"><span class='ocrx_word' id='word_1_99' title='bbox 289 1353 488 1407; x_wconf 88' lang='lat' dir='ltr'>omnia</span> <span class='ocrx_word' id='word_1_100' title='bbox 520 1355 860 1424; x_wconf 81' lang='lat' dir='ltr'>temporalia</span> <span class='ocrx_word' id='word_1_101' title='bbox 885 1355 1313 1419; x_wconf 90' lang='lat' dir='ltr'>transcendunt,</span> <span class='ocrx_word' id='word_1_102' title='bbox 1348 1360 1403 1408; x_wconf 91' lang='lat' dir='ltr'>et</span> <span class='ocrx_word' id='word_1_103' title='bbox 1427 1355 1622 1409; x_wconf 87' lang='lat' dir='ltr'>afﬂicti</span> <span class='ocrx_word' id='word_1_104' title='bbox 1655 1359 1786 1408; x_wconf 90' lang='lat' dir='ltr'>sunt</span> <span class='ocrx_word' id='word_1_105' title='bbox 1816 1354 1989 1408; x_wconf 84' lang='lat' dir='ltr'>erecti</span> 
     </span>
    </p>
   </div>
   <div class='ocr_carea' id='block_1_16' title="bbox 296 1444 1983 1514">
    <p class='ocr_par' dir='ltr' id='par_1_16' title="bbox 296 1444 1983 1514">
     <span class='ocr_line' id='line_1_16' title="bbox 296 1444 1983 1514; baseline 0.001 -19"><span class='ocrx_word' id='word_1_106' title='bbox 296 1444 590 1512; x_wconf 82' lang='lat' dir='ltr'>sospitate,</span> <span class='ocrx_word' id='word_1_107' title='bbox 629 1461 740 1496; x_wconf 93' lang='lat' dir='ltr'>non</span> <span class='ocrx_word' id='word_1_108' title='bbox 799 1445 1039 1511; x_wconf 88' lang='lat' dir='ltr'>insania,</span> <span class='ocrx_word' id='word_1_109' title='bbox 1096 1449 1158 1498; x_wconf 92' lang='lat' dir='ltr'>ut</span> <span class='ocrx_word' id='word_1_110' title='bbox 1204 1445 1302 1514; x_wconf 90' lang='lat' dir='ltr'>qui</span> <span class='ocrx_word' id='word_1_111' title='bbox 1351 1446 1616 1499; x_wconf 65' lang='lat' dir='ltr'>laetantur</span> <span class='ocrx_word' id='word_1_112' title='bbox 1642 1461 1770 1497; x_wconf 93' lang='lat' dir='ltr'>cum</span> <span class='ocrx_word' id='word_1_113' title='bbox 1805 1445 1983 1497; x_wconf 89' lang='lat' dir='ltr'>male-</span> 
     </span>
    </p>
   </div>
   <div class='ocr_carea' id='block_1_17' title="bbox 286 1533 1992 1588">
    <p class='ocr_par' dir='ltr' id='par_1_17' title="bbox 286 1533 1992 1588">
     <span class='ocr_line' id='line_1_17' title="bbox 286 1533 1992 1588; baseline -0.001 -2"><span class='ocrx_word' id='word_1_114' title='bbox 286 1533 544 1587; x_wconf 90' lang='lat' dir='ltr'>fecerint.</span> <span class='ocrx_word' id='word_1_115' title='bbox 587 1533 651 1586; x_wconf 85' lang='lat' dir='ltr'>Ili</span> <span class='ocrx_word' id='word_1_116' title='bbox 681 1549 810 1586; x_wconf 88' lang='lat' dir='ltr'>vero</span> <span class='ocrx_word' id='word_1_117' title='bbox 859 1533 926 1586; x_wconf 92' lang='lat' dir='ltr'>de</span> <span class='ocrx_word' id='word_1_118' title='bbox 966 1533 1307 1588; x_wconf 89' lang='lat' dir='ltr'>certitudine</span> <span class='ocrx_word' id='word_1_119' title='bbox 1337 1540 1566 1587; x_wconf 73' lang='lat' dir='ltr'>aeternas</span> <span class='ocrx_word' id='word_1_120' title='bbox 1596 1533 1794 1587; x_wconf 90' lang='lat' dir='ltr'>salutis</span> <span class='ocrx_word' id='word_1_121' title='bbox 1852 1534 1992 1586; x_wconf 87' lang='lat' dir='ltr'>hila-</span> 
     </span>
    </p>
   </div>
   <div class='ocr_carea' id='block_1_18' title="bbox 285 1625 534 1673">
    <p class='ocr_par' dir='ltr' id='par_1_18' title="bbox 285 1625 534 1673">
     <span class='ocr_line' id='line_1_18' title="bbox 285 1625 534 1673; baseline -0.004 0"><span class='ocrx_word' id='word_1_122' title='bbox 285 1625 534 1673; x_wconf 90' lang='lat' dir='ltr'>rescunt.</span> 
     </span>
    </p>
   </div>
   <div class='ocr_carea' id='block_1_19' title="bbox 361 1707 1994 1779">
    <p class='ocr_par' dir='ltr' id='par_1_19' title="bbox 361 1707 1994 1779">
     <span class='ocr_line' id='line_1_19' title="bbox 361 1707 1994 1779; baseline 0.001 -20"><span class='ocrx_word' id='word_1_123' title='bbox 361 1710 516 1762; x_wconf 86' lang='lat' dir='ltr'>Vens.</span> <span class='ocrx_word' id='word_1_124' title='bbox 558 1711 638 1762; x_wconf 79' lang='grc'>12.</span> <span class='ocrx_word' id='word_1_125' title='bbox 674 1739 744 1746; x_wconf 92' lang='grc'><strong>-</strong></span> <span class='ocrx_word' id='word_1_126' title='bbox 799 1727 825 1758; x_wconf 90' lang='grc'>‹‹</span> <span class='ocrx_word' id='word_1_127' title='bbox 851 1707 958 1771; x_wconf 87' lang='lat' dir='ltr'>Qui</span> <span class='ocrx_word' id='word_1_128' title='bbox 988 1708 1223 1779; x_wconf 85' lang='lat' dir='ltr'>dissipat</span> <span class='ocrx_word' id='word_1_129' title='bbox 1262 1709 1658 1779; x_wconf 80' lang='lat' dir='ltr'>cogitationes.</span> <span class='ocrx_word' id='word_1_130' title='bbox 1695 1730 1721 1756; x_wconf 76' lang='lat' dir='ltr'>n</span> <span class='ocrx_word' id='word_1_131' title='bbox 1789 1708 1994 1775; x_wconf 54' lang='lat' dir='ltr'>(luem)</span> 
     </span>
    </p>
   </div>
   <div class='ocr_carea' id='block_1_20' title="bbox 287 1797 1995 1868">
    <p class='ocr_par' dir='ltr' id='par_1_20' title="bbox 287 1797 1995 1868">
     <span class='ocr_line' id='line_1_20' title="bbox 287 1797 1995 1868; baseline 0 -18"><span class='ocrx_word' id='word_1_132' title='bbox 287 1797 433 1851; x_wconf 91' lang='lat' dir='ltr'>Cum</span> <span class='ocrx_word' id='word_1_133' title='bbox 505 1797 732 1867; x_wconf 85' lang='lat' dir='ltr'>reprobi</span> <span class='ocrx_word' id='word_1_134' title='bbox 789 1797 1036 1867; x_wconf 83' lang='lat' dir='ltr'>cogitent</span> <span class='ocrx_word' id='word_1_135' title='bbox 1084 1799 1254 1865; x_wconf 88' lang='lat' dir='ltr'>mala,</span> <span class='ocrx_word' id='word_1_136' title='bbox 1326 1799 1474 1852; x_wconf 86' lang='lat' dir='ltr'>Deus</span> <span class='ocrx_word' id='word_1_137' title='bbox 1534 1797 1845 1868; x_wconf 87' lang='lat' dir='ltr'>aliquando</span> <span class='ocrx_word' id='word_1_138' title='bbox 1922 1814 1995 1850; x_wconf 89' lang='lat' dir='ltr'>ne</span> 
     </span>
    </p>
   </div>
   <div class='ocr_carea' id='block_1_21' title="bbox 288 1887 1991 1956">
    <p class='ocr_par' dir='ltr' id='par_1_21' title="bbox 288 1887 1991 1956">
     <span class='ocr_line' id='line_1_21' title="bbox 288 1887 1991 1956; baseline -0.001 -16"><span class='ocrx_word' id='word_1_139' title='bbox 288 1893 492 1940; x_wconf 89' lang='lat' dir='ltr'>contra</span> <span class='ocrx_word' id='word_1_140' title='bbox 538 1887 719 1940; x_wconf 91' lang='lat' dir='ltr'>bonos</span> <span class='ocrx_word' id='word_1_141' title='bbox 744 1887 1116 1956; x_wconf 65' lang='lat' dir='ltr'>praevaleant,</span> <span class='ocrx_word' id='word_1_142' title='bbox 1151 1889 1293 1940; x_wconf 89' lang='lat' dir='ltr'>vires</span> <span class='ocrx_word' id='word_1_143' title='bbox 1342 1887 1509 1954; x_wconf 89' lang='lat' dir='ltr'>tollit,</span> <span class='ocrx_word' id='word_1_144' title='bbox 1568 1892 1630 1940; x_wconf 93' lang='lat' dir='ltr'>ut</span> <span class='ocrx_word' id='word_1_145' title='bbox 1660 1887 1864 1939; x_wconf 83' lang='lat' dir='ltr'>effectu</span> <span class='ocrx_word' id='word_1_146' title='bbox 1898 1903 1991 1939; x_wconf 91' lang='lat' dir='ltr'>ca-</span> 
     </span>
    </p>
   </div>
   <div class='ocr_carea' id='block_1_22' title="bbox 292 1974 1847 2046">
    <p class='ocr_par' dir='ltr' id='par_1_22' title="bbox 292 1974 1847 2046">
     <span class='ocr_line' id='line_1_22' title="bbox 292 1974 1847 2046; baseline -0.001 -17"><span class='ocrx_word' id='word_1_147' title='bbox 292 1981 458 2029; x_wconf 90' lang='lat' dir='ltr'>reant</span> <span class='ocrx_word' id='word_1_148' title='bbox 489 1977 700 2046; x_wconf 90' lang='lat' dir='ltr'>operis,</span> <span class='ocrx_word' id='word_1_149' title='bbox 733 1979 789 2029; x_wconf 88' lang='lat' dir='ltr'>et</span> <span class='ocrx_word' id='word_1_150' title='bbox 817 1976 969 2046; x_wconf 88' lang='lat' dir='ltr'>apud</span> <span class='ocrx_word' id='word_1_151' title='bbox 1011 1978 1187 2030; x_wconf 89' lang='lat' dir='ltr'>Deum</span> <span class='ocrx_word' id='word_1_152' title='bbox 1221 1976 1571 2030; x_wconf 88' lang='lat' dir='ltr'>conscientia</span> <span class='ocrx_word' id='word_1_153' title='bbox 1602 1975 1681 2028; x_wconf 88' lang='lat' dir='ltr'>rei</span> <span class='ocrx_word' id='word_1_154' title='bbox 1716 1974 1847 2028; x_wconf 88' lang='lat' dir='ltr'>sint.</span> 
     </span>
    </p>
   </div>
   <div class='ocr_carea' id='block_1_23' title="bbox 364 2064 1990 2137">
    <p class='ocr_par' dir='ltr' id='par_1_23' title="bbox 364 2064 1990 2137">
     <span class='ocr_line' id='line_1_23' title="bbox 364 2064 1990 2137; baseline 0.001 -21"><span class='ocrx_word' id='word_1_155' title='bbox 364 2067 524 2118; x_wconf 89' lang='lat' dir='ltr'>Vens.</span> <span class='ocrx_word' id='word_1_156' title='bbox 564 2069 652 2119; x_wconf 88' lang='lat' dir='ltr'>l3.</span> <span class='ocrx_word' id='word_1_157' title='bbox 694 2097 757 2104; x_wconf 96' lang='lat'>—</span> <span class='ocrx_word' id='word_1_158' title='bbox 795 2084 822 2116; x_wconf 76' lang='grc' dir='ltr'><strong>(ι</strong></span> <span class='ocrx_word' id='word_1_159' title='bbox 855 2066 961 2129; x_wconf 92' lang='lat' dir='ltr'>Qui</span> <span class='ocrx_word' id='word_1_160' title='bbox 988 2067 1371 2137; x_wconf 84' lang='lat' dir='ltr'>apprehendit</span> <span class='ocrx_word' id='word_1_161' title='bbox 1401 2065 1705 2135; x_wconf 85' lang='lat' dir='ltr'>sapientes.</span> <span class='ocrx_word' id='word_1_162' title='bbox 1741 2083 1767 2114; x_wconf 87' lang='lat'><strong>»</strong></span> <span class='ocrx_word' id='word_1_163' title='bbox 1803 2064 1990 2134; x_wconf 79' lang='lat' dir='ltr'>(Ibid.)</span> 
     </span>
    </p>
   </div>
   <div class='ocr_carea' id='block_1_24' title="bbox 289 2154 1994 2223">
    <p class='ocr_par' dir='ltr' id='par_1_24' title="bbox 289 2154 1994 2223">
     <span class='ocr_line' id='line_1_24' title="bbox 289 2154 1994 2223; baseline 0.001 -17"><span class='ocrx_word' id='word_1_164' title='bbox 289 2154 435 2218; x_wconf 90' lang='lat' dir='ltr'>Quia</span> <span class='ocrx_word' id='word_1_165' title='bbox 485 2154 732 2207; x_wconf 90' lang='lat' dir='ltr'>consiliis</span> <span class='ocrx_word' id='word_1_166' title='bbox 766 2155 864 2207; x_wconf 90' lang='lat' dir='ltr'>Dei</span> <span class='ocrx_word' id='word_1_167' title='bbox 923 2154 1176 2208; x_wconf 88' lang='lat' dir='ltr'>humana</span> <span class='ocrx_word' id='word_1_168' title='bbox 1207 2155 1352 2209; x_wconf 88' lang='lat' dir='ltr'>facta</span> <span class='ocrx_word' id='word_1_169' title='bbox 1377 2155 1551 2208; x_wconf 88' lang='lat' dir='ltr'>etiam</span> <span class='ocrx_word' id='word_1_170' title='bbox 1582 2159 1717 2207; x_wconf 91' lang='lat' dir='ltr'>tunc</span> <span class='ocrx_word' id='word_1_171' title='bbox 1743 2169 1994 2223; x_wconf 79' lang='lat' dir='ltr'>congrue</span> 
     </span>
    </p>
   </div>
   <div class='ocr_carea' id='block_1_25' title="bbox 291 2243 1994 2312">
    <p class='ocr_par' dir='ltr' id='par_1_25' title="bbox 291 2243 1994 2312">
     <span class='ocr_line' id='line_1_25' title="bbox 291 2243 1994 2312; baseline 0.001 -16"><span class='ocrx_word' id='word_1_172' title='bbox 291 2243 550 2296; x_wconf 89' lang='lat' dir='ltr'>serviunt</span> <span class='ocrx_word' id='word_1_173' title='bbox 582 2258 710 2296; x_wconf 91' lang='lat' dir='ltr'>cum</span> <span class='ocrx_word' id='word_1_174' title='bbox 744 2243 1036 2308; x_wconf 91' lang='lat' dir='ltr'>resistunt,</span> <span class='ocrx_word' id='word_1_175' title='bbox 1087 2248 1150 2298; x_wconf 92' lang='lat' dir='ltr'>ut</span> <span class='ocrx_word' id='word_1_176' title='bbox 1194 2243 1254 2296; x_wconf 91' lang='lat' dir='ltr'>in</span> <span class='ocrx_word' id='word_1_177' title='bbox 1300 2244 1604 2297; x_wconf 88' lang='lat' dir='ltr'>venditone</span> <span class='ocrx_word' id='word_1_178' title='bbox 1659 2243 1889 2312; x_wconf 88' lang='lat' dir='ltr'>Joseph,</span> <span class='ocrx_word' id='word_1_179' title='bbox 1922 2259 1994 2297; x_wconf 88' lang='lat' dir='ltr'>ne</span> 
     </span>
    </p>
   </div>
   <div class='ocr_carea' id='block_1_26' title="bbox 291 2331 1994 2404">
    <p class='ocr_par' dir='ltr' id='par_1_26' title="bbox 291 2331 1994 2404">
     <span class='ocr_line' id='line_1_26' title="bbox 291 2331 1994 2404; baseline 0 -19"><span class='ocrx_word' id='word_1_180' title='bbox 291 2333 657 2398; x_wconf 89' lang='lat' dir='ltr'>adoraretur;</span> <span class='ocrx_word' id='word_1_181' title='bbox 713 2331 772 2386; x_wconf 91' lang='lat' dir='ltr'>in</span> <span class='ocrx_word' id='word_1_182' title='bbox 847 2332 1123 2403; x_wconf 84' lang='lat' dir='ltr'>petitione</span> <span class='ocrx_word' id='word_1_183' title='bbox 1179 2333 1594 2404; x_wconf 67' lang='lat' dir='ltr'>praeputiorum</span> <span class='ocrx_word' id='word_1_184' title='bbox 1657 2350 1689 2386; x_wconf 92' lang='lat' dir='ltr'>a</span> <span class='ocrx_word' id='word_1_185' title='bbox 1730 2332 1882 2391; x_wconf 90' lang='lat' dir='ltr'>Saul,</span> <span class='ocrx_word' id='word_1_186' title='bbox 1931 2337 1994 2385; x_wconf 90' lang='lat' dir='ltr'>ut</span> 
     </span>
    </p>
   </div>
   <div class='ocr_carea' id='block_1_27' title="bbox 291 2421 1996 2491">
    <p class='ocr_par' dir='ltr' id='par_1_27' title="bbox 291 2421 1996 2491">
     <span class='ocr_line' id='line_1_27' title="bbox 291 2421 1996 2491; baseline 0.001 -16"><span class='ocrx_word' id='word_1_187' title='bbox 291 2422 473 2475; x_wconf 90' lang='lat' dir='ltr'>David</span> <span class='ocrx_word' id='word_1_188' title='bbox 504 2421 994 2491; x_wconf 78' lang='lat' dir='ltr'>exstingueretur;</span> <span class='ocrx_word' id='word_1_189' title='bbox 1055 2421 1116 2474; x_wconf 93' lang='lat' dir='ltr'>in</span> <span class='ocrx_word' id='word_1_190' title='bbox 1148 2427 1328 2476; x_wconf 85' lang='lat' dir='ltr'>morte</span> <span class='ocrx_word' id='word_1_191' title='bbox 1363 2422 1609 2484; x_wconf 89' lang='lat' dir='ltr'>Domini,</span> <span class='ocrx_word' id='word_1_192' title='bbox 1678 2443 1744 2478; x_wconf 92' lang='lat' dir='ltr'>ne</span> <span class='ocrx_word' id='word_1_193' title='bbox 1796 2441 1996 2479; x_wconf 88' lang='lat' dir='ltr'>omnes</span> 
     </span>
    </p>
   </div>
   <div class='ocr_carea' id='block_1_28' title="bbox 289 2510 1996 2584">
    <p class='ocr_par' dir='ltr' id='par_1_28' title="bbox 289 2510 1996 2584">
     <span class='ocr_line' id='line_1_28' title="bbox 289 2510 1996 2584; baseline 0.003 -20"><span class='ocrx_word' id='word_1_194' title='bbox 289 2511 592 2564; x_wconf 87' lang='lat' dir='ltr'>crederent</span> <span class='ocrx_word' id='word_1_195' title='bbox 624 2510 681 2562; x_wconf 90' lang='lat' dir='ltr'>in</span> <span class='ocrx_word' id='word_1_196' title='bbox 736 2526 887 2564; x_wconf 89' lang='lat' dir='ltr'>eum.</span> <span class='ocrx_word' id='word_1_197' title='bbox 929 2512 1073 2563; x_wconf 91' lang='lat' dir='ltr'>Deus</span> <span class='ocrx_word' id='word_1_198' title='bbox 1114 2511 1225 2564; x_wconf 90' lang='lat' dir='ltr'>alia</span> <span class='ocrx_word' id='word_1_199' title='bbox 1259 2512 1514 2565; x_wconf 88' lang='lat' dir='ltr'>concedit</span> <span class='ocrx_word' id='word_1_200' title='bbox 1545 2516 1854 2584; x_wconf 86' lang='lat' dir='ltr'>propitius,</span> <span class='ocrx_word' id='word_1_201' title='bbox 1883 2517 1996 2570; x_wconf 90' lang='lat' dir='ltr'>alia</span> 
     </span>
    </p>
   </div>
   <div class='ocr_carea' id='block_1_29' title="bbox 291 2599 1995 2670">
    <p class='ocr_par' dir='ltr' id='par_1_29' title="bbox 291 2599 1995 2670">
     <span class='ocr_line' id='line_1_29' title="bbox 291 2599 1995 2670; baseline 0.004 -19"><span class='ocrx_word' id='word_1_202' title='bbox 291 2599 575 2669; x_wconf 86' lang='lat' dir='ltr'>permittit</span> <span class='ocrx_word' id='word_1_203' title='bbox 606 2599 782 2652; x_wconf 89' lang='lat' dir='ltr'>iratus</span> <span class='ocrx_word' id='word_1_204' title='bbox 812 2615 824 2652; x_wconf 93' lang='lat'>:</span> <span class='ocrx_word' id='word_1_205' title='bbox 851 2617 977 2670; x_wconf 76' lang='lat' dir='ltr'>quae</span> <span class='ocrx_word' id='word_1_206' title='bbox 1022 2604 1158 2653; x_wconf 92' lang='lat' dir='ltr'>tunc</span> <span class='ocrx_word' id='word_1_207' title='bbox 1215 2601 1273 2653; x_wconf 89' lang='lat' dir='ltr'>in</span> <span class='ocrx_word' id='word_1_208' title='bbox 1308 2617 1471 2654; x_wconf 90' lang='lat' dir='ltr'>usum</span> <span class='ocrx_word' id='word_1_209' title='bbox 1503 2602 1588 2655; x_wconf 90' lang='lat' dir='ltr'>sui</span> <span class='ocrx_word' id='word_1_210' title='bbox 1624 2604 1845 2657; x_wconf 90' lang='lat' dir='ltr'>consilii</span> <span class='ocrx_word' id='word_1_211' title='bbox 1875 2621 1995 2657; x_wconf 90' lang='lat' dir='ltr'>ver-</span> 
     </span>
    </p>
   </div>
   <div class='ocr_carea' id='block_1_30' title="bbox 293 2688 1991 2761">
    <p class='ocr_par' dir='ltr' id='par_1_30' title="bbox 293 2688 1991 2761">
     <span class='ocr_line' id='line_1_30' title="bbox 293 2688 1991 2761; baseline 0.004 -22"><span class='ocrx_word' id='word_1_212' title='bbox 293 2688 384 2753; x_wconf 86' lang='lat' dir='ltr'>tit,</span> <span class='ocrx_word' id='word_1_213' title='bbox 428 2693 487 2741; x_wconf 91' lang='lat' dir='ltr'>ut</span> <span class='ocrx_word' id='word_1_214' title='bbox 525 2705 653 2758; x_wconf 70' lang='lat' dir='ltr'>qua:</span> <span class='ocrx_word' id='word_1_215' title='bbox 713 2689 836 2758; x_wconf 88' lang='lat' dir='ltr'>ejus</span> <span class='ocrx_word' id='word_1_216' title='bbox 885 2689 1118 2742; x_wconf 90' lang='lat' dir='ltr'>consilio</span> <span class='ocrx_word' id='word_1_217' title='bbox 1176 2695 1522 2759; x_wconf 87' lang='lat' dir='ltr'>repugnant,</span> <span class='ocrx_word' id='word_1_218' title='bbox 1575 2692 1696 2761; x_wconf 86' lang='lat' dir='ltr'>ejus</span> <span class='ocrx_word' id='word_1_219' title='bbox 1755 2693 1991 2746; x_wconf 90' lang='lat' dir='ltr'>consilio</span> 
     </span>
    </p>
   </div>
   <div class='ocr_carea' id='block_1_31' title="bbox 298 2776 1992 2850">
    <p class='ocr_par' dir='ltr' id='par_1_31' title="bbox 298 2776 1992 2850">
     <span class='ocr_line' id='line_1_31' title="bbox 298 2776 1992 2850; baseline 0.004 -22"><span class='ocrx_word' id='word_1_220' title='bbox 298 2776 566 2843; x_wconf 85' lang='lat' dir='ltr'>militent;</span> <span class='ocrx_word' id='word_1_221' title='bbox 603 2781 658 2830; x_wconf 90' lang='lat' dir='ltr'>et</span> <span class='ocrx_word' id='word_1_222' title='bbox 697 2778 851 2848; x_wconf 92' lang='lat' dir='ltr'>quod</span> <span class='ocrx_word' id='word_1_223' title='bbox 884 2778 1005 2831; x_wconf 92' lang='lat' dir='ltr'>sine</span> <span class='ocrx_word' id='word_1_224' title='bbox 1054 2779 1176 2848; x_wconf 87' lang='lat' dir='ltr'>ejus</span> <span class='ocrx_word' id='word_1_225' title='bbox 1225 2780 1518 2832; x_wconf 87' lang='lat' dir='ltr'>voluntate</span> <span class='ocrx_word' id='word_1_226' title='bbox 1573 2781 1811 2850; x_wconf 87' lang='lat' dir='ltr'>geritur,</span> <span class='ocrx_word' id='word_1_227' title='bbox 1872 2782 1992 2849; x_wconf 90' lang='lat' dir='ltr'>ejus</span> 
     </span>
    </p>
   </div>
   <div class='ocr_carea' id='block_1_32' title="bbox 298 2865 1988 2942">
    <p class='ocr_par' dir='ltr' id='par_1_32' title="bbox 298 2865 1988 2942">
     <span class='ocr_line' id='line_1_32' title="bbox 298 2865 1988 2942; baseline 0.005 -26"><span class='ocrx_word' id='word_1_228' title='bbox 298 2865 577 2918; x_wconf 84' lang='lat' dir='ltr'>voluntati</span> <span class='ocrx_word' id='word_1_229' title='bbox 615 2867 965 2920; x_wconf 90' lang='lat' dir='ltr'>contrarium</span> <span class='ocrx_word' id='word_1_230' title='bbox 1016 2884 1132 2921; x_wconf 92' lang='lat' dir='ltr'>non</span> <span class='ocrx_word' id='word_1_231' title='bbox 1170 2868 1262 2935; x_wconf 87' lang='lat' dir='ltr'>sit,</span> <span class='ocrx_word' id='word_1_232' title='bbox 1297 2869 1448 2922; x_wconf 89' lang='lat' dir='ltr'>unde</span> <span class='ocrx_word' id='word_1_233' title='bbox 1485 2885 1496 2922; x_wconf 93' lang='lat'>:</span> <span class='ocrx_word' id='word_1_234' title='bbox 1534 2888 1560 2919; x_wconf 84' lang='lat'>«</span> <span class='ocrx_word' id='word_1_235' title='bbox 1592 2870 1799 2925; x_wconf 88' lang='lat' dir='ltr'>Omnia</span> <span class='ocrx_word' id='word_1_236' title='bbox 1829 2888 1988 2942; x_wconf 66' lang='lat' dir='ltr'>quaa-</span> 
     </span>
    </p>
   </div>
   <div class='ocr_carea' id='block_1_33' title="bbox 293 2955 950 3024">
    <p class='ocr_par' dir='ltr' id='par_1_33' title="bbox 293 2955 950 3024">
     <span class='ocr_line' id='line_1_33' title="bbox 293 2955 950 3024; baseline -0.006 -17"><span class='ocrx_word' id='word_1_237' title='bbox 293 2970 518 3024; x_wconf 90' lang='lat' dir='ltr'>cunque</span> <span class='ocrx_word' id='word_1_238' title='bbox 550 2955 749 3020; x_wconf 86' lang='lat' dir='ltr'>voluit,</span> <span class='ocrx_word' id='word_1_239' title='bbox 784 2960 888 3009; x_wconf 90' lang='lat' dir='ltr'>etc.</span> <span class='ocrx_word' id='word_1_240' title='bbox 923 2978 950 3004; x_wconf 83' lang='lat'><strong>))</strong></span> 
     </span>
    </p>
   </div>
   <div class='ocr_carea' id='block_1_34' title="bbox 365 3043 1994 3116">
    <p class='ocr_par' dir='ltr' id='par_1_34' title="bbox 365 3043 1994 3116">
     <span class='ocr_line' id='line_1_34' title="bbox 365 3043 1994 3116; baseline 0.004 -22"><span class='ocrx_word' id='word_1_241' title='bbox 365 3043 523 3097; x_wconf 86' lang='lat' dir='ltr'>Vens.</span> <span class='ocrx_word' id='word_1_242' title='bbox 567 3044 648 3097; x_wconf 72' lang='grc'>14.</span> <span class='ocrx_word' id='word_1_243' title='bbox 681 3073 748 3084; x_wconf 93' lang='grc'><strong>-</strong></span> <span class='ocrx_word' id='word_1_244' title='bbox 781 3063 807 3093; x_wconf 83' lang='grc'>‹‹</span> <span class='ocrx_word' id='word_1_245' title='bbox 859 3045 965 3097; x_wconf 89' lang='lat' dir='ltr'>Per</span> <span class='ocrx_word' id='word_1_246' title='bbox 1019 3043 1166 3097; x_wconf 90' lang='lat' dir='ltr'>diem</span> <span class='ocrx_word' id='word_1_247' title='bbox 1197 3043 1510 3098; x_wconf 91' lang='lat' dir='ltr'>incurrent.</span> <span class='ocrx_word' id='word_1_248' title='bbox 1547 3067 1572 3093; x_wconf 84' lang='lat'>»</span> <span class='ocrx_word' id='word_1_249' title='bbox 1609 3045 1752 3109; x_wconf 89' lang='lat' dir='ltr'>Quia</span> <span class='ocrx_word' id='word_1_250' title='bbox 1780 3046 1837 3100; x_wconf 92' lang='lat' dir='ltr'>in</span> <span class='ocrx_word' id='word_1_251' title='bbox 1871 3047 1994 3116; x_wconf 91' lang='lat' dir='ltr'>ipsa</span> 
     </span>
    </p>
   </div>
   <div class='ocr_carea' id='block_1_35' title="bbox 291 3131 1992 3202">
    <p class='ocr_par' dir='ltr' id='par_1_35' title="bbox 291 3131 1992 3202">
     <span class='ocr_line' id='line_1_35' title="bbox 291 3131 1992 3202; baseline 0.002 -19"><span class='ocrx_word' id='word_1_252' title='bbox 291 3131 548 3184; x_wconf 76' lang='lat' dir='ltr'>veritatis</span> <span class='ocrx_word' id='word_1_253' title='bbox 576 3133 898 3201; x_wconf 70' lang='lat' dir='ltr'>prassentia,</span> <span class='ocrx_word' id='word_1_254' title='bbox 952 3132 1207 3202; x_wconf 85' lang='lat' dir='ltr'>perﬁdiae</span> <span class='ocrx_word' id='word_1_255' title='bbox 1239 3149 1428 3186; x_wconf 89' lang='lat' dir='ltr'>errore</span> <span class='ocrx_word' id='word_1_256' title='bbox 1486 3133 1677 3186; x_wconf 63' lang='lat' dir='ltr'>caecati</span> <span class='ocrx_word' id='word_1_257' title='bbox 1717 3138 1869 3201; x_wconf 92' lang='lat' dir='ltr'>sunt,</span> <span class='ocrx_word' id='word_1_258' title='bbox 1908 3135 1992 3187; x_wconf 93' lang='lat' dir='ltr'>vi-</span> 
     </span>
    </p>
   </div>
   <div class='ocr_carea' id='block_1_36' title="bbox 289 3219 1988 3290">
    <p class='ocr_par' dir='ltr' id='par_1_36' title="bbox 289 3219 1988 3290">
     <span class='ocr_line' id='line_1_36' title="bbox 289 3219 1988 3290; baseline 0.001 -17"><span class='ocrx_word' id='word_1_259' title='bbox 289 3219 494 3273; x_wconf 88' lang='lat' dir='ltr'>dentes</span> <span class='ocrx_word' id='word_1_260' title='bbox 520 3221 794 3274; x_wconf 89' lang='lat' dir='ltr'>miracula</span> <span class='ocrx_word' id='word_1_261' title='bbox 817 3221 1025 3274; x_wconf 90' lang='lat' dir='ltr'>Christi</span> <span class='ocrx_word' id='word_1_262' title='bbox 1057 3225 1111 3274; x_wconf 93' lang='lat' dir='ltr'>et</span> <span class='ocrx_word' id='word_1_263' title='bbox 1141 3221 1209 3273; x_wconf 89' lang='lat' dir='ltr'>de</span> <span class='ocrx_word' id='word_1_264' title='bbox 1238 3221 1360 3290; x_wconf 89' lang='lat' dir='ltr'>ejus</span> <span class='ocrx_word' id='word_1_265' title='bbox 1391 3220 1600 3274; x_wconf 87' lang='lat' dir='ltr'>deitate</span> <span class='ocrx_word' id='word_1_266' title='bbox 1644 3222 1988 3275; x_wconf 89' lang='lat' dir='ltr'>dubitantes.</span> 
     </span>
    </p>
   </div>
   <div class='ocr_carea' id='block_1_37' title="bbox 371 3307 1993 3380">
    <p class='ocr_par' dir='ltr' id='par_1_37' title="bbox 371 3307 1993 3380">
     <span class='ocr_line' id='line_1_37' title="bbox 371 3307 1993 3380; baseline 0.002 -19"><span class='ocrx_word' id='word_1_267' title='bbox 371 3330 391 3355; x_wconf 77' lang='grc' dir='ltr'>ι</span> <span class='ocrx_word' id='word_1_268' title='bbox 428 3307 598 3371; x_wconf 89' lang='lat' dir='ltr'>Quasi</span> <span class='ocrx_word' id='word_1_269' title='bbox 628 3309 686 3362; x_wconf 91' lang='lat' dir='ltr'>in</span> <span class='ocrx_word' id='word_1_270' title='bbox 713 3314 897 3363; x_wconf 84' lang='lat' dir='ltr'>nocte.</span> <span class='ocrx_word' id='word_1_271' title='bbox 933 3329 958 3359; x_wconf 75' lang='grc' dir='ltr'>ι)</span> <span class='ocrx_word' id='word_1_272' title='bbox 996 3309 1285 3378; x_wconf 86' lang='lat' dir='ltr'>Palpando</span> <span class='ocrx_word' id='word_1_273' title='bbox 1316 3309 1628 3380; x_wconf 73' lang='lat' dir='ltr'>qmerimus</span> <span class='ocrx_word' id='word_1_274' title='bbox 1661 3327 1787 3380; x_wconf 66' lang='lat' dir='ltr'>quas</span> <span class='ocrx_word' id='word_1_275' title='bbox 1816 3312 1993 3365; x_wconf 88' lang='lat' dir='ltr'>oculis</span> 
     </span>
    </p>
   </div>
   <div class='ocr_carea' id='block_1_38' title="bbox 291 3395 1994 3460">
    <p class='ocr_par' dir='ltr' id='par_1_38' title="bbox 291 3395 1994 3460">
     <span class='ocr_line' id='line_1_38' title="bbox 291 3395 1994 3460; baseline 0.002 -12"><span class='ocrx_word' id='word_1_276' title='bbox 291 3411 414 3448; x_wconf 87' lang='lat' dir='ltr'>non</span> <span class='ocrx_word' id='word_1_277' title='bbox 477 3395 780 3449; x_wconf 90' lang='lat' dir='ltr'>videmus:</span> <span class='ocrx_word' id='word_1_278' title='bbox 816 3395 995 3450; x_wconf 64' lang='lat' dir='ltr'>Judaei</span> <span class='ocrx_word' id='word_1_279' title='bbox 1051 3397 1327 3450; x_wconf 91' lang='lat' dir='ltr'>miracula</span> <span class='ocrx_word' id='word_1_280' title='bbox 1358 3397 1633 3460; x_wconf 88' lang='lat' dir='ltr'>viderant,</span> <span class='ocrx_word' id='word_1_281' title='bbox 1699 3402 1752 3451; x_wconf 91' lang='lat' dir='ltr'>et</span> <span class='ocrx_word' id='word_1_282' title='bbox 1809 3399 1994 3452; x_wconf 91' lang='lat' dir='ltr'>adhuc</span> 
     </span>
    </p>
   </div>
   <div class='ocr_carea' id='block_1_39' title="bbox 293 3481 1993 3554">
    <p class='ocr_par' dir='ltr' id='par_1_39' title="bbox 293 3481 1993 3554">
     <span class='ocr_line' id='line_1_39' title="bbox 293 3481 1993 3554; baseline 0.005 -22"><span class='ocrx_word' id='word_1_283' title='bbox 293 3481 458 3550; x_wconf 90' lang='lat' dir='ltr'>quasi</span> <span class='ocrx_word' id='word_1_284' title='bbox 508 3483 805 3551; x_wconf 84' lang='lat' dir='ltr'>palpantes</span> <span class='ocrx_word' id='word_1_285' title='bbox 852 3484 1184 3554; x_wconf 69' lang='lat' dir='ltr'>qumrebant</span> <span class='ocrx_word' id='word_1_286' title='bbox 1220 3501 1232 3538; x_wconf 92' lang='lat'>:</span> <span class='ocrx_word' id='word_1_287' title='bbox 1267 3504 1292 3534; x_wconf 76' lang='grc' dir='ltr'>α</span> <span class='ocrx_word' id='word_1_288' title='bbox 1317 3484 1374 3537; x_wconf 89' lang='lat' dir='ltr'>Si</span> <span class='ocrx_word' id='word_1_289' title='bbox 1404 3489 1466 3538; x_wconf 90' lang='lat' dir='ltr'>tu</span> <span class='ocrx_word' id='word_1_290' title='bbox 1493 3502 1550 3538; x_wconf 90' lang='lat' dir='ltr'>es</span> <span class='ocrx_word' id='word_1_291' title='bbox 1593 3488 1868 3553; x_wconf 80' lang='lat' dir='ltr'>Christus,</span> <span class='ocrx_word' id='word_1_292' title='bbox 1903 3488 1993 3541; x_wconf 91' lang='lat' dir='ltr'>dic</span> 
     </span>
    </p>
   </div>
   <div class='ocr_carea' id='block_1_40' title="bbox 292 3569 1993 3640">
    <p class='ocr_par' dir='ltr' id='par_1_40' title="bbox 292 3569 1993 3640">
     <span class='ocr_line' id='line_1_40' title="bbox 292 3569 1993 3640; baseline 0.005 -19"><span class='ocrx_word' id='word_1_293' title='bbox 292 3569 458 3622; x_wconf 90' lang='lat' dir='ltr'>nobis</span> <span class='ocrx_word' id='word_1_294' title='bbox 490 3571 678 3639; x_wconf 92' lang='lat' dir='ltr'>palam</span> <span class='ocrx_word' id='word_1_295' title='bbox 711 3573 886 3640; x_wconf 85' lang='lat' dir='ltr'>(Joan.</span> <span class='ocrx_word' id='word_1_296' title='bbox 950 3574 1022 3638; x_wconf 66' lang='grc' dir='ltr'>χ).</span> <span class='ocrx_word' id='word_1_297' title='bbox 1086 3592 1113 3623; x_wconf 86' lang='grc'>››</span> <span class='ocrx_word' id='word_1_298' title='bbox 1169 3573 1276 3627; x_wconf 91' lang='lat' dir='ltr'>Sed</span> <span class='ocrx_word' id='word_1_299' title='bbox 1331 3573 1539 3627; x_wconf 91' lang='lat' dir='ltr'>horum</span> <span class='ocrx_word' id='word_1_300' title='bbox 1579 3575 1845 3628; x_wconf 90' lang='lat' dir='ltr'>manibus</span> <span class='ocrx_word' id='word_1_301' title='bbox 1893 3576 1993 3630; x_wconf 92' lang='lat' dir='ltr'>diu</span> 
     </span>
    </p>
   </div>
   <div class='ocr_carea' id='block_1_41' title="bbox 289 3657 1178 3729">
    <p class='ocr_par' dir='ltr' id='par_1_41' title="bbox 289 3657 1178 3729">
     <span class='ocr_line' id='line_1_41' title="bbox 289 3657 1178 3729; baseline 0.007 -20"><span class='ocrx_word' id='word_1_302' title='bbox 289 3657 528 3710; x_wconf 87' lang='lat' dir='ltr'>retineri</span> <span class='ocrx_word' id='word_1_303' title='bbox 545 3675 658 3712; x_wconf 92' lang='lat' dir='ltr'>non</span> <span class='ocrx_word' id='word_1_304' title='bbox 679 3661 868 3729; x_wconf 91' lang='lat' dir='ltr'>potuit</span> <span class='ocrx_word' id='word_1_305' title='bbox 901 3661 1178 3715; x_wconf 85' lang='lat' dir='ltr'>Christus.</span> 
     </span>
    </p>
   </div>
   <div class='ocr_carea' id='block_1_42' title="bbox 368 3747 1992 3823">
    <p class='ocr_par' dir='ltr' id='par_1_42' title="bbox 368 3747 1992 3823">
     <span class='ocr_line' id='line_1_42' title="bbox 368 3747 1992 3823; baseline 0.006 -25"><span class='ocrx_word' id='word_1_306' title='bbox 368 3765 395 3796; x_wconf 86' lang='grc'><strong>‹‹</strong></span> <span class='ocrx_word' id='word_1_307' title='bbox 430 3747 536 3800; x_wconf 88' lang='lat' dir='ltr'>Per</span> <span class='ocrx_word' id='word_1_308' title='bbox 571 3747 723 3802; x_wconf 90' lang='lat' dir='ltr'>diem</span> <span class='ocrx_word' id='word_1_309' title='bbox 764 3750 1058 3803; x_wconf 90' lang='lat' dir='ltr'>incurrent</span> <span class='ocrx_word' id='word_1_310' title='bbox 1079 3751 1360 3804; x_wconf 87' lang='lat' dir='ltr'>tenebras.</span> <span class='ocrx_word' id='word_1_311' title='bbox 1396 3771 1424 3801; x_wconf 73' lang='grc' dir='ltr'>ι)</span> <span class='ocrx_word' id='word_1_312' title='bbox 1487 3751 1680 3823; x_wconf 77' lang='lat' dir='ltr'>(Ibid.)</span> <span class='ocrx_word' id='word_1_313' title='bbox 1723 3754 1875 3807; x_wconf 77' lang='lat' dir='ltr'>Mens</span> <span class='ocrx_word' id='word_1_314' title='bbox 1904 3753 1992 3807; x_wconf 90' lang='lat' dir='ltr'>in-</span> 
     </span>
    </p>
   </div>
   <div class='ocr_carea' id='block_1_43' title="bbox 287 3834 1994 3910">
    <p class='ocr_par' dir='ltr' id='par_1_43' title="bbox 287 3834 1994 3910">
     <span class='ocr_line' id='line_1_43' title="bbox 287 3834 1994 3910; baseline 0.005 -24"><span class='ocrx_word' id='word_1_315' title='bbox 287 3834 409 3887; x_wconf 83' lang='lat' dir='ltr'>vidi</span> <span class='ocrx_word' id='word_1_316' title='bbox 442 3851 569 3889; x_wconf 91' lang='lat' dir='ltr'>cum</span> <span class='ocrx_word' id='word_1_317' title='bbox 602 3837 672 3890; x_wconf 90' lang='lat' dir='ltr'>de</span> <span class='ocrx_word' id='word_1_318' title='bbox 726 3837 876 3891; x_wconf 90' lang='lat' dir='ltr'>bono</span> <span class='ocrx_word' id='word_1_319' title='bbox 915 3838 1123 3905; x_wconf 89' lang='lat' dir='ltr'>alieno,</span> <span class='ocrx_word' id='word_1_320' title='bbox 1189 3839 1484 3910; x_wconf 89' lang='lat' dir='ltr'>afﬂigitur,</span> <span class='ocrx_word' id='word_1_321' title='bbox 1535 3840 1605 3894; x_wconf 91' lang='lat' dir='ltr'>de</span> <span class='ocrx_word' id='word_1_322' title='bbox 1659 3841 1815 3894; x_wconf 88' lang='lat' dir='ltr'>radio</span> <span class='ocrx_word' id='word_1_323' title='bbox 1862 3841 1994 3894; x_wconf 91' lang='lat' dir='ltr'>solis</span> 
     </span>
    </p>
   </div>
   <div class='ocr_carea' id='block_1_44' title="bbox 290 3923 652 3979">
    <p class='ocr_par' dir='ltr' id='par_1_44' title="bbox 290 3923 652 3979">
     <span class='ocr_line' id='line_1_44' title="bbox 290 3923 652 3979; baseline 0.006 -3"><span class='ocrx_word' id='word_1_324' title='bbox 290 3923 652 3979; x_wconf 88' lang='lat' dir='ltr'>obscuratur.</span> 
     </span>
    </p>
   </div>
   <div class='ocr_carea' id='block_1_45' title="bbox 372 4013 1990 4087">
    <p class='ocr_par' dir='ltr' id='par_1_45' title="bbox 372 4013 1990 4087">
     <span class='ocr_line' id='line_1_45' title="bbox 372 4013 1990 4087; baseline 0.003 -22"><span class='ocrx_word' id='word_1_325' title='bbox 372 4035 392 4060; x_wconf 77' lang='grc' dir='ltr'>ι</span> <span class='ocrx_word' id='word_1_326' title='bbox 429 4013 494 4065; x_wconf 87' lang='lat' dir='ltr'>Et</span> <span class='ocrx_word' id='word_1_327' title='bbox 524 4014 688 4083; x_wconf 89' lang='lat' dir='ltr'>quasi</span> <span class='ocrx_word' id='word_1_328' title='bbox 739 4014 798 4067; x_wconf 93' lang='lat' dir='ltr'>in</span> <span class='ocrx_word' id='word_1_329' title='bbox 829 4020 994 4069; x_wconf 90' lang='lat' dir='ltr'>nocte</span> <span class='ocrx_word' id='word_1_330' title='bbox 1025 4016 1104 4069; x_wconf 88' lang='lat' dir='ltr'>sic</span> <span class='ocrx_word' id='word_1_331' title='bbox 1159 4017 1476 4087; x_wconf 90' lang='lat' dir='ltr'>palpabunt</span> <span class='ocrx_word' id='word_1_332' title='bbox 1527 4017 1586 4070; x_wconf 92' lang='lat' dir='ltr'>in</span> <span class='ocrx_word' id='word_1_333' title='bbox 1648 4018 1908 4073; x_wconf 90' lang='lat' dir='ltr'>meridie.</span> <span class='ocrx_word' id='word_1_334' title='bbox 1962 4039 1990 4070; x_wconf 85' lang='lat'>»</span> 
     </span>
    </p>
   </div>
   <div class='ocr_carea' id='block_1_46' title="bbox 287 4101 1995 4179">
    <p class='ocr_par' dir='ltr' id='par_1_46' title="bbox 287 4101 1995 4179">
     <span class='ocr_line' id='line_1_46' title="bbox 287 4101 1995 4179; baseline 0.005 -26"><span class='ocrx_word' id='word_1_335' title='bbox 287 4101 428 4154; x_wconf 91' lang='lat' dir='ltr'>Dies</span> <span class='ocrx_word' id='word_1_336' title='bbox 479 4101 611 4154; x_wconf 90' lang='lat' dir='ltr'>boni</span> <span class='ocrx_word' id='word_1_337' title='bbox 671 4103 859 4172; x_wconf 89' lang='lat' dir='ltr'>operis</span> <span class='ocrx_word' id='word_1_338' title='bbox 889 4102 948 4155; x_wconf 92' lang='lat' dir='ltr'>in</span> <span class='ocrx_word' id='word_1_339' title='bbox 996 4104 1257 4173; x_wconf 82' lang='lat' dir='ltr'>proximo</span> <span class='ocrx_word' id='word_1_340' title='bbox 1294 4106 1544 4159; x_wconf 86' lang='lat' dir='ltr'>exterius</span> <span class='ocrx_word' id='word_1_341' title='bbox 1585 4107 1779 4161; x_wconf 87' lang='lat' dir='ltr'>lucet:</span> <span class='ocrx_word' id='word_1_342' title='bbox 1831 4108 1995 4179; x_wconf 89' lang='lat' dir='ltr'>quasi</span> 
     </span>
    </p>
   </div>
   <div class='ocr_carea' id='block_1_47' title="bbox 290 4190 1993 4267">
    <p class='ocr_par' dir='ltr' id='par_1_47' title="bbox 290 4190 1993 4267">
     <span class='ocr_line' id='line_1_47' title="bbox 290 4190 1993 4267; baseline 0.006 -26"><span class='ocrx_word' id='word_1_343' title='bbox 290 4190 357 4242; x_wconf 90' lang='lat' dir='ltr'>in</span> <span class='ocrx_word' id='word_1_344' title='bbox 389 4197 554 4243; x_wconf 92' lang='lat' dir='ltr'>nocte</span> <span class='ocrx_word' id='word_1_345' title='bbox 585 4191 842 4260; x_wconf 88' lang='lat' dir='ltr'>palpant,</span> <span class='ocrx_word' id='word_1_346' title='bbox 897 4192 1050 4262; x_wconf 90' lang='lat' dir='ltr'>quia,</span> <span class='ocrx_word' id='word_1_347' title='bbox 1083 4193 1258 4247; x_wconf 90' lang='lat' dir='ltr'>livore</span> <span class='ocrx_word' id='word_1_348' title='bbox 1313 4194 1466 4261; x_wconf 68' lang='lat' dir='ltr'>cmci,</span> <span class='ocrx_word' id='word_1_349' title='bbox 1496 4196 1686 4266; x_wconf 90' lang='lat' dir='ltr'>aliqua</span> <span class='ocrx_word' id='word_1_350' title='bbox 1715 4214 1844 4267; x_wconf 68' lang='lat' dir='ltr'>quas</span> <span class='ocrx_word' id='word_1_351' title='bbox 1904 4215 1993 4253; x_wconf 91' lang='lat' dir='ltr'>re-</span> 
     </span>
    </p>
   </div>
   <div class='ocr_carea' id='block_1_48' title="bbox 2104 467 3800 538">
    <p class='ocr_par' dir='ltr' id='par_1_48' title="bbox 2104 467 3800 538">
     <span class='ocr_line' id='line_1_48' title="bbox 2104 467 3800 538; baseline 0.006 -18"><span class='ocrx_word' id='word_1_352' title='bbox 2104 467 2335 520; x_wconf 90' lang='lat' dir='ltr'>meliam</span> <span class='ocrx_word' id='word_1_353' title='bbox 2368 467 2594 525; x_wconf 84' lang='lat' dir='ltr'>Christi,</span> <span class='ocrx_word' id='word_1_354' title='bbox 2625 468 2846 521; x_wconf 82' lang='lat' dir='ltr'>claudet</span> <span class='ocrx_word' id='word_1_355' title='bbox 2867 485 2967 538; x_wconf 88' lang='lat' dir='ltr'>per</span> <span class='ocrx_word' id='word_1_356' title='bbox 2998 469 3362 538; x_wconf 87' lang='lat' dir='ltr'>supplicium,</span> <span class='ocrx_word' id='word_1_357' title='bbox 3416 475 3498 525; x_wconf 91' lang='lat' dir='ltr'>vel</span> <span class='ocrx_word' id='word_1_358' title='bbox 3534 490 3800 531; x_wconf 89' lang='lat' dir='ltr'>conversa</span> 
     </span>
    </p>
   </div>
   <div class='ocr_carea' id='block_1_49' title="bbox 2103 554 3618 628">
    <p class='ocr_par' dir='ltr' id='par_1_49' title="bbox 2103 554 3618 628">
     <span class='ocr_line' id='line_1_49' title="bbox 2103 554 3618 628; baseline 0.007 -22"><span class='ocrx_word' id='word_1_359' title='bbox 2103 559 2285 606; x_wconf 87' lang='lat' dir='ltr'>cessat</span> <span class='ocrx_word' id='word_1_360' title='bbox 2314 554 2384 607; x_wconf 92' lang='lat' dir='ltr'>ab</span> <span class='ocrx_word' id='word_1_361' title='bbox 2417 555 2658 623; x_wconf 84' lang='lat' dir='ltr'>injuriis.</span> <span class='ocrx_word' id='word_1_362' title='bbox 2695 555 2902 608; x_wconf 85' lang='lat' dir='ltr'>Eadem</span> <span class='ocrx_word' id='word_1_363' title='bbox 2937 557 3004 608; x_wconf 89' lang='lat' dir='ltr'>de</span> <span class='ocrx_word' id='word_1_364' title='bbox 3036 557 3224 624; x_wconf 80' lang='lat' dir='ltr'>pravis</span> <span class='ocrx_word' id='word_1_365' title='bbox 3255 563 3618 628; x_wconf 86' lang='lat' dir='ltr'>generaliter.</span> 
     </span>
    </p>
   </div>
   <div class='ocr_carea' id='block_1_50' title="bbox 2176 643 3803 713">
    <p class='ocr_par' dir='ltr' id='par_1_50' title="bbox 2176 643 3803 713">
     <span class='ocr_line' id='line_1_50' title="bbox 2176 643 3803 713; baseline 0.007 -18"><span class='ocrx_word' id='word_1_366' title='bbox 2176 644 2312 696; x_wconf 83' lang='lat' dir='ltr'>«De</span> <span class='ocrx_word' id='word_1_367' title='bbox 2372 659 2544 695; x_wconf 91' lang='lat' dir='ltr'>manu</span> <span class='ocrx_word' id='word_1_368' title='bbox 2585 643 2820 697; x_wconf 90' lang='lat' dir='ltr'>violenti</span> <span class='ocrx_word' id='word_1_369' title='bbox 2875 661 3206 713; x_wconf 87' lang='lat' dir='ltr'>pauperem.</span> <span class='ocrx_word' id='word_1_370' title='bbox 3259 671 3285 694; x_wconf 71' lang='grc' dir='ltr'>υ</span> <span class='ocrx_word' id='word_1_371' title='bbox 3340 649 3396 702; x_wconf 91' lang='lat' dir='ltr'>Id</span> <span class='ocrx_word' id='word_1_372' title='bbox 3457 656 3540 704; x_wconf 91' lang='lat' dir='ltr'>est</span> <span class='ocrx_word' id='word_1_373' title='bbox 3567 653 3803 708; x_wconf 88' lang='lat' dir='ltr'>adversa</span> 
     </span>
    </p>
   </div>
   <div class='ocr_carea' id='block_1_51' title="bbox 2105 733 3797 810">
    <p class='ocr_par' dir='ltr' id='par_1_51' title="bbox 2105 733 3797 810">
     <span class='ocr_line' id='line_1_51' title="bbox 2105 733 3797 810; baseline 0.009 -28"><span class='ocrx_word' id='word_1_374' title='bbox 2105 736 2406 800; x_wconf 87' lang='lat' dir='ltr'>potestate,</span> <span class='ocrx_word' id='word_1_375' title='bbox 2438 737 2500 784; x_wconf 93' lang='lat' dir='ltr'>ut</span> <span class='ocrx_word' id='word_1_376' title='bbox 2541 748 2642 785; x_wconf 91' lang='lat' dir='ltr'>nec</span> <span class='ocrx_word' id='word_1_377' title='bbox 2675 733 3080 786; x_wconf 80' lang='lat' dir='ltr'>blandimentis</span> <span class='ocrx_word' id='word_1_378' title='bbox 3128 737 3461 791; x_wconf 72' lang='lat' dir='ltr'>suasionum</span> <span class='ocrx_word' id='word_1_379' title='bbox 3519 742 3797 810; x_wconf 87' lang='lat' dir='ltr'>trahatur,</span> 
     </span>
    </p>
   </div>
   <div class='ocr_carea' id='block_1_52' title="bbox 2105 821 3797 898">
    <p class='ocr_par' dir='ltr' id='par_1_52' title="bbox 2105 821 3797 898">
     <span class='ocr_line' id='line_1_52' title="bbox 2105 821 3797 898; baseline 0.008 -26"><span class='ocrx_word' id='word_1_380' title='bbox 2105 835 2207 872; x_wconf 91' lang='lat' dir='ltr'>nec</span> <span class='ocrx_word' id='word_1_381' title='bbox 2255 821 2450 874; x_wconf 91' lang='lat' dir='ltr'>dolore</span> <span class='ocrx_word' id='word_1_382' title='bbox 2509 821 2925 891; x_wconf 89' lang='lat' dir='ltr'>suppliciorum</span> <span class='ocrx_word' id='word_1_383' title='bbox 2975 824 3288 892; x_wconf 85' lang='lat' dir='ltr'>frangatur.</span> <span class='ocrx_word' id='word_1_384' title='bbox 3358 829 3578 898; x_wconf 85' lang='lat' dir='ltr'>Pauper</span> <span class='ocrx_word' id='word_1_385' title='bbox 3611 838 3797 886; x_wconf 90' lang='lat' dir='ltr'>autem</span> 
     </span>
    </p>
   </div>
   <div class='ocr_carea' id='block_1_53' title="bbox 2103 911 3802 981">
    <p class='ocr_par' dir='ltr' id='par_1_53' title="bbox 2103 911 3802 981">
     <span class='ocr_line' id='line_1_53' title="bbox 2103 911 3802 981; baseline 0.009 -20"><span class='ocrx_word' id='word_1_386' title='bbox 2103 925 2219 962; x_wconf 92' lang='lat' dir='ltr'>non</span> <span class='ocrx_word' id='word_1_387' title='bbox 2256 911 2519 975; x_wconf 90' lang='lat' dir='ltr'>trahitur,</span> <span class='ocrx_word' id='word_1_388' title='bbox 2553 911 2687 980; x_wconf 85' lang='lat' dir='ltr'>quia</span> <span class='ocrx_word' id='word_1_389' title='bbox 2735 928 2861 980; x_wconf 88' lang='lat' dir='ltr'>spes</span> <span class='ocrx_word' id='word_1_390' title='bbox 2891 915 3012 981; x_wconf 84' lang='lat' dir='ltr'>ejus</span> <span class='ocrx_word' id='word_1_391' title='bbox 3065 915 3174 966; x_wconf 81' lang='lat' dir='ltr'>fixa</span> <span class='ocrx_word' id='word_1_392' title='bbox 3221 915 3279 967; x_wconf 93' lang='lat' dir='ltr'>in</span> <span class='ocrx_word' id='word_1_393' title='bbox 3328 919 3554 972; x_wconf 72' lang='lat' dir='ltr'>aaternis</span> <span class='ocrx_word' id='word_1_394' title='bbox 3604 928 3802 976; x_wconf 91' lang='lat' dir='ltr'>contra</span> 
     </span>
    </p>
   </div>
   <div class='ocr_carea' id='block_1_54' title="bbox 2103 1000 3804 1080">
    <p class='ocr_par' dir='ltr' id='par_1_54' title="bbox 2103 1000 3804 1080">
     <span class='ocr_line' id='line_1_54' title="bbox 2103 1000 3804 1080; baseline 0.008 -28"><span class='ocrx_word' id='word_1_395' title='bbox 2103 1000 2224 1052; x_wconf 72' lang='lat' dir='ltr'>Ilth</span> <span class='ocrx_word' id='word_1_396' title='bbox 2270 1001 2565 1053; x_wconf 89' lang='lat' dir='ltr'>solidatur.</span> <span class='ocrx_word' id='word_1_397' title='bbox 2601 1002 2682 1054; x_wconf 88' lang='lat' dir='ltr'>Ad</span> <span class='ocrx_word' id='word_1_398' title='bbox 2731 1001 2890 1069; x_wconf 88' lang='lat' dir='ltr'>cujus</span> <span class='ocrx_word' id='word_1_399' title='bbox 2950 1003 3067 1071; x_wconf 90' lang='lat' dir='ltr'>spei</span> <span class='ocrx_word' id='word_1_400' title='bbox 3107 1003 3356 1058; x_wconf 85' lang='lat' dir='ltr'>fructum</span> <span class='ocrx_word' id='word_1_401' title='bbox 3402 1023 3530 1062; x_wconf 90' lang='lat' dir='ltr'>cum</span> <span class='ocrx_word' id='word_1_402' title='bbox 3583 1026 3804 1080; x_wconf 88' lang='lat' dir='ltr'>pauper</span> 
     </span>
    </p>
   </div>
   <div class='ocr_carea' id='block_1_55' title="bbox 2103 1087 3803 1172">
    <p class='ocr_par' dir='ltr' id='par_1_55' title="bbox 2103 1087 3803 1172">
     <span class='ocr_line' id='line_1_55' title="bbox 2103 1087 3803 1172; baseline 0.009 -33"><span class='ocrx_word' id='word_1_403' title='bbox 2103 1087 2339 1154; x_wconf 82' lang='lat' dir='ltr'>venerit,</span> <span class='ocrx_word' id='word_1_404' title='bbox 2394 1089 2575 1141; x_wconf 89' lang='lat' dir='ltr'>elatus</span> <span class='ocrx_word' id='word_1_405' title='bbox 2632 1088 2994 1156; x_wconf 86' lang='lat' dir='ltr'>obmutescit,</span> <span class='ocrx_word' id='word_1_406' title='bbox 3043 1095 3098 1144; x_wconf 92' lang='lat' dir='ltr'>et</span> <span class='ocrx_word' id='word_1_407' title='bbox 3141 1095 3425 1149; x_wconf 88' lang='lat' dir='ltr'>contrahit</span> <span class='ocrx_word' id='word_1_408' title='bbox 3485 1116 3546 1151; x_wconf 93' lang='lat' dir='ltr'>os</span> <span class='ocrx_word' id='word_1_409' title='bbox 3601 1120 3617 1153; x_wconf 91' lang='lat'><strong><em>:</em></strong></span> <span class='ocrx_word' id='word_1_410' title='bbox 3667 1104 3803 1172; x_wconf 89' lang='lat' dir='ltr'>quia</span> 
     </span>
    </p>
   </div>
   <div class='ocr_carea' id='block_1_56' title="bbox 2102 1176 3803 1254">
    <p class='ocr_par' dir='ltr' id='par_1_56' title="bbox 2102 1176 3803 1254">
     <span class='ocr_line' id='line_1_56' title="bbox 2102 1176 3803 1254; baseline 0.011 -27"><span class='ocrx_word' id='word_1_411' title='bbox 2102 1180 2385 1229; x_wconf 91' lang='lat' dir='ltr'>tormenta</span> <span class='ocrx_word' id='word_1_412' title='bbox 2445 1176 2700 1245; x_wconf 89' lang='lat' dir='ltr'>linguam</span> <span class='ocrx_word' id='word_1_413' title='bbox 2752 1178 2954 1248; x_wconf 90' lang='lat' dir='ltr'>ligant,</span> <span class='ocrx_word' id='word_1_414' title='bbox 3012 1197 3140 1250; x_wconf 84' lang='lat' dir='ltr'>quae.</span> <span class='ocrx_word' id='word_1_415' title='bbox 3217 1183 3556 1254; x_wconf 89' lang='lat' dir='ltr'>loquebatur</span> <span class='ocrx_word' id='word_1_416' title='bbox 3609 1196 3803 1246; x_wconf 87' lang='lat' dir='ltr'>contra</span> 
     </span>
    </p>
   </div>
   <div class='ocr_carea' id='block_1_57' title="bbox 2097 1265 3798 1344">
    <p class='ocr_par' dir='ltr' id='par_1_57' title="bbox 2097 1265 3798 1344">
     <span class='ocr_line' id='line_1_57' title="bbox 2097 1265 3798 1344; baseline 0.01 -27"><span class='ocrx_word' id='word_1_417' title='bbox 2097 1265 2282 1335; x_wconf 87' lang='lat' dir='ltr'>justos</span> <span class='ocrx_word' id='word_1_418' title='bbox 2332 1265 2708 1320; x_wconf 90' lang='lat' dir='ltr'>detrahendo.</span> <span class='ocrx_word' id='word_1_419' title='bbox 2754 1267 2859 1321; x_wconf 91' lang='lat' dir='ltr'>Sed</span> <span class='ocrx_word' id='word_1_420' title='bbox 2893 1273 2954 1321; x_wconf 92' lang='lat' dir='ltr'>ut</span> <span class='ocrx_word' id='word_1_421' title='bbox 3002 1271 3212 1323; x_wconf 89' lang='lat' dir='ltr'>electus</span> <span class='ocrx_word' id='word_1_422' title='bbox 3245 1275 3524 1342; x_wconf 88' lang='lat' dir='ltr'>supplicia</span> <span class='ocrx_word' id='word_1_423' title='bbox 3581 1279 3798 1344; x_wconf 90' lang='lat' dir='ltr'>evadat,</span> 
     </span>
    </p>
   </div>
   <div class='ocr_carea' id='block_1_58' title="bbox 2105 1353 3794 1438">
    <p class='ocr_par' dir='ltr' id='par_1_58' title="bbox 2105 1353 3794 1438">
     <span class='ocr_line' id='line_1_58' title="bbox 2105 1353 3794 1438; baseline 0.009 -32"><span class='ocrx_word' id='word_1_424' title='bbox 2105 1360 2161 1406; x_wconf 89' lang='lat' dir='ltr'>et</span> <span class='ocrx_word' id='word_1_425' title='bbox 2188 1355 2258 1407; x_wconf 90' lang='lat' dir='ltr'>ad</span> <span class='ocrx_word' id='word_1_426' title='bbox 2293 1356 2532 1424; x_wconf 71' lang='lat' dir='ltr'>praemia</span> <span class='ocrx_word' id='word_1_427' title='bbox 2559 1353 2866 1426; x_wconf 88' lang='lat' dir='ltr'>pertingat,</span> <span class='ocrx_word' id='word_1_428' title='bbox 2902 1357 3069 1411; x_wconf 88' lang='lat' dir='ltr'>debet</span> <span class='ocrx_word' id='word_1_429' title='bbox 3117 1360 3206 1413; x_wconf 92' lang='lat' dir='ltr'>hic</span> <span class='ocrx_word' id='word_1_430' title='bbox 3262 1363 3500 1432; x_wconf 91' lang='lat' dir='ltr'>ﬂagellis</span> <span class='ocrx_word' id='word_1_431' title='bbox 3539 1369 3794 1438; x_wconf 89' lang='lat' dir='ltr'>purgari,</span> 
     </span>
    </p>
   </div>
   <div class='ocr_carea' id='block_1_59' title="bbox 2105 1443 2522 1497">
    <p class='ocr_par' dir='ltr' id='par_1_59' title="bbox 2105 1443 2522 1497">
     <span class='ocr_line' id='line_1_59' title="bbox 2105 1443 2522 1497; baseline 0.002 -2"><span class='ocrx_word' id='word_1_432' title='bbox 2105 1445 2253 1495; x_wconf 89' lang='lat' dir='ltr'>unde</span> <span class='ocrx_word' id='word_1_433' title='bbox 2285 1443 2472 1497; x_wconf 77' lang='lat' dir='ltr'>subdit</span> <span class='ocrx_word' id='word_1_434' title='bbox 2511 1459 2522 1496; x_wconf 93' lang='lat'><strong>:</strong></span> 
     </span>
    </p>
   </div>
   <div class='ocr_carea' id='block_1_60' title="bbox 2175 1533 3795 1608">
    <p class='ocr_par' dir='ltr' id='par_1_60' title="bbox 2175 1533 3795 1608">
     <span class='ocr_line' id='line_1_60' title="bbox 2175 1533 3795 1608; baseline 0.012 -26"><span class='ocrx_word' id='word_1_435' title='bbox 2175 1533 2333 1585; x_wconf 88' lang='lat' dir='ltr'>Vens.</span> <span class='ocrx_word' id='word_1_436' title='bbox 2373 1535 2456 1585; x_wconf 81' lang='lat' dir='ltr'>l7.</span> <span class='ocrx_word' id='word_1_437' title='bbox 2502 1563 2568 1570; x_wconf 91' lang='lat'>—-</span> <span class='ocrx_word' id='word_1_438' title='bbox 2617 1553 2644 1581; x_wconf 81' lang='grc'><strong>«</strong></span> <span class='ocrx_word' id='word_1_439' title='bbox 2678 1534 3130 1603; x_wconf 87' lang='lat' dir='ltr'>Increpationem</span> <span class='ocrx_word' id='word_1_440' title='bbox 3169 1554 3303 1608; x_wconf 86' lang='lat' dir='ltr'>ergo</span> <span class='ocrx_word' id='word_1_441' title='bbox 3341 1542 3566 1597; x_wconf 91' lang='lat' dir='ltr'>Domini</span> <span class='ocrx_word' id='word_1_442' title='bbox 3601 1562 3672 1599; x_wconf 91' lang='lat' dir='ltr'>ne</span> <span class='ocrx_word' id='word_1_443' title='bbox 3707 1564 3795 1600; x_wconf 90' lang='lat' dir='ltr'>rc-</span> 
     </span>
    </p>
   </div>
   <div class='ocr_carea' id='block_1_61' title="bbox 2107 1619 3800 1701">
    <p class='ocr_par' dir='ltr' id='par_1_61' title="bbox 2107 1619 3800 1701">
     <span class='ocr_line' id='line_1_61' title="bbox 2107 1619 3800 1701; baseline 0.011 -31"><span class='ocrx_word' id='word_1_444' title='bbox 2107 1641 2133 1667; x_wconf 83' lang='lat'><strong>«</strong></span> <span class='ocrx_word' id='word_1_445' title='bbox 2164 1620 2388 1690; x_wconf 88' lang='lat' dir='ltr'>probes.</span> <span class='ocrx_word' id='word_1_446' title='bbox 2422 1641 2448 1668; x_wconf 83' lang='grc'><strong>››</strong></span> <span class='ocrx_word' id='word_1_447' title='bbox 2495 1619 2694 1690; x_wconf 61' lang='lat' dir='ltr'>(Ibid)</span> <span class='ocrx_word' id='word_1_448' title='bbox 2738 1621 3021 1691; x_wconf 81' lang='lat' dir='ltr'>Reprobat</span> <span class='ocrx_word' id='word_1_449' title='bbox 3054 1626 3151 1694; x_wconf 91' lang='lat' dir='ltr'>qui</span> <span class='ocrx_word' id='word_1_450' title='bbox 3181 1643 3236 1679; x_wconf 91' lang='lat' dir='ltr'>se</span> <span class='ocrx_word' id='word_1_451' title='bbox 3269 1628 3478 1698; x_wconf 87' lang='lat' dir='ltr'>injuste</span> <span class='ocrx_word' id='word_1_452' title='bbox 3508 1634 3624 1701; x_wconf 90' lang='lat' dir='ltr'>pati</span> <span class='ocrx_word' id='word_1_453' title='bbox 3659 1652 3800 1688; x_wconf 91' lang='lat' dir='ltr'>con-</span> 
     </span>
    </p>
   </div>
   <div class='ocr_carea' id='block_1_62' title="bbox 2105 1708 3797 1792">
    <p class='ocr_par' dir='ltr' id='par_1_62' title="bbox 2105 1708 3797 1792">
     <span class='ocr_line' id='line_1_62' title="bbox 2105 1708 3797 1792; baseline 0.011 -32"><span class='ocrx_word' id='word_1_454' title='bbox 2105 1708 2390 1778; x_wconf 88' lang='lat' dir='ltr'>queritur.</span> <span class='ocrx_word' id='word_1_455' title='bbox 2450 1709 2678 1779; x_wconf 87' lang='lat' dir='ltr'>Eliphaz</span> <span class='ocrx_word' id='word_1_456' title='bbox 2729 1727 2864 1778; x_wconf 90' lang='lat' dir='ltr'>ergo</span> <span class='ocrx_word' id='word_1_457' title='bbox 2920 1718 3125 1781; x_wconf 89' lang='lat' dir='ltr'>putans</span> <span class='ocrx_word' id='word_1_458' title='bbox 3175 1716 3277 1769; x_wconf 88' lang='lat' dir='ltr'>Joh</span> <span class='ocrx_word' id='word_1_459' title='bbox 3331 1735 3431 1787; x_wconf 88' lang='lat' dir='ltr'>pro</span> <span class='ocrx_word' id='word_1_460' title='bbox 3455 1724 3797 1792; x_wconf 86' lang='lat' dir='ltr'>purgatione</span> 
     </span>
    </p>
   </div>
   <div class='ocr_carea' id='block_1_63' title="bbox 2105 1797 3800 1876">
    <p class='ocr_par' dir='ltr' id='par_1_63' title="bbox 2105 1797 3800 1876">
     <span class='ocr_line' id='line_1_63' title="bbox 2105 1797 3800 1876; baseline 0.01 -27"><span class='ocrx_word' id='word_1_461' title='bbox 2105 1797 2345 1867; x_wconf 91' lang='lat' dir='ltr'>percuti,</span> <span class='ocrx_word' id='word_1_462' title='bbox 2392 1814 2509 1850; x_wconf 93' lang='lat' dir='ltr'>non</span> <span class='ocrx_word' id='word_1_463' title='bbox 2561 1798 2895 1868; x_wconf 87' lang='lat' dir='ltr'>probatione</span> <span class='ocrx_word' id='word_1_464' title='bbox 2956 1801 3320 1870; x_wconf 69' lang='lat' dir='ltr'>fortitudinis,</span> <span class='ocrx_word' id='word_1_465' title='bbox 3381 1809 3512 1876; x_wconf 91' lang='lat' dir='ltr'>quia</span> <span class='ocrx_word' id='word_1_466' title='bbox 3567 1811 3670 1865; x_wconf 85' lang='lat' dir='ltr'>Joh</span> <span class='ocrx_word' id='word_1_467' title='bbox 3725 1815 3800 1866; x_wconf 90' lang='lat' dir='ltr'>li-</span> 
     </span>
    </p>
   </div>
   <div class='ocr_carea' id='block_1_64' title="bbox 2105 1886 3796 1970">
    <p class='ocr_par' dir='ltr' id='par_1_64' title="bbox 2105 1886 3796 1970">
     <span class='ocr_line' id='line_1_64' title="bbox 2105 1886 3796 1970; baseline 0.009 -31"><span class='ocrx_word' id='word_1_468' title='bbox 2105 1887 2238 1939; x_wconf 88' lang='lat' dir='ltr'>bere</span> <span class='ocrx_word' id='word_1_469' title='bbox 2305 1886 2582 1956; x_wconf 89' lang='lat' dir='ltr'>loquitur,</span> <span class='ocrx_word' id='word_1_470' title='bbox 2629 1903 2824 1940; x_wconf 86' lang='lat' dir='ltr'>causas</span> <span class='ocrx_word' id='word_1_471' title='bbox 2883 1905 3000 1942; x_wconf 71' lang='lat' dir='ltr'>suze</span> <span class='ocrx_word' id='word_1_472' title='bbox 3065 1894 3444 1959; x_wconf 86' lang='lat' dir='ltr'>pcrcnssionis</span> <span class='ocrx_word' id='word_1_473' title='bbox 3512 1915 3796 1970; x_wconf 69' lang='lat' dir='ltr'>qumrens,</span> 
     </span>
    </p>
   </div>
   <div class='ocr_carea' id='block_1_65' title="bbox 2105 1974 3798 2053">
    <p class='ocr_par' dir='ltr' id='par_1_65' title="bbox 2105 1974 3798 2053">
     <span class='ocr_line' id='line_1_65' title="bbox 2105 1974 3798 2053; baseline 0.01 -28"><span class='ocrx_word' id='word_1_474' title='bbox 2105 1979 2269 2043; x_wconf 88' lang='lat' dir='ltr'>putat</span> <span class='ocrx_word' id='word_1_475' title='bbox 2317 1990 2447 2027; x_wconf 93' lang='lat' dir='ltr'>eum</span> <span class='ocrx_word' id='word_1_476' title='bbox 2498 1974 2948 2045; x_wconf 90' lang='lat' dir='ltr'>increpationem</span> <span class='ocrx_word' id='word_1_477' title='bbox 3034 1979 3261 2032; x_wconf 91' lang='lat' dir='ltr'>Domini</span> <span class='ocrx_word' id='word_1_478' title='bbox 3326 1985 3649 2053; x_wconf 73' lang='lat' dir='ltr'>reprobate.</span> <span class='ocrx_word' id='word_1_479' title='bbox 3709 1989 3798 2042; x_wconf 92' lang='lat' dir='ltr'>Sic</span> 
     </span>
    </p>
   </div>
   <div class='ocr_carea' id='block_1_66' title="bbox 2107 2062 3795 2140">
    <p class='ocr_par' dir='ltr' id='par_1_66' title="bbox 2107 2062 3795 2140">
     <span class='ocr_line' id='line_1_66' title="bbox 2107 2062 3795 2140; baseline 0.011 -26"><span class='ocrx_word' id='word_1_480' title='bbox 2107 2062 2362 2115; x_wconf 81' lang='lat' dir='ltr'>haeretici</span> <span class='ocrx_word' id='word_1_481' title='bbox 2393 2063 2547 2133; x_wconf 91' lang='lat' dir='ltr'>quod</span> <span class='ocrx_word' id='word_1_482' title='bbox 2571 2068 2720 2117; x_wconf 91' lang='lat' dir='ltr'>recte</span> <span class='ocrx_word' id='word_1_483' title='bbox 2775 2065 2842 2118; x_wconf 90' lang='lat' dir='ltr'>ab</span> <span class='ocrx_word' id='word_1_484' title='bbox 2896 2067 3135 2120; x_wconf 88' lang='lat' dir='ltr'>Ecclesia</span> <span class='ocrx_word' id='word_1_485' title='bbox 3194 2070 3402 2140; x_wconf 90' lang='lat' dir='ltr'>agitur,</span> <span class='ocrx_word' id='word_1_486' title='bbox 3457 2075 3528 2128; x_wconf 89' lang='lat' dir='ltr'>ad</span> <span class='ocrx_word' id='word_1_487' title='bbox 3581 2078 3795 2132; x_wconf 76' lang='lat' dir='ltr'>malum</span> 
     </span>
    </p>
   </div>
   <div class='ocr_carea' id='block_1_67' title="bbox 2105 2155 2462 2206">
    <p class='ocr_par' dir='ltr' id='par_1_67' title="bbox 2105 2155 2462 2206">
     <span class='ocr_line' id='line_1_67' title="bbox 2105 2155 2462 2206; baseline -0.003 -2"><span class='ocrx_word' id='word_1_488' title='bbox 2105 2155 2462 2206; x_wconf 91' lang='lat' dir='ltr'>convertunt.</span> 
     </span>
    </p>
   </div>
   <div class='ocr_carea' id='block_1_68' title="bbox 2177 2241 3799 2320">
    <p class='ocr_par' dir='ltr' id='par_1_68' title="bbox 2177 2241 3799 2320">
     <span class='ocr_line' id='line_1_68' title="bbox 2177 2241 3799 2320; baseline 0.01 -29"><span class='ocrx_word' id='word_1_489' title='bbox 2177 2241 2338 2293; x_wconf 89' lang='lat' dir='ltr'>Vens.</span> <span class='ocrx_word' id='word_1_490' title='bbox 2385 2242 2466 2293; x_wconf 83' lang='grc'>18.</span> <span class='ocrx_word' id='word_1_491' title='bbox 2494 2268 2567 2280; x_wconf 94' lang='lat'>—</span> <span class='ocrx_word' id='word_1_492' title='bbox 2591 2262 2617 2287; x_wconf 93' lang='grc'>‹‹</span> <span class='ocrx_word' id='word_1_493' title='bbox 2645 2241 2789 2304; x_wconf 92' lang='lat' dir='ltr'>Quia</span> <span class='ocrx_word' id='word_1_494' title='bbox 2810 2241 2928 2312; x_wconf 91' lang='lat' dir='ltr'>ipse</span> <span class='ocrx_word' id='word_1_495' title='bbox 2959 2245 3234 2300; x_wconf 89' lang='lat' dir='ltr'>vulneret.</span> <span class='ocrx_word' id='word_1_496' title='bbox 3275 2269 3294 2294; x_wconf 78' lang='grc' dir='ltr'>ι</span> <span class='ocrx_word' id='word_1_497' title='bbox 3334 2249 3536 2320; x_wconf 74' lang='lat' dir='ltr'>(Im-zu.)</span> <span class='ocrx_word' id='word_1_498' title='bbox 3571 2253 3799 2308; x_wconf 91' lang='lat' dir='ltr'>Duobus</span> 
     </span>
    </p>
   </div>
   <div class='ocr_carea' id='block_1_69' title="bbox 2105 2328 3794 2400">
    <p class='ocr_par' dir='ltr' id='par_1_69' title="bbox 2105 2328 3794 2400">
     <span class='ocr_line' id='line_1_69' title="bbox 2105 2328 3794 2400; baseline 0.01 -19"><span class='ocrx_word' id='word_1_499' title='bbox 2105 2328 2288 2382; x_wconf 91' lang='lat' dir='ltr'>modis</span> <span class='ocrx_word' id='word_1_500' title='bbox 2319 2329 2582 2382; x_wconf 88' lang='lat' dir='ltr'>vulnerat</span> <span class='ocrx_word' id='word_1_501' title='bbox 2630 2331 2775 2383; x_wconf 91' lang='lat' dir='ltr'>Deus</span> <span class='ocrx_word' id='word_1_502' title='bbox 2823 2347 2966 2400; x_wconf 89' lang='lat' dir='ltr'>quos</span> <span class='ocrx_word' id='word_1_503' title='bbox 3015 2334 3084 2387; x_wconf 91' lang='lat' dir='ltr'>ad</span> <span class='ocrx_word' id='word_1_504' title='bbox 3124 2336 3368 2390; x_wconf 89' lang='lat' dir='ltr'>salutem</span> <span class='ocrx_word' id='word_1_505' title='bbox 3400 2341 3640 2396; x_wconf 86' lang='lat' dir='ltr'>reducit.</span> <span class='ocrx_word' id='word_1_506' title='bbox 3677 2346 3794 2398; x_wconf 87' lang='lat' dir='ltr'>Ali-</span> 
     </span>
    </p>
   </div>
   <div class='ocr_carea' id='block_1_70' title="bbox 2105 2418 3796 2497">
    <p class='ocr_par' dir='ltr' id='par_1_70' title="bbox 2105 2418 3796 2497">
     <span class='ocr_line' id='line_1_70' title="bbox 2105 2418 3796 2497; baseline 0.011 -28"><span class='ocrx_word' id='word_1_507' title='bbox 2105 2419 2334 2488; x_wconf 88' lang='lat' dir='ltr'>quando</span> <span class='ocrx_word' id='word_1_508' title='bbox 2366 2418 2614 2487; x_wconf 90' lang='lat' dir='ltr'>percutit</span> <span class='ocrx_word' id='word_1_509' title='bbox 2651 2419 2710 2472; x_wconf 91' lang='lat' dir='ltr'>in</span> <span class='ocrx_word' id='word_1_510' title='bbox 2742 2436 2979 2489; x_wconf 90' lang='lat' dir='ltr'>corpore</span> <span class='ocrx_word' id='word_1_511' title='bbox 3008 2426 3070 2475; x_wconf 93' lang='lat' dir='ltr'>ut</span> <span class='ocrx_word' id='word_1_512' title='bbox 3124 2430 3374 2480; x_wconf 92' lang='lat' dir='ltr'>mentem</span> <span class='ocrx_word' id='word_1_513' title='bbox 3433 2437 3623 2497; x_wconf 88' lang='lat' dir='ltr'>sanet;</span> <span class='ocrx_word' id='word_1_514' title='bbox 3685 2434 3796 2487; x_wconf 91' lang='lat' dir='ltr'>ali-</span> 
     </span>
    </p>
   </div>
   <div class='ocr_carea' id='block_1_71' title="bbox 2106 2507 3796 2580">
    <p class='ocr_par' dir='ltr' id='par_1_71' title="bbox 2106 2507 3796 2580">
     <span class='ocr_line' id='line_1_71' title="bbox 2106 2507 3796 2580; baseline 0.011 -23"><span class='ocrx_word' id='word_1_515' title='bbox 2106 2508 2336 2577; x_wconf 91' lang='lat' dir='ltr'>quando</span> <span class='ocrx_word' id='word_1_516' title='bbox 2391 2507 2512 2560; x_wconf 90' lang='lat' dir='ltr'>sine</span> <span class='ocrx_word' id='word_1_517' title='bbox 2569 2508 2942 2561; x_wconf 85' lang='lat' dir='ltr'>exterioribus</span> <span class='ocrx_word' id='word_1_518' title='bbox 3000 2510 3238 2580; x_wconf 87' lang='lat' dir='ltr'>ﬂagellis</span> <span class='ocrx_word' id='word_1_519' title='bbox 3290 2517 3495 2569; x_wconf 90' lang='lat' dir='ltr'>mentis</span> <span class='ocrx_word' id='word_1_520' title='bbox 3526 2519 3796 2577; x_wconf 86' lang='lat' dir='ltr'>duritiam</span> 
     </span>
    </p>
   </div>
   <div class='ocr_carea' id='block_1_72' title="bbox 2104 2595 3800 2676">
    <p class='ocr_par' dir='ltr' id='par_1_72' title="bbox 2104 2595 3800 2676">
     <span class='ocr_line' id='line_1_72' title="bbox 2104 2595 3800 2676; baseline 0.011 -29"><span class='ocrx_word' id='word_1_521' title='bbox 2104 2611 2206 2649; x_wconf 89' lang='lat' dir='ltr'>suo</span> <span class='ocrx_word' id='word_1_522' title='bbox 2238 2595 2517 2648; x_wconf 90' lang='lat' dir='ltr'>desiderio</span> <span class='ocrx_word' id='word_1_523' title='bbox 2546 2598 2810 2665; x_wconf 89' lang='lat' dir='ltr'>percutit,</span> <span class='ocrx_word' id='word_1_524' title='bbox 2853 2604 2908 2651; x_wconf 90' lang='lat' dir='ltr'>et</span> <span class='ocrx_word' id='word_1_525' title='bbox 2941 2599 3017 2652; x_wconf 91' lang='lat' dir='ltr'>sic</span> <span class='ocrx_word' id='word_1_526' title='bbox 3055 2617 3179 2655; x_wconf 92' lang='lat' dir='ltr'>eam</span> <span class='ocrx_word' id='word_1_527' title='bbox 3212 2609 3391 2670; x_wconf 91' lang='lat' dir='ltr'>sanat,</span> <span class='ocrx_word' id='word_1_528' title='bbox 3430 2624 3557 2676; x_wconf 63' lang='lat' dir='ltr'>quae</span> <span class='ocrx_word' id='word_1_529' title='bbox 3601 2627 3800 2666; x_wconf 90' lang='lat' dir='ltr'>secura</span> 
     </span>
    </p>
   </div>
   <div class='ocr_carea' id='block_1_73' title="bbox 2104 2684 3796 2759">
    <p class='ocr_par' dir='ltr' id='par_1_73' title="bbox 2104 2684 3796 2759">
     <span class='ocr_line' id='line_1_73' title="bbox 2104 2684 3796 2759; baseline 0.011 -23"><span class='ocrx_word' id='word_1_530' title='bbox 2104 2684 2411 2737; x_wconf 91' lang='lat' dir='ltr'>inmundo</span> <span class='ocrx_word' id='word_1_531' title='bbox 2475 2688 2704 2738; x_wconf 91' lang='lat' dir='ltr'>mortua</span> <span class='ocrx_word' id='word_1_532' title='bbox 2758 2687 3100 2756; x_wconf 88' lang='lat' dir='ltr'>quiescebat.</span> <span class='ocrx_word' id='word_1_533' title='bbox 3160 2691 3286 2759; x_wconf 93' lang='lat' dir='ltr'>Sed,</span> <span class='ocrx_word' id='word_1_534' title='bbox 3342 2695 3478 2748; x_wconf 91' lang='lat' dir='ltr'>dum</span> <span class='ocrx_word' id='word_1_535' title='bbox 3537 2715 3696 2752; x_wconf 86' lang='lat' dir='ltr'>mens</span> <span class='ocrx_word' id='word_1_536' title='bbox 3729 2702 3796 2755; x_wconf 84' lang='lat' dir='ltr'>ad</span> 
     </span>
    </p>
   </div>
   <div class='ocr_carea' id='block_1_74' title="bbox 2106 2773 3796 2852">
    <p class='ocr_par' dir='ltr' id='par_1_74' title="bbox 2106 2773 3796 2852">
     <span class='ocr_line' id='line_1_74' title="bbox 2106 2773 3796 2852; baseline 0.011 -27"><span class='ocrx_word' id='word_1_537' title='bbox 2106 2774 2285 2826; x_wconf 91' lang='lat' dir='ltr'>Deum</span> <span class='ocrx_word' id='word_1_538' title='bbox 2341 2773 2574 2825; x_wconf 86' lang='lat' dir='ltr'>anhelat</span> <span class='ocrx_word' id='word_1_539' title='bbox 2602 2779 2658 2826; x_wconf 90' lang='lat' dir='ltr'>et</span> <span class='ocrx_word' id='word_1_540' title='bbox 2712 2775 2904 2827; x_wconf 90' lang='lat' dir='ltr'>omnia</span> <span class='ocrx_word' id='word_1_541' title='bbox 2953 2778 3246 2832; x_wconf 86' lang='lat' dir='ltr'>saecularia</span> <span class='ocrx_word' id='word_1_542' title='bbox 3286 2781 3538 2852; x_wconf 86' lang='lat' dir='ltr'>despicit,</span> <span class='ocrx_word' id='word_1_543' title='bbox 3604 2791 3796 2843; x_wconf 92' lang='lat' dir='ltr'>omnia</span> 
     </span>
    </p>
   </div>
   <div class='ocr_carea' id='block_1_75' title="bbox 2103 2861 3795 2947">
    <p class='ocr_par' dir='ltr' id='par_1_75' title="bbox 2103 2861 3795 2947">
     <span class='ocr_line' id='line_1_75' title="bbox 2103 2861 3795 2947; baseline 0.01 -32"><span class='ocrx_word' id='word_1_544' title='bbox 2103 2878 2232 2915; x_wconf 81' lang='lat' dir='ltr'>mox</span> <span class='ocrx_word' id='word_1_545' title='bbox 2268 2861 2318 2914; x_wconf 90' lang='lat' dir='ltr'>ei</span> <span class='ocrx_word' id='word_1_546' title='bbox 2346 2866 2649 2915; x_wconf 90' lang='lat' dir='ltr'>vertuntur</span> <span class='ocrx_word' id='word_1_547' title='bbox 2699 2863 2759 2914; x_wconf 91' lang='lat' dir='ltr'>in</span> <span class='ocrx_word' id='word_1_548' title='bbox 2805 2865 3200 2933; x_wconf 90' lang='lat' dir='ltr'>tentationem,</span> <span class='ocrx_word' id='word_1_549' title='bbox 3237 2873 3291 2921; x_wconf 91' lang='lat' dir='ltr'>et</span> <span class='ocrx_word' id='word_1_550' title='bbox 3345 2888 3470 2926; x_wconf 92' lang='lat' dir='ltr'>eam</span> <span class='ocrx_word' id='word_1_551' title='bbox 3499 2875 3795 2947; x_wconf 88' lang='lat' dir='ltr'>afﬂigunt;</span> 
     </span>
    </p>
   </div>
   <div class='ocr_carea' id='block_1_76' title="bbox 2023 2951 3798 3036">
    <p class='ocr_par' dir='ltr' id='par_1_76' title="bbox 2023 2951 3798 3036">
     <span class='ocr_line' id='line_1_76' title="bbox 2023 2951 3798 3036; baseline 0.012 -34"><span class='ocrx_word' id='word_1_552' title='bbox 2023 2959 2064 3014; x_wconf 72' lang='grc' dir='ltr'>ο</span> <span class='ocrx_word' id='word_1_553' title='bbox 2101 2951 2217 3015; x_wconf 91' lang='lat' dir='ltr'>sed,</span> <span class='ocrx_word' id='word_1_554' title='bbox 2277 2951 2412 3004; x_wconf 93' lang='lat' dir='ltr'>dum</span> <span class='ocrx_word' id='word_1_555' title='bbox 2478 2951 2803 3005; x_wconf 84' lang='lat' dir='ltr'>transitorio</span> <span class='ocrx_word' id='word_1_556' title='bbox 2861 2953 3054 3007; x_wconf 89' lang='lat' dir='ltr'>labore</span> <span class='ocrx_word' id='word_1_557' title='bbox 3102 2958 3381 3027; x_wconf 86' lang='lat' dir='ltr'>atteritur,</span> <span class='ocrx_word' id='word_1_558' title='bbox 3434 2979 3467 3014; x_wconf 90' lang='lat' dir='ltr'>a</span> <span class='ocrx_word' id='word_1_559' title='bbox 3522 2972 3798 3036; x_wconf 90' lang='lat' dir='ltr'>perpetuo</span> 
     </span>
    </p>
   </div>
   <div class='ocr_carea' id='block_1_77' title="bbox 2105 3039 2908 3105">
    <p class='ocr_par' dir='ltr' id='par_1_77' title="bbox 2105 3039 2908 3105">
     <span class='ocr_line' id='line_1_77' title="bbox 2105 3039 2908 3105; baseline 0.002 -11"><span class='ocrx_word' id='word_1_560' title='bbox 2105 3041 2396 3105; x_wconf 89' lang='lat' dir='ltr'>liberatur,</span> <span class='ocrx_word' id='word_1_561' title='bbox 2433 3044 2488 3092; x_wconf 90' lang='lat' dir='ltr'>et</span> <span class='ocrx_word' id='word_1_562' title='bbox 2518 3039 2645 3093; x_wconf 92' lang='lat' dir='ltr'>ideo</span> <span class='ocrx_word' id='word_1_563' title='bbox 2673 3041 2862 3095; x_wconf 89' lang='lat' dir='ltr'>subdit</span> <span class='ocrx_word' id='word_1_564' title='bbox 2895 3058 2908 3096; x_wconf 91' lang='lat'><strong>:</strong></span> 
     </span>
    </p>
   </div>
   <div class='ocr_carea' id='block_1_78' title="bbox 2174 3129 3802 3212">
    <p class='ocr_par' dir='ltr' id='par_1_78' title="bbox 2174 3129 3802 3212">
     <span class='ocr_line' id='line_1_78' title="bbox 2174 3129 3802 3212; baseline 0.011 -33"><span class='ocrx_word' id='word_1_565' title='bbox 2174 3129 2328 3181; x_wconf 86' lang='lat' dir='ltr'>Vens.</span> <span class='ocrx_word' id='word_1_566' title='bbox 2369 3131 2450 3181; x_wconf 89' lang='lat' dir='ltr'>l9.</span> <span class='ocrx_word' id='word_1_567' title='bbox 2492 3160 2556 3168; x_wconf 89' lang='lat'><em>—</em></span> <span class='ocrx_word' id='word_1_568' title='bbox 2594 3149 2619 3175; x_wconf 89' lang='grc'>‹‹</span> <span class='ocrx_word' id='word_1_569' title='bbox 2652 3131 2714 3182; x_wconf 91' lang='lat' dir='ltr'>In</span> <span class='ocrx_word' id='word_1_570' title='bbox 2763 3147 2856 3184; x_wconf 81' lang='lat' dir='ltr'>sex</span> <span class='ocrx_word' id='word_1_571' title='bbox 2909 3132 3394 3190; x_wconf 89' lang='lat' dir='ltr'>tribulationibus.</span> <span class='ocrx_word' id='word_1_572' title='bbox 3434 3161 3453 3188; x_wconf 76' lang='grc' dir='ltr'>ι</span> <span class='ocrx_word' id='word_1_573' title='bbox 3487 3141 3675 3212; x_wconf 60' lang='lat' dir='ltr'>(Ibid)</span> <span class='ocrx_word' id='word_1_574' title='bbox 3708 3147 3802 3201; x_wconf 91' lang='lat' dir='ltr'>Se-</span> 
     </span>
    </p>
   </div>
   <div class='ocr_carea' id='block_1_79' title="bbox 2103 3216 3800 3305">
    <p class='ocr_par' dir='ltr' id='par_1_79' title="bbox 2103 3216 3800 3305">
     <span class='ocr_line' id='line_1_79' title="bbox 2103 3216 3800 3305; baseline 0.013 -38"><span class='ocrx_word' id='word_1_575' title='bbox 2103 3216 2285 3281; x_wconf 91' lang='lat' dir='ltr'>nario,</span> <span class='ocrx_word' id='word_1_576' title='bbox 2319 3233 2492 3286; x_wconf 88' lang='lat' dir='ltr'>quem</span> <span class='ocrx_word' id='word_1_577' title='bbox 2521 3218 2799 3287; x_wconf 90' lang='lat' dir='ltr'>septimus</span> <span class='ocrx_word' id='word_1_578' title='bbox 2850 3222 3128 3290; x_wconf 86' lang='lat' dir='ltr'>sequitur,</span> <span class='ocrx_word' id='word_1_579' title='bbox 3172 3229 3468 3293; x_wconf 71' lang='lat' dir='ltr'>prazsentis</span> <span class='ocrx_word' id='word_1_580' title='bbox 3509 3232 3636 3286; x_wconf 68' lang='lat' dir='ltr'>vita:</span> <span class='ocrx_word' id='word_1_581' title='bbox 3669 3253 3800 3305; x_wconf 82' lang='lat' dir='ltr'>ope-</span> 
     </span>
    </p>
   </div>
   <div class='ocr_carea' id='block_1_80' title="bbox 2102 3305 3801 3382">
    <p class='ocr_par' dir='ltr' id='par_1_80' title="bbox 2102 3305 3801 3382">
     <span class='ocr_line' id='line_1_80' title="bbox 2102 3305 3801 3382; baseline 0.013 -25"><span class='ocrx_word' id='word_1_582' title='bbox 2102 3305 2247 3358; x_wconf 90' lang='lat' dir='ltr'>ratio</span> <span class='ocrx_word' id='word_1_583' title='bbox 2298 3310 2354 3358; x_wconf 90' lang='lat' dir='ltr'>et</span> <span class='ocrx_word' id='word_1_584' title='bbox 2389 3305 2679 3360; x_wconf 89' lang='lat' dir='ltr'>discursus</span> <span class='ocrx_word' id='word_1_585' title='bbox 2732 3308 3036 3378; x_wconf 88' lang='lat' dir='ltr'>signatur:</span> <span class='ocrx_word' id='word_1_586' title='bbox 3092 3314 3244 3382; x_wconf 89' lang='lat' dir='ltr'>quia,</span> <span class='ocrx_word' id='word_1_587' title='bbox 3308 3322 3466 3371; x_wconf 83' lang='lat' dir='ltr'>sexto</span> <span class='ocrx_word' id='word_1_588' title='bbox 3514 3321 3603 3374; x_wconf 91' lang='lat' dir='ltr'>die</span> <span class='ocrx_word' id='word_1_589' title='bbox 3653 3324 3801 3379; x_wconf 92' lang='lat' dir='ltr'>Deus</span> 
     </span>
    </p>
   </div>
   <div class='ocr_carea' id='block_1_81' title="bbox 2104 3393 3804 3479">
    <p class='ocr_par' dir='ltr' id='par_1_81' title="bbox 2104 3393 3804 3479">
     <span class='ocr_line' id='line_1_81' title="bbox 2104 3393 3804 3479; baseline 0.012 -34"><span class='ocrx_word' id='word_1_590' title='bbox 2104 3393 2298 3446; x_wconf 92' lang='lat' dir='ltr'>omnia</span> <span class='ocrx_word' id='word_1_591' title='bbox 2381 3395 2704 3464; x_wconf 85' lang='lat' dir='ltr'>perﬁciens,</span> <span class='ocrx_word' id='word_1_592' title='bbox 2759 3397 3052 3452; x_wconf 90' lang='lat' dir='ltr'>hominem</span> <span class='ocrx_word' id='word_1_593' title='bbox 3108 3402 3376 3469; x_wconf 91' lang='lat' dir='ltr'>condidit,</span> <span class='ocrx_word' id='word_1_594' title='bbox 3438 3411 3495 3459; x_wconf 91' lang='lat' dir='ltr'>et</span> <span class='ocrx_word' id='word_1_595' title='bbox 3562 3412 3804 3479; x_wconf 89' lang='lat' dir='ltr'>septima</span> 
     </span>
    </p>
   </div>
   <div class='ocr_carea' id='block_1_82' title="bbox 2103 3483 3805 3565">
    <p class='ocr_par' dir='ltr' id='par_1_82' title="bbox 2103 3483 3805 3565">
     <span class='ocr_line' id='line_1_82' title="bbox 2103 3483 3805 3565; baseline 0.012 -31"><span class='ocrx_word' id='word_1_596' title='bbox 2103 3483 2338 3552; x_wconf 92' lang='lat' dir='ltr'>quievit,</span> <span class='ocrx_word' id='word_1_597' title='bbox 2375 3484 2474 3552; x_wconf 83' lang='lat' dir='ltr'>qui</span> <span class='ocrx_word' id='word_1_598' title='bbox 2509 3500 2620 3536; x_wconf 93' lang='lat' dir='ltr'>non</span> <span class='ocrx_word' id='word_1_599' title='bbox 2666 3485 2834 3539; x_wconf 89' lang='lat' dir='ltr'>habet</span> <span class='ocrx_word' id='word_1_600' title='bbox 2886 3503 3202 3558; x_wconf 88' lang='lat' dir='ltr'>vesperam,</span> <span class='ocrx_word' id='word_1_601' title='bbox 3236 3491 3290 3544; x_wconf 93' lang='lat' dir='ltr'>id</span> <span class='ocrx_word' id='word_1_602' title='bbox 3343 3501 3447 3561; x_wconf 86' lang='lat' dir='ltr'>est,</span> <span class='ocrx_word' id='word_1_603' title='bbox 3503 3497 3709 3565; x_wconf 78' lang='lat' dir='ltr'>tinem;</span> <span class='ocrx_word' id='word_1_604' title='bbox 3744 3501 3805 3555; x_wconf 92' lang='lat' dir='ltr'>in</span> 
     </span>
    </p>
   </div>
   <div class='ocr_carea' id='block_1_83' title="bbox 2103 3572 3805 3653">
    <p class='ocr_par' dir='ltr' id='par_1_83' title="bbox 2103 3572 3805 3653">
     <span class='ocr_line' id='line_1_83' title="bbox 2103 3572 3805 3653; baseline 0.012 -31"><span class='ocrx_word' id='word_1_605' title='bbox 2103 3572 2346 3641; x_wconf 89' lang='lat' dir='ltr'>septima</span> <span class='ocrx_word' id='word_1_606' title='bbox 2377 3588 2510 3642; x_wconf 89' lang='lat' dir='ltr'>ergo</span> <span class='ocrx_word' id='word_1_607' title='bbox 2533 3573 2904 3628; x_wconf 91' lang='lat' dir='ltr'>tribulatione</span> <span class='ocrx_word' id='word_1_608' title='bbox 2939 3577 3165 3641; x_wconf 89' lang='lat' dir='ltr'>liberat,</span> <span class='ocrx_word' id='word_1_609' title='bbox 3202 3596 3270 3634; x_wconf 91' lang='lat' dir='ltr'>ne</span> <span class='ocrx_word' id='word_1_610' title='bbox 3303 3581 3359 3634; x_wconf 90' lang='lat' dir='ltr'>in</span> <span class='ocrx_word' id='word_1_611' title='bbox 3413 3586 3656 3653; x_wconf 88' lang='lat' dir='ltr'>septima</span> <span class='ocrx_word' id='word_1_612' title='bbox 3688 3605 3805 3642; x_wconf 85' lang='lat' dir='ltr'>ma-</span> 
     </span>
    </p>
   </div>
   <div class='ocr_carea' id='block_1_84' title="bbox 2102 3659 3803 3741">
    <p class='ocr_par' dir='ltr' id='par_1_84' title="bbox 2102 3659 3803 3741">
     <span class='ocr_line' id='line_1_84' title="bbox 2102 3659 3803 3741; baseline 0.012 -30"><span class='ocrx_word' id='word_1_613' title='bbox 2102 3659 2224 3713; x_wconf 92' lang='lat' dir='ltr'>lum</span> <span class='ocrx_word' id='word_1_614' title='bbox 2255 3660 2497 3730; x_wconf 89' lang='lat' dir='ltr'>attingat</span> <span class='ocrx_word' id='word_1_615' title='bbox 2530 3677 2542 3714; x_wconf 92' lang='lat'>:</span> <span class='ocrx_word' id='word_1_616' title='bbox 2575 3664 2710 3732; x_wconf 90' lang='lat' dir='ltr'>quia</span> <span class='ocrx_word' id='word_1_617' title='bbox 2747 3663 2838 3716; x_wconf 91' lang='lat' dir='ltr'>hic</span> <span class='ocrx_word' id='word_1_618' title='bbox 2884 3671 3120 3734; x_wconf 90' lang='lat' dir='ltr'>paterne</span> <span class='ocrx_word' id='word_1_619' title='bbox 3166 3670 3430 3725; x_wconf 85' lang='lat' dir='ltr'>erudiens</span> <span class='ocrx_word' id='word_1_620' title='bbox 3462 3675 3674 3741; x_wconf 89' lang='lat' dir='ltr'>atterit,</span> <span class='ocrx_word' id='word_1_621' title='bbox 3704 3679 3803 3732; x_wconf 90' lang='lat' dir='ltr'>sed</span> 
     </span>
    </p>
   </div>
   <div class='ocr_carea' id='block_1_85' title="bbox 2103 3749 3192 3818">
    <p class='ocr_par' dir='ltr' id='par_1_85' title="bbox 2103 3749 3192 3818">
     <span class='ocr_line' id='line_1_85' title="bbox 2103 3749 3192 3818; baseline 0.01 -18"><span class='ocrx_word' id='word_1_622' title='bbox 2103 3749 2162 3800; x_wconf 92' lang='lat' dir='ltr'>in</span> <span class='ocrx_word' id='word_1_623' title='bbox 2191 3749 2282 3802; x_wconf 91' lang='lat' dir='ltr'>die</span> <span class='ocrx_word' id='word_1_624' title='bbox 2308 3749 2512 3818; x_wconf 89' lang='lat' dir='ltr'>judicii</span> <span class='ocrx_word' id='word_1_625' title='bbox 2544 3767 2574 3803; x_wconf 92' lang='lat' dir='ltr'>a</span> <span class='ocrx_word' id='word_1_626' title='bbox 2605 3751 2835 3806; x_wconf 90' lang='lat' dir='ltr'>verbere</span> <span class='ocrx_word' id='word_1_627' title='bbox 2878 3754 3192 3811; x_wconf 92' lang='lat' dir='ltr'>abscondit.</span> 
     </span>
    </p>
   </div>
   <div class='ocr_carea' id='block_1_86' title="bbox 2177 3838 3803 3913">
    <p class='ocr_par' dir='ltr' id='par_1_86' title="bbox 2177 3838 3803 3913">
     <span class='ocr_line' id='line_1_86' title="bbox 2177 3838 3803 3913; baseline 0.014 -25"><span class='ocrx_word' id='word_1_628' title='bbox 2177 3838 2339 3890; x_wconf 86' lang='lat' dir='ltr'>Vens.</span> <span class='ocrx_word' id='word_1_629' title='bbox 2403 3839 2490 3892; x_wconf 79' lang='lat'>20.</span> <span class='ocrx_word' id='word_1_630' title='bbox 2524 3870 2591 3879; x_wconf 90' lang='lat'><strong><em>—</em></strong></span> <span class='ocrx_word' id='word_1_631' title='bbox 2641 3858 2668 3890; x_wconf 87' lang='lat'><strong>«</strong></span> <span class='ocrx_word' id='word_1_632' title='bbox 2702 3843 2763 3893; x_wconf 92' lang='lat' dir='ltr'>In</span> <span class='ocrx_word' id='word_1_633' title='bbox 2807 3842 2975 3894; x_wconf 88' lang='lat' dir='ltr'>fame.</span> <span class='ocrx_word' id='word_1_634' title='bbox 3014 3863 3036 3892; x_wconf 76' lang='grc' dir='ltr'><strong><em>ι</em></strong></span> <span class='ocrx_word' id='word_1_635' title='bbox 3082 3845 3274 3913; x_wconf 77' lang='grc' dir='ltr'>(Ῑὸἰά.)</span> <span class='ocrx_word' id='word_1_636' title='bbox 3309 3849 3612 3906; x_wconf 85' lang='lat' dir='ltr'>Enumerat</span> <span class='ocrx_word' id='word_1_637' title='bbox 3651 3857 3803 3909; x_wconf 88' lang='lat' dir='ltr'>mala</span> 
     </span>
    </p>
   </div>
   <div class='ocr_carea' id='block_1_87' title="bbox 2105 3925 3802 3998">
    <p class='ocr_par' dir='ltr' id='par_1_87' title="bbox 2105 3925 3802 3998">
     <span class='ocr_line' id='line_1_87' title="bbox 2105 3925 3802 3998; baseline 0.012 -22"><span class='ocrx_word' id='word_1_638' title='bbox 2105 3925 2403 3995; x_wconf 71' lang='lat' dir='ltr'>praesentis</span> <span class='ocrx_word' id='word_1_639' title='bbox 2461 3927 2589 3980; x_wconf 68' lang='lat' dir='ltr'>vitm</span> <span class='ocrx_word' id='word_1_640' title='bbox 2621 3933 2678 3981; x_wconf 91' lang='lat' dir='ltr'>et</span> <span class='ocrx_word' id='word_1_641' title='bbox 2735 3928 3015 3998; x_wconf 88' lang='lat' dir='ltr'>adjutoria</span> <span class='ocrx_word' id='word_1_642' title='bbox 3058 3933 3174 3985; x_wconf 91' lang='lat' dir='ltr'>Dei.</span> <span class='ocrx_word' id='word_1_643' title='bbox 3240 3935 3432 3989; x_wconf 84' lang='lat' dir='ltr'>Fames</span> <span class='ocrx_word' id='word_1_644' title='bbox 3470 3941 3676 3994; x_wconf 90' lang='lat' dir='ltr'>mentis</span> <span class='ocrx_word' id='word_1_645' title='bbox 3719 3949 3802 3997; x_wconf 93' lang='lat' dir='ltr'>est</span> 
     </span>
    </p>
   </div>
   <div class='ocr_carea' id='block_1_88' title="bbox 2104 4015 3802 4088">
    <p class='ocr_par' dir='ltr' id='par_1_88' title="bbox 2104 4015 3802 4088">
     <span class='ocr_line' id='line_1_88' title="bbox 2104 4015 3802 4088; baseline 0.011 -22"><span class='ocrx_word' id='word_1_646' title='bbox 2104 4015 2396 4068; x_wconf 90' lang='lat' dir='ltr'>silentium</span> <span class='ocrx_word' id='word_1_647' title='bbox 2423 4017 2580 4069; x_wconf 89' lang='lat' dir='ltr'>verbi</span> <span class='ocrx_word' id='word_1_648' title='bbox 2631 4018 2729 4071; x_wconf 92' lang='lat' dir='ltr'>Dei</span> <span class='ocrx_word' id='word_1_649' title='bbox 2766 4034 2778 4071; x_wconf 92' lang='lat'>:</span> <span class='ocrx_word' id='word_1_650' title='bbox 2813 4035 2925 4088; x_wconf 92' lang='lat' dir='ltr'>quo</span> <span class='ocrx_word' id='word_1_651' title='bbox 2971 4020 3278 4086; x_wconf 88' lang='lat' dir='ltr'>subtracto,</span> <span class='ocrx_word' id='word_1_652' title='bbox 3313 4027 3549 4081; x_wconf 90' lang='lat' dir='ltr'>tentatio</span> <span class='ocrx_word' id='word_1_653' title='bbox 3617 4033 3802 4085; x_wconf 88' lang='lat' dir='ltr'>carnis</span> 
     </span>
    </p>
   </div>
   <div class='ocr_carea' id='block_1_89' title="bbox 2104 4103 3801 4176">
    <p class='ocr_par' dir='ltr' id='par_1_89' title="bbox 2104 4103 3801 4176">
     <span class='ocr_line' id='line_1_89' title="bbox 2104 4103 3801 4176; baseline 0.011 -20"><span class='ocrx_word' id='word_1_654' title='bbox 2104 4103 2418 4173; x_wconf 89' lang='lat' dir='ltr'>invalescit,</span> <span class='ocrx_word' id='word_1_655' title='bbox 2453 4121 2582 4176; x_wconf 63' lang='lat' dir='ltr'>qua:</span> <span class='ocrx_word' id='word_1_656' title='bbox 2617 4111 2701 4160; x_wconf 88' lang='lat' dir='ltr'>est</span> <span class='ocrx_word' id='word_1_657' title='bbox 2726 4106 2961 4162; x_wconf 87' lang='lat' dir='ltr'>bellum.</span> <span class='ocrx_word' id='word_1_658' title='bbox 3015 4109 3118 4164; x_wconf 93' lang='lat' dir='ltr'>Sed</span> <span class='ocrx_word' id='word_1_659' title='bbox 3157 4113 3303 4165; x_wconf 86' lang='lat' dir='ltr'>Deus</span> <span class='ocrx_word' id='word_1_660' title='bbox 3336 4115 3506 4168; x_wconf 88' lang='lat' dir='ltr'>etiam</span> <span class='ocrx_word' id='word_1_661' title='bbox 3563 4118 3620 4172; x_wconf 93' lang='lat' dir='ltr'>in</span> <span class='ocrx_word' id='word_1_662' title='bbox 3651 4119 3801 4175; x_wconf 86' lang='lat' dir='ltr'>fame</span> 
     </span>
    </p>
   </div>
   <div class='ocr_carea' id='block_1_90' title="bbox 2105 4195 3803 4268">
    <p class='ocr_par' dir='ltr' id='par_1_90' title="bbox 2105 4195 3803 4268">
     <span class='ocr_line' id='line_1_90' title="bbox 2105 4195 3803 4268; baseline 0.011 -22"><span class='ocrx_word' id='word_1_663' title='bbox 2105 4210 2139 4247; x_wconf 91' lang='lat' dir='ltr'>a</span> <span class='ocrx_word' id='word_1_664' title='bbox 2166 4198 2349 4248; x_wconf 89' lang='lat' dir='ltr'>morte</span> <span class='ocrx_word' id='word_1_665' title='bbox 2381 4195 2629 4249; x_wconf 89' lang='lat' dir='ltr'>animam</span> <span class='ocrx_word' id='word_1_666' title='bbox 2662 4196 2852 4266; x_wconf 91' lang='lat' dir='ltr'>eripit,</span> <span class='ocrx_word' id='word_1_667' title='bbox 2911 4198 3045 4268; x_wconf 90' lang='lat' dir='ltr'>quia</span> <span class='ocrx_word' id='word_1_668' title='bbox 3087 4201 3257 4254; x_wconf 88' lang='lat' dir='ltr'>verbo</span> <span class='ocrx_word' id='word_1_669' title='bbox 3290 4219 3390 4256; x_wconf 88' lang='lat' dir='ltr'>suo</span> <span class='ocrx_word' id='word_1_670' title='bbox 3424 4205 3622 4261; x_wconf 81' lang='lat' dir='ltr'>reficit.</span> <span class='ocrx_word' id='word_1_671' title='bbox 3663 4230 3684 4258; x_wconf 74' lang='grc' dir='ltr'>ι</span> <span class='ocrx_word' id='word_1_672' title='bbox 3740 4211 3803 4264; x_wconf 84' lang='lat' dir='ltr'>Et</span> 
     </span>
    </p>
   </div>
   <div class='ocr_carea' id='block_1_91' title="bbox 290 4277 3799 4356">
    <p class='ocr_par' dir='ltr' id='par_1_91' title="bbox 290 4277 3799 4356">
     <span class='ocr_line' id='line_1_91' title="bbox 290 4277 3799 4356; baseline 0.006 -26"><span class='ocrx_word' id='word_1_673' title='bbox 290 4277 672 4350; x_wconf 88' lang='lat' dir='ltr'>prehendant,</span> <span class='ocrx_word' id='word_1_674' title='bbox 727 4279 982 4334; x_wconf 82' lang='lat' dir='ltr'>invenire</span> <span class='ocrx_word' id='word_1_675' title='bbox 1042 4287 1325 4351; x_wconf 91' lang='lat' dir='ltr'>satagunt.</span> <span class='ocrx_word' id='word_1_676' title='bbox 1381 4284 1513 4336; x_wconf 90' lang='lat' dir='ltr'>Ecce</span> <span class='ocrx_word' id='word_1_677' title='bbox 1565 4285 1728 4350; x_wconf 89' lang='lat' dir='ltr'>Loth,</span> <span class='ocrx_word' id='word_1_678' title='bbox 1779 4286 1835 4340; x_wconf 89' lang='lat' dir='ltr'>id</span> <span class='ocrx_word' id='word_1_679' title='bbox 1886 4293 1988 4356; x_wconf 63' lang='lat' dir='ltr'>est,</span> <span class='ocrx_word' id='word_1_680' title='bbox 2033 4281 2164 4340; x_wconf 92' lang='lat' dir='ltr'>Din</span> <span class='ocrx_word' id='word_1_681' title='bbox 2185 4283 2354 4336; x_wconf 90' lang='lat' dir='ltr'>bello.</span> <span class='ocrx_word' id='word_1_682' title='bbox 2389 4300 2417 4332; x_wconf 87' lang='lat'>»</span> <span class='ocrx_word' id='word_1_683' title='bbox 2443 4284 2649 4337; x_wconf 89' lang='lat' dir='ltr'>Contra</span> <span class='ocrx_word' id='word_1_684' title='bbox 2699 4285 3042 4339; x_wconf 89' lang='lat' dir='ltr'>tentationes</span> <span class='ocrx_word' id='word_1_685' title='bbox 3075 4289 3258 4341; x_wconf 88' lang='lat' dir='ltr'>carnis</span> <span class='ocrx_word' id='word_1_686' title='bbox 3289 4291 3457 4344; x_wconf 83' lang='lat' dir='ltr'>fortes</span> <span class='ocrx_word' id='word_1_687' title='bbox 3506 4295 3654 4350; x_wconf 90' lang='lat' dir='ltr'>facit.</span> <span class='ocrx_word' id='word_1_688' title='bbox 3693 4297 3799 4352; x_wconf 93' lang='lat' dir='ltr'>Sed</span> 
     </span>
    </p>
   </div>
   <div class='ocr_carea' id='block_1_92' title="bbox 285 4366 1996 4434">
    <p class='ocr_par' dir='ltr' id='par_1_92' title="bbox 285 4366 1996 4434">
     <span class='ocr_line' id='line_1_92' title="bbox 285 4366 1996 4434; baseline 0.006 -18"><span class='ocrx_word' id='word_1_689' title='bbox 285 4370 481 4434; x_wconf 88' lang='lat' dir='ltr'>justus</span> <span class='ocrx_word' id='word_1_690' title='bbox 513 4366 678 4418; x_wconf 91' lang='lat' dir='ltr'>malis</span> <span class='ocrx_word' id='word_1_691' title='bbox 723 4368 1154 4422; x_wconf 88' lang='lat' dir='ltr'>adversantibus</span> <span class='ocrx_word' id='word_1_692' title='bbox 1213 4369 1361 4422; x_wconf 89' lang='lat' dir='ltr'>intra</span> <span class='ocrx_word' id='word_1_693' title='bbox 1402 4371 1639 4424; x_wconf 90' lang='lat' dir='ltr'>domum</span> <span class='ocrx_word' id='word_1_694' title='bbox 1683 4371 1996 4427; x_wconf 91' lang='lat' dir='ltr'>recluditur</span> 
     </span>
    </p>
   </div>
   <div class='ocr_carea' id='block_1_93' title="bbox 290 4453 1996 4520">
    <p class='ocr_par' dir='ltr' id='par_1_93' title="bbox 290 4453 1996 4520">
     <span class='ocr_line' id='line_1_93' title="bbox 290 4453 1996 4520; baseline 0.006 -15"><span class='ocrx_word' id='word_1_695' title='bbox 290 4459 356 4506; x_wconf 88' lang='lat' dir='ltr'>et</span> <span class='ocrx_word' id='word_1_696' title='bbox 410 4453 686 4520; x_wconf 89' lang='lat' dir='ltr'>munitur,</span> <span class='ocrx_word' id='word_1_697' title='bbox 722 4455 777 4509; x_wconf 93' lang='lat' dir='ltr'>id</span> <span class='ocrx_word' id='word_1_698' title='bbox 827 4457 1008 4510; x_wconf 87' lang='lat' dir='ltr'>estad</span> <span class='ocrx_word' id='word_1_699' title='bbox 1064 4461 1314 4511; x_wconf 91' lang='lat' dir='ltr'>mentem</span> <span class='ocrx_word' id='word_1_700' title='bbox 1345 4459 1649 4513; x_wconf 89' lang='lat' dir='ltr'>revertitur</span> <span class='ocrx_word' id='word_1_701' title='bbox 1689 4465 1745 4514; x_wconf 90' lang='lat' dir='ltr'>et</span> <span class='ocrx_word' id='word_1_702' title='bbox 1799 4468 1996 4517; x_wconf 90' lang='lat' dir='ltr'>manet</span> 
     </span>
    </p>
   </div>
   <div class='ocr_carea' id='block_1_94' title="bbox 292 4543 1995 4615">
    <p class='ocr_par' dir='ltr' id='par_1_94' title="bbox 292 4543 1995 4615">
     <span class='ocr_line' id='line_1_94' title="bbox 292 4543 1995 4615; baseline 0.004 -19"><span class='ocrx_word' id='word_1_703' title='bbox 292 4543 560 4614; x_wconf 86' lang='lat' dir='ltr'>interius,</span> <span class='ocrx_word' id='word_1_704' title='bbox 595 4544 904 4597; x_wconf 69' lang='lat' dir='ltr'>Sodomitas</span> <span class='ocrx_word' id='word_1_705' title='bbox 939 4545 1071 4598; x_wconf 66' lang='lat' dir='ltr'>caeci</span> <span class='ocrx_word' id='word_1_706' title='bbox 1097 4545 1471 4615; x_wconf 91' lang='lat' dir='ltr'>circumeunt,</span> <span class='ocrx_word' id='word_1_707' title='bbox 1505 4546 1560 4599; x_wconf 90' lang='lat' dir='ltr'>id</span> <span class='ocrx_word' id='word_1_708' title='bbox 1606 4551 1709 4612; x_wconf 90' lang='lat' dir='ltr'>est,</span> <span class='ocrx_word' id='word_1_709' title='bbox 1740 4549 1995 4602; x_wconf 91' lang='lat' dir='ltr'>inviden-</span> 
     </span>
    </p>
   </div>
   <div class='ocr_carea' id='block_1_95' title="bbox 290 4632 1992 4703">
    <p class='ocr_par' dir='ltr' id='par_1_95' title="bbox 290 4632 1992 4703">
     <span class='ocr_line' id='line_1_95' title="bbox 290 4632 1992 4703; baseline 0.005 -19"><span class='ocrx_word' id='word_1_710' title='bbox 290 4637 381 4684; x_wconf 87' lang='lat' dir='ltr'>tes</span> <span class='ocrx_word' id='word_1_711' title='bbox 411 4632 555 4685; x_wconf 89' lang='lat' dir='ltr'>facta</span> <span class='ocrx_word' id='word_1_712' title='bbox 576 4633 840 4703; x_wconf 89' lang='lat' dir='ltr'>dictaque</span> <span class='ocrx_word' id='word_1_713' title='bbox 872 4638 1216 4698; x_wconf 90' lang='lat' dir='ltr'>scrutantur,</span> <span class='ocrx_word' id='word_1_714' title='bbox 1251 4649 1354 4687; x_wconf 83' lang='lat' dir='ltr'>nec</span> <span class='ocrx_word' id='word_1_715' title='bbox 1381 4635 1614 4698; x_wconf 90' lang='lat' dir='ltr'>ostium,</span> <span class='ocrx_word' id='word_1_716' title='bbox 1668 4635 1724 4690; x_wconf 93' lang='lat' dir='ltr'>id</span> <span class='ocrx_word' id='word_1_717' title='bbox 1756 4640 1858 4703; x_wconf 91' lang='lat' dir='ltr'>est,</span> <span class='ocrx_word' id='word_1_718' title='bbox 1893 4638 1992 4692; x_wconf 87' lang='lat' dir='ltr'>ad-</span> 
     </span>
    </p>
   </div>
   <div class='ocr_carea' id='block_1_96' title="bbox 288 4721 1990 4796">
    <p class='ocr_par' dir='ltr' id='par_1_96' title="bbox 288 4721 1990 4796">
     <span class='ocr_line' id='line_1_96' title="bbox 288 4721 1990 4796; baseline 0.004 -22"><span class='ocrx_word' id='word_1_719' title='bbox 288 4721 442 4774; x_wconf 89' lang='lat' dir='ltr'>itum</span> <span class='ocrx_word' id='word_1_720' title='bbox 483 4721 966 4791; x_wconf 90' lang='lat' dir='ltr'>reprehensionis,</span> <span class='ocrx_word' id='word_1_721' title='bbox 1020 4722 1341 4791; x_wconf 90' lang='lat' dir='ltr'>inveniunt,</span> <span class='ocrx_word' id='word_1_722' title='bbox 1399 4725 1494 4778; x_wconf 87' lang='lat' dir='ltr'>sed</span> <span class='ocrx_word' id='word_1_723' title='bbox 1549 4725 1828 4793; x_wconf 88' lang='lat' dir='ltr'>parietem</span> <span class='ocrx_word' id='word_1_724' title='bbox 1868 4727 1990 4796; x_wconf 91' lang='lat' dir='ltr'>pal-</span> 
     </span>
    </p>
   </div>
   <div class='ocr_carea' id='block_1_97' title="bbox 286 4809 1879 4881">
    <p class='ocr_par' dir='ltr' id='par_1_97' title="bbox 286 4809 1879 4881">
     <span class='ocr_line' id='line_1_97' title="bbox 286 4809 1879 4881; baseline 0.004 -20"><span class='ocrx_word' id='word_1_725' title='bbox 286 4814 452 4880; x_wconf 87' lang='lat' dir='ltr'>pant,</span> <span class='ocrx_word' id='word_1_726' title='bbox 489 4810 624 4880; x_wconf 91' lang='lat' dir='ltr'>quia</span> <span class='ocrx_word' id='word_1_727' title='bbox 657 4809 869 4880; x_wconf 88' lang='lat' dir='ltr'>ubique</span> <span class='ocrx_word' id='word_1_728' title='bbox 898 4810 1198 4864; x_wconf 88' lang='lat' dir='ltr'>laudabilis</span> <span class='ocrx_word' id='word_1_729' title='bbox 1224 4811 1369 4864; x_wconf 91' lang='lat' dir='ltr'>actio</span> <span class='ocrx_word' id='word_1_730' title='bbox 1397 4812 1534 4881; x_wconf 89' lang='lat' dir='ltr'>justi</span> <span class='ocrx_word' id='word_1_731' title='bbox 1569 4813 1648 4865; x_wconf 91' lang='lat' dir='ltr'>eis</span> <span class='ocrx_word' id='word_1_732' title='bbox 1671 4813 1879 4869; x_wconf 88' lang='lat' dir='ltr'>obviat.</span> 
     </span>
    </p>
   </div>
   <div class='ocr_carea' id='block_1_98' title="bbox 367 4898 1989 4973">
    <p class='ocr_par' dir='ltr' id='par_1_98' title="bbox 367 4898 1989 4973">
     <span class='ocr_line' id='line_1_98' title="bbox 367 4898 1989 4973; baseline 0.003 -22"><span class='ocrx_word' id='word_1_733' title='bbox 367 4919 394 4945; x_wconf 86' lang='lat'><strong><em>«</em></strong></span> <span class='ocrx_word' id='word_1_734' title='bbox 424 4899 756 4968; x_wconf 90' lang='lat' dir='ltr'>Palpabunt.</span> <span class='ocrx_word' id='word_1_735' title='bbox 794 4919 820 4949; x_wconf 78' lang='grc' dir='ltr'>ι)</span> <span class='ocrx_word' id='word_1_736' title='bbox 845 4898 953 4953; x_wconf 92' lang='lat' dir='ltr'>Sed</span> <span class='ocrx_word' id='word_1_737' title='bbox 983 4915 1204 4969; x_wconf 90' lang='lat' dir='ltr'>pauper</span> <span class='ocrx_word' id='word_1_738' title='bbox 1236 4899 1462 4969; x_wconf 89' lang='lat' dir='ltr'>spiritu,</span> <span class='ocrx_word' id='word_1_739' title='bbox 1490 4899 1547 4954; x_wconf 91' lang='lat' dir='ltr'>id</span> <span class='ocrx_word' id='word_1_740' title='bbox 1577 4905 1659 4955; x_wconf 87' lang='lat' dir='ltr'>est</span> <span class='ocrx_word' id='word_1_741' title='bbox 1680 4902 1778 4972; x_wconf 91' lang='lat' dir='ltr'>qui</span> <span class='ocrx_word' id='word_1_742' title='bbox 1837 4903 1989 4973; x_wconf 89' lang='lat' dir='ltr'>apud</span> 
     </span>
    </p>
   </div>
   <div class='ocr_carea' id='block_1_99' title="bbox 283 4988 1987 5059">
    <p class='ocr_par' dir='ltr' id='par_1_99' title="bbox 283 4988 1987 5059">
     <span class='ocr_line' id='line_1_99' title="bbox 283 4988 1987 5059; baseline 0.003 -19"><span class='ocrx_word' id='word_1_743' title='bbox 283 5003 347 5040; x_wconf 88' lang='lat' dir='ltr'>se</span> <span class='ocrx_word' id='word_1_744' title='bbox 375 5003 489 5039; x_wconf 93' lang='lat' dir='ltr'>non</span> <span class='ocrx_word' id='word_1_745' title='bbox 521 4991 604 5040; x_wconf 92' lang='lat' dir='ltr'>est</span> <span class='ocrx_word' id='word_1_746' title='bbox 633 4988 848 5041; x_wconf 91' lang='lat' dir='ltr'>elatus:</span> <span class='ocrx_word' id='word_1_747' title='bbox 884 4989 1134 5042; x_wconf 89' lang='lat' dir='ltr'>salvatur</span> <span class='ocrx_word' id='word_1_748' title='bbox 1181 5005 1214 5041; x_wconf 91' lang='lat' dir='ltr'>a</span> <span class='ocrx_word' id='word_1_749' title='bbox 1241 4988 1433 5059; x_wconf 89' lang='lat' dir='ltr'>gladio</span> <span class='ocrx_word' id='word_1_750' title='bbox 1468 4988 1603 5053; x_wconf 90' lang='lat' dir='ltr'>oris,</span> <span class='ocrx_word' id='word_1_751' title='bbox 1639 4990 1695 5044; x_wconf 93' lang='lat' dir='ltr'>id</span> <span class='ocrx_word' id='word_1_752' title='bbox 1729 4995 1831 5057; x_wconf 88' lang='lat' dir='ltr'>est,</span> <span class='ocrx_word' id='word_1_753' title='bbox 1875 4991 1987 5045; x_wconf 90' lang='lat' dir='ltr'>ini-</span> 
     </span>
    </p>
   </div>
   <div class='ocr_carea' id='block_1_100' title="bbox 283 5075 824 5146">
    <p class='ocr_par' dir='ltr' id='par_1_100' title="bbox 283 5075 824 5146">
     <span class='ocr_line' id='line_1_100' title="bbox 283 5075 824 5146; baseline 0.002 -18"><span class='ocrx_word' id='word_1_754' title='bbox 283 5092 402 5146; x_wconf 88' lang='lat' dir='ltr'>qua</span> <span class='ocrx_word' id='word_1_755' title='bbox 431 5075 824 5144; x_wconf 88' lang='lat' dir='ltr'>persuasione.</span> 
     </span>
    </p>
   </div>
   <div class='ocr_carea' id='block_1_101' title="bbox 359 5164 1984 5238">
    <p class='ocr_par' dir='ltr' id='par_1_101' title="bbox 359 5164 1984 5238">
     <span class='ocr_line' id='line_1_101' title="bbox 359 5164 1984 5238; baseline 0.004 -24"><span class='ocrx_word' id='word_1_756' title='bbox 359 5164 527 5219; x_wconf 84' lang='lat' dir='ltr'>Vnes.</span> <span class='ocrx_word' id='word_1_757' title='bbox 574 5166 654 5217; x_wconf 77' lang='lat' dir='ltr'>l5.</span> <span class='ocrx_word' id='word_1_758' title='bbox 692 5196 757 5204; x_wconf 90' lang='lat'>—</span> <span class='ocrx_word' id='word_1_759' title='bbox 793 5186 814 5213; x_wconf 75' lang='grc' dir='ltr'>ι</span> <span class='ocrx_word' id='word_1_760' title='bbox 855 5166 1032 5219; x_wconf 88' lang='lat' dir='ltr'>Porro</span> <span class='ocrx_word' id='word_1_761' title='bbox 1075 5165 1291 5219; x_wconf 89' lang='lat' dir='ltr'>salvum</span> <span class='ocrx_word' id='word_1_762' title='bbox 1325 5165 1493 5219; x_wconf 87' lang='lat' dir='ltr'>faciet</span> <span class='ocrx_word' id='word_1_763' title='bbox 1521 5183 1766 5236; x_wconf 90' lang='lat' dir='ltr'>egenum</span> <span class='ocrx_word' id='word_1_764' title='bbox 1801 5184 1831 5220; x_wconf 91' lang='lat' dir='ltr'>a</span> <span class='ocrx_word' id='word_1_765' title='bbox 1863 5169 1984 5238; x_wconf 89' lang='lat' dir='ltr'>gla-</span> 
     </span>
    </p>
   </div>
   <div class='ocr_carea' id='block_1_102' title="bbox 281 5251 1985 5311">
    <p class='ocr_par' dir='ltr' id='par_1_102' title="bbox 281 5251 1985 5311">
     <span class='ocr_line' id='line_1_102' title="bbox 281 5251 1985 5311; baseline 0.004 -6"><span class='ocrx_word' id='word_1_766' title='bbox 281 5251 383 5306; x_wconf 94' lang='lat' dir='ltr'>dio</span> <span class='ocrx_word' id='word_1_767' title='bbox 418 5253 552 5306; x_wconf 91' lang='lat' dir='ltr'>oris.</span> <span class='ocrx_word' id='word_1_768' title='bbox 589 5273 615 5303; x_wconf 84' lang='lat'><strong>»</strong></span> <span class='ocrx_word' id='word_1_769' title='bbox 651 5253 878 5308; x_wconf 88' lang='lat' dir='ltr'>Gladius</span> <span class='ocrx_word' id='word_1_770' title='bbox 908 5253 1024 5307; x_wconf 91' lang='lat' dir='ltr'>oris</span> <span class='ocrx_word' id='word_1_771' title='bbox 1055 5258 1140 5307; x_wconf 88' lang='lat' dir='ltr'>est</span> <span class='ocrx_word' id='word_1_772' title='bbox 1168 5255 1449 5308; x_wconf 86' lang='lat' dir='ltr'>accusatio</span> <span class='ocrx_word' id='word_1_773' title='bbox 1494 5255 1842 5310; x_wconf 68' lang='lat' dir='ltr'>Judazorum.</span> <span class='ocrx_word' id='word_1_774' title='bbox 1873 5258 1985 5311; x_wconf 85' lang='lat' dir='ltr'>Ma-</span> 
     </span>
    </p>
   </div>
   <div class='ocr_carea' id='block_1_103' title="bbox 281 5340 1985 5412">
    <p class='ocr_par' dir='ltr' id='par_1_103' title="bbox 281 5340 1985 5412">
     <span class='ocr_line' id='line_1_103' title="bbox 281 5340 1985 5412; baseline 0.003 -18"><span class='ocrx_word' id='word_1_775' title='bbox 281 5356 396 5394; x_wconf 90' lang='lat' dir='ltr'>nus</span> <span class='ocrx_word' id='word_1_776' title='bbox 448 5340 702 5406; x_wconf 88' lang='lat' dir='ltr'>violenti,</span> <span class='ocrx_word' id='word_1_777' title='bbox 767 5341 1055 5411; x_wconf 86' lang='lat' dir='ltr'>gentilitas</span> <span class='ocrx_word' id='word_1_778' title='bbox 1128 5358 1256 5412; x_wconf 63' lang='lat' dir='ltr'>quae</span> <span class='ocrx_word' id='word_1_779' title='bbox 1332 5343 1654 5397; x_wconf 78' lang='lat' dir='ltr'>crucifixit:</span> <span class='ocrx_word' id='word_1_780' title='bbox 1722 5345 1820 5399; x_wconf 89' lang='lat' dir='ltr'>sed</span> <span class='ocrx_word' id='word_1_781' title='bbox 1881 5347 1985 5400; x_wconf 90' lang='lat' dir='ltr'>hos</span> 
     </span>
    </p>
   </div>
   <div class='ocr_carea' id='block_1_104' title="bbox 282 5427 1981 5502">
    <p class='ocr_par' dir='ltr' id='par_1_104' title="bbox 282 5427 1981 5502">
     <span class='ocr_line' id='line_1_104' title="bbox 282 5427 1981 5502; baseline 0.004 -20"><span class='ocrx_word' id='word_1_782' title='bbox 282 5427 545 5482; x_wconf 87' lang='lat' dir='ltr'>Christus</span> <span class='ocrx_word' id='word_1_783' title='bbox 573 5429 924 5498; x_wconf 88' lang='lat' dir='ltr'>resurgendo</span> <span class='ocrx_word' id='word_1_784' title='bbox 956 5431 1262 5499; x_wconf 90' lang='lat' dir='ltr'>superavit.</span> <span class='ocrx_word' id='word_1_785' title='bbox 1300 5432 1362 5485; x_wconf 92' lang='lat' dir='ltr'>In</span> <span class='ocrx_word' id='word_1_786' title='bbox 1393 5448 1526 5502; x_wconf 93' lang='lat' dir='ltr'>quo,</span> <span class='ocrx_word' id='word_1_787' title='bbox 1570 5449 1750 5502; x_wconf 89' lang='lat' dir='ltr'>egeno</span> <span class='ocrx_word' id='word_1_788' title='bbox 1781 5433 1837 5487; x_wconf 92' lang='lat' dir='ltr'>id</span> <span class='ocrx_word' id='word_1_789' title='bbox 1877 5439 1981 5502; x_wconf 91' lang='lat' dir='ltr'>est,</span> 
     </span>
    </p>
   </div>
   <div class='ocr_carea' id='block_1_105' title="bbox 281 5515 1978 5592">
    <p class='ocr_par' dir='ltr' id='par_1_105' title="bbox 281 5515 1978 5592">
     <span class='ocr_line' id='line_1_105' title="bbox 281 5515 1978 5592; baseline 0.004 -21"><span class='ocrx_word' id='word_1_790' title='bbox 281 5515 498 5571; x_wconf 88' lang='lat' dir='ltr'>humili</span> <span class='ocrx_word' id='word_1_791' title='bbox 523 5518 736 5589; x_wconf 91' lang='lat' dir='ltr'>populo</span> <span class='ocrx_word' id='word_1_792' title='bbox 768 5517 1024 5573; x_wconf 76' lang='lat' dir='ltr'>fidelium</span> <span class='ocrx_word' id='word_1_793' title='bbox 1053 5535 1182 5590; x_wconf 87' lang='lat' dir='ltr'>spes</span> <span class='ocrx_word' id='word_1_794' title='bbox 1212 5519 1342 5575; x_wconf 59' lang='lat' dir='ltr'>vitae</span> <span class='ocrx_word' id='word_1_795' title='bbox 1371 5520 1660 5592; x_wconf 86' lang='lat' dir='ltr'>sequentis</span> <span class='ocrx_word' id='word_1_796' title='bbox 1688 5521 1978 5578; x_wconf 88' lang='lat' dir='ltr'>solidatur.</span> 
     </span>
    </p>
   </div>
   <div class='ocr_carea' id='block_1_106' title="bbox 2103 4371 3797 4449">
    <p class='ocr_par' dir='ltr' id='par_1_106' title="bbox 2103 4371 3797 4449">
     <span class='ocr_line' id='line_1_106' title="bbox 2103 4371 3797 4449; baseline 0.009 -25"><span class='ocrx_word' id='word_1_797' title='bbox 2103 4371 2232 4424; x_wconf 89' lang='lat' dir='ltr'>talis</span> <span class='ocrx_word' id='word_1_798' title='bbox 2286 4371 2466 4424; x_wconf 87' lang='lat' dir='ltr'>factus</span> <span class='ocrx_word' id='word_1_799' title='bbox 2554 4371 2862 4442; x_wconf 89' lang='lat' dir='ltr'>aliquando</span> <span class='ocrx_word' id='word_1_800' title='bbox 2928 4376 3308 4432; x_wconf 88' lang='lat' dir='ltr'>detractiones</span> <span class='ocrx_word' id='word_1_801' title='bbox 3357 4383 3584 4449; x_wconf 90' lang='lat' dir='ltr'>metuit,</span> <span class='ocrx_word' id='word_1_802' title='bbox 3644 4387 3797 4439; x_wconf 93' lang='lat' dir='ltr'>unde</span> 
     </span>
    </p>
   </div>
   <div class='ocr_carea' id='block_1_107' title="bbox 2103 4459 2306 4515">
    <p class='ocr_par' dir='ltr' id='par_1_107' title="bbox 2103 4459 2306 4515">
     <span class='ocr_line' id='line_1_107' title="bbox 2103 4459 2306 4515; baseline 0.01 -2"><span class='ocrx_word' id='word_1_803' title='bbox 2103 4459 2259 4513; x_wconf 84' lang='lat' dir='ltr'>addit</span> <span class='ocrx_word' id='word_1_804' title='bbox 2292 4473 2306 4515; x_wconf 87' lang='lat'><strong>:</strong></span> 
     </span>
    </p>
   </div>
   <div class='ocr_carea' id='block_1_108' title="bbox 2175 4549 3799 4627">
    <p class='ocr_par' dir='ltr' id='par_1_108' title="bbox 2175 4549 3799 4627">
     <span class='ocr_line' id='line_1_108' title="bbox 2175 4549 3799 4627; baseline 0.012 -28"><span class='ocrx_word' id='word_1_805' title='bbox 2175 4549 2334 4602; x_wconf 88' lang='lat' dir='ltr'>Vens.</span> <span class='ocrx_word' id='word_1_806' title='bbox 2359 4552 2445 4603; x_wconf 79' lang='lat' dir='ltr'>2l.</span> <span class='ocrx_word' id='word_1_807' title='bbox 2497 4580 2564 4588; x_wconf 93' lang='lat'><strong><em>—</em></strong></span> <span class='ocrx_word' id='word_1_808' title='bbox 2599 4571 2621 4599; x_wconf 76' lang='grc' dir='ltr'>ι</span> <span class='ocrx_word' id='word_1_809' title='bbox 2657 4551 2702 4602; x_wconf 86' lang='grc' dir='ltr'><strong>Α</strong></span> <span class='ocrx_word' id='word_1_810' title='bbox 2752 4550 2977 4622; x_wconf 86' lang='lat' dir='ltr'>ﬂagello</span> <span class='ocrx_word' id='word_1_811' title='bbox 3008 4554 3238 4625; x_wconf 72' lang='lat' dir='ltr'>linguze.</span> <span class='ocrx_word' id='word_1_812' title='bbox 3300 4579 3328 4607; x_wconf 84' lang='lat'>»</span> <span class='ocrx_word' id='word_1_813' title='bbox 3365 4560 3428 4614; x_wconf 88' lang='lat' dir='ltr'>Id</span> <span class='ocrx_word' id='word_1_814' title='bbox 3460 4566 3563 4627; x_wconf 92' lang='lat' dir='ltr'>est,</span> <span class='ocrx_word' id='word_1_815' title='bbox 3598 4563 3668 4617; x_wconf 91' lang='lat' dir='ltr'>ab</span> <span class='ocrx_word' id='word_1_816' title='bbox 3701 4582 3799 4619; x_wconf 78' lang='lat' dir='ltr'>ex-</span> 
     </span>
    </p>
   </div>
   <div class='ocr_carea' id='block_1_109' title="bbox 2102 4637 3800 4717">
    <p class='ocr_par' dir='ltr' id='par_1_109' title="bbox 2102 4637 3800 4717">
     <span class='ocr_line' id='line_1_109' title="bbox 2102 4637 3800 4717; baseline 0.011 -28"><span class='ocrx_word' id='word_1_817' title='bbox 2102 4637 2468 4708; x_wconf 86' lang='lat' dir='ltr'>probratione</span> <span class='ocrx_word' id='word_1_818' title='bbox 2552 4642 2935 4710; x_wconf 65' lang='lat' dir='ltr'>contumeliae,</span> <span class='ocrx_word' id='word_1_819' title='bbox 3006 4650 3243 4713; x_wconf 89' lang='lat' dir='ltr'>propter</span> <span class='ocrx_word' id='word_1_820' title='bbox 3291 4664 3463 4717; x_wconf 89' lang='lat' dir='ltr'>quam</span> <span class='ocrx_word' id='word_1_821' title='bbox 3517 4650 3716 4705; x_wconf 89' lang='lat' dir='ltr'>irrisus</span> <span class='ocrx_word' id='word_1_822' title='bbox 3769 4670 3800 4707; x_wconf 85' lang='lat' dir='ltr'>a</span> 
     </span>
    </p>
   </div>
   <div class='ocr_carea' id='block_1_110' title="bbox 2100 4725 3798 4808">
    <p class='ocr_par' dir='ltr' id='par_1_110' title="bbox 2100 4725 3798 4808">
     <span class='ocr_line' id='line_1_110' title="bbox 2100 4725 3798 4808; baseline 0.011 -30"><span class='ocrx_word' id='word_1_823' title='bbox 2100 4725 2248 4778; x_wconf 90' lang='lat' dir='ltr'>bono</span> <span class='ocrx_word' id='word_1_824' title='bbox 2282 4731 2487 4793; x_wconf 90' lang='lat' dir='ltr'>cessat;</span> <span class='ocrx_word' id='word_1_825' title='bbox 2523 4729 2672 4782; x_wconf 88' lang='lat' dir='ltr'>unde</span> <span class='ocrx_word' id='word_1_826' title='bbox 2708 4729 2881 4784; x_wconf 91' lang='lat' dir='ltr'>David</span> <span class='ocrx_word' id='word_1_827' title='bbox 2916 4748 2927 4783; x_wconf 90' lang='lat'><strong>:</strong></span> <span class='ocrx_word' id='word_1_828' title='bbox 2973 4751 2999 4782; x_wconf 85' lang='grc'>‹‹</span> <span class='ocrx_word' id='word_1_829' title='bbox 3038 4734 3099 4786; x_wconf 88' lang='lat' dir='ltr'>Et</span> <span class='ocrx_word' id='word_1_830' title='bbox 3130 4751 3160 4786; x_wconf 91' lang='lat' dir='ltr'>a</span> <span class='ocrx_word' id='word_1_831' title='bbox 3191 4737 3362 4790; x_wconf 86' lang='lat' dir='ltr'>verbo</span> <span class='ocrx_word' id='word_1_832' title='bbox 3396 4755 3616 4808; x_wconf 87' lang='lat' dir='ltr'>aspero.</span> <span class='ocrx_word' id='word_1_833' title='bbox 3656 4762 3677 4789; x_wconf 76' lang='grc' dir='ltr'><strong><em>ι</em></strong></span> <span class='ocrx_word' id='word_1_834' title='bbox 3713 4744 3798 4796; x_wconf 86' lang='lat' dir='ltr'>Ab</span> 
     </span>
    </p>
   </div>
   <div class='ocr_carea' id='block_1_111' title="bbox 2099 4813 3798 4889">
    <p class='ocr_par' dir='ltr' id='par_1_111' title="bbox 2099 4813 3798 4889">
     <span class='ocr_line' id='line_1_111' title="bbox 2099 4813 3798 4889; baseline 0.012 -24"><span class='ocrx_word' id='word_1_835' title='bbox 2099 4813 2202 4866; x_wconf 91' lang='lat' dir='ltr'>hac</span> <span class='ocrx_word' id='word_1_836' title='bbox 2231 4819 2454 4869; x_wconf 89' lang='lat' dir='ltr'>sanctus</span> <span class='ocrx_word' id='word_1_837' title='bbox 2487 4816 2871 4884; x_wconf 89' lang='lat' dir='ltr'>absconditur,</span> <span class='ocrx_word' id='word_1_838' title='bbox 2906 4820 3058 4889; x_wconf 92' lang='lat' dir='ltr'>quia,</span> <span class='ocrx_word' id='word_1_839' title='bbox 3095 4822 3231 4874; x_wconf 91' lang='lat' dir='ltr'>dum</span> <span class='ocrx_word' id='word_1_840' title='bbox 3281 4825 3370 4878; x_wconf 91' lang='lat' dir='ltr'>hic</span> <span class='ocrx_word' id='word_1_841' title='bbox 3425 4827 3649 4883; x_wconf 90' lang='lat' dir='ltr'>laudem</span> <span class='ocrx_word' id='word_1_842' title='bbox 3683 4847 3798 4885; x_wconf 92' lang='lat' dir='ltr'>non</span> 
     </span>
    </p>
   </div>
   <div class='ocr_carea' id='block_1_112' title="bbox 2100 4904 3799 4985">
    <p class='ocr_par' dir='ltr' id='par_1_112' title="bbox 2100 4904 3799 4985">
     <span class='ocr_line' id='line_1_112' title="bbox 2100 4904 3799 4985; baseline 0.012 -31"><span class='ocrx_word' id='word_1_843' title='bbox 2100 4904 2326 4973; x_wconf 66' lang='lat' dir='ltr'>quazrit,</span> <span class='ocrx_word' id='word_1_844' title='bbox 2360 4921 2463 4958; x_wconf 92' lang='lat' dir='ltr'>nec</span> <span class='ocrx_word' id='word_1_845' title='bbox 2510 4907 2886 4961; x_wconf 90' lang='lat' dir='ltr'>contumelias</span> <span class='ocrx_word' id='word_1_846' title='bbox 2917 4910 3119 4976; x_wconf 88' lang='lat' dir='ltr'>sentit;</span> <span class='ocrx_word' id='word_1_847' title='bbox 3155 4912 3252 4966; x_wconf 91' lang='lat' dir='ltr'>sed</span> <span class='ocrx_word' id='word_1_848' title='bbox 3302 4914 3439 4983; x_wconf 88' lang='lat' dir='ltr'>quia</span> <span class='ocrx_word' id='word_1_849' title='bbox 3493 4923 3620 4985; x_wconf 91' lang='lat' dir='ltr'>post</span> <span class='ocrx_word' id='word_1_850' title='bbox 3677 4921 3799 4975; x_wconf 68' lang='lat' dir='ltr'>haec</span> 
     </span>
    </p>
   </div>
   <div class='ocr_carea' id='block_1_113' title="bbox 2099 4992 3798 5073">
    <p class='ocr_par' dir='ltr' id='par_1_113' title="bbox 2099 4992 3798 5073">
     <span class='ocr_line' id='line_1_113' title="bbox 2099 4992 3798 5073; baseline 0.01 -28"><span class='ocrx_word' id='word_1_851' title='bbox 2099 4992 2304 5063; x_wconf 90' lang='lat' dir='ltr'>aliquis</span> <span class='ocrx_word' id='word_1_852' title='bbox 2353 4993 2636 5047; x_wconf 90' lang='lat' dir='ltr'>cruciatus</span> <span class='ocrx_word' id='word_1_853' title='bbox 2689 5012 2996 5065; x_wconf 89' lang='lat' dir='ltr'>corporum</span> <span class='ocrx_word' id='word_1_854' title='bbox 3050 4999 3232 5065; x_wconf 90' lang='lat' dir='ltr'>timet,</span> <span class='ocrx_word' id='word_1_855' title='bbox 3287 5004 3594 5073; x_wconf 90' lang='lat' dir='ltr'>sequitur:</span> <span class='ocrx_word' id='word_1_856' title='bbox 3654 5029 3682 5056; x_wconf 86' lang='lat'><strong>«</strong></span> <span class='ocrx_word' id='word_1_857' title='bbox 3734 5011 3798 5065; x_wconf 85' lang='lat' dir='ltr'>Et</span> 
     </span>
    </p>
   </div>
   <div class='ocr_carea' id='block_1_114' title="bbox 2096 5082 3794 5161">
    <p class='ocr_par' dir='ltr' id='par_1_114' title="bbox 2096 5082 3794 5161">
     <span class='ocr_line' id='line_1_114' title="bbox 2096 5082 3794 5161; baseline 0.009 -26"><span class='ocrx_word' id='word_1_858' title='bbox 2096 5098 2214 5135; x_wconf 91' lang='lat' dir='ltr'>non</span> <span class='ocrx_word' id='word_1_859' title='bbox 2274 5082 2501 5137; x_wconf 90' lang='lat' dir='ltr'>timebis</span> <span class='ocrx_word' id='word_1_860' title='bbox 2547 5084 2948 5138; x_wconf 90' lang='lat' dir='ltr'>calamitatem.</span> <span class='ocrx_word' id='word_1_861' title='bbox 3005 5106 3031 5137; x_wconf 83' lang='lat'><strong>»</strong></span> <span class='ocrx_word' id='word_1_862' title='bbox 3089 5089 3147 5141; x_wconf 91' lang='lat' dir='ltr'>Id</span> <span class='ocrx_word' id='word_1_863' title='bbox 3204 5095 3286 5144; x_wconf 91' lang='lat' dir='ltr'>est</span> <span class='ocrx_word' id='word_1_864' title='bbox 3352 5095 3732 5161; x_wconf 90' lang='lat' dir='ltr'>perscutiouis</span> <span class='ocrx_word' id='word_1_865' title='bbox 3782 5116 3794 5152; x_wconf 93' lang='lat'>:</span> 
     </span>
    </p>
   </div>
   <div class='ocr_carea' id='block_1_115' title="bbox 2095 5172 3795 5245">
    <p class='ocr_par' dir='ltr' id='par_1_115' title="bbox 2095 5172 3795 5245">
     <span class='ocr_line' id='line_1_115' title="bbox 2095 5172 3795 5245; baseline 0.009 -20"><span class='ocrx_word' id='word_1_866' title='bbox 2095 5172 2215 5235; x_wconf 90' lang='lat' dir='ltr'>sed,</span> <span class='ocrx_word' id='word_1_867' title='bbox 2251 5173 2384 5242; x_wconf 88' lang='lat' dir='ltr'>quia</span> <span class='ocrx_word' id='word_1_868' title='bbox 2421 5172 2548 5225; x_wconf 89' lang='lat' dir='ltr'>talis</span> <span class='ocrx_word' id='word_1_869' title='bbox 2605 5173 2662 5225; x_wconf 91' lang='lat' dir='ltr'>in</span> <span class='ocrx_word' id='word_1_870' title='bbox 2720 5179 2933 5228; x_wconf 91' lang='lat' dir='ltr'>terrore</span> <span class='ocrx_word' id='word_1_871' title='bbox 2976 5176 3181 5245; x_wconf 87' lang='lat' dir='ltr'>judicii</span> <span class='ocrx_word' id='word_1_872' title='bbox 3210 5180 3390 5234; x_wconf 91' lang='lat' dir='ltr'>futuri</span> <span class='ocrx_word' id='word_1_873' title='bbox 3430 5185 3795 5242; x_wconf 88' lang='lat' dir='ltr'>securitatem</span> 
     </span>
    </p>
   </div>
   <div class='ocr_carea' id='block_1_116' title="bbox 2095 5259 2669 5329">
    <p class='ocr_par' dir='ltr' id='par_1_116' title="bbox 2095 5259 2669 5329">
     <span class='ocr_line' id='line_1_116' title="bbox 2095 5259 2669 5329; baseline 0.003 -17"><span class='ocrx_word' id='word_1_874' title='bbox 2095 5259 2202 5312; x_wconf 89' lang='lat' dir='ltr'>sibi</span> <span class='ocrx_word' id='word_1_875' title='bbox 2227 5264 2410 5329; x_wconf 90' lang='lat' dir='ltr'>parat,</span> <span class='ocrx_word' id='word_1_876' title='bbox 2443 5259 2634 5314; x_wconf 89' lang='lat' dir='ltr'>subdit</span> <span class='ocrx_word' id='word_1_877' title='bbox 2657 5278 2669 5314; x_wconf 90' lang='lat'>:</span> 
     </span>
    </p>
   </div>
   <div class='ocr_carea' id='block_1_117' title="bbox 2168 5350 3795 5418">
    <p class='ocr_par' dir='ltr' id='par_1_117' title="bbox 2168 5350 3795 5418">
     <span class='ocr_line' id='line_1_117' title="bbox 2168 5350 3795 5418; baseline 0.011 -18"><span class='ocrx_word' id='word_1_878' title='bbox 2168 5350 2326 5403; x_wconf 87' lang='lat' dir='ltr'>Vens.</span> <span class='ocrx_word' id='word_1_879' title='bbox 2358 5352 2441 5403; x_wconf 83' lang='lat'>‘2&#39;2.</span> <span class='ocrx_word' id='word_1_880' title='bbox 2502 5379 2570 5388; x_wconf 92' lang='lat'>—</span> <span class='ocrx_word' id='word_1_881' title='bbox 2603 5369 2629 5400; x_wconf 74' lang='grc' dir='ltr'>ς(</span> <span class='ocrx_word' id='word_1_882' title='bbox 2666 5351 2728 5403; x_wconf 92' lang='lat' dir='ltr'>In</span> <span class='ocrx_word' id='word_1_883' title='bbox 2754 5351 3011 5406; x_wconf 89' lang='lat' dir='ltr'>vastitate</span> <span class='ocrx_word' id='word_1_884' title='bbox 3071 5359 3124 5408; x_wconf 91' lang='lat' dir='ltr'>et</span> <span class='ocrx_word' id='word_1_885' title='bbox 3150 5355 3317 5411; x_wconf 87' lang='lat' dir='ltr'>fame.</span> <span class='ocrx_word' id='word_1_886' title='bbox 3375 5381 3401 5406; x_wconf 89' lang='grc'><strong>››</strong></span> <span class='ocrx_word' id='word_1_887' title='bbox 3433 5361 3678 5416; x_wconf 89' lang='lat' dir='ltr'>Vastitas</span> <span class='ocrx_word' id='word_1_888' title='bbox 3709 5368 3795 5418; x_wconf 88' lang='lat' dir='ltr'>est</span> 
     </span>
    </p>
   </div>
   <div class='ocr_carea' id='block_1_118' title="bbox 2093 5437 3793 5512">
    <p class='ocr_par' dir='ltr' id='par_1_118' title="bbox 2093 5437 3793 5512">
     <span class='ocr_line' id='line_1_118' title="bbox 2093 5437 3793 5512; baseline 0.011 -25"><span class='ocrx_word' id='word_1_889' title='bbox 2093 5437 2359 5506; x_wconf 88' lang='lat' dir='ltr'>gehenna</span> <span class='ocrx_word' id='word_1_890' title='bbox 2413 5452 2541 5507; x_wconf 71' lang='lat' dir='ltr'>qua:</span> <span class='ocrx_word' id='word_1_891' title='bbox 2589 5438 2747 5505; x_wconf 89' lang='lat' dir='ltr'>foris,</span> <span class='ocrx_word' id='word_1_892' title='bbox 2799 5443 2930 5507; x_wconf 91' lang='lat' dir='ltr'>etc.,</span> <span class='ocrx_word' id='word_1_893' title='bbox 2988 5458 3157 5512; x_wconf 84' lang='lat' dir='ltr'>usque</span> <span class='ocrx_word' id='word_1_894' title='bbox 3218 5445 3292 5498; x_wconf 86' lang='lat' dir='ltr'>ad</span> <span class='ocrx_word' id='word_1_895' title='bbox 3333 5451 3395 5500; x_wconf 93' lang='lat' dir='ltr'>ut</span> <span class='ocrx_word' id='word_1_896' title='bbox 3440 5447 3499 5501; x_wconf 89' lang='lat' dir='ltr'>in</span> <span class='ocrx_word' id='word_1_897' title='bbox 3553 5450 3793 5506; x_wconf 89' lang='lat' dir='ltr'>articulo</span> 
     </span>
    </p>
   </div>
   <div class='ocr_carea' id='block_1_119' title="bbox 2093 5523 3794 5599">
    <p class='ocr_par' dir='ltr' id='par_1_119' title="bbox 2093 5523 3794 5599">
     <span class='ocr_line' id='line_1_119' title="bbox 2093 5523 3794 5599; baseline 0.011 -24"><span class='ocrx_word' id='word_1_898' title='bbox 2093 5523 2295 5576; x_wconf 90' lang='lat' dir='ltr'>mortis</span> <span class='ocrx_word' id='word_1_899' title='bbox 2338 5523 2458 5594; x_wconf 86' lang='lat' dir='ltr'>ejus</span> <span class='ocrx_word' id='word_1_900' title='bbox 2501 5523 2752 5595; x_wconf 88' lang='lat' dir='ltr'>impetus</span> <span class='ocrx_word' id='word_1_901' title='bbox 2788 5542 2906 5581; x_wconf 91' lang='lat' dir='ltr'>non</span> <span class='ocrx_word' id='word_1_902' title='bbox 2947 5528 3198 5599; x_wconf 91' lang='lat' dir='ltr'>horreat,</span> <span class='ocrx_word' id='word_1_903' title='bbox 3258 5535 3523 5590; x_wconf 88' lang='lat' dir='ltr'>subditur</span> <span class='ocrx_word' id='word_1_904' title='bbox 3565 5553 3577 5591; x_wconf 95' lang='lat'>:</span> <span class='ocrx_word' id='word_1_905' title='bbox 3640 5558 3668 5588; x_wconf 74' lang='grc' dir='ltr'>α</span> <span class='ocrx_word' id='word_1_906' title='bbox 3730 5541 3794 5593; x_wconf 88' lang='lat' dir='ltr'>Et</span> 
     </span>
    </p>
   </div>
  </div>
