4034 6180
330 239 423 289 771

942 222 1337 286 WALAFBIDI
1381 231 1622 286 STRABI
1667 230 1861 285 FULD.
1908 230 2068 285 MON.
2109 230 2258 286 OPP.
2301 231 2483 288 PARS
2521 233 2564 286 Ι.
2605 263 2672 270 -
2711 232 3162 289 TIIEOLOGICA.

3727 240 3831 291 772

328 361 538 418 bestias
566 365 751 416 terrm.
783 377 810 410 ››
861 358 998 423 Quae
1050 364 1307 428 tempore
1367 357 1566 410 mortis
1609 356 1678 409 ad
1719 356 2022 426 rapiendas
2051 359 2094 411 A
2132 356 2396 427 pulcrum
2427 361 2513 410 est
2545 355 2706 427 quies
2743 363 2978 424 aeterna,
3011 356 3069 411 in
3123 373 3238 426 qua
3265 362 3423 413 tanto
3453 359 3649 414 verius
3681 360 3840 431 quie-

331 451 550 504 animas
597 448 968 515 eﬁ‘renantur,
1010 446 1109 500 sed
1167 445 1461 499 saevientes
1510 460 1626 497 non
1686 444 1871 510 timet,
1929 444 2029 515 qui

328 537 687 593 blandientes
718 541 944 590 secutus
987 550 1102 588 non
1143 539 1226 587 est
1269 550 1281 586 :
1331 536 1386 586 et
1431 532 1660 586 initium
1691 533 2026 586 retributio-

332 626 420 681 nis
442 631 546 688 est,
577 625 636 678 in
669 624 829 678 obitu
868 622 1138 676 securitas
1170 621 1397 675 mentis.
1451 621 1593 675 Cum
1648 628 1841 675 autem
1880 622 2025 675 bene

331 714 554 778 vivitur,
587 711 902 766 cavendum
954 715 1042 764 est
1091 726 1163 764 ne
1221 710 1347 780 quis
1398 709 1678 780 despectis
1708 711 1929 764 caateris
1957 710 2027 764 de

324 801 715 872 singularitate
759 799 1056 870 glorietur,
1100 799 1199 853 sed
1233 797 1440 852 sociale
1473 799 1693 853 bonum
1724 800 2022 871 recogitet,

329 891 480 946 unde
505 889 664 943 addit
697 904 709 941 :

396 979 556 1031 Vens.
597 978 693 1032 23.
733 1007 801 1014 —
852 996 875 1024 ι
910 975 1019 1029 Sed
1074 990 1207 1029 cum
1249 974 1536 1046 lapidibus
1575 976 1878 1046 regionum
1919 993 2024 1048 pa-

326 1087 355 1120 «
387 1071 560 1121 ctum.
599 1088 620 1114 ι
647 1064 818 1129 Quasi
851 1064 1043 1118 divisae
1103 1067 1237 1117 sunt
1268 1063 1532 1134 regiones
1594 1064 1874 1134 gentium,
1937 1080 2027 1118 ec-

325 1157 510 1211 clesiae
536 1155 794 1210 moribus
825 1158 879 1207 et
935 1152 1162 1223 linguas
1191 1152 1468 1207 distantes
1493 1168 1510 1222 ;
1569 1153 1788 1222 lapides
1839 1152 2026 1219 electi,

327 1246 428 1316 qui
467 1245 526 1299 in
565 1243 807 1298 aediﬁcio
839 1245 1154 1312 ponuntur.
1195 1241 1304 1306 Qui
1341 1257 1478 1310 ergo
1517 1247 1670 1296 recte
1700 1241 1836 1296 vivit
1865 1247 2028 1312 pacto

327 1352 386 1390 se
425 1334 712 1406 lapidibus
735 1331 930 1402 jungit
965 1348 976 1384 :
1013 1330 1149 1402 quia
1180 1330 1240 1383 in
1293 1347 1360 1384 eo
1404 1330 1556 1400 quod
1595 1331 1878 1384 mundum
1936 1331 2029 1385 de-

330 1424 490 1492 serit,
529 1421 734 1476 sanctis
781 1437 886 1491 per
939 1418 1320 1473 imitationem
1366 1435 1424 1472 se
1465 1418 1689 1488 alligat;
1746 1418 1899 1471 unde
1925 1417 2029 1471 im-

327 1510 606 1584 pugnatio
659 1509 880 1576 crescit,
919 1525 1034 1578 qua
1081 1513 1274 1561 tamen
1330 1507 1557 1560 attritus
1605 1505 1881 1560 humilius
1912 1507 2028 1560 Deo

327 1600 608 1664 subditur,
650 1596 803 1650 unde
852 1595 1124 1667 subjicit:
1166 1616 1192 1646 (ι
1246 1597 1310 1649 Et
1355 1595 1552 1649 bestia:
1607 1600 1794 1648 terrae.
1834 1615 1861 1646 »
1898 1596 2022 1649 Non

325 1692 540 1760 pacatae
570 1687 664 1740 sed
722 1684 995 1755 paciﬁcee,
1027 1683 1162 1754 quia
1217 1700 1331 1737 non
1384 1699 1582 1754 pacem
1634 1683 1868 1749 habent,
1929 1683 2026 1738 sed

327 1793 525 1850 pacem
544 1774 786 1838 faciunt;
837 1772 974 1842 quia
1006 1787 1138 1825 cum
1183 1771 1370 1824 acrius
1394 1771 1570 1824 homo
1601 1787 1635 1824 a
1681 1770 1908 1824 diabolo
1939 1771 2028 1824 in-

326 1869 640 1937 pugnetur,
698 1860 946 1930 amplius
990 1860 1060 1914 ad
1105 1876 1360 1914 amorem
1407 1859 1746 1930 impellitur,
1795 1863 1852 1913 et
1898 1875 2028 1914 cum

327 1965 394 2004 eo
425 1949 708 2004 robustior
766 1966 871 2020 pax
932 1948 1197 2003 efﬁcitur.
1252 1950 1346 2002 Vel
1409 1949 1608 2002 bestia:
1650 1953 1784 2002 sunt
1840 1955 2027 2003 motus

326 2038 536 2104 carnis,
595 2055 726 2109 quae
781 2037 1135 2092 continentia
1203 2037 1368 2108 quasi
1395 2053 1564 2090 cavea
1614 2053 1850 2108 pressae,
1919 2038 2029 2092 etsi

327 2127 602 2182 tentando
632 2126 890 2198 rugiunt,
922 2143 1041 2180 non
1091 2130 1280 2180 tamen
1311 2127 1383 2180 ad
1432 2125 1696 2180 eﬁ‘ectum
1751 2126 1913 2197 quasi
1958 2127 2028 2181 ad

330 2215 548 2270 rabiem
593 2231 816 2270 morsus
863 2216 1161 2281 excedunt,
1217 2217 1419 2285 inquo
1452 2218 1585 2267 sunt
1612 2213 1884 2284 paciﬁcus.
1932 2213 2028 2267 Vel

330 2305 466 2376 quia
489 2305 847 2376 perturbant,
895 2303 1144 2374 amplius
1194 2303 1358 2368 illud,
1412 2303 1510 2356 ubi
1554 2303 1712 2356 nulla
1749 2301 2030 2356 contradi-

329 2394 514 2448 ctione
541 2393 768 2459 vivitur,
803 2393 1063 2464 diligitur
1105 2409 1119 2447 :
1169 2396 1226 2446 et
1263 2392 1342 2446 sic
1372 2391 1442 2446 ad
1496 2407 1754 2445 amorem
1809 2389 2033 2446 intime

329 2483 540 2555 quietis
564 2483 888 2555 impellunt.

399 2575 559 2628 Vens.
591 2575 682 2629 24.
709 2603 777 2611 -
813 2593 839 2622 α
875 2573 939 2625 Et
969 2570 1111 2624 scies
1140 2571 1296 2641 quod
1327 2585 1553 2640 pacem.
1593 2588 1620 2620 ι)
1657 2568 1882 2638 (6ης.)
1920 2570 2031 2622 Pax

328 2663 418 2716 vel
447 2662 733 2728 inchoata,
759 2677 886 2732 quae
919 2660 1013 2713 hic
1043 2664 1129 2713 est
1157 2662 1434 2728 concepta
1481 2673 1546 2711 ex
1576 2656 1858 2711 desiderio
1893 2656 2026 2724 Dei;

329 2753 414 2806 vel
446 2753 632 2822 plena,
664 2766 795 2821 qua:
821 2749 880 2803 in
909 2749 1100 2803 futuro
1159 2763 1226 2801 ex
1273 2747 1492 2800 visione
1524 2746 1644 2800 Dei.
1700 2748 1843 2800 Cum
1887 2761 2027 2816 ergo

325 2857 490 2895 mens
524 2843 638 2894 Deo
660 2840 747 2893 vel
775 2855 906 2893 caro
966 2837 1143 2891 menti
1191 2837 1543 2906 subjugatur,
1594 2835 2028 2890 tabernaculum

2134 444 2330 510 scitur,
2364 449 2577 514 quanto
2636 443 2941 514 perfectius
2974 444 3092 498 vita
3132 446 3519 517 corruptionis
3582 454 3838 503 necatur.
3944 452 3948 453 “

2134 532 2294 586 Hanc
2325 533 2381 586 in
2427 532 2777 587 abundantia
2834 533 3175 603 ingreditur,
3229 535 3330 605 qui
3386 541 3511 606 post
3571 543 3843 607 congesta

2137 621 2304 689 hujus
2337 620 2466 674 vitae
2494 637 2687 690 opera,
2737 621 2870 674 huic
2917 621 3302 676 mutabalitati
3346 625 3516 693 plene
3552 630 3837 692 mortuus,

2134 708 2197 760 in
2253 713 2469 762 secreto
2497 709 2614 762 veri
2657 708 2895 762 luminis
2945 710 3280 776 occultatur,
3327 712 3471 765 sicut
3531 712 3836 767 triticum:

2135 798 2269 869 quia
2293 797 2435 868 justi
2482 798 2544 852 in
2591 798 2779 852 alieno
2812 803 3068 870 tempore
3119 801 3518 870 percussiones
3557 803 3838 870 sentiunt,

2135 887 2236 941 sed
2265 886 2324 940 in
2355 903 2477 952 suo,
2513 891 2575 940 ut
2603 903 2801 958 grana,
2845 888 2908 941 in
2935 889 3207 944 horreum
3240 890 3476 954 intrant,

2205 977 2367 1029 Vaas.
2400 979 2487 1030 27.
2520 1006 2588 1017 —
2635 998 2657 1022 ι
2711 978 3202 1048 Investigavimus.
3238 998 3265 1031 ιο
3296 980 3361 1034 In
3389 980 3498 1033 hoc
3551 985 3714 1034 notat
3757 998 3838 1049 se,

2135 1080 2252 1118 non
2276 1064 2593 1121 secundum
2641 1064 3002 1135 superﬁciem
3048 1067 3253 1122 dixisse
3284 1085 3458 1140 supra
3483 1072 3835 1140 sepulcrum,

2133 1153 2360 1219 bestias,
2393 1152 2633 1223 lapides,
2666 1154 3124 1225 tabernaculum,
3146 1155 3218 1228 [et
3265 1157 3618 1228 hujusmodi,
3650 1159 3747 1213 sed
3779 1159 3838 1212 in

2133 1241 2224 1296 his
2252 1240 2494 1295 interior
2522 1242 2821 1313 quaesisse.
2867 1262 2896 1295 ι(
2947 1243 3107 1308 Quod
3154 1245 3415 1300 auditum
3473 1252 3670 1301 mente
3700 1265 3836 1318 per-

2134 1334 2333 1383 tracta.
2375 1352 2394 1377 ι
2449 1330 2631 1384 Verba
2659 1331 2978 1401 jactantiaz;
3035 1337 3092 1386 et
3151 1333 3200 1386 si
3251 1335 3396 1388 bene
3452 1335 3666 1403 docuit,
3725 1337 3839 1390 im-

2134 1417 2341 1489 peritia
2373 1423 2456 1472 est
2504 1419 2648 1472 velle
2677 1421 2880 1474 docere
2906 1421 3203 1476 meliorem
3238 1439 3252 1476 :
3292 1424 3440 1478 unde
3490 1424 3642 1479 dicta
3693 1427 3840 1480 ami-

2134 1523 2330 1561 corum
2362 1507 2467 1561 etsi
2490 1512 2660 1576 recta,
2691 1525 2808 1563 non
2843 1508 2996 1562 dicta
3026 1515 3374 1579 arguuntur.

2808 1599 3032 1653 CAPUT
3069 1599 3160 1654 VI.

2209 1686 2372 1739 Vsus.
2425 1687 2478 1739 2.
2534 1715 2602 1724 ——
2653 1708 2676 1734 ι
2737 1686 2964 1740 Utinam
3013 1687 3497 1757 appenderentur.
3565 1711 3586 1736 ι
3639 1691 3846 1743 Tactus

2140 1773 2379 1843 ﬂagellis
2406 1773 2594 1828 verbis
2620 1773 2936 1840 lacessitur,
2973 1790 3091 1828 non
3120 1779 3186 1829 ut
3227 1791 3344 1830 non
3393 1779 3618 1830 erectus
3651 1777 3710 1830 in
3740 1777 3847 1831 de-

2139 1862 2460 1916 fensionem
2517 1867 2822 1916 contumax
2871 1863 3139 1918 caderet:
3174 1865 3270 1918 sed
3298 1869 3362 1918 ut
3402 1882 3708 1936 percussus
3751 1871 3847 1919 ta-

2140 1968 2271 2005 cens
2310 1952 2523 2022 gratias
2563 1950 2697 2022 egit,
2744 1951 3036 2006 lacessitus
3081 1958 3235 2007 recta
3276 1954 3624 2025 respondit:
3661 1976 3683 2003 ι
3727 1956 3847 2009 uti-

2137 2055 2272 2093 nam
2303 2038 2767 2109 appenderentur
2791 2045 3042 2110 peccata.
3075 2059 3104 2091 ι)

2212 2149 2239 2177 «
2267 2128 2504 2182 Statera.
2552 2148 2579 2179 ››
2632 2127 2828 2196 (Ιὸίᾱ.)
2890 2130 2953 2182 In
3003 2145 3177 2183 manu
3205 2129 3387 2200 patris
3447 2131 3709 2186 Christus
3745 2133 3844 2186 ha-

2138 2217 2278 2270 bens
2306 2216 2524 2269 lancem
2566 2215 2970 2270 misericordia:
3000 2221 3057 2270 et
3093 2217 3357 2287 justitiae,
3408 2224 3708 2288 peccatum
3743 2237 3844 2291 per

2141 2304 2594 2360 misericordiam
2651 2305 2866 2371 laxans,
2914 2306 3036 2359 leve
3083 2321 3234 2373 esse;
3287 2307 3674 2362 calamitatem
3723 2325 3842 2363 mo-

2139 2393 2339 2448 riendo
2388 2393 2573 2464 gravis
2633 2409 2753 2445 esse
2810 2393 3078 2463 ponderis
3129 2394 3396 2448 ostendit.
3456 2395 3562 2448 Cui
3617 2401 3678 2450 et
3731 2397 3841 2451 hoc

2141 2482 2342 2553 gratim
2372 2481 2487 2548 dat,
2523 2485 2586 2535 ut
2612 2480 2737 2551 ipsa
2755 2481 3159 2552 cognoscibilis
3180 2483 3255 2537 sit
3283 2484 3600 2539 calamitas.
3643 2486 3839 2540 Caecus

2141 2572 2295 2626 enim
2326 2571 2501 2626 homo
2520 2571 2582 2625 in
2612 2570 2823 2638 exsilio,
2861 2571 3026 2642 quasi
3047 2572 3108 2625 in
3137 2573 3342 2642 patria,
3378 2573 3664 2644 gaudebat
3696 2591 3711 2628 :
3740 2575 3840 2630 sed

2144 2661 2286 2714 Deus
2316 2663 2474 2713 extra
2513 2676 2796 2730 apparens
2833 2660 3131 2715 hominem
3161 2660 3318 2715 intus
3349 2667 3594 2728 revocat,
3625 2669 3693 2717 ut
3719 2665 3838 2718 viso

2141 2748 2294 2820 quod
2325 2747 2536 2816 amisit,
2559 2763 2728 2818 grave
2759 2748 2950 2802 doleat
2987 2748 3142 2820 quod
3171 2748 3405 2815 tolerat;
3459 2750 3597 2804 dicit
3642 2767 3784 2822 ergo
3811 2770 3826 2806 :

2214 2856 2240 2888 «
2289 2836 2515 2891 Utinam
2577 2837 3063 2907 appenderentur.
3130 2857 3159 2886 ι
3207 2837 3269 2892 Id
3318 2842 3426 2905 est,
3465 2841 3686 2893 malum
3731 2856 3842 2894 no-

321 2930 482 3000 justi,
539 2929 596 2983 id
655 2933 760 2995 est,
811 2944 1018 2997 corpus
1060 2927 1211 2997 quod
1270 2942 1432 2980 mens
1480 2923 1786 2987 inhabitat,
1827 2939 2024 2994 pacem
2056 2920 2097 2976 C
2135 2930 2286 2992 strue,
2315 2929 2459 2992 etc.,
2517 2939 2686 2993 usque
2714 2924 2788 2978 ad
2832 2941 3079 2996 pensans
3100 2925 3319 2996 judicia
3348 2927 3451 2981 Dei
3491 2927 3704 3000 quibus
3757 2929 3838 2983 af-

329 3019 498 3072 babet
540 3017 788 3071 motibus
845 3014 1264 3071 desideriorum
1317 3014 1422 3068 sub
1445 3013 1671 3084 justitia
1701 3012 2021 3068 refrenatis.

326 3107 435 3163 Sed
463 3107 606 3161 nihil
630 3111 714 3160 est
742 3107 864 3160 haec
893 3105 1119 3159 castitas
1157 3103 1360 3170 carnis,
1411 3102 1458 3156 si
1489 3118 1606 3156 non
1629 3101 1779 3156 adsit
1815 3101 2024 3156 mentis

327 3195 573 3251 suavitas
594 3194 653 3248 in
685 3210 877 3248 amore
904 3192 1169 3264 proximi.

398 3306 420 3333 ι
455 3286 518 3338 Et
555 3282 790 3336 visitans
829 3281 1078 3352 speciem
1101 3285 1260 3334 tuam
1294 3295 1410 3333 non
1439 3279 1718 3350 peccabis.
1755 3298 1783 3329 ια
1835 3279 2022 3350 (Ibid)

323 3372 550 3443 Species
602 3376 798 3425 nostra
823 3375 908 3423 est
940 3369 1252 3440 proximus,
1286 3373 1414 3436 etc.,
1450 3383 1621 3436 usque
1661 3368 1734 3421 ad
1792 3367 1930 3438 quia
1959 3384 2023 3421 ex

320 3460 537 3516 semine
584 3459 723 3514 boni
748 3458 936 3528 operis
963 3457 1166 3512 uberes
1196 3456 1414 3511 fructus
1443 3455 1872 3526 praedicationis
1904 3457 2020 3510 col-

322 3551 486 3621 ligit;
522 3549 676 3604 unde
707 3546 971 3602 subditur
1005 3562 1018 3600 :

396 3639 558 3693 Vnus.
600 3640 690 3692 25,
726 3667 788 3677 —
821 3654 850 3688 ‹‹
892 3636 1043 3691 Scies
1103 3650 1333 3706 quoque
1391 3633 1668 3705 quoniam
1722 3632 2019 3704 multiplex

325 3748 352 3778 (ι
385 3725 495 3780 erit
523 3740 720 3779 semen
741 3729 925 3780 tuum.
955 3744 982 3773 »
1015 3723 1115 3778 Ille
1145 3723 1301 3777 enim
1326 3723 1471 3777 bene
1492 3721 1791 3792 loquendit
1817 3721 2020 3775 facun-

320 3815 474 3870 diam
515 3814 738 3885 accipit,
785 3813 885 3886 qui
915 3813 1059 3867 bene
1089 3811 1247 3880 vivit,
1279 3827 1382 3865 nec
1412 3810 1758 3865 conscientia
1789 3811 2020 3881 loquen-

323 3909 440 3958 tem
499 3903 800 3975 praepedit.
852 3901 994 3955 Hinc
1040 3905 1122 3954 est
1163 3900 1316 3971 quod
1355 3899 1603 3971 Egyptii
1657 3901 1805 3953 servi
1862 3899 2014 3967 facti,

321 3992 611 4047 frumenta
660 3992 729 4046 ad
786 4006 984 4046 semen
1021 3989 1367 4060 percipiunt,
1401 3988 1502 4060 qui
1545 3992 1677 4042 ante
1721 3987 1891 4042 liberi
1949 3988 2017 4042 ad

321 4098 484 4142 esum
513 4085 851 4150 acceperant
902 4095 914 4132 :
959 4078 1096 4150 quia
1141 4093 1273 4132 cum
1308 4077 1476 4148 plene
1537 4077 1650 4130 Deo
1697 4075 2016 4140 subdimur,

318 4170 491 4224 verbo
539 4167 958 4242 praedicationis
1032 4167 1338 4237 replemur.
1418 4167 1563 4220 Ante
1623 4164 1786 4219 liberi
1857 4180 2015 4218 sacro

2134 3014 2371 3085 ﬁigitur,
2405 3017 2463 3067 et
2491 3013 2598 3067 hoc
2623 3016 2709 3067 est
2746 3029 2759 3066 :

2204 3105 2363 3157 Vens.
2401 3105 2452 3157 3.
2532 3133 2597 3142 ——
2655 3122 2684 3153 «
2718 3101 2876 3156 Unde
2931 3106 2988 3156 et
3032 3102 3206 3156 verba
3262 3119 3391 3158 mea
3463 3104 3659 3159 dolore
3706 3111 3842 3161 sunt

2135 3208 2165 3241 ((
2216 3190 2401 3260 plena,
2459 3189 2592 3258 quia
2650 3188 2872 3259 sagittas
2926 3189 3175 3244 Domini.
3237 3210 3265 3239 ι
3297 3191 3359 3245 Id
3388 3195 3492 3253 est,
3541 3194 3836 3263 percussio

2132 3275 2639 3331 animadversionis
2674 3275 2796 3344 Dei,
2826 3292 2955 3347 quae
3005 3293 3124 3331 non
3182 3293 3295 3343 me,
3352 3283 3414 3332 ut
3454 3279 3689 3345 multos,
3738 3280 3836 3334 in-

2131 3365 2509 3422 emundatum
2535 3364 2790 3419 dimittit.

2202 3456 2363 3509 Vens.
2419 3455 2546 3509 4.-
2597 3474 2624 3504 «
2685 3453 2873 3508 Ebibit
2927 3453 3215 3525 spiritum.
3277 3471 3308 3506 υ
3362 3455 3580 3526 (διιεα.)
3631 3457 3697 3512 Id
3751 3462 3837 3512 est

2131 3543 2437 3598 elationem
2498 3542 2824 3613 compescit,
2879 3547 2940 3597 ut
2977 3543 3128 3596 dicat
3173 3559 3186 3597 :
3240 3563 3268 3594 α
3329 3544 3540 3598 Defecit
3597 3545 3834 3616 spiritus

2131 3649 2290 3687 meus
2321 3630 2488 3701 (Psal.
2522 3631 2706 3700 Lxxv).
2739 3649 2766 3678 »
2811 3629 2879 3682 Et
2915 3645 3030 3682 non
3060 3629 3244 3683 solum
3300 3645 3468 3700 gemo
3516 3632 3670 3702 quod
3729 3649 3832 3703 pa-

2127 3722 2260 3788 tior,
2293 3721 2391 3776 sed
2421 3721 2596 3774 timeo
2623 3718 2774 3790 quod
2799 3717 3058 3785 minaris,
3091 3724 3149 3773 et
3177 3719 3287 3773 hoc
3307 3725 3392 3773 est
3423 3736 3438 3774 :

2203 3832 2227 3860 ι
2281 3811 2547 3864 Terrores
2577 3806 2803 3861 Domini
2833 3806 3086 3860 militant
3128 3823 3142 3861 :
3181 3829 3201 3855 ι»
3231 3823 3303 3862 ne
3346 3813 3477 3878 post
3517 3809 3628 3862 hoc
3673 3825 3829 3864 mors

2130 3904 2345 3954 eterna
2393 3902 2690 3969 sequatur.
2755 3895 2862 3950 Sed
2915 3896 3051 3966 quia
3084 3901 3316 3950 staturae
3348 3897 3657 3951 adventum
3687 3899 3832 3953 desi-

2131 3989 2312 4051 derat,
2335 4003 2450 4058 quo
2474 3985 2678 4040 ardore
2705 3983 2973 4038 eumdem
2996 3984 3310 4055 gentilitas,
3336 3989 3392 4038 et
3419 3984 3620 4040 Iudaea
3651 3986 3826 4053 sitiat,

2127 4075 2423 4148 supponit,
2458 4090 2589 4128 cum
2626 4072 2705 4127 ait
2737 4091 2750 4128 :

2200 4167 2360 4220 Vens.
2496 4193 2565 4204 ——
2607 4183 2634 4213 α
2675 4162 2948 4233 Nunquid
2996 4161 3187 4233 rugiet
3231 4177 3463 4232 onager,
3518 4183 3547 4212 ι
3600 4164 3661 4218 id
3722 4170 3826 4231 est,

319 4258 550 4330 eloquio
571 4257 746 4330 pasti;
772 4260 830 4311 et
857 4261 1052 4310 tamen
1081 4255 1153 4308 ad
1191 4253 1458 4325 quaedam
1498 4269 1628 4324 quae
1685 4251 1745 4306 in
1795 4253 2012 4308 mundo
2042 4261 2087 4317 ι)
2124 4255 2362 4328 agrestis
2393 4253 2606 4320 asinus,
2663 4257 2792 4321 etc.,
2835 4267 3005 4322 usque
3048 4251 3123 4306 ad
3176 4251 3274 4306 sed
3314 4252 3621 4307 carnaliter
3667 4259 3826 4309 tene-

317 4349 569 4420 petimus
608 4349 896 4400 vacantes.
951 4345 1028 4398 Ex
1081 4342 1514 4414 praedicatione,
1569 4357 1779 4412 magna
1829 4343 2018 4412 proles

319 4438 578 4492 ﬁdelium
609 4435 888 4506 sequitur.
924 4434 990 4487 Et
1040 4432 1147 4486 hoc
1177 4435 1289 4485 est:
1346 4447 1375 4483 α
1425 4430 1494 4483 Et
1550 4429 1852 4500 progenies
1897 4435 2013 4486 tua.

321 4525 486 4598 quasi
539 4524 719 4578 herba
781 4529 970 4577 terrae.
1035 4541 1064 4571 »
1131 4521 1195 4575 Id
1254 4523 1338 4574 est
1384 4517 1841 4574 innumerabilis.
1919 4520 2018 4573 Vel

321 4615 514 4672 herbae
541 4616 924 4683 comparatur,
957 4611 1092 4681 quia
1123 4612 1374 4664 arentem
1406 4607 1608 4662 mundi
1633 4607 1875 4678 gloriam
1919 4609 2018 4663 de-

321 4721 536 4770 serens,
568 4718 666 4774 spe
705 4701 932 4756 interna
957 4699 1204 4754 virescit.
1232 4700 1389 4752 Justo
1419 4701 1612 4752 autem
1654 4713 1771 4751 non
1811 4697 2021 4752 sufﬁcit

319 4794 443 4849 haec
471 4807 680 4863 magna
709 4789 955 4845 exterius
985 4805 1174 4860 agere,
1206 4786 1317 4841 nisi
1346 4786 1518 4840 etiam
1542 4801 1644 4857 per
1672 4787 2019 4857 contempla-

319 4883 538 4937 tionem
564 4881 624 4934 in
651 4884 863 4934 aeterna
884 4881 1175 4950 penetret;
1205 4876 1356 4930 unde
1387 4874 1649 4930 subditur
1683 4892 1695 4928 :

391 4972 559 5025 Vnus.
602 4972 690 5023 26.
721 4998 790 5007 ——
835 4987 863 5018 «
917 4964 1265 5037 lngredieris
1323 4964 1385 5017 in
1423 4962 1776 5018 abundantia
1827 4963 2014 5034 sepul-

324 5077 562 5116 «crum.
622 5059 814 5130 (Ibid)
877 5057 1217 5128 Sepulcrum
1276 5057 1361 5110 est
1415 5053 1824 5125 contemplatio
1885 5057 2016 5123 etc.,

321 5166 490 5220 usque
509 5148 583 5203 ad
604 5149 757 5219 quod
786 5146 1018 5201 utilitati
1039 5145 1432 5217 proximorum
1453 5143 1780 5198 refundant.
1813 5165 1831 5190 α
1861 5142 2018 5197 Sicut

323 5237 570 5292 infertur
625 5251 858 5290 acervus
938 5234 1133 5288 tritici.
1210 5253 1238 5283 »
1297 5232 1442 5296 Quia
1499 5236 1726 5300 tempus
1777 5229 2016 5283 actionis

321 5326 713 5399 primumest,
744 5329 1065 5378 extremum
1113 5320 1635 5392 contemplationis.
1690 5321 1760 5374 Et
1789 5334 2015 5373 necesse

324 5421 410 5470 est
455 5419 519 5469 ut
564 5413 848 5485 perfectus
899 5416 1153 5467 mentem
1185 5411 1347 5482 prius
1376 5409 1682 5465 virtutibus
1732 5413 2012 5475 exerceat,

325 5509 381 5560 et
409 5520 536 5560 eam
569 5506 769 5575 postea
825 5501 887 5556 in
914 5500 1190 5555 horreum
1249 5497 1454 5569 quietis
1503 5497 1726 5553 condat.
1771 5496 1867 5550 Vel
1917 5513 2015 5550 se-

2124 4346 2314 4412 batur,
2344 4342 2538 4398 subdit
2568 4359 2581 4397 :

2198 4436 2360 4488 Vens.
2388 4435 2439 4486 6.
2469 4461 2542 4472 —
2569 4451 2597 4480 α
2631 4433 2744 4485 Aut
2774 4429 2989 4500 poterit
3023 4429 3247 4484 comedi
3294 4429 3599 4485 insulsum.
3651 4453 3674 4480 ι
3735 4431 3826 4488 Sal

2127 4525 2213 4576 est
2239 4521 2418 4574 virtus
2446 4520 2679 4574 occultae
2731 4517 3149 4588 intelligentiae,
3183 4521 3312 4585 etc.,
3342 4533 3512 4582 usque
3559 4519 3634 4573 ad
3689 4537 3828 4576 con-

2127 4609 2400 4663 vertendo
2434 4608 2649 4662 esuries
2668 4607 2901 4678 recepit.

2196 4699 2395 4768 (Ibid.)
2428 4699 2526 4751 Ille
2547 4697 2829 4751 desiderat
2885 4700 3175 4763 stateram,
3209 4711 3316 4749 nos
3368 4694 3491 4766 jam
3519 4712 3624 4766 per
3652 4697 3827 4753 ﬁdem

2126 4787 2248 4858 ejus
2277 4785 2545 4851 vivimus;
2579 4785 2680 4840 sed
2712 4789 2907 4839 tamen
2936 4800 3038 4856 pro
3066 4783 3407 4854 purgatione
3436 4784 3674 4854 sagittas
3705 4788 3828 4858 ejus

2124 4875 2396 4946 patimur,
2434 4879 2489 4929 et
2511 4878 2698 4928 terror
2725 4873 2902 4928 futuri
2922 4873 3213 4928 timemus.

2195 4964 2298 5019 Sed
2331 4964 2465 5034 quia
2491 4963 2596 5017 ﬁlii
2626 4979 2845 5030 sumus,
2871 4979 2988 5016 non
3011 4961 3286 5016 debemus
3313 4961 3514 5015 timere
3539 4966 3606 5016 ut
3640 4963 3828 5018 Domi-

2123 5066 2285 5117 num,
2317 5051 2415 5104 sed
2443 5050 2685 5120 diligere
2729 5053 2791 5103 ut
2837 5051 3084 5115 Patrem,
3136 5053 3194 5101 et
3235 5047 3310 5101 ad
3357 5064 3492 5102 eum
3521 5049 3820 5114 anhelare,

2125 5139 2223 5194 ubi
2255 5139 2400 5205 cibo,
2435 5139 2493 5194 id
2537 5143 2642 5205 est,
2679 5138 2997 5192 aeternitate
3026 5136 3150 5207 ejus
3178 5152 3507 5208 pascamur,
3539 5154 3649 5208 pro
3710 5155 3822 5210 quo

2125 5228 2294 5283 modo
2323 5228 2602 5298 rugimus,
2624 5226 2775 5282 unde
2804 5243 2818 5281 :

2197 5336 2225 5368 «
2267 5317 2532 5388 Nunquid
2592 5315 2783 5387 rugiet
2811 5330 3044 5386 onager.
3111 5335 3134 5362 ι
3198 5312 3378 5384 (Ιὸίἀ.)
3436 5313 3686 5385 Onager,
3741 5319 3821 5368 est

2124 5406 2369 5477 populus
2413 5405 2532 5477 qui,
2601 5409 2732 5473 etc.,
2773 5419 2943 5474 usque
2983 5403 3059 5458 ad
3117 5402 3292 5458 etiam
3344 5403 3416 5458 ab
3488 5403 3813 5474 hujusmodi

2121 5494 2308 5550 verbis
2337 5511 2395 5550 se
2430 5498 2716 5566 separant,
2747 5499 2804 5549 et
2841 5494 2950 5550 hoc
2979 5496 3065 5548 est
3094 5509 3108 5547 :
