4034 6180
203 222 311 272 T73

1381 221 1635 277 GLOSSA
1675 220 2083 277 0RDINAR1A.
2125 250 2193 259 --
2234 222 2365 276 LIB.
2405 220 2546 277 JOB.

3617 234 3721 286 7⁸74

276 362 299 388 ι
344 343 455 392 Ant
486 339 693 410 poterit
747 339 971 393 comedi
1003 340 1303 394 insulsum.
1344 362 1363 389 ι
1415 341 1525 395 Sed
1550 342 1670 412 jam
1702 359 1761 396 1n
1792 342 1905 396 alto
1936 345 1975 398 A
2018 341 2405 411 cognitionem
2461 358 2647 412 poenae
2690 342 2903 397 fervere
2952 345 3251 415 coeperint,
3283 363 3316 400 a
3346 347 3719 405 delectatione

195 429 399 497 positi,
450 446 480 482 ει
539 428 723 482 stultis
788 429 1011 495 semoti,
1062 446 1211 501 saepe
1258 430 1394 485 dum
1428 433 1545 484 sola
1580 431 1813 502 propria
1837 431 1908 485 ad

196 516 505 571 ferendum
534 517 675 571 dura
738 523 1071 588 procurant,
1119 535 1224 589 pro
1264 536 1460 573 amore
1514 518 1768 574 veritatis
1789 534 1907 572 non

195 613 342 659 sunt
364 606 619 660 accincti.

272 714 302 739 αι
342 694 454 746 Aut
484 696 671 764 potest
700 692 908 764 aliquis
962 696 1211 763 gustare.
1253 715 1274 741 ι
1313 693 1529 763 (Gneo)
1564 694 1780 748 Durum
1825 695 1908 745 est

193 784 401 852 petere
458 781 610 853 quod
670 783 901 851 cruciat,
959 782 1114 853 quod
1172 782 1347 836 vitam
1398 782 1577 854 fugat,
1629 783 1723 836 sed
1756 798 1905 853 saepe

193 885 336 923 cum
367 870 431 923 tit
456 870 516 923 in
570 870 704 937 alto,
742 871 811 924 ad
843 870 1078 925 ferenda
1118 871 1424 925 stultorum
1475 871 1626 925 mala
1652 887 1709 923 se
1740 870 1903 923 incli-

193 964 322 1025 nat,
348 964 412 1012 ut
444 976 541 1013 eos
585 960 799 1014 trahat.
834 964 1013 1014 Auclo
1061 959 1216 1013 enim
1249 959 1532 1014 desiderio
1590 958 1904 1012 caelestium

194 1048 593 1117 angustiatur,
626 1055 682 1103 et
710 1066 829 1120 prae
860 1048 1161 1103 dulcedine
1220 1048 1450 1102 illorum
1490 1063 1685 1101 amara
1712 1045 1906 1101 saeculi

196 1153 323 1190 non
336 1137 558 1192 metuit.
581 1138 757 1205 lTnde,
772 1142 827 1191 et
848 1143 974 1209 post
994 1136 1410 1209 impossibilem
1433 1136 1635 1191 mortis
1647 1141 1877 1207 gustum
1888 1177 1902 1201 ,

194 1225 431 1280 subdit:

276 1316 443 1370 Vens.
482 1321 543 1371 7.
583 1348 650 1355 —
686 1338 707 1365 ι
743 1316 879 1380 Quae
902 1316 1061 1387 prius
1095 1316 1327 1370 nolebat
1359 1318 1617 1386 tangere,
1650 1335 1677 1365 »
1710 1314 1767 1368 id
1799 1319 1903 1380 est,

198 1404 362 1458 mala
391 1406 581 1459 saeculi
601 1406 722 1476 jam
773 1410 904 1459 sunt
934 1406 1128 1459 dulces
1158 1405 1269 1459 cibi
1299 1421 1418 1475 pra:
1450 1421 1642 1458 amore
1675 1404 1817 1457 coeli.
1845 1406 1908 1458 Et

195 1509 337 1547 cum
386 1494 508 1547 haec
555 1494 742 1547 dulcia
791 1494 920 1562 sint,
957 1513 985 1545 α
1021 1494 1157 1557 Quis
1215 1494 1312 1547 det
1345 1498 1407 1548 ut
1472 1492 1660 1547 veniat
1702 1493 1904 1563 petitio

200 1583 512 1636 «mea?»
961 1590 964 1594 “

276 1673 440 1725 Vens.
478 1676 535 1725 9.
572 1702 641 1711 —
672 1691 699 1721 ει
731 1671 838 1735 Qui
862 1671 1050 1741 coepit,
1069 1671 1188 1741 ipse
1219 1687 1310 1725 me
1332 1674 1604 1725 conterat.
1642 1691 1668 1721 ρ)
1692 1671 1902 1741 (Gneo)

195 1762 258 1813 in
291 1760 406 1813 Job
456 1760 555 1814 lib.
589 1758 721 1829 vn.)
780 1760 1035 1814 Conterit
1093 1758 1468 1825 adversarius,
1524 1764 1580 1813 et
1640 1759 1905 1813 defecita

195 1854 252 1902 te
279 1848 481 1901 homo.
522 1848 778 1902 Conterit
819 1850 989 1915 Deus,
1023 1852 1079 1902 et
1109 1847 1321 1901 fractus
1354 1865 1384 1901 a
1415 1848 1566 1901 vitiis
1596 1847 1657 1901 in
1692 1847 1902 1901 virtute

198 1938 501 1991 solidatur.
544 1936 653 2000 Qui
685 1953 820 2007 ergo
851 1952 953 2007 per
980 1936 1209 2007 ﬂagella
1243 1937 1357 1990 Deo
1390 1936 1763 2008 appropriare
1804 1937 1902 1990 de-

198 2026 433 2093 siderat,
501 2026 667 2081 dicit:
709 2048 727 2073 ι
795 2025 903 2090 Qui
960 2026 1151 2095 coepit,
1211 2025 1333 2095 ipse
1372 2030 1645 2091 conterat,
1681 2045 1708 2076 ι)
1769 2026 1906 2095 quia

197 2114 516 2185 aliquando
547 2113 748 2184 incipit
774 2115 921 2167 Deus
968 2113 1373 2167 contritionem
1428 2114 1725 2181 vitiorum,
1758 2119 1815 2166 et
1842 2112 1904 2166 in

196 2203 328 2274 ipso
381 2208 682 2272 provectus
729 2202 893 2256 initio
951 2203 1126 2256 homo
1175 2202 1489 2269 extollitur,
1534 2207 1591 2257 et
1622 2203 1701 2256 sic
1724 2203 1904 2256 hostis

198 2292 491 2352 exclusus,
520 2290 1082 2361 graviorlassumptis
1137 2289 1261 2344 aliis
1317 2290 1612 2361 spiritibus
1642 2290 1900 2362 surripit,

198 2388 261 2435 et.
294 2379 533 2434 virtutes
562 2379 823 2433 conterit.

276 2488 304 2519 ει
338 2469 532 2523 Solvat
561 2484 815 2535 manum,
852 2489 874 2515 ι
906 2467 965 2522 id
995 2471 1099 2531 est,
1152 2472 1412 2522 exerceat
1439 2467 1733 2537 aﬂ‘ectum;
1765 2467 1903 2522 dum

202 2556 364 2609 enim
398 2556 628 2611 inﬂatus
673 2558 849 2627 longa
881 2556 1265 2628 prosperitate
1320 2573 1573 2610 amorem
1604 2572 1771 2609 suum
1801 2573 1905 2626 per

203 2644 435 2716 ﬂagella
470 2662 586 2700 non
642 2650 885 2712 exercet,
919 2646 1082 2716 quasi
1120 2662 1353 2700 manum
1384 2646 1455 2699 ad
1482 2645 1741 2699 ferienda
1768 2645 1903 2699 vitia

204 2734 443 2803 ligatam
472 2739 650 2801 tenet,
684 2735 832 2788 unde
883 2733 1140 2804 peccanti
1172 2735 1387 2805 populo
1430 2734 1595 2788 dicit:
1624 2734 1750 2788 Jam
1783 2749 1904 2787 non

209 2820 420 2876 irascar
445 2824 572 2891 tibi,
602 2829 659 2878 et
695 2825 850 2877 zelus
877 2840 1037 2876 meus
1067 2822 1300 2877 recessit
1329 2828 1455 2877 ate.

2017 430 2224 495 carnis,
2249 447 2422 501 quam
2456 431 2737 485 desiderio
2778 433 3065 501 tenebant,
3108 436 3544 505 separabuntur.
3594 440 3722 493 Mali

2017 522 2230 572 eeterna
2261 536 2377 573 non
2435 520 2783 591 intelligunt,
2837 522 2948 575 nisi
2989 540 3117 576 cum
3161 527 3282 595 jam
3314 542 3418 596 pro
3476 528 3721 581 terrenis

2016 607 2338 678 puniuntur
2372 623 2385 661 :
2434 613 2571 662 tunc
2606 625 2768 662 mens
2809 616 3030 676 resinat,
3087 616 3143 665 et
3176 613 3306 683 igne
3342 631 3481 669 serae
3529 616 3717 685 paeni-

2016 697 2207 749 tentiae
2239 714 2296 751 se
2327 697 2647 752 inﬂammat
2670 715 2683 764 ;
2710 704 2845 752 tunc
2867 701 2987 769 ejus
3011 700 3223 754 duritia
3252 718 3354 772 per
3374 704 3718 774 supplicium

2017 785 2288 855 liquatur,
2312 787 2460 841 unde
2477 788 2757 858 propheta
2784 805 2796 841 :
2829 806 2857 839 (ί
2898 790 3317 844 Tantummodo
3346 792 3566 846 vexatio
3600 794 3721 847 sola

2015 872 2367 928 intellectum
2424 875 2582 930 dabit
2628 876 2851 930 auditui
2890 899 2910 925 ι
2974 878 3123 946 (Isai.
3173 880 3387 950 xxvm),
3418 881 3525 935 hoc
3582 886 3719 936 tunc

2014 961 2258 1030 passuri,
2284 962 2516 1017 interim
2546 962 2633 1016 his
2658 963 3049 1034 implicantur.

2086 1052 2247 1106 Vens.
2285 1054 2368 1107 {8.
2401 1083 2459 1093 —
2481 1071 2509 1103 ι(
2543 1053 2818 1107 Involutae
2866 1058 3015 1107 sunt.
3051 1074 3077 1105 υ
3111 1054 3290 1109 Omne
3329 1056 3484 1126 quod
3536 1056 3720 1112 invol-

2015 1139 2171 1193 vitur
2202 1140 2262 1194 in
2309 1157 2365 1194 se
2399 1142 2708 1212 replicatur
2739 1158 2750 1195 :
2803 1142 2882 1197 sic
2912 1143 3071 1211 mali,
3103 1144 3357 1197 volentes
3408 1145 3718 1216 aliquando

2015 1228 2166 1283 bona
2190 1230 2351 1300 quasi
2397 1236 2553 1284 extra
2590 1247 2649 1285 se
2688 1230 2854 1297 tensi,
2902 1231 2971 1285 ad
3002 1238 3277 1286 consueta
3326 1234 3477 1287 mala
3518 1235 3723 1289 tentati

2016 1317 2383 1388 replicantur.
2430 1318 2523 1371 Vel
2582 1318 2854 1372 involutae
2894 1324 3045 1388 sunt,
3079 1320 3177 1391 qui
3233 1321 3337 1374 etsi
3396 1322 3720 1393 aliquando

2017 1406 2163 1459 victa
2191 1422 2307 1459 una
2328 1406 2583 1477 nequitia
2630 1408 2836 1478 pedem
2896 1409 3103 1474 levant,
3152 1425 3400 1478 regnans
3456 1413 3634 1465 altera
3665 1416 3722 1465 et

2014 1494 2086 1548 ad
2115 1510 2242 1548 eam
2282 1510 2456 1565 quam
2505 1495 2757 1550 vicerant
2812 1496 3087 1567 implicat,
3124 1499 3310 1568 utqui
3354 1499 3471 1569 jam
3526 1506 3717 1570 spreta

2016 1582 2252 1636 avaritia
2281 1583 2464 1637 adhuc
2494 1584 2819 1638 luxuriosus
2867 1590 2951 1638 est
3003 1602 3104 1654 pro
3160 1585 3346 1656 pretio
3381 1587 3617 1641 luxuriae
3648 1588 3719 1643 ad

2016 1670 2311 1724 avaritiam
2372 1672 2539 1726 redit.
2601 1672 2690 1727 Sic
2747 1690 2853 1743 ope
2909 1674 3119 1727 vicaria
3176 1675 3481 1744 fugitivum
3549 1692 3716 1731 suum

2016 1760 2153 1813 vitia
2182 1760 2450 1827 retinent,
2485 1766 2540 1815 et
2564 1761 2725 1832 quasi
2755 1762 2975 1831 laqueis
3020 1778 3281 1832 egressus
3334 1764 3532 1834 ligant,
3568 1766 3720 1820 unde

2016 1865 2166 1919 saepe
2194 1849 2334 1920 lapsi
2361 1850 2431 1903 ad
2458 1867 2587 1904 suas
2619 1851 2937 1922 voluptates
2963 1851 3223 1918 redeunt,
3258 1868 3361 1906 nec
3409 1859 3612 1909 curant
3653 1872 3722 1910 ea

2015 1954 2143 2008 quae
2175 1944 2537 2007 permanent,
2573 1941 2723 1994 unde
2757 1940 2984 1994 subdit:

2090 2047 2113 2074 ι
2147 2027 2539 2082 Ambulabunt
2568 2028 2626 2083 in
2657 2045 2897 2082 vacuum
2932 2034 2989 2083 et
3009 2029 3306 2099 peribunt.
3344 2052 3371 2080 »
3405 2031 3546 2095 Quia
3579 2033 3723 2088 nihil

2012 2130 2202 2168 secum
2237 2114 2306 2168 de
2338 2115 2524 2169 fructu
2567 2117 2655 2171 sui
2690 2118 2904 2171 laboris
2963 2124 3218 2188 portant.
3289 2120 3399 2174 Sed
3438 2122 3629 2190 justus
3660 2122 3721 2176 in

2014 2208 2317 2273 conspectu
2350 2204 2577 2258 Domini
2612 2222 2729 2259 non
2751 2214 2988 2276 apparet
3036 2224 3245 2260 vacuus
3280 2216 3509 2278 :portat
3565 2211 3721 2266 enim

2014 2294 2338 2363 manipulos
2360 2294 2618 2365 justitize.
2647 2296 2732 2349 Ab
2754 2296 2985 2348 illorum
3013 2304 3203 2349 autem
3263 2296 3584 2355 imitatione
3615 2317 3721 2371 per

2013 2381 2186 2435 ﬁnem
2218 2386 2410 2449 terret,
2443 2401 2471 2433 α
2495 2382 2855 2438 Considerate
2883 2383 3133 2449 semitas,
3168 2389 3279 2438 etc.
3325 2406 3346 2431 ι

2103 2470 2264 2523 Vens.
2294 2472 2377 2524 19.
2410 2500 2479 2511 —-
2512 2489 2540 2521 (ι
2591 2471 2957 2525 Considerate
2999 2472 3248 2526 semitas.
3289 2492 3310 2519 ο
3359 2471 3719 2542 (Ibid.)The-

2014 2573 2109 2611 ma
2137 2557 2548 2628 interpretatur
2587 2564 2791 2626 auster,
2850 2559 2995 2614 Saba
3045 2565 3204 2615 rete:
3264 2562 3470 2614 Auster
3500 2562 3599 2633 qui
3630 2568 3721 2618 te-

2013 2661 2153 2716 pore
2185 2646 2443 2701 membra
2481 2648 2763 2715 dissolvit,
2813 2653 2897 2702 est
2951 2648 3044 2703 hic
3076 2650 3226 2703 ﬂuxa
3278 2650 3501 2703 vivendi
3526 2655 3718 2706 remis-

2013 2736 2131 2800 sio;
2165 2738 2281 2788 rete
2309 2739 2392 2788 est
2422 2736 2659 2790 actionis
2681 2736 2975 2806 obligatio,
3006 2741 3061 2790 et
3088 2737 3253 2791 fluxis
3298 2738 3514 2792 actibus
3548 2740 3718 2793 homo

2013 2821 2357 2892 implicatur,
2392 2823 2530 2877 dum
2563 2840 2679 2877 non
2708 2825 2955 2893 perfecte
3000 2825 3284 2879 mundum
3315 2826 3545 2895 deserit,
3581 2828 3717 2882 dum

283 2930 309 2958 α
338 2910 598 2965 Succidat
629 2927 737 2965 me.
777 2930 803 2963 ν
848 2913 988 2967 Cum
1020 2911 1175 2965 enim
1207 2911 1373 2965 dolor
1400 2911 1489 2965 vel
1519 2910 1753 2964 tentatio
1784 2926 1903 2964 non
1935 2921 1974 2975 C
2013 2928 2127 2966 non
2160 2912 2413 2965 districto
2438 2913 2649 2979 studio,
2700 2913 2795 2967 sed
2856 2913 3147 2968 dissolutis
3204 2916 3490 2985 gressibus
3544 2917 3715 2981 vadit,

200 3003 472 3072 percutit,
531 3000 701 3055 elatio
732 3001 940 3055 mentis
971 3000 1184 3054 succisa
1216 2999 1386 3066 cadit,
1443 3002 1504 3052 ut
1526 2998 1647 3067 jam
1682 3002 1906 3069 quaerat

200 3107 443 3144 manum
472 3089 735 3143 levantis.

273 3180 435 3233 Vens.
500 3180 674 3243 10,—
706 3178 774 3232 Et
830 3178 954 3232 haec
1000 3177 1146 3231 mihi
1178 3176 1251 3230 sit
1313 3174 1619 3230 consolatio
1661 3179 1724 3229 ut
1754 3174 1903 3228 afﬂi-

194 3285 370 3339 gens.
417 3289 438 3317 -
476 3267 659 3338 (Ibid.)
692 3266 864 3331 Quasi
890 3265 1235 3337 quibusdam
1268 3265 1359 3318 hic
1404 3264 1605 3334 parcit,
1641 3267 1704 3317 ut
1733 3268 1901 3317 aeter-

196 3375 345 3413 num
380 3358 577 3423 feriat;
629 3356 727 3410 sed
756 3372 847 3410 me
877 3356 970 3410 hic
996 3372 1107 3409 non
1136 3370 1375 3425 parcens
1404 3353 1591 3418 feriat,
1637 3353 1791 3424 quod
1822 3357 1907 3407 est

197 3448 348 3502 mihi
388 3445 726 3501 consolatio.
778 3445 1001 3499 Timent
1050 3443 1203 3499 enim
1261 3442 1439 3497 sancti
1464 3442 1557 3496 hic
1585 3442 1694 3496 sibi
1725 3442 1901 3512 parci.

197 3537 366 3602 Quod
422 3536 543 3589 haec
598 3551 719 3589 non
758 3535 1024 3601 tumenti,
1085 3533 1183 3587 sed
1231 3532 1438 3587 humili
1493 3536 1684 3586 mente
1743 3531 1902 3598 dixit,

198 3622 462 3678 ostendit
485 3623 544 3676 in
576 3622 684 3676 his.

274 3736 295 3761 ι
334 3712 450 3766 Nec
504 3709 892 3765 contradicam
948 3709 1325 3763 sermonibus.
1364 3728 1392 3761 »
1450 3709 1756 3763 Sermones
1802 3708 1905 3762 Dei

192 3800 269 3855 ad
299 3815 441 3853 nos:
496 3813 613 3852 non
669 3798 837 3851 modo
869 3796 1038 3860 dicta,
1087 3797 1184 3850 sed
1232 3802 1289 3849 et
1340 3795 1508 3865 facta,
1553 3800 1619 3850 ut
1651 3796 1742 3850 hic
1766 3812 1904 3867 per-

189 3889 387 3945 cussio
416 3886 551 3953 Job;
610 3885 701 3939 cui
745 3884 1161 3939 murmurando
1211 3900 1327 3938 non
1378 3884 1737 3951 contradicit,
1769 3884 1906 3956 quia

190 3984 250 4033 et
284 3992 465 4049 quem
493 3974 750 4029 feriendo
782 3976 1005 4041 tolerat,
1039 3978 1304 4028 sanctum
1336 3978 1521 4028 vocat.

262 4067 435 4119 Vens.
464 4068 519 4118 ll
541 4106 553 4119 .
595 4094 661 4103 —
692 4063 828 4127 Qua:
860 4068 946 4117 est
966 4062 1121 4117 enim
1145 4063 1423 4118 fortitudo
1443 4062 1608 4117 mea?
1640 4082 1668 4116 ι)
1702 4061 1903 4132 (Ibid)

188 4155 325 4210 Alia
359 4159 446 4208 est
468 4152 747 4207 fortitudo
787 4153 1094 4221 bonorum,
1141 4157 1276 4217 etc.,
1309 4167 1478 4222 usque
1507 4152 1581 4205 ad
1619 4154 1676 4205 et
1704 4166 1809 4221 pro
1838 4166 1905 4204 ea

191 4259 381 4315 quam
412 4258 530 4296 non
559 4246 729 4308 amat,
763 4240 881 4312 pati
909 4244 1153 4307 recusat,
1187 4239 1326 4293 dicit
1355 4255 1525 4310 ergo:

266 4353 299 4384 α
339 4332 480 4396 Quae
501 4336 587 4385 est
635 4330 790 4385 enim
841 4329 1141 4397 fortitudo,
1176 4332 1276 4383 aut
1300 4329 1430 4399 quis
1458 4326 1631 4383 ﬁnis?
1661 4350 1688 4377 »
1711 4326 1772 4382 Id
1795 4328 1899 4393 est,

190 4422 381 4489 mala,
414 4426 545 4487 etc.,
577 4435 745 4491 usque
774 4418 848 4473 ad
879 4419 1028 4473 unde
1054 4418 1319 4472 inﬁrmus
1346 4418 1519 4472 habet
1547 4416 1715 4483 vires,
1747 4415 1900 4469 unde

193 4510 534 4581 subjungit:

268 4601 443 4653 Vens.
472 4601 554 4652 l3.
614 4616 733 4649 -α
790 4598 926 4651 Ecce
958 4612 1075 4650 non
1131 4599 1215 4651 est
1253 4595 1550 4650 auxilium.
1586 4616 1612 4643 ››
1652 4594 1736 4648 Ad
1779 4610 1898 4648 ma-

187 4688 343 4758 joris
371 4702 599 4757 quoque
631 4685 899 4739 meritum
930 4684 1299 4749 fortitudinis,
1336 4682 1625 4755 quomodo
1654 4698 1684 4735 a
1713 4682 1904 4752 proxi-

192 4777 309 4831 mis
344 4775 693 4839 destituitur,
721 4774 876 4828 addit
901 4791 913 4828 :

269 4885 299 4918 α
370 4862 683 4918 Necessarii
743 4878 991 4933 quoque.
1043 4882 1069 4911 »
1131 4860 1186 4916 Si
1254 4860 1502 4915 exterius
1580 4859 1897 4929 despectus,

191 4954 358 5009 intus
386 4952 526 5005 solio
553 4949 761 5022 judicit
776 4950 1070 5021 praesidet;
1104 4966 1239 5004 nam
1261 4950 1330 5004 ad
1362 4949 1673 5003 sententias
1714 4964 1902 5003 erum-

191 5043 311 5113 pit:
353 5062 379 5090 α
414 5038 521 5104 Qui
549 5039 718 5106 tollit,
744 5044 852 5094 etc.
877 5058 903 5089 ι)

270 5131 436 5183 Vens.
500 5129 585 5184 14.
623 5157 690 5167 —
724 5146 753 5178 α
810 5126 915 5191 Qui
940 5127 1094 5181 tollit
1124 5126 1194 5180 ab
1245 5125 1427 5180 amico
1478 5142 1602 5178 suo.
1642 5145 1663 5173 ι
1702 5124 1897 5194 (Ibid)

188 5218 433 5274 Amicus
462 5222 547 5271 est
568 5217 815 5288 quilibet
833 5216 1147 5286 proximus,
1163 5220 1294 5285 etc.,
1325 5230 1494 5284 usque
1526 5213 1600 5268 ad
1629 5213 1727 5284 qui
1746 5213 1900 5267 intus

190 5308 421 5363 dudum
477 5311 695 5360 interna
764 5304 1110 5376 negligenda
1166 5303 1491 5375 perierunt:
1563 5303 1633 5357 de
1693 5302 1901 5373 quibus

189 5401 352 5452 recte
374 5394 611 5449 dicitur:

270 5486 435 5541 Vnns.
468 5488 557 5540 3‘1.
589 5515 658 5525 —
684 5503 713 5535 ι(
734 5485 799 5539 Et
840 5487 907 5539 ut
948 5481 1313 5551 incaluerint,
1345 5501 1367 5531 ι
1411 5479 1469 5535 id
1511 5482 1615 5549 est,
1643 5495 1773 5534 cum
1794 5494 1900 5551 per

2011 3000 2194 3071 utqui
2219 3017 2322 3071 pro
2352 3016 2544 3055 amore
2610 3002 2824 3055 carnali
2855 3007 3162 3072 parentum
3213 3004 3281 3056 ad
3316 3020 3381 3057 ea
3426 3021 3556 3075 quae
3616 3006 3718 3059 Dei

2011 3094 2144 3142 sunt
2214 3090 2581 3159 prmpeditur.
2619 3108 2645 3139 ‹‹
2722 3089 3110 3157 Considerate,
3165 3091 3319 3158 dicit,
3398 3093 3532 3162 quia
3586 3110 3718 3164 per-

2010 3195 2172 3232 versa
2201 3179 2424 3248 agendo
2454 3178 2769 3249 diligimus,
2819 3179 2916 3233 sed
2949 3180 3072 3233 hanc
3118 3179 3235 3233 visa
3264 3181 3322 3233 in
3346 3181 3473 3234 aliis
3505 3182 3719 3253 dijudi-

2011 3282 2227 3331 camus,
2254 3267 2407 3321 unde
2439 3267 2509 3322 ad
2569 3283 2673 3321 nos
2725 3268 2935 3321 reversi
2998 3268 3068 3321 de
3125 3268 3458 3339 hujusmodi
3508 3271 3714 3326 erube-

2012 3354 2242 3409 scimus.

2087 3465 2114 3493 ‹‹
2147 3445 2476 3514 Exspectate
2506 3443 2822 3515 paulisper.
2858 3462 2885 3494 »
2909 3442 3053 3508 Quia
3080 3460 3285 3515 parum
3321 3449 3405 3499 est
3437 3444 3717 3518 quidquid

2012 3531 2213 3585 ﬁnitur
2244 3549 2258 3599 ;
2289 3532 2386 3587 sed
2416 3531 2514 3603 qui
2546 3532 2654 3586 hoc
2683 3533 2923 3603 longum
2952 3537 3134 3604 putat,
3190 3534 3257 3588 de
3312 3534 3540 3588 aeternis
3605 3552 3719 3591 non

2011 3624 2189 3673 curat.
2249 3621 2407 3673 Dicta
2444 3620 2719 3675 brevitate
2761 3621 2891 3675 vitae
2950 3626 3145 3676 contra
3192 3621 3419 3693 iniquos
3475 3623 3721 3696 insurgit

2010 3724 2147 3762 voce
2171 3707 2482 3778 justorum.

2083 3797 2241 3849 Vens.
2273 3797 2362 3850 20.
2401 3825 2474 3837 —
2506 3818 2526 3843 ι
2575 3795 2807 3851 Confusi
2869 3803 3027 3852 sunt.
3068 3822 3088 3847 ι
3140 3800 3284 3863 Quia
3339 3802 3549 3857 scilicet
3581 3805 3716 3858 mali

2012 3884 2195 3939 bonos
2220 3901 2323 3955 per
2352 3900 2551 3954 aspera
2578 3902 2610 3938 a
2640 3901 2740 3955 spe
2795 3891 3078 3940 conantur
3119 3889 3407 3943 retrahere
3433 3907 3445 3943 :
3499 3893 3651 3961 quod
3671 3894 3717 3946 si

2013 3977 2316 4043 peragunt,
2345 3974 2630 4027 exsultant
2661 3989 2675 4039 ;
2707 3974 2754 4025 si
2775 3989 2911 4041 non,
2939 3974 3223 4028 incassum
3251 3978 3505 4031 crudeles
3536 3979 3712 4034 fuisse

2013 4062 2356 4115 erubescunt
2383 4077 2395 4127 ;
2424 4060 2575 4114 unde
2603 4065 2659 4114 et
2688 4059 2824 4131 quid
2854 4062 2914 4115 in
2937 4062 3312 4117 retributione
3338 4065 3672 4133 ﬁat,suhdit
3695 4086 3707 4124 :

2087 4170 2113 4201 «
2160 4150 2448 4203 Venerunt
2479 4165 2730 4220 quoque.
2762 4170 2782 4197 ι
2842 4150 2906 4203 In
2947 4150 3166 4221 judicio
3217 4152 3353 4206 mali
3405 4154 3475 4208 ad
3527 4154 3711 4224 justos

2012 4238 2369 4312 perveniunt,
2432 4238 2567 4309 quia
2608 4254 2808 4292 eorum
2857 4238 3097 4310 gloriam
3150 4241 3442 4307 videbunt,
3490 4250 3554 4297 ut
3574 4261 3713 4334 gra-

2012 4329 2137 4383 vius
2157 4329 2388 4383 doleant
2411 4328 2664 4382 videntes
2697 4328 2849 4399 quod
2910 4330 3303 4400 perdiderunt.
3337 4333 3492 4386 Tunc
3534 4328 3717 4404 pudor

2013 4433 2108 4470 eos
2139 4415 2345 4487 operit,
2403 4433 2533 4470 cum
2562 4418 2719 4471 testis
2776 4419 3120 4473 conscientia
3152 4420 3284 4474 urit.
3346 4422 3555 4476 Eadem
3598 4423 3713 4495 spi-

2012 4506 2310 4560 ritualiter.
2347 4504 2529 4560 Amici
2553 4507 2656 4561 Job
2679 4507 2900 4562 confusi
2948 4512 3096 4577 sunt,
3128 4509 3263 4579 quia
3318 4510 3456 4564 dum
3489 4527 3621 4565 eum
3644 4512 3713 4566 ad

2012 4592 2465 4664 desperationem
2525 4592 2811 4648 inﬂectere
2886 4600 3197 4665 nequeunt,
3263 4597 3713 4667 confunduntur,

2010 4687 2291 4736 venerunt
2320 4682 2457 4735 dum
2483 4681 2603 4751 jam
2658 4682 2867 4735 mentis
2898 4683 3279 4738 constantiam
3332 4685 3485 4739 intus
3530 4704 3714 4758 agno-

2012 4775 2175 4824 scunt
2205 4774 2262 4824 et
2306 4771 2668 4825 erubescunt.
2715 4772 2864 4835 Quos
2911 4772 3160 4825 ostendit
3207 4772 3276 4826 de
3322 4790 3565 4829 numero
3624 4794 3715 4831 eo-

2011 4875 2137 4912 rum
2171 4858 2271 4929 qui
2305 4860 2483 4913 Deum
2516 4875 2634 4913 non
2690 4858 2913 4925 timent,
2969 4858 3077 4913 nisi
3136 4859 3252 4914 suis
3324 4863 3413 4916 vel
3470 4865 3712 4919 aliorum

2012 4948 2261 5002 adversis
2281 4948 2483 5002 territi.

2081 5037 2249 5090 Vens.
2312 5038 2407 5090 2t.
2468 5056 2587 5085 -ε
2641 5035 2800 5089 Nunc
2849 5034 3103 5101 venistis,
3128 5040 3184 5089 et
3238 5036 3410 5091 modo
3456 5038 3715 5095 videntes

2014 5143 2041 5174 α
2065 5125 2292 5195 plagam
2329 5140 2543 5179 meam.
2590 5144 2610 5171 ι
2645 5122 3043 5194 (Ibid.)Quasi,
3075 5140 3213 5194 ergo
3265 5127 3445 5180 Deum
3478 5132 3533 5181 et
3582 5134 3712 5183 ante

2011 5215 2244 5268 adversa
2269 5212 2457 5275 timui,
2491 5228 2589 5265 vos
2617 5212 2719 5282 qui
2748 5228 2816 5265 ex
2846 5228 3037 5267 amore
3072 5213 3253 5268 Deum
3301 5231 3418 5269 non
3474 5216 3710 5278 timetis.

2011 5317 2081 5356 ex
2111 5301 2232 5356 solo
2258 5301 2495 5355 verbere
2515 5299 2854 5354 formidatis.
3424 5371 3437 5380 .

2082 5392 2243 5445 Vens.
2273 5392 2362 5443 22.
2392 5418 2460 5428 -—-
2495 5410 2522 5436 «
2558 5388 2827 5459 Nunquid
2858 5388 2992 5444 dixi.
3041 5410 3062 5439 ι
3114 5391 3361 5445 Ecclesia
3399 5394 3714 5450 substantia

2010 5477 2413 5534 haereticorum
2465 5480 2732 5548 (quorum
2786 5476 2972 5548 ﬁgura
3001 5483 3137 5534 sunt
3202 5480 3369 5535 amici
3421 5482 3541 5553 Job)
3596 5500 3713 5539 non
