4082 6184
386 250 496 301 775

1054 244 1454 300 WALAFRIDI
1491 245 1734 300 STRABI
1769 244 1973 300 FULD.
1999 243 2166 301 MON.
2190 244 2342 301 OPP.
2379 244 2554 300 PARS
2586 246 2623 299 Ι.
2666 274 2733 283 —-
2764 243 3229 301 THEOLOGICA.
3775 252 3869 301 7'76

386 372 535 438 eget,
566 368 619 423 id
648 371 752 434 est,
793 366 1007 420 carnali
1055 366 1335 437 sapientia
1365 385 1380 431 ;
1416 371 1472 420 et
1520 372 1693 433 recta,
1743 382 1871 437 qua
1897 371 2095 421 contra
2121 369 2168 421 Α
2206 365 2450 433 lacessit,
2485 366 2595 420 nisi
2642 383 2741 437 spe
2798 366 2928 421 ﬁnis
2983 368 3287 435 relevetur,
3344 367 3441 422 sed
3472 367 3571 421 illo
3601 367 3714 422 viso
3742 370 3870 424 nihil

386 456 681 510 diabolum
714 456 783 510 de
823 455 1192 510 conversione
1251 453 1558 525 aliquando
1610 455 1945 524 loquuntur,
1981 471 2085 507 au-

389 544 503 599 diri
531 545 599 599 ab
622 545 701 599 eis
732 544 941 612 renuit,
974 544 1105 615 quia
1138 560 1240 615 per
1264 544 1382 598 hac
1403 543 1471 597 ad
1498 543 1799 609 perﬁdiam
1829 544 2083 598 trahunt.

386 635 632 689 «Manus
670 633 847 687 hostis
878 653 905 685 »
956 638 1039 686 est
1081 632 1360 686 fortitudo
1419 631 1663 685 Satana.
1701 652 1727 681 α
1779 631 2017 685 Robusti
2061 653 2081 677 ι

384 729 518 777 sunt
547 721 786 791 maligni
818 720 1069 790 spiritus.

457 810 787 880 «Nunquid
845 810 1007 864 dixi:
1057 809 1294 863 Atl‘erte.
1341 831 1362 858 ι
1409 810 1619 864 Contra
1670 809 1873 863 divites
1916 824 2083 862 mun-

385 898 464 968 di,
498 904 627 967 etc.,
655 914 824 968 usque
848 899 921 953 ad
950 903 1006 953 et
1030 898 1185 970 quod
1217 899 1276 953 in
1301 898 1502 968 seipsis
1533 898 1876 969 despiciunt,
1920 902 1977 951 et
2024 897 2084 950 in

386 988 530 1042 aliis.

453 1078 613 1130 Vens.
645 1076 734 1130 24.
769 1106 837 1114 —
867 1097 895 1124 ‹‹
922 1076 1123 1130 Docete
1154 1091 1266 1130 me.
1293 1098 1321 1125 ››
1355 1076 1470 1129 Hoc
1498 1076 1585 1129 vel
1626 1074 1914 1145 prioribus
1944 1073 2083 1127 sub-

378 1165 662 1237 jungitur,
695 1165 781 1219 vel
813 1181 917 1235 per
946 1181 1003 1218 se
1036 1164 1245 1218 dicitur
1274 1181 1377 1235 per
1410 1164 1882 1235 increpationem.

455 1256 615 1309 Vens.
647 1257 736 1309 25.
768 1266 837 1293 —'-
868 1275 891 1303 ι
926 1254 1111 1318 Quare
1158 1253 1500 1308 detraxistis.
1536 1274 1561 1302 ιι
1594 1252 1798 1322 (Gneo.)
1844 1252 2082 1307 Mundus

383 1359 503 1397 esse
535 1344 722 1409 debet,
775 1348 917 1408 etc.,
962 1358 1131 1412 usque
1178 1342 1251 1396 ad
1301 1341 1775 1413 reprehensibilia
1813 1341 2081 1411 profertis

381 1433 451 1487 ad
475 1433 884 1503 increpandum
907 1433 936 1485 ?

451 1522 638 1592 (Ibid.)
665 1523 786 1575 Duo
821 1537 1033 1590 genera
1073 1520 1375 1575 locutionis
1404 1519 1573 1573 noxia
1629 1522 1782 1584 sunt,
1839 1518 1991 1588 quod
2025 1522 2081 1573 et

376 1626 646 1680 perversa
672 1611 870 1664 laudat
924 1614 981 1663 et
1021 1609 1174 1680 quod
1231 1609 1404 1662 etiam
1437 1611 1589 1661 recta
1647 1608 1968 1677 vituperat;
1997 1607 2079 1661 ibi

377 1698 557 1763 favor,
590 1698 683 1753 hic
730 1699 845 1751 ira:
884 1698 953 1751 de
999 1697 1108 1750 hoc
1154 1696 1367 1750 amicos
1405 1696 1510 1749 Job
1546 1694 1735 1765 arguit
1767 1711 1781 1761 ;
1816 1694 1881 1747 ad
1926 1694 2079 1765 quod

377 1787 583 1841 vitium
611 1803 677 1841 ex
735 1785 929 1839 otiosis
985 1784 1148 1839 dictis
1214 1784 1565 1855 pervenitur,
1628 1783 1782 1836 unde
1838 1782 2077 1836 subdit:

448 1878 609 1930 Vens.
641 1878 729 1930 26.
753 1905 820 1916 —
852 1896 873 1923 ι
924 1876 989 1929 Et
1030 1874 1089 1928 in
1141 1879 1395 1928 ventum.
1432 1893 1459 1926 »

378 1966 649 2037 proferre,
686 1969 829 2029 etc.,
860 1979 1030 2034 usque
1059 1963 1132 2017 ad
1160 1963 1234 2017 sit
1265 1980 1400 2035 ergo
1432 1963 1643 2017 ostium
1678 1963 1891 2032 lingua
1922 1961 2076 2033 quod

378 2053 551 2107 modo
581 2052 896 2119 claudatur,
928 2051 1100 2105 modo
1130 2051 1439 2121 aperiatur.

451 2144 619 2195 Vens.
652 2144 740 2195 27.
795 2172 862 2181 —
910 2158 939 2191 ‹‹
997 2140 1180 2210 Super
1236 2140 1544 2210 pupillum.
1580 2160 1608 2189 ι
1675 2138 1953 2210 (Gnee.in
1980 2140 2076 2193 Job

377 2231 479 2285 lib.
520 2230 668 2300 VIII.)
701 2231 834 2283 Ecce
886 2235 1116 2300 quanta
1172 2228 1522 2283 inﬁrmitatis
1562 2244 1621 2281 se
1671 2244 1795 2282 esse
1824 2244 2075 2299 perpen-

376 2319 491 2384 dat,
523 2324 652 2382 etc.,
683 2333 851 2386 usque
882 2318 956 2371 ad
985 2317 1032 2370 si
1086 2317 1291 2371 tolerat
1320 2334 1464 2388 quos
1512 2332 1626 2371 non
1680 2320 1853 2378 amat,
1887 2318 1971 2371 vel
2028 2316 2077 2370 si

376 2425 493 2463 non
524 2409 726 2462 tolerat
753 2423 894 2478 quos
923 2410 1093 2461 amat.

445 2499 604 2551 Vens.
638 2499 726 2550 28.
760 2527 827 2535 —
859 2513 887 2546 ‹‹
943 2495 1137 2550 Videte
1186 2512 1259 2549 an
1316 2495 1643 2549 mentiar.»
1697 2493 1882 2563 (Ibid.)
1931 2493 2074 2559 Quia

372 2586 629 2656 humilis,
663 2601 791 2656 qua
822 2583 977 2646 dicit,
1003 2599 1117 2637 non
1155 2600 1223 2637 ex
1271 2582 1604 2637 auctoritate
1654 2581 1936 2652 pracipit,
1976 2582 2073 2635 sed

374 2692 440 2731 ex
477 2675 700 2730 ratione
749 2672 1091 2744 persuadet;
1123 2671 1218 2726 sed
1269 2671 1403 2742 quia
1460 2670 1756 2724 occasione
1809 2670 2071 2740 rationis,

374 2763 645 2819 contrarii
675 2763 747 2818 ad
775 2760 1197 2816 contentionem
1229 2760 1599 2826 etfrenantur,
1631 2758 1840 2815 subdit.

444 2855 607 2907 Vens.
641 2855 728 2906 29.
762 2880 830 2892 -—-
854 2869 881 2901 α
913 2849 1539 2920 Respondete,obsecro
1572 2849 1787 2919 absque
1835 2851 2069 2901 conten-

372 2963 401 2993 α
433 2942 610 2996 tione.
659 2962 680 2989 ι
714 2939 857 3005 Quia
912 2937 1169 2992 haretici
1220 2936 1688 3007 inquisitionibus
1743 2952 1857 2990 non
1887 2935 2073 2990 inten-

374 3032 518 3086 dunt
547 3028 844 3084 veritatem
874 3026 1116 3097 assequi,
1139 3025 1236 3080 sed
1262 3025 1505 3079 victores
1559 3024 1759 3079 videri.

449 3141 470 3168 ι
506 3119 574 3172 Et
597 3119 914 3189 loquentes,
963 3120 1065 3170 etc.
1111 3135 1138 3167 »
1199 3114 1342 3179 Quia
1371 3114 1471 3185 qui
1527 3113 1804 3184 loquitur,
1852 3112 2070 3183 judicio

373 3208 650 3264 auditoris
680 3206 955 3260 subditur.
993 3206 1146 3259 Inter
1172 3220 1269 3257 cor
1297 3208 1353 3257 et
1399 3204 1660 3268 linguam
1719 3203 1839 3272 ejus
1873 3218 2072 3273 aquus

374 3298 586 3351 arbiter
617 3295 709 3363 sit,
737 3300 803 3348 ut
852 3292 996 3347 nihil
1048 3292 1479 3364 praecipitanter
1529 3293 1599 3347 de
1631 3292 1799 3346 corde
1825 3307 1930 3362 per
1961 3290 2067 3343 lin-

374 3401 546 3456 guam
568 3383 828 3453 prodeat,
878 3381 974 3435 sed
1019 3381 1181 3451 prius
1237 3380 1525 3435 examinet
1574 3396 1747 3451 quam
1807 3379 1971 3433 dicat.
2008 3379 2072 3433 Et

374 3472 510 3544 quia
532 3471 631 3542 qui
657 3469 816 3541 prius
846 3469 914 3524 de
944 3468 1082 3538 suis,
1112 3473 1263 3524 recte
1299 3469 1562 3541 judicant
1591 3468 1660 3523 de
1715 3467 1880 3522 dictis
1926 3466 2066 3521 alic-

372 3562 480 3627 nis,
506 3560 693 3615 addit:

442 3651 599 3704 Vens.
634 3651 719 3705 30.
755 3678 823 3689 —
852 3666 880 3699 ((
915 3650 980 3704 Et
1002 3664 1115 3702 non
1162 3646 1464 3701 invenietis
1512 3646 1573 3699 in
1618 3645 1817 3717 lingua
1858 3661 2004 3699 mea.
2037 3666 2064 3696 ι)

367 3740 511 3804 Quia
531 3754 650 3794 non
703 3738 859 3793 vobis
913 3738 973 3791 in
1031 3754 1123 3791 me
1180 3736 1420 3791 stultitia
1475 3740 1659 3801 sonat,
1723 3734 1768 3787 si
1814 3751 1845 3788 a
1881 3739 2069 3788 vestra

370 3828 716 3885 conscientia
772 3844 888 3881 non
939 3826 1212 3898 procedat
1245 3824 1361 3892 ;sic
1420 3824 1664 3877 Ecclesia
1721 3822 1882 3894 prius
1926 3823 2067 3876 falsa

369 3919 623 3974 hostium
668 3917 926 3983 destruit,
976 3921 1108 3987 post
1138 3930 1269 3968 vera
1308 3913 1511 3983 aperit,
1566 3912 1775 3983 quibus
1833 3928 1951 3966 non
1984 3917 2069 3967 est

366 4006 526 4061 locus
550 4007 686 4061 dum
717 4006 857 4059 falsa
887 4002 992 4075 pro
1023 4002 1168 4057 veris
1197 4002 1478 4056 habentur
1509 4017 1522 4067 ;
1550 4016 1653 4071 per
1690 4019 1719 4051 α
1748 4000 2007 4071 linguam
2040 4020 2062 4049 ι

369 4100 564 4168 aperta
592 4094 826 4164 locutio,
852 4109 958 4164 per
990 4112 1018 4145 ‹‹
1050 4092 1239 4146 fauces
1270 4110 1298 4141 ι)
1327 4091 1549 4143 occulta
1594 4089 1873 4156 tractatio,
1931 4089 2069 4161 quia

369 4186 517 4257 quod
550 4182 795 4239 Ecclesia
826 4182 962 4236 foris
987 4179 1282 4252 pradicat,
1314 4177 1554 4232 vivendo
1587 4178 1861 4235 custodit.

1040 4269 1266 4323 CAPUT
1298 4267 1413 4320 VII.

438 4364 601 4417 Vens.
637 4365 685 4416 1.
748 4389 818 4401 -—
872 4378 901 4411 (ι
926 4360 993 4413 Et
1060 4356 1206 4410 sicut
1234 4355 1354 4409 dies
1400 4354 1764 4409 mercenarii
1796 4377 1816 4402 ι
1854 4354 2064 4426 (Caes)

368 4451 476 4515 Qui
508 4452 628 4505 dies
659 4450 769 4504 cito
795 4447 1040 4504 transire
1064 4448 1246 4515 optat,
1280 4449 1341 4498 ut
1390 4445 1460 4499 ad
1492 4444 1702 4499 laboris
1759 4444 2066 4515 pramium

368 4540 578 4607 veniat,
608 4538 685 4591 sic
715 4536 904 4592 omnis
924 4536 1113 4607 justus
1145 4550 1159 4601 ;
1198 4538 1255 4588 et
1310 4534 1453 4588 sicut
1480 4533 1577 4588 ille
1635 4533 1695 4587 in
1749 4533 1949 4587 alienis
1976 4534 2064 4587 la-

366 4627 603 4683 boribus
625 4627 812 4695 sudat,
872 4625 967 4679 sed
1010 4623 1310 4694 proprium
1350 4622 1656 4694 pramium
1717 4621 1825 4676 sibi
1882 4627 2063 4693 parat,

365 4717 445 4771 sic
478 4717 666 4787 justus
731 4714 793 4768 in
849 4712 1156 4767 mundanis
1214 4712 1378 4766 malis
1433 4712 1616 4775 sudet,
1697 4715 1761 4764 ut
1818 4711 2067 4765 calestia

365 4807 519 4862 bona
547 4803 752 4875 capiat.
788 4804 955 4858 Cavet
994 4818 1066 4857 ne
1122 4816 1332 4855 vacuus
1376 4801 1448 4856 ab
1478 4816 1649 4871 opere
1706 4800 1828 4854 dies
1875 4805 1980 4867 est,
2011 4806 2069 4855 et

365 4895 669 4965 pramium
700 4893 1008 4947 minuatur.
1045 4890 1263 4946 Patitur
1292 4889 1453 4957 dura,
1486 4892 1549 4942 ut
1598 4890 1778 4960 magis
1830 4906 2064 4944 corone-

364 4989 477 5051 tur,
499 4984 629 5038 licet
657 4998 873 5037 merces
894 4983 1012 5052 jam
1039 4979 1111 5034 sit
1138 4980 1198 5034 in
1229 4979 1397 5034 corde
1423 4996 1436 5045 ;
1460 4978 1556 5032 sed
1600 4982 1793 5033 tamen
1835 4979 2065 5050 gravius

366 5077 537 5127 astus
558 5071 804 5126 sentitur
822 5070 881 5123 in
913 5086 1174 5140 corpore,
1201 5073 1266 5124 ut
1307 5073 1438 5139 post
1494 5068 1567 5122 sit
1607 5066 1974 5138 refrigerium
2004 5067 2063 5122 in

365 5161 576 5231 quiete,
607 5165 665 5214 et
691 5161 798 5214 hoc
827 5163 936 5213 est:

435 5250 603 5303 Vens.
629 5253 776 5302 ‘2.—
809 5270 831 5297 ι
866 5248 1018 5303 Sicut
1073 5263 1284 5302 servus.
1333 5268 1354 5296 ι
1406 5248 1557 5301 Bene
1607 5246 1795 5301 omnis
1852 5247 2062 5301 electus

365 5352 558 5391 servus
587 5336 813 5403 dicitur,
846 5336 1121 5407 quamdiu
1152 5336 1257 5390 sub
1281 5335 1421 5405 jugo
1454 5333 1840 5404 corruptionis
1886 5333 2060 5403 hujus

363 5428 466 5493 est,
497 5427 807 5494 antequam
828 5423 1021 5478 veniat
1052 5423 1112 5478 in
1141 5423 1465 5477 libertatem
1521 5421 1744 5493 gloria.

436 5530 466 5564 α
496 5512 563 5567 Et
584 5511 731 5566 sicut
752 5511 1164 5566 mercenarius.
1206 5530 1234 5561 »
1276 5510 1385 5574 Qui
1411 5510 1481 5565 de
1540 5510 1820 5579 gravitate
1867 5509 2056 5580 operis

1516 1875 1580 1927 In
1626 1878 1863 1926 ventum
1907 1872 2116 1926 verba.

2202 460 2369 526 putat
2395 456 2542 527 quod
2569 456 2760 510 sentit.

2269 545 2430 606 Vens,
2467 547 2524 597 3.
2586 573 2655 581 -
2684 564 2711 591 ι(
2758 543 2972 597 Menses
3023 559 3249 597 vacuos.
3290 566 3317 594 ιο
3349 544 3395 597 Α
3446 544 3614 598 rebus
3668 546 3868 612 mundi,

2198 633 2332 702 quia
2354 649 2469 686 non
2522 648 2618 685 eas
2666 636 2937 703 quarunt
2994 647 3099 702 per
3128 636 3286 686 actus
3313 648 3444 685 suos
3478 632 3635 697 boni,
3676 638 3730 686 et
3771 650 3869 686 no-

2196 726 2311 775 ctes
2370 721 2775 775 adversitatum
2832 721 3075 775 tolerant
3129 720 3458 788 laboriosas,
3517 721 3739 793 quando
3763 722 3870 792 jam

2196 815 2329 864 sunt
2372 811 2434 863 in
2485 810 2738 863 cruciatu
2789 809 3064 880 corporis.
3125 809 3222 863 Vel
3257 826 3479 864 menses
3537 810 3715 876 vacui,
3747 811 3869 881 quia

2195 899 2366 954 modo
2397 903 2481 953 est
2518 899 2698 961 labor,
2732 899 2828 953 sed
2855 900 3111 953 nondum
3141 899 3463 970 pramium.

2272 1008 2293 1036 ι
2331 988 2528 1041 Noctes
2585 986 2980 1041 laboriosas.»
3047 988 3377 1056 Enumerat,
3435 993 3564 1055 etc.,
3624 1004 3783 1058 usque
3810 990 3873 1043 ad

2194 1091 2262 1128 eo
2317 1074 2499 1145 magis
2540 1074 2718 1145 gemit
2779 1075 2877 1129 diu
2936 1075 3183 1130 nescisse
3212 1076 3364 1146 quod
3390 1076 3616 1147 quarit,
3662 1082 3715 1130 et
3736 1076 3871 1148 quod

2192 1163 2442 1217 inaniter
2470 1162 2769 1217 laboravit.

2265 1253 2426 1306 Vens.
2482 1253 2534 1307 4.
2590 1282 2659 1292 —
2722 1268 2749 1303 α
2799 1251 2856 1307 Si
2908 1251 3219 1307 dormiero.
3250 1272 3273 1302 ι
3332 1252 3521 1322 (lbid.)
3561 1252 3869 1307 Secundum

2192 1338 2487 1394 historiam
2522 1338 2747 1392 animus
2805 1339 3047 1393 dolentis
3076 1339 3438 1410 exprimitur,
3494 1339 3613 1410 qui,
3651 1343 3870 1409 cogente

2192 1428 2481 1495 maestitia,
2549 1444 2654 1498 per
2688 1427 2912 1482 diversa
2958 1428 3235 1482 desideria
3284 1433 3557 1499 vagatur;
3615 1429 3674 1481 in
3725 1433 3870 1481 nocte

2193 1517 2362 1581 diem,
2400 1517 2455 1570 in
2516 1516 2607 1571 die
2662 1533 2959 1587 vesperam
3016 1517 3319 1584 desiderat,
3380 1517 3515 1588 quia
3567 1518 3730 1571 dolor
3767 1533 3871 1571 non

2191 1605 2328 1659 sinit
2367 1606 2589 1676 placere
2648 1606 2802 1677 quod
2858 1606 3048 1673 adest;
3092 1612 3147 1660 et
3162 1606 3283 1677 jam
3317 1608 3424 1660 hoc
3461 1611 3728 1677 expertus
3754 1622 3869 1677 gra-

2189 1710 2275 1755 ve,
2310 1695 2640 1748 consolante
2674 1693 2957 1749 desiderio
3006 1695 3163 1750 aliud
3193 1700 3503 1766 exspectat;
3545 1696 3644 1750 sed
3674 1710 3774 1749 nec
3801 1696 3871 1748 sic

2190 1783 2353 1837 dolor
2381 1783 2603 1849 ﬁnitur,
2627 1782 2809 1838 unde:

2262 1890 2287 1924 α
2333 1873 2399 1926 Et
2454 1873 2720 1943 replebor
2776 1872 3087 1927 doloribus.
3122 1892 3151 1924 η
3219 1874 3399 1928 Causa
3451 1877 3643 1927 autem
3674 1873 3871 1928 doloris

2186 1961 2309 2016 hac
2334 1966 2418 2016 est
2442 1979 2454 2016 :

2258 2056 2418 2109 Vens.
2453 2058 2503 2108 5.
2556 2084 2625 2093 —
2686 2074 2712 2103 α
2743 2054 2952 2108 Induta
2998 2059 3101 2110 est.
3142 2077 3163 2105 ι
3209 2056 3391 2127 (ιὸἱὰ.)
3432 2056 3645 2110 Eadem
3700 2054 3868 2110 subti-

2184 2144 2294 2199 lius
2324 2146 2383 2200 in
2416 2145 2679 2208 Ecclesia,
2713 2148 2841 2211 etc.,
2870 2161 3039 2215 usque
3068 2147 3141 2202 ad
3205 2163 3321 2202 non
3350 2147 3430 2202 eis
3480 2152 3566 2201 est
3594 2148 3689 2200 hic
3733 2147 3865 2200 inte-

2184 2252 2287 2306 gra
2317 2236 2489 2303 salus,
2521 2236 2674 2290 unde
2708 2234 2924 2290 subdit:

2256 2346 2284 2375 «
2352 2326 2418 2379 Et
2472 2326 2741 2396 replebor
2810 2324 3102 2382 doloribus
3152 2341 3335 2395 usque
3384 2324 3455 2379 ad
3507 2324 3788 2378 tenebras.
3843 2344 3862 2370 ι

2182 2414 2324 2479 Quia
2371 2415 2735 2471 securitatem
2788 2432 2905 2471 non
2960 2414 3198 2480 invenit,
3258 2414 3441 2468 donec
3470 2413 3703 2482 penitus
3726 2417 3862 2465 tem-

2182 2519 2287 2572 pus
2346 2501 2679 2557 tentationis
2731 2501 3024 2574 relinquit.
3102 2502 3323 2556 Doloris
3390 2506 3583 2555 autem
3653 2515 3865 2555 causam

2183 2590 2406 2645 subdit:

2255 2700 2277 2727 ι
2324 2679 2531 2733 Induta
2577 2685 2660 2734 est
2721 2697 2871 2747 caro,
2908 2701 2932 2730 ι
2988 2680 3045 2733 id
3112 2683 3214 2743 est,
3246 2679 3489 2733 carnalis
3536 2679 3652 2732 vita
3708 2694 3864 2749 quam

2181 2783 2309 2837 ago,
2342 2768 2429 2821 vel
2495 2770 2644 2822 mala
2677 2769 3007 2841 operatione
3066 2768 3363 2839 polluitur,
3394 2768 3481 2821 vel
3524 2766 3662 2821 inde
3692 2765 3869 2820 restri-

2180 2858 2286 2921 cta,
2341 2871 2411 2909 ex
2460 2856 2739 2910 memoria
2791 2855 3142 2925 imaginibus
3199 2860 3565 2926 peccatorum
3606 2855 3867 2923 fuscatur,

2116 2937 2156 2992 C
2186 2959 2314 3014 qua
2345 2945 2512 3015 quasi
2555 2945 2741 3015 pulvis
2783 2950 2913 2999 aute
2937 2944 3130 2998 oculos
3164 2947 3425 3015 surgunt.
3477 2944 3723 2997 Ecclesia
3746 2959 3867 2996 vero

2182 3030 2242 3084 in
2273 3032 2615 3101 quibusdam
2676 3032 3037 3103 putredinem
3092 3032 3332 3086 luxuria
3363 3032 3548 3085 carnis
3579 3031 3767 3098 sentit,
3812 3031 3866 3083 in

2183 3120 2393 3188 quibus
2420 3119 2662 3173 terrenis
2686 3119 2903 3174 actibus
2934 3118 3139 3174 deditis
3168 3120 3401 3190 pulvere
3440 3120 3864 3189 conspergitur:

2182 3207 2252 3261 de
2286 3208 2541 3279 utrisque
2572 3208 2765 3263 subdit
2788 3224 2801 3262 :

2254 3317 2281 3347 α
2317 3297 2473 3352 Cutis
2516 3314 2663 3353 mea.
2704 3319 2725 3346 ι
2784 3296 2940 3352 Cutis
2997 3301 3132 3350 sunt
3187 3295 3247 3349 in
3305 3296 3574 3361 Ecclesia,
3634 3296 3736 3367 qui
3788 3313 3867 3349 so-

2178 3385 2248 3439 lis
2299 3385 2671 3441 exterioribus
2735 3386 2885 3440 curis
2940 3389 3169 3439 vacant:
3224 3401 3474 3455 quorum
3529 3386 3706 3439 corda
3770 3384 3867 3438 de-

2178 3474 2427 3543 speratio
2503 3474 2695 3541 siccat,
2767 3480 2822 3528 et
2885 3473 3014 3527 ideo
3083 3474 3518 3540 contrahuntur,
3595 3490 3714 3528 non
3773 3489 3867 3527 ex-

2176 3563 2320 3617 tenti
2348 3580 2449 3634 per
2479 3562 2977 3634 longanimitatem
3036 3562 3109 3616 ad
3152 3567 3428 3616 aternam
3474 3563 3651 3616 vitam
3681 3580 3694 3617 :
3727 3578 3865 3633 pra-

2177 3652 2431 3707 seutibus
2452 3653 2708 3707 harent:
2769 3652 2922 3722 quod
2978 3650 3108 3705 ideo
3137 3651 3222 3717 tit,
3248 3651 3382 3721 quia
3412 3667 3523 3705 non
3571 3652 3867 3706 attendunt

2177 3758 2350 3813 quam
2382 3741 2620 3810 fugitiva
2650 3741 2771 3795 hac
2801 3741 2912 3794 vita
2934 3739 3023 3793 sit.
3084 3740 3192 3794 Sed
3225 3739 3471 3793 Ecclesia
3500 3745 3735 3794 contra:

2248 3832 2408 3885 Vens.
2441 3833 2490 3885 6.
2511 3862 2580 3869 —
2612 3848 2637 3883 α
2671 3830 2797 3883 Dies
2825 3829 2939 3883 mei
2965 3828 3228 3883 velocius.
3261 3848 3285 3880 υ
3313 3828 3603 3883 Sicuttela
3634 3829 3764 3896 filis,
3795 3827 3865 3882 sic

2176 3919 2292 3973 vita
2342 3919 2541 3973 diebus
2590 3918 2830 3989 singulis
2860 3918 3116 3988 proﬁcit:
3153 3916 3250 3970 sed
3278 3933 3389 3987 quo
3438 3918 3623 3987 magis
3653 3917 3864 3981 crescit,

2178 4008 2248 4062 ad
2279 4007 2614 4062 incisionem
2670 4007 2873 4061 tendit.
2923 4007 3029 4061 Sed
3063 4010 3119 4060 et
3142 4006 3271 4059 tela
3304 4006 3696 4060 festinantiam
3724 4005 3863 4060 velo-

2176 4096 2313 4150 citas
2340 4096 2471 4150 vita
2515 4096 2739 4160 transit,
2772 4112 2900 4166 qua
2930 4110 3155 4165 semper
3184 4094 3394 4149 deﬁcit.
3439 4095 3503 4147 Et
3531 4093 3667 4148 ideo
3709 4091 3865 4147 electi

2179 4201 2275 4241 cor
2301 4201 2420 4239 non
2454 4185 2514 4238 in
2545 4200 2609 4238 ea
2640 4184 2849 4255 figunt,
2882 4183 3035 4237 unde
3062 4183 3164 4237 ait:

2251 4298 2271 4323 ι
2318 4275 2381 4328 Et
2425 4273 2749 4343 consumpti
2797 4276 2947 4339 sunt,
2976 4292 2998 4319 ι
3034 4272 3091 4325 id
3114 4276 3216 4337 est,
3260 4271 3477 4325 nullam
3520 4271 3671 4325 mihi
3720 4270 3863 4325 ﬁdu-

2175 4362 2318 4417 ciam
2379 4378 2533 4432 pono
2589 4362 2650 4415 in
2680 4361 2798 4415 his:
2857 4361 3007 4431 quod
3040 4360 3252 4414 faciunt
3284 4359 3532 4430 reprobi,
3570 4377 3680 4430 ego
3736 4376 3859 4413 non.

2246 4452 2403 4505 Vens.
2432 4456 2482 4506 7.
2515 4480 2584 4491 —-
2616 4469 2644 4500 α
2704 4450 3003 4504 Memento.
3040 4468 3067 4501 ν
3118 4449 3298 4519 (Ibid)
3346 4449 3403 4503 Id
3447 4453 3549 4514 est,
3587 4449 3863 4520 benignus

2172 4540 2439 4595 velociter
2483 4543 2876 4593 transeuntem
2908 4538 3147 4608 respice,
3206 4538 3342 4608 quia
3415 4538 3692 4592 humana
3738 4540 3855 4592 bre-

2172 4629 2360 4682 vitatis
2386 4628 2790 4694 consideratio,
2825 4628 2935 4681 Deo
2964 4631 3047 4680 est
3075 4630 3237 4696 grata
3259 4626 3488 4679 oblatio.

2250 4737 2271 4764 σ
2312 4716 2454 4780 Quia
2511 4720 2713 4770 ventus
2767 4720 2923 4770 est.»
2957 4715 3081 4769 Vita
3140 4720 3356 4769 aterna
3409 4720 3467 4769 et
3521 4715 3738 4770 solida:
3780 4714 3863 4768 hic

2173 4804 2287 4858 vita
2305 4821 2405 4858 nec
2427 4805 2604 4859 solida
2625 4821 2729 4859 nec
2759 4821 2995 4858 manens
3029 4804 3345 4875 judicatur.

2245 4892 2429 4963 (Ibid.)
2458 4894 2527 4946 Et
2565 4893 2701 4964 quia
2745 4898 3047 4964 postquam
3099 4894 3306 4948 transit
3346 4893 3475 4956 vita,
3530 4910 3649 4948 non
3681 4898 3764 4948 est
3792 4894 3863 4947 lo-

2170 4998 2269 5037 cus
2294 4982 2554 5036 merendi
2583 4982 2829 5049 veniam,
2860 4981 3079 5036 subdit:

2257 5090 2280 5119 «
2314 5071 2379 5123 Et
2398 5085 2511 5123 non
2543 5069 2865 5124 revertitur.
2906 5090 2927 5117 ι
2972 5070 3031 5124 Id
3082 5074 3184 5137 est,
3217 5074 3348 5140 post
3376 5074 3648 5136 mortem,
3706 5084 3858 5123 mens

2169 5175 2331 5213 suam
2363 5158 2798 5212 retributionem
2850 5158 3068 5226 videns,
3108 5175 3224 5212 non
3281 5163 3580 5213 revocatur
3609 5158 3683 5212 ad
3714 5156 3857 5211 exhi-

2166 5247 2355 5302 benda
2416 5247 2570 5302 bona
2624 5262 2823 5316 opera:
2880 5246 3031 5300 unde
3090 5247 3246 5301 dives
3309 5247 3377 5301 de
3412 5263 3470 5301 se
3527 5246 3854 5318 desperans,

2167 5334 2320 5403 quod
2377 5340 2463 5388 est
2517 5333 2847 5405 aggravatio
2910 5349 3114 5403 pana,
3172 5349 3277 5404 pro
3346 5333 3615 5387 fratribus
3674 5336 3851 5403 rogat.

2166 5423 2301 5476 Ecce
2368 5422 2484 5477 vita
2537 5422 2761 5491 transit,
2826 5422 2982 5493 quod
3037 5422 3297 5495 sequitur
3349 5426 3666 5493 permanet.
3731 5423 3856 5476 Post

2165 5510 2358 5577 etiam,
