4082 6184
190 245 293 257 α--

1290 248 1293 251 ’
1361 240 1616 296 GLOSSA
1654 239 2060 296 ORDINARIA.
2108 265 2166 279 »-
2211 240 2344 295 LIB.
2382 238 2525 294 JOB.

3599 242 3703 293 778

265 360 424 413 Vens.
453 361 504 413 8.
561 387 633 399 —
679 377 708 409 «
736 358 847 412 Nec
874 355 1111 427 aspiciet
1155 371 1245 409 me
1273 356 1427 410 visus
1454 357 1729 412 hominis.
1773 379 1799 407 ι
1833 359 1895 413 Id
1921 363 1969 415 Α
2005 376 2108 414 1108
2133 359 2413 413 custodire
2444 373 2817 429 nequeamus,
2850 362 2906 412 et
2953 358 2997 412 si
3044 358 3180 430 quid
3238 374 3532 427 conamur,
3578 375 3706 430 pec-

187 452 277 502 est
309 445 703 501 misericordia
728 444 1152 515 Redemptoris,
1185 460 1313 515 qua:
1340 445 1704 514 peccantium
1736 446 1896 500 duri-

186 536 334 591 tiam
368 535 611 600 emollit,
664 538 726 587 ut
755 550 885 587 cum
938 534 1167 587 Petrum
1228 533 1476 603 respexit
1529 533 1679 604 (Luc.
1730 535 1896 605 xxn);

188 624 292 678 sed
326 629 454 695 post
484 628 726 676 mortem
762 638 874 675 non
908 621 1129 687 liberat,
1163 638 1337 691 quem
1378 627 1508 677 ante
1561 624 1746 693 gratia
1782 641 1897 679 non

189 713 491 768 reformat.
530 714 652 767 Non
677 712 827 765 visus
856 710 1127 776 hominis,
1164 711 1282 778 sed,

273 822 301 853 «
334 801 493 856 Oculi
534 802 615 855 tui
646 801 727 856 in.
763 822 785 849 ι
815 801 1037 869 (611110.)
1073 800 1131 853 Id
1167 805 1271 863 est,
1296 800 1614 854 districtum
1641 802 1898 871 judicem

192 893 265 946 ad
300 890 621 945 feriendum
652 888 888 951 videbis,
929 893 985 941 et
1004 886 1104 959 qui
1152 887 1242 941 hic
1274 892 1633 959 exspectatus
1663 889 1734 943 ad
1777 907 1897 960 poe-

190 980 497 1034 nitentiam
531 977 780 1032 substitit
803 978 922 1047 jam
959 992 1075 1029 non
1104 976 1391 1053 subsistat.
1423 978 1535 1030 Hoc
1572 978 1731 1047 justo
1763 995 1894 1033 con-

190 1069 372 1134 venit,
407 1068 505 1137 qui
537 1067 701 1121 timet
755 1082 926 1120 omne
957 1065 1109 1136 quod
1145 1065 1276 1135 agit,
1312 1070 1368 1118 et
1405 1071 1627 1119 remota
1686 1067 1898 1137 pietate

190 1174 252 1212 se
273 1157 597 1228 periturum
639 1154 888 1226 praescit,
949 1159 1004 1207 et
1033 1170 1147 1207 non
1188 1152 1444 1207 subsistit
1494 1159 1628 1208 ante
1680 1157 1895 1221 oculos,

191 1248 333 1317 quia
381 1260 563 1315 pmnae
593 1244 706 1297 vita
737 1259 851 1297 non
880 1242 1107 1308 sufﬁcit,
1152 1243 1196 1295 si
1221 1241 1449 1312 justitia
1499 1258 1631 1297 eum
1665 1244 1893 1315 premit.

193 1334 307 1386 Nec
340 1331 492 1385 enim
511 1336 678 1395 astra,
702 1330 757 1385 id
781 1336 865 1385 est
888 1330 987 1401 qui
1031 1330 1332 1384 sanctitate
1367 1332 1574 1391 lucent.
1610 1348 1803 1386 coram
1829 1349 1895 1386 eo

116 1484 123 1491 _
189 1420 413 1473 munda
444 1422 594 1473 sunt.
629 1419 806 1490 Culpa
837 1425 1028 1472 autem
1061 1424 1116 1473 et
1162 1435 1331 1489 poena
1367 1420 1608 1474 humani
1669 1422 1896 1492 generis

193 1507 450 1561 breviter
474 1508 756 1561 subditur.

264 1598 433 1650 Vens.
469 1599 525 1651 9.
562 1626 626 1636 —
656 1616 676 1645 ι
708 1596 863 1650 Sicut
885 1596 1239 1650 consumitur
1261 1597 1459 1651 nubes.
1490 1618 1516 1644 »
1552 1598 1757 1668 (Ibid.)
1780 1598 1894 1652 Nu-

193 1686 293 1740 bes
328 1687 397 1739 ad
448 1685 563 1740 alta
593 1687 833 1750 levatur,
867 1690 996 1754 etc.,
1047 1702 1214 1755 usque
1243 1686 1317 1740 ad
1375 1686 1514 1740 vade
1555 1687 1618 1741 in
1661 1687 1899 1741 domum

198 1781 383 1829 tuam.

266 1864 451 1918 Vens.
493 1866 573 1917 10.
607 1890 670 1903 -·
709 1884 737 1913 ‹‹
770 1863 961 1933 Neque
1015 1868 1316 1934 cognoscet
1369 1880 1500 1918 eum
1533 1864 1781 1935 amplius
1811 1864 1896 1918 lo-

195 1968 314 2005 cus.
351 1971 379 2001 ID
414 1952 601 2022 (Ibid.)
652 1953 828 2005 Locus
884 1951 1133 2005 hominis
1185 1952 1332 2005 Deus
1370 1958 1473 2017 est,
1543 1958 1671 2018 etc.,
1731 1967 1899 2022 usque

192 2041 269 2094 ad
342 2040 528 2094 adhuc
578 2040 648 2094 de
700 2040 1070 2110 corruptione
1114 2039 1312 2116 carnis
1380 2038 1897 2094 contradictionem

202 2129 394 2182 sentit.

266 2219 431 2271 Vens.
469 2220 553 2271 I2.
585 2248 654 2256 —
693 2235 721 2268 α
750 2216 1017 2288 Nunquid
1058 2233 1214 2271 mare
1245 2233 1390 2271 sum.
1452 2236 1479 2267 »
1513 2216 1702 2285 (11)ίά.)
1757 2217 1897 2271 Car-

194 2321 307 2373 cer,
339 2311 426 2359 est
453 2320 583 2358 caro
613 2320 741 2375 quin
791 2304 1054 2372 impedit,
1105 2309 1235 2372 etc.,
1282 2319 1451 2372 usque
1478 2304 1552 2358 ad
1585 2320 1735 2357 nunc
1766 2304 1897 2358 sub-

198 2394 276 2447 dit
301 2393 609 2447 consilium
633 2398 831 2447 contra
852 2409 937 2446 ea.

263 2483 425 2536 Vens.
464 2486 547 2536 15.
583 2513 649 2521 -
685 2504 705 2530 ο
740 2481 1125 2544 Quamobrem
1157 2480 1344 2551 elegit.
1379 2501 1407 2532 »
1441 2480 1628 2551 (Ibid)
1668 2482 1895 2547 Anima,

196 2576 280 2625 est
309 2570 555 2624 intentio
594 2569 821 2637 mentis,
875 2575 1006 2634 etc.,
1042 2584 1210 2639 usque
1249 2570 1323 2623 ad
1355 2589 1382 2619 «
1415 2569 1460 2623 si
1510 2571 1615 2624 hoc
1642 2570 1786 2624 mihi
1814 2570 1894 2624 fa-

200 2663 395 2713 cturus
425 2675 482 2713 es
503 2658 759 2713 interﬁce
791 2674 903 2711 me.
943 2678 969 2709 »

270 2749 431 2800 Vens.
472 2750 554 2803 I6.
598 2776 660 2787 -—
715 2766 739 2798 1
776 2749 947 2800 Parce
1006 2746 1167 2813 mihi,
1204 2746 1465 2812 Domine,
1501 2765 1529 2797 11
1583 2752 1646 2801 111
1676 2750 1893 2801 aeterna

205 2836 319 2901 des,
356 2837 487 2907 quia
536 2840 867 2907 contemptu
897 2836 1128 2890 illorum
1158 2836 1282 2889 haec
1331 2835 1535 2890 melius
1567 2840 1890 2905 sperantur.

2007 448 2144 502 catis
2177 464 2500 518 gravamur,
2531 448 2683 501 unde
2709 462 2721 503 :

2081 556 2107 587 α
2140 536 2324 601 Quare
2352 536 2596 606 posuisti
2618 552 2711 590 me
2744 540 3114 590 contrarmm.
3153 557 3177 586 ι
3214 537 3355 592 Cum
3384 538 3558 591 homo
3589 554 3704 591 ser-

2006 624 2169 694 penti
2216 624 2476 692 credidit,
2541 629 2669 690 etc.,
2741 640 2911 693 usque
2972 625 3045 679 ad
3101 625 3199 681 sed
3256 625 3705 681 misericordiam

2008 714 2234 785 quaerit,
2270 714 2421 768 unde
2445 713 2603 767 addit
2633 730 2645 766 :

2078 804 2221 856 Vens
2248 806 2339 857 2t.
2372 834 2439 842 —
2480 821 2506 853 11
2564 802 2675 857 Cur
2723 817 2842 856 non
2897 803 3070 857 tollis.
3126 821 3153 855 ι
3194 804 3328 858 Ecce
3359 804 3705 859 desiderium

2007 890 2357 956 Mediatoris,
2392 890 2490 961 qui
2524 891 2675 944 tollit
2706 894 2939 961 peccata
2988 891 3212 946 mundi.
3245 892 3365 959 Vel,
3412 896 3549 947 tunc
3574 909 3703 963 pec-

2008 984 2196 1033 catum
2244 980 2413 1050 plene
2468 980 2718 1046 tolletur,
2769 996 2900 1034 cum
2949 980 3010 1034 in
3061 981 3487 1051 corruptionem
3534 980 3709 1035 homo

2008 1068 2342 1122 mutabitur.
2382 1069 2667 1122 Desiderat
2713 1084 2849 1139 ergo
2893 1070 3341 1140 Redemptorem
3370 1070 3458 1123 vel
3517 1086 3709 1123 resur-

2006 1157 2344 1219 rectionem,
2379 1158 2528 1211 unde
2556 1160 2611 1211 et
2631 1173 2861 1228 poenam
2894 1174 3069 1228 quam
3098 1174 3166 1212 ex
3196 1158 3420 1229 origine
3474 1158 3707 1223 meruit,

2008 1250 2065 1300 et
2089 1246 2375 1315 judicium
2426 1246 2582 1316 quod
2614 1263 2677 1300 ex
2724 1246 2959 1317 propria
3012 1247 3240 1302 actione
3278 1247 3464 1313 timet,
3512 1247 3711 1317 adjun-

2008 1334 2108 1403 git.
2146 1336 2280 1388 Ecce
2330 1350 2480 1387 nunc
2521 1335 2776 1405 peccanti
2842 1336 3058 1390 homini
3108 1336 3321 1391 dictum
3373 1340 3501 1390 est:
3558 1336 3711 1389 Cinis

2008 1440 2085 1491 es,
2123 1428 2179 1477 et
2202 1422 2259 1476 in
2289 1423 2539 1477 cinerem
2570 1423 2889 1479 reverteris.
2928 1447 2949 1472 ι

2081 1529 2107 1561 α
2142 1510 2327 1574 Quare
2357 1510 2599 1581 posuisti
2626 1527 2715 1564 me
2745 1513 3114 1567 contrarium.
3154 1534 3175 1561 ι
3230 1512 3409 1583 (Ibid)
3456 1512 3598 1576 Quia
3621 1512 3707 1566 in-

2008 1598 2200 1665 ferior,
2258 1600 2439 1654 factus
2506 1600 2825 1654 contrarius
2903 1602 3071 1655 modo
3148 1600 3452 1671 superiori,
3511 1599 3566 1653 id
3628 1604 3713 1653 est

2013 1686 2126 1740 Deo
2162 1686 2327 1741 :ideo
2354 1691 2612 1741 nostrum
2671 1687 2930 1755 inferius,
2986 1688 3045 1742 id
3086 1693 3170 1743 est
3218 1688 3574 1753 sensualitas,
3626 1686 3709 1741 fa-

2009 1778 2163 1828 ctum
2208 1780 2296 1830 est
2347 1776 2702 1830 contrarium
2745 1776 3047 1847 superiori,
3107 1777 3165 1831 id
3219 1782 3303 1832 est
3342 1776 3589 1848 spiritui,
3648 1780 3712 1830 ut

2010 1878 2238 1933 semper
2259 1868 2535 1935 pugnent.

2085 1974 2105 2000 ι
2142 1952 2322 2019 Mane,
2378 1974 2399 2001 ο
2447 1953 2503 2007 id
2538 1957 2642 2019 est,
2675 1954 2735 2008 in
2785 1954 3034 2007 adventu
3084 1953 3319 2025 judicis,
3369 1954 3459 2009 cui
3519 1954 3714 2008 omnia

2008 2046 2224 2111 aperta.
2284 2042 2547 2105 Quaerere
2638 2041 2757 2109 Dei,
2817 2047 2901 2096 est
2964 2042 3217 2096 districte
3242 2042 3521 2112 judicare,
3581 2047 3713 2097 ante

2008 2146 2179 2201 quem
2208 2146 2313 2184 nec
2344 2130 2535 2199 justus
2577 2130 2869 2197 subsistit;
2911 2131 3009 2184 sed
3041 2132 3149 2185 hoc
3175 2137 3259 2185 est
3307 2132 3577 2185 solatium
3638 2131 3712 2185 li-

2006 2219 2336 2284 berationis,
2361 2219 2514 2290 quod
2545 2235 2603 2272 se
2634 2219 2893 2273 sufﬁcere
2927 2235 3045 2273 non
3075 2236 3238 2290 posse
3278 2219 3415 2273 dicit
3442 2220 3709 2288 humilis;

2007 2308 2229 2379 plangit
2253 2323 2389 2378 ergo
2444 2312 2689 2363 mortem
2719 2325 2848 2379 quae
2895 2326 3069 2378 nunc,
3093 2314 3178 2364 est
3233 2309 3395 2364 timet
3428 2310 3709 2380 judicium

2008 2395 2162 2466 quod
2188 2394 2471 2449 imminet.

2649 2466 2877 2521 CAPUT
2924 2468 3068 2521 VIII.

2077 2572 2237 2624 Vens.
2275 2574 2323 2624 1.
2359 2601 2427 2609 -—
2459 2591 2485 2618 ‹‹
2516 2571 2892 2640 Respondeas
2943 2578 3155 2626 autem.
3205 2594 3225 2620 ι
3264 2572 3479 2642 (Gnee.)
3513 2571 3708 2627 Scien—

2005 2660 2144 2715 dum
2175 2664 2260 2713 est
2312 2658 2623 2729 imprimis,
2661 2661 2797 2731 quia
2828 2660 2974 2715 sicut
3002 2661 3232 2731 Eliphaz
3282 2660 3706 2717 sanctissimum

2004 2750 2105 2804 Job
2134 2749 2203 2803 de
2231 2748 2502 2819 superbia
2530 2748 2925 2820 principaliter
2971 2749 3210 2815 notavit,
3251 2749 3383 2803 licet
3412 2754 3467 2803 et
3496 2750 3564 2805 de
3602 2751 3709 2821 hy-

2004 2837 2216 2907 pocrisi
2272 2837 2522 2892 breviter
2565 2838 2839 2909 tetigerit,
2893 2838 2970 2892 ita
3027 2843 3085 2892 et
3130 2838 3237 2891 iste
3293 2838 3362 2892 de
3421 2838 3711 2908 hypocrisi

203 2926 379 2979 Deum
412 2925 568 2994 parci
598 2924 705 2978 sibi
766 2924 923 2995 petit,
974 2924 1181 2994 probat
1228 2924 1380 2995 quod
1413 2940 1527 2977 non
1585 2940 1618 2976 a
1648 2925 1764 2977 Deo
1795 2924 1895 2977 de-
1925 2931 1965 2987 C
2005 2926 2406 2997 principaliter
2460 2931 2659 2981 notare
2715 2927 2989 2994 intendit;
3044 2927 3139 2981 sed
3196 2927 3533 2997 priusquam
3602 2927 3714 2981 hoc

201 3015 486 3084 speravit;
549 3014 700 3083 quod
733 3018 836 3079 est,
868 3013 1242 3082 suspendium
1298 3012 1488 3082 elegit,
1532 3014 1639 3067 hoc
1669 3017 1770 3077 est,
1805 3012 1901 3066 de-

203 3102 473 3169 speravit,
509 3103 577 3156 de
601 3103 800 3156 eodem
830 3101 1044 3167 intulit,
1076 3117 1244 3172 parce
1277 3118 1290 3155 :
1326 3101 1479 3171 quod
1500 3105 1602 3168 est,
1660 3103 1900 3155 mortem

199 3208 325 3245 ossa
351 3209 363 3245 :
399 3191 511 3245 hoc
540 3195 643 3257 est,
674 3208 790 3244 non
822 3193 971 3245 ultra
999 3190 1190 3244 vivant
1220 3190 1328 3244 hoc
1349 3190 1544 3245 tertio.

270 3299 297 3331 11
332 3279 487 3334 Nihil
520 3280 673 3334 enim
710 3285 843 3334 sunt
884 3279 1004 3333 dies
1052 3279 1184 3333 mei.
1223 3299 1246 3327 ι
1297 3278 1405 3344 Qui
1452 3283 1666 3333 aeterna
1718 3278 1903 3332 consi-

198 3374 385 3440 derat,
419 3371 489 3426 ad
520 3388 578 3425 se
608 3371 835 3426 rediens
882 3371 1028 3424 bene
1072 3370 1176 3424 hos
1223 3370 1343 3424 dies
1397 3370 1543 3424 nihil
1602 3375 1787 3436 vocat,
1849 3374 1906 3424 et

191 3459 452 3514 districte
477 3460 722 3531 judicari
760 3459 1052 3514 formidat.

266 3551 432 3603 Vens.
468 3552 550 3602 17.
580 3578 647 3589 —-
684 3568 710 3597 «
734 3547 879 3612 Quid
928 3552 1012 3602 est
1074 3549 1269 3602 homo.
1301 3569 1327 3598 )
1363 3547 1557 3618 (Ibid.)
1588 3546 1907 3617 Magniﬁcat

197 3638 352 3691 Deus
408 3636 705 3690 hominem
758 3636 939 3689 multo
992 3634 1273 3706 spirituali
1338 3650 1598 3699 munere,
1661 3639 1713 3687 et
1772 3636 1941 3702 erga'

192 3742 334 3780 eum
393 3726 557 3797 ponit
602 3742 718 3791 cor,
771 3725 906 3796 quia
953 3740 1056 3794 pro
1114 3723 1259 3778 datis
1318 3723 1625 3777 districtius
1665 3722 1901 3793 judicat.

190 3816 307 3870 Sed
347 3814 485 3884 quid
534 3814 753 3868 homo?
802 3813 1009 3884 quasi:
1063 3812 1168 3866 etsi
1226 3812 1625 3883 magniﬁcatus
1674 3811 1820 3864 ultra
1850 3826 1907 3863 se

193 3902 376 3958 donis
404 3902 540 3968 tuis,
571 3906 767 3955 tamen
819 3901 956 3964 quia
992 3916 1124 3954 caro
1167 3904 1268 3965 est,
1305 3900 1351 3953 si
1399 3900 1519 3953 sine
1554 3899 1764 3971 pietate
1810 3901 1907 3969 ju-

192 3992 453 4059 dicatur,
483 3990 631 4045 ferre
661 4006 780 4044 non
808 3993 1016 4060 potest,
1052 3988 1201 4043 unde
1230 3989 1416 4043 adhuc
1438 3989 1595 4043 addit
1627 4005 1640 4042 :

271 4081 441 4133 Vens.
503 4083 583 4133 18.
632 4110 701 4118 -
732 4097 758 4129 11
806 4078 1011 4132 Visitas
1050 4094 1180 4132 eum
1212 4077 1484 4132 diluculo.
1521 4097 1548 4128 n
1585 4078 1909 4132 Diluculum

194 4174 285 4223 est
316 4184 451 4222 cum
496 4168 561 4222 de
609 4172 771 4221 nocte
822 4167 1089 4221 vitiorum
1138 4171 1195 4220 et
1235 4166 1578 4237 ignorantiae
1610 4167 1678 4222 ad
1724 4168 1908 4221 lucem

194 4258 367 4312 venit
398 4257 593 4325 homo,
626 4256 683 4309 111
716 4272 829 4327 quo
864 4262 919 4309 et
945 4271 1079 4309 mox
1109 4255 1387 4326 probatur
1427 4272 1439 4309 :
1474 4271 1546 4309 ne
1577 4254 1732 4309 enim
1763 4256 1913 4309 bona

194 4364 230 4400 a
260 4362 324 4399 se
379 4344 590 4398 habere
642 4344 941 4414 glorietur,
983 4342 1295 4397 tentatione
1356 4343 1583 4398 concuti
1637 4344 1915 4414 permitti-

195 4441 316 4499 tnr,
352 4438 419 4486 ut
448 4433 690 4486 altitudo
739 4432 833 4485 Dei
877 4436 933 4485 et
964 4432 1051 4485 sui
1100 4431 1403 4485 inﬁrmitas
1441 4432 1724 4498 videatur,
1772 4433 1913 4487 sicut

194 4524 478 4578 Salomon
539 4526 667 4592 post
723 4521 1065 4591 sapientiam
1119 4525 1439 4575 tentatura
1478 4521 1911 4575 meretricibus:

194 4614 327 4668 haec
387 4615 507 4664 tota
576 4611 684 4664 hac
750 4611 1104 4664 mortalitate
1174 4610 1350 4664 homo
1398 4610 1618 4681 patitur
1689 4611 1842 4665 unde
1900 4627 1913 4665 :

199 4720 231 4750 σι
272 4700 585 4769 Usquequo
611 4715 728 4753 non
770 4700 957 4768 parcis
997 4697 1159 4751 mihi.
1200 4719 1218 4745 ι

283 4788 444 4841 Vens.
485 4790 567 4841 I9.
601 4816 672 4828 —
706 4809 727 4836 ι
779 4786 1047 4842 Salivam.
1096 4806 1120 4835 κ
1161 4786 1352 4856 (Ibid.)
1412 4786 1600 4840 Saliva
1655 4786 1716 4840 in
1772 4802 1835 4839 os
1886 4802 1919 4839 a

191 4876 397 4946 capite
448 4875 677 4941 labitur,
738 4880 870 4941 etc.,
923 4891 1093 4944 usque
1134 4875 1208 4928 ad
1239 4873 1339 4945 qui
1384 4873 1493 4927 hoc
1523 4874 1647 4928 vult
1678 4875 1910 4941 mereri,

192 4967 427 5020 fatetur
454 4966 670 5018 malum
702 4964 853 5035 quod
875 4964 1046 5017 fecit:
1083 4981 1112 5014 1(
1146 4962 1395 5028 Peccavi,
1428 4967 1534 5016 etc.
1570 4982 1597 5013 »

281 5052 445 5105 Vens.
479 5053 566 5105 20.
600 5081 671 5090 —
700 5068 728 5101 α
760 5049 1011 5116 Peccavi,
1058 5049 1193 5120 quid
1222 5047 1427 5103 faciam
1460 5046 1585 5101 tibi.
1648 5066 1676 5098 »
1725 5045 1918 5115 (Ibid)

195 5140 388 5207 Quasi
421 5157 433 5193 :
468 5138 607 5210 quid
639 5139 699 5193 in
736 5138 1333 5209 recompensationem
1365 5137 1469 5191 tibi
1522 5136 1760 5191 offeram
1805 5151 1921 5189 non

193 5229 464 5290 invenio,
546 5229 684 5299 quia
757 5228 944 5281 omnis
1000 5229 1180 5281 virtus
1232 5226 1485 5280 hominis
1565 5225 1635 5279 ad
1695 5226 1920 5294 culpam

197 5317 568 5374 abluendam
626 5317 857 5370 inﬁrma
882 5321 982 5370 est.
1043 5317 1161 5382 Vel,
1220 5334 1248 5367 «
1301 5315 1438 5386 quid
1469 5314 1669 5368 faciam
1720 5313 1846 5381 tibi,
1892 5332 1921 5364 »

202 5406 408 5481 quasi:
440 5405 637 5460 omnia
664 5405 815 5460 bona
834 5421 951 5460 non
978 5405 1104 5471 tibi,
1130 5405 1225 5459 sed
1255 5403 1422 5458 nobis
1450 5407 1709 5474 prosunt.

291 5518 314 5546 ι
352 5495 400 5549 Ο
432 5498 619 5549 custos
662 5494 985 5549 hominum.
1023 5515 1047 5543 ι)
1082 5493 1226 5558 Quia
1276 5509 1383 5545 nos
1426 5492 1505 5545 sic
1553 5490 1832 5553 destituit,
1865 5494 1927 5544 ut

588 5603 860 5668 PATROL.
910 5602 1126 5669 CXIII.

2013 3014 2201 3081 faciat,
2245 3014 2519 3085 quiddam
2559 3015 2860 3085 praemittit
2910 3015 3059 3068 unde
3111 3014 3489 3084 perpenditur
3538 3031 3713 3086 quam

2015 3116 2257 3154 onerosa
2312 3100 2364 3154 ei
2415 3100 2630 3155 fuerint
2671 3101 2843 3155 verba
2880 3100 3058 3171 ipsius
3104 3101 3228 3168 Job,
3279 3101 3450 3155 verba
3498 3102 3714 3156 scilicet

2015 3188 2408 3244 aadiﬁcationis
2454 3190 2666 3261 :quasi
2713 3206 2851 3260 ergo
2899 3189 3136 3244 ulterius
3183 3190 3331 3244 bene
3378 3191 3710 3262 loquentem

2014 3278 2132 3349 pati
2178 3295 2293 3333 non
2323 3278 2521 3349 possit,
2559 3278 2916 3350 indignative
2969 3279 3030 3333 in
3059 3279 3182 3333 haec
3228 3278 3396 3334 verba
3426 3280 3708 3351 prorupit,

2016 3367 2210 3421 dicens
2252 3384 2267 3421 :

2087 3458 2246 3511 Vens.
2289 3460 2342 3510 2.
2402 3488 2470 3496 —
2526 3478 2548 3506 ι
2618 3457 2922 3528 Usquequo
2978 3456 3232 3527 loqueris
3274 3456 3428 3510 talia.
3472 3478 3499 3506 »
3543 3456 3715 3521 Quasi

2016 3546 2204 3601 dicat:
2246 3561 2423 3616 quare
2475 3546 2730 3617 loqueris
2795 3545 3073 3600 inutilia?
3132 3550 3188 3600 et
3243 3545 3476 3616 spiritus
3524 3546 3717 3600 multi-

2016 3633 2166 3702 plex.
2214 3672 2227 3685 .
2274 3673 2286 3685 .
2334 3672 2405 3686 ..

2092 3740 2119 3770 «
2186 3720 2373 3790 Usque
2456 3719 2707 3790 loqueris
2779 3720 2935 3775 talia.
2994 3740 3021 3769 ››
3102 3718 3473 3788 (Ibid.)‘Quia
3524 3720 3719 3790 gravia

2019 3812 2152 3861 sunt
2228 3807 2429 3878 iniquo
2486 3808 2659 3862 verba
2741 3807 3136 3861 aediﬁcationis
3176 3808 3338 3878 quasi
3395 3806 3543 3862 ferre
3601 3825 3719 3863 non

2019 3896 2232 3967 possit;
2294 3902 2350 3951 et
2400 3896 2537 3967 quia
2565 3912 2683 3949 non
2722 3896 2842 3949 vult
2887 3894 3117 3964 corrigi,
3160 3895 3307 3949 bene
3337 3894 3488 3949 dicta
3520 3895 3715 3949 crimi-

2021 3989 2209 4039 natur.

2093 4094 2121 4124 (1
2152 4074 2221 4127 Ε1
2249 4072 2485 4143 spiritus
2523 4071 2843 4142 multiplex.
2870 4092 2897 4121 »
2928 4070 3109 4141 (Ιὸἰά.)
3150 4072 3295 4125 Dum
3330 4070 3718 4142 multiplicite-

2020 4166 2136 4217 tem
2162 4162 2411 4216 sermoni
2457 4162 2580 4232 ejus
2609 4160 2833 4228 tribuit,
2863 4160 3117 4231 inopiam
3147 4160 3511 4231 intelligenti,
3543 4160 3721 4231 ipsius

2021 4250 2407 4321 reprehendit.
2441 4251 2509 4305 Et
2538 4254 2672 4304 nota
2711 4266 2833 4304 esse
2885 4255 3132 4321 quatuor
3161 4266 3372 4320 genere
3422 4249 3716 4320 loquendi.

2018 4340 2125 4395 Alii
2168 4339 2321 4393 enim
2380 4339 2557 4410 ampli
2600 4343 2735 4393 sunt
2789 4354 2887 4393 ore
2940 4344 2997 4392 ct
3054 4354 3243 4403 sensu,
3301 4338 3403 4409 qui
3450 4337 3719 4391 laudandi

2019 4433 2190 4495 sunt;
2229 4428 2328 4482 alii
2357 4445 2490 4482 vero
2521 4432 2766 4499 utroque
2818 4426 3019 4493 stricti,
3081 4427 3180 4498 qui
3231 4426 3569 4491 miserandi;
3623 4427 3719 4480 alii

2022 4534 2189 4571 sensu
2253 4517 2448 4587 ampli,
2504 4516 2602 4571 sed
2676 4532 2796 4569 non
2844 4520 3085 4587 possunt
3141 4514 3354 4585 eloqui,
3439 4512 3539 4585 qui
3589 4518 3723 4566 sunt

2022 4606 2365 4676 adjuvandi;
2427 4605 2523 4659 alii
2568 4621 2737 4659 sensu
2794 4606 3016 4675 inopes,
3078 4604 3175 4657 sed
3233 4604 3432 4669 lingua
3498 4608 3721 4656 torren-

2022 4699 2126 4761 tes,
2162 4694 2261 4765 qui
2315 4692 2666 4764 despiciendi
2698 4710 2711 4747 :
2766 4693 2918 4765 quod
2948 4693 3053 4747 iste
3084 4694 3143 4746 in
3201 4691 3416 4745 crimen
3463 4691 3569 4745 Job
3598 4695 3724 4745 tor-

2024 4786 2179 4854 quet.

2094 4872 2257 4927 Vens.
2292 4874 2341 4926 3.
2380 4900 2447 4912 —
2479 4890 2506 4922 11
2554 4870 2823 4941 Nunquid
2878 4871 3045 4924 Deus.
3096 4889 3121 4920 n
3172 4868 3387 4937 (Gnee.)
3448 4869 3573 4922 Haec
3622 4868 3725 4923 Joh

2026 4976 2130 5015 nec
2158 4964 2470 5031 negaverat
2517 4975 2622 5014 nec
2678 4958 3002 5029 ignorabat,
3065 4963 3194 5025 etc.,
3232 4971 3400 5025 usque
3447 4957 3522 5011 ad
3564 4957 3725 5027 quasi

2021 5051 2174 5121 juste
2203 5048 2499 5120 perierint,
2528 5048 2671 5102 alios
2701 5047 2939 5113 feriunt,
2975 5046 3125 5101 unde
3157 5044 3349 5099 subdit
3380 5062 3393 5099 :

2099 5138 2260 5191 Vens.
2292 5137 2345 5199 4,
2380 5141 2431 5192 5.
2466 5168 2529 5175 ——
2577 5155 2605 5187 «
2638 5136 2869 5190 Etiamsi
2900 5134 3006 5190 ﬁlii
3058 5135 3144 5189 tui
3186 5138 3583 5206 peccaverunt,
3617 5139 3723 5191 etc.

2029 5226 2087 5281 Si
2118 5225 2411 5280 diluculo:
2470 5245 2499 5276 »
2544 5224 2710 5295 quasi
2768 5224 2881 5295 ipsi
2931 5224 2992 5278 in
3041 5225 3191 5291 luce,
3248 5222 3494 5277 Ecclesia
3544 5223 3619 5278 sit
3668 5224 3729 5279 in

2031 5318 2244 5368 nocte:
2297 5328 2469 5384 quam
2518 5317 2744 5380 vocant,
2779 5318 2843 5367 ut
2881 5328 2983 5384 per
3035 5311 3422 5383 cognitionem
3472 5312 3573 5366 Dei
3615 5329 3733 5367 sur-

2032 5407 2150 5473 gat,
2185 5405 2242 5456 et
2269 5418 2374 5473 per
2402 5418 2629 5474 precem
2679 5401 3027 5474 poenitentia;
3084 5400 3379 5472 111-8101118
3426 5400 3627 5467 diluat,
3685 5403 3731 5455 si

2033 5492 2280 5546 mundus
2312 5510 2339 5539 »
2388 5490 2447 5544 in
2477 5491 2843 5562 cogitatione.
2890 5510 2918 5541 α
2952 5495 3138 5544 rectus
3170 5510 3197 5541 ι)
3229 5490 3291 5544 111
3321 5505 3517 5560 opere.

3236 5602 3318 5660 25
