4082 6184
407 272 512 322 ’779

1046 264 1440 320 WALAFRIDI
1480 266 1725 320 STRABI
1768 263 1965 319 ΕΓΗ).
2014 265 2081 319 Μ(

2217 264 2369 319 ΟΡΡ.
2417 265 2591 319 PARS
2631 266 2670 318 l.
2712 292 2783 306 -—
2821 264 3276 322 THEOLOGICA.
3786 272 3877 323 780

482 392 639 444 Vens.
676 393 727 444 6.
793 421 851 429 -—
892 412 913 438 ι
958 388 1281 459 Evigilabit.
1354 409 1375 437 ι
1412 387 1523 451 Qui
1568 387 1638 441 ab
1670 386 1958 457 adjutorio
2016 388 2101 442 tui
2128 390 2175 442 Α
2214 388 2390 443 favor.
2435 389 2554 453 Vel,
2601 390 2807 443 domus
2859 394 2944 443 est
2998 389 3211 444 fiducia
3257 389 3590 451 sanctitatis,
3646 406 3766 463 quae
3807 409 3882 447 co-

409 479 583 532 modo
615 478 859 531 errantis
888 478 1123 531 dormit.

482 586 509 617 ‹‹
560 569 625 620 Et
653 572 915 637 pacatum
972 566 1162 619 redde.
1216 586 1237 613 ι
1288 564 1510 634 (Gneo)
1552 564 1615 619 Id
1672 569 1758 619 est
1802 566 2102 635 praesentis

407 657 537 710 vitae
566 656 1036 726 tranquillitatem
1077 654 1351 715 restituet,
1394 669 1568 724 quam
1610 654 1785 707 solam
1816 654 2101 708 aestimant

408 762 528 799 esse
562 745 659 797 Dei
704 743 1250 797 remunerationem.

480 850 507 880 α
550 831 1131 901 Habitaculumjusti.
1194 852 1215 878 ι

408 918 601 973 dicunt
647 920 803 990 quod
850 926 1104 989 pacatur,
1163 920 1300 989 quia
1352 919 1399 971 si
1448 936 1546 972 eos
1600 935 1702 972 sua
1757 920 2012 986 trahunt,
2067 936 2102 974 ει

405 1008 768 1062 contentione
808 1010 1207 1063 conticescunt.
1243 1009 1391 1077 Opes
1442 1024 1673 1079 quoque
1703 1008 2100 1079 intelligentia

404 1097 753 1166 promittunt
774 1097 1033 1151 dicendo.

476 1184 635 1238 Vens.
662 1190 713 1238 7.
740 1215 809 1225 —
858 1207 879 1233 ι
916 1186 978 1238 In
1030 1190 1276 1239 tantum.
1336 1205 1364 1237 ι»
1428 1185 1537 1240 Sed
1567 1186 1708 1256 quia
1769 1185 1955 1240 verbis
1991 1202 2091 1240 eo-

400 1288 528 1328 rum
561 1290 677 1328 non
710 1274 876 1328 facile
926 1275 1193 1341 creditur,
1248 1274 1559 1328 sententias
1608 1279 1836 1345 patrum
1886 1275 1945 1328 in
2004 1291 2095 1329 ar-

403 1370 741 1432 gumentum
776 1363 864 1417 sui
898 1364 1075 1417 errori
1107 1364 1427 1429 inflectunt,
1463 1364 1617 1417 unde
1643 1364 1919 1419 additur:

1281 830 1467 899 (Ibid.)
1526 829 1839 884 Consilium
1892 830 2100 884 mentis

474 1472 500 1501 (ι
558 1453 625 1505 Ut
678 1452 892 1522 priora.
963 1474 982 1500 η
1044 1452 1186 1515 Quia
1253 1457 1309 1506 et
1368 1453 1578 1505 amissa
1641 1452 1989 1522 recuperari,
2042 1458 2100 1506 et

401 1539 586 1593 adhuc
625 1542 843 1610 majora
872 1541 1175 1609 praesentis
1206 1540 1337 1593 vitae
1359 1540 1596 1609 praamia
1626 1541 1987 1609 promittunt.

474 1629 629 1682 Vens.
683 1631 734 1682 8.
798 1647 824 1678 α
883 1630 1181 1698 Interroga
1224 1628 1378 1681 enim
1448 1644 1678 1697 genera.
1756 1650 1783 1678 »
1833 1630 1955 1682 Non
2008 1628 2097 1682 vi-

400 1716 544 1784 deri,
576 1717 673 1769 sed
720 1716 1049 1785 investigari
1084 1721 1334 1782 monent,
1385 1718 1520 1786 quia
1560 1717 1668 1770 hoc
1717 1718 1921 1772 nolunt
1963 1734 2097 1771 con-

401 1804 563 1875 spici,
596 1805 748 1874 quod
780 1804 999 1874 liquido
1030 1810 1187 1873 patet
1216 1806 1453 1859 cunctis.

471 1895 635 1946 Vens.
677 1897 729 1946 9.
790 1924 853 1932 ——
905 1912 931 1943 «
990 1893 1251 1946 Hesterni
1300 1910 1312 1947 :
1374 1913 1402 1945 »
1463 1894 1769 1964 aliquando
1801 1894 2098 1949 moraliter

402 1982 606 2034 docent
655 1996 720 2033 ex
781 1980 1081 2050 praeteritis
1138 1980 1440 2050 praesentia
1495 1981 1716 2051 conjici,
1778 1981 1989 2035 scilicet
2029 1998 2095 2035 ex

399 2068 641 2122 transitu
674 2085 868 2123 eorum
920 2069 1074 2139 quod
1124 2071 1243 2123 haec
1296 2070 1455 2124 nulla
1493 2070 1629 2135 sint,
1681 2071 1833 2125 unde
1881 2070 2093 2136 subdit,

404 2180 423 2203 ι
470 2157 741 2211 hesterni.
791 2180 809 2205 ι
865 2158 1027 2223 Quia,
1082 2159 1129 2210 si
1177 2158 1420 2227 pristina
1462 2159 1729 2211 recolitur
1775 2159 2093 2229 generatio,

396 2246 518 2298 haec
546 2246 661 2300 vita
688 2246 799 2299 cito
829 2246 1070 2299 transire
1104 2252 1165 2299 ut
1194 2246 1395 2299 umbra
1418 2247 1804 2317 cognoscitur.

471 2334 637 2388 Vsus.
678 2336 768 2389 IO.
820 2364 887 2374 —
936 2357 954 2381 ι
1008 2334 1124 2403 Ipsi
1163 2333 1463 2389 docebunt.
1519 2356 1539 2382 ι
1600 2335 1858 2389 Laudant
1906 2340 2096 2405 patres

398 2422 713 2489 nobiscum,
747 2423 899 2476 unde
929 2424 1111 2493 magis
1144 2439 1248 2477 nos
1273 2424 1594 2493 impugnet.

474 2534 492 2558 α
524 2513 599 2565 De
626 2513 814 2567 corde.
858 2536 876 2560 ι
922 2513 1109 2581 (Ibid)
1138 2512 1309 2575 Quasi
1354 2516 1414 2564 tu
1466 2510 1640 2565 habes
1670 2511 2093 2581 simplicitatem

397 2601 629 2671 spiritus
684 2602 745 2655 in
805 2618 925 2667 ore,
979 2618 1092 2655 non
1139 2601 1197 2654 in
1253 2600 1424 2654 corde
1478 2616 1491 2653 :
1542 2600 1626 2653 illi
1670 2607 1885 2654 contra.
1934 2601 2094 2671 Saepe

396 2689 552 2755 mali,
584 2706 642 2743 se
687 2706 799 2744 non
832 2690 1207 2754 attendentes,
1240 2689 1418 2742 bonos
1472 2690 1740 2753 lacerant,
1797 2693 1852 2742 et
1880 2690 1965 2743 vel
1994 2690 2094 2743 bo-

396 2792 491 2841 na,
520 2792 647 2847 quae
678 2793 794 2829 non
826 2777 1093 2840 videndo,
1127 2776 1226 2829 sed
1258 2775 1543 2829 audiendo
1580 2775 1924 2837 didicerunt,
1960 2792 2093 2847 pro-

394 2866 615 2933 ferunt;
652 2867 739 2919 vel
792 2867 962 2931 mala,
998 2881 1127 2936 quae
1181 2865 1291 2935 ipsi
1319 2869 1518 2935 agunt,
1557 2864 1683 2918 aliis
1714 2864 2005 2933 ingerunt,
2039 2869 2096 2919 et

393 2955 473 3008 ita
502 2955 664 3009 factis
714 2971 771 3008 se
804 2959 1092 3020 excusant,
1151 2954 1336 3007 verbis
1386 2953 1667 3024 judicaut.
1701 2954 1789 3007 Sic
1855 2954 2092 3008 Baldatb
2123 2969 2165 3025 α

395 3043 695 3098 simulator
744 3042 981 3114 justitite
1023 3046 1221 3096 contra
1274 3042 1602 3112 hypocritas
1649 3041 1799 3096 mira
1846 3042 2004 3108 dicit,
2039 3047 2094 3096 et

395 3132 464 3185 de
510 3133 598 3187 his
657 3134 860 3186 docere
906 3132 1128 3201 justum
1172 3130 1487 3199 praesumit,
1538 3144 1667 3204 quae
1718 3130 2094 3183 convenirent

393 3220 599 3289 pravis.
671 3221 873 3274 Vecors
923 3221 1021 3289 qui
1090 3219 1270 3273 hortis
1333 3219 1673 3282 sitientibus,
1730 3217 1790 3271 in
1850 3216 2090 3270 flumine

395 3324 603 3377 aquam
634 3308 842 3361 fundit.

465 3397 625 3449 Vens.
682 3400 764 3450 Η.
798 3426 867 3434 -
920 3417 939 3442 ι
996 3394 1263 3464 Nunquid
1295 3394 1482 3448 vivere
1528 3400 1733 3465 potest.
1802 3418 1821 3442 ι
1887 3394 2087 3465 (Ibid.)

392 3483 588 3553 Scirpo
664 3486 753 3538 vel
826 3490 1047 3537 carecto
1138 3485 1498 3554 hypocritam
1574 3490 1888 3554 comparat,
1954 3490 2085 3550 etc.,

390 3588 559 3641 usque
586 3573 659 3626 αλ
687 3573 783 3627 sed
839 3572 1041 3626 alienis
1071 3572 1407 3626 criminibus
1439 3574 1716 3627 ostendat.

466 3685 487 3709 α
522 3665 665 3717 Ante
714 3679 913 3717 omnes
972 3663 1197 3716 herbas.
1252 3685 1271 3710 ι
1320 3663 1506 3734 (Ibid)
1558 3664 1621 3717 Et
1674 3664 1815 3733 justi
1867 3663 2083 3729 herba),

390 3752 702 3806 secundum
767 3768 1018 3818 carnem,
1097 3751 1232 3822 quia
1287 3752 1475 3805 omnis
1525 3769 1655 3806 caro
1710 3752 1909 3805 fennm
1956 3754 2084 3808 (Isa.

388 3841 608 3908 vaIn);
667 3842 765 3911 qui
813 3845 1097 3907 arescunt,
1132 3840 1267 3912 quia
1296 3857 1495 3895 eorum
1530 3857 1706 3912 opera
1737 3856 1868 3895 cum
1899 3840 2085 3893 carnis

386 3930 503 3983 vita
548 3930 839 3985 deficiunt.
884 3930 989 3984 Sed
1043 3930 1470 4001 hypocritarum
1522 3935 1652 3984 ante
1697 3948 1709 3984 :
1764 3929 1902 4000 quia
1955 3946 2085 3982 mox

386 4019 537 4073 bona
583 4019 872 4083 deserunt,
925 4024 983 4072 ut
1030 4036 1095 4073 ea
1140 4020 1429 4073 consecuti
1478 4024 1630 4085 sunt,
1681 4024 1913 4089 propter
1956 4035 2085 4089 quas

386 4107 815 4161 simulaverunt.
850 4108 916 4160 Hi
947 4113 1080 4161 sunt
1107 4130 1127 4155 ι
1153 4108 1351 4161 fenum
1381 4112 1683 4173 tectorum,
1717 4107 1868 4177 quod
1902 4106 2085 4176 prius-

385 4212 559 4266 quam
581 4197 873 4257 evellatur,
899 4196 1138 4249 exaruit.
1179 4218 1198 4243 ι

2210 493 2333 530 ram
2359 477 2711 542 hominibus,
2745 480 2842 532 sed
2872 495 2988 533 non
3020 495 3209 533 coram
3244 480 3357 533 Deo
3391 480 3583 534 stabit.

2280 585 2445 638 Vnus.
2480 587 2563 639 l6.
2586 615 2654 623 -—
2688 604 2714 634 «
2744 586 3049 639 Humectus
3079 586 3324 639 videtur.
3378 606 3406 637 ι)
3440 586 3687 657 Scirpus,
3714 588 3884 659 hypo-

2209 672 2368 737 crita,
2404 672 2462 724 in
2494 676 2662 726 nocte
2696 672 2966 727 humidus
3003 672 3247 741 videtur,
3275 673 3331 729 id
3361 678 3465 743 est,
3490 676 3671 745 gratia
3700 677 3878 729 sancti-

2208 761 2339 815 tatis
2366 762 2588 815 infusus
2618 766 2855 831 apparet
2884 762 3247 831 ‘hominibus,
3287 764 3382 817 sed
3432 779 3623 819 coram
3679 766 3791 820 sole
3832 766 3882 819 in

2211 850 2301 903 die
2323 850 2524 920 judicii
2551 855 2787 904 arescet.

2281 956 2307 988 α
2343 940 2405 992 Et
2430 938 2489 991 in
2522 944 2649 992 ortu
2681 955 2784 993 suo
2814 955 3071 1010 germen.
3124 960 3153 992 ιο
3198 941 3481 1005 Ουωιίὺεῑ
3537 941 3713 996 herba
3739 942 3882 1012 prius

2209 1032 2416 1081 aterra
2451 1028 2809 1098 producitur,
2857 1033 2986 1095 etc.,
3036 1045 3206 1098 usque
3256 1030 3330 1084 ad
3382 1031 3697 1102 hypocrita,
3730 1031 3882 1085 etiam

2209 1131 2339 1170 cum
2370 1122 2521 1170 recte
2552 1117 2691 1186 agit,
2720 1133 2753 1170 a
2780 1118 2973 1171 multis
2994 1118 3114 1172 vult
3139 1118 3335 1173 videri.

2280 1223 2442 1277 Vens.
2487 1226 2572 1276 l7.
2605 1254 2669 1261 —
2706 1241 2733 1273 ‹(
2765 1223 2948 1293 Super
2980 1240 3245 1279 acervum
3278 1230 3592 1296 petrarum.
3631 1244 3657 1275 υ
3702 1224 3882 1295 (Ibid)

2208 1310 2443 1365 Radices
2476 1316 2609 1364 sunt
2646 1312 3052 1382 cogitationes;
3086 1314 3325 1384 lapides,
3360 1313 3495 1384 quia
3527 1330 3643 1368 non
3674 1314 3884 1368 additur

2206 1400 2336 1465 vivi,
2372 1400 2634 1453 homines
2666 1401 2804 1455 boni
2858 1407 2915 1455 et
2944 1402 3080 1455 mali
3109 1409 3269 1467 sunt;
3306 1403 3601 1474 hypocrita
3642 1420 3771 1472 ergo
3800 1403 3885 1473 qui

2206 1489 2359 1543 inter
2416 1489 2632 1559 lapides
2686 1493 2968 1556 moratur,
3037 1490 3415 1561 cogitationes
3492 1492 3551 1545 in
3599 1491 3887 1563 quaerenda

2206 1576 2588 1630 admiratione
2621 1577 2921 1630 hominum
2966 1578 3310 1649 multiplicat
3349 1598 3365 1632 :
3397 1596 3501 1650 per
3531 1581 3724 1634 omnia
3750 1580 3885 1633 enim

2129 1675 2170 1729 Β
2210 1682 2338 1735 qua:
2397 1664 2516 1735 agit
2568 1666 2783 1719 occulta
2858 1665 3201 1736 cogitatione
3278 1668 3473 1722 laudes
3520 1669 3745 1739 quaerit,
3797 1684 3885 1738 pa-

2206 1755 2316 1808 lam
2366 1754 2582 1807 habens
2640 1754 2788 1825 quod
2850 1755 3039 1809 hostes
3087 1755 3433 1826 praedentur.
3494 1758 3561 1811 Ut
3624 1757 3883 1823 Ezechias,

2207 1842 2307 1913 qui
2350 1847 2476 1912 post
2522 1843 2703 1896 multa
2759 1843 3037 1897 beneficia
3087 1844 3193 1897 sibi
3242 1844 3407 1904 facta,
3464 1846 3705 1910 nuntiis,
3754 1845 3884 1915 regis

2210 1931 2507 2002 Babylonis
2538 1931 2733 1985 omnia
2762 1949 2863 1985 sua
2906 1933 3058 1987 bona
3099 1934 3345 1987 ostendit
3374 1950 3386 1987 :
3411 1933 3565 1988 unde
3617 1951 3744 1989 mox
3798 1949 3883 1986 au-

2208 2021 2290 2074 dit
2320 2037 2330 2073 :
2364 2042 2382 2067 ι
2417 2021 2716 2075 Tollentur
2732 2037 2932 2075 omnes
2961 2021 3019 2075 in
3054 2020 3395 2092 Babylonem
3427 2024 3506 2092 (II
3530 2024 3670 2090 Reg.
3703 2025 3790 2091 xx)
3817 2039 3829 2087 ;
3862 2044 3877 2067 ι

2206 2109 2283 2162 ita
2314 2114 2369 2162 et
2409 2110 2547 2163 dum
2596 2110 2719 2163 laus
2767 2110 3065 2181 quaeritur,
3114 2110 3296 2163 virtus
3335 2115 3391 2164 et
3438 2112 3803 2181 pulchritudo
3834 2111 3881 2164 in

2206 2214 2409 2252 manus
2447 2198 2667 2251 inimici
2697 2198 2964 2262 traditur,
3000 2198 3151 2252 unde
3190 2197 3399 2253 Baldad
3434 2199 3571 2253 dicit
3604 2216 3619 2253 :

2283 2308 2301 2334 κ
2334 2286 2401 2338 Et
2439 2286 2587 2339 inter
2614 2286 2831 2355 lapides
2888 2286 3360 2341 commorabitur.
3398 2309 3417 2335 ι
3467 2287 3613 2351 Quia
3643 2288 3721 2342 ibi
3770 2291 3879 2349 stat,

2204 2375 2305 2428 ubi
2354 2392 2470 2428 suae
2529 2376 2736 2428 mentis
2801 2375 3180 2429 intentionem
3229 2374 3497 2429 solidata:
3528 2376 3632 2447 qui
3679 2376 3779 2430 etsi
3825 2375 3883 2427 sit

2204 2465 2409 2534 plenus
2456 2463 2641 2530 bonis,
2697 2463 2743 2517 si
2800 2464 3157 2518 absorbuerit
3210 2480 3341 2518 eum
3378 2465 3541 2530 Deus,
3577 2466 3635 2520 id
3668 2470 3767 2531 est,
3795 2480 3883 2535 per

2205 2553 2698 2623 mortemtulerit,
2730 2552 2799 2607 de
2856 2553 3003 2621 loco,
3047 2553 3105 2607 id
3154 2557 3238 2608 est
3283 2553 3571 2607 favoribus
3627 2554 3791 2623 hujus
3818 2554 3882 2605 vi-

2208 2646 2306 2708 ta};
2338 2642 2485 2696 dicet
2546 2660 2557 2696 :
2591 2658 2707 2696 non
2759 2641 2889 2695 novi
2923 2646 2996 2709 te,
3052 2648 3114 2696 ut
3144 2642 3312 2696 fatuis
3345 2642 3664 2713 virginibus
3693 2642 3879 2697 dicitur

2207 2730 2429 2799 (Matth.
2491 2734 2615 2795 xxv)
2649 2750 2660 2785 :
2694 2735 2751 2783 et
2815 2730 3041 2796 merito,
3084 2731 3219 2801 quia
3251 2747 3365 2784 non
3409 2732 3545 2785 satis
3577 2737 3662 2785 est
3698 2732 3746 2785 ei
3788 2729 3880 2784 nisi

2206 2822 2262 2871 et
2318 2819 2459 2873 alios
2492 2818 2601 2873 sibi
2629 2818 2843 2873 similes
2890 2818 3105 2884 fecerit,
3137 2824 3192 2873 et
3247 2819 3353 2873 hoc
3400 2825 3483 2874 est
3532 2821 3689 2892 quod
3719 2819 3877 2873 dicit:

2207 2909 2327 2961 haec
2359 2912 2441 2961 est
2471 2907 2625 2962 enim
2657 2908 2848 2962 laetitia
2868 2908 2973 2961 viae
3004 2908 3144 2979 ejus.

2280 3020 2299 3045 ι
2329 2996 2461 3050 Haec
2498 3002 2584 3051 est
2616 2997 2771 3051 enim
2812 2997 3029 3061 laetitia,
3069 3020 3088 3045 ι
3123 3000 3233 3053 etc.
3275 2996 3480 3068 (Ibid.)
3513 2998 3582 3053 Ut
3612 3002 3667 3053 et
3694 3014 3792 3069 pro
3819 2997 3875 3051 il-

2203 3088 2388 3140 lorum
2444 3091 2605 3141 reatu
2636 3086 2931 3156 puniatur,
2966 3087 3064 3141 sed
3095 3104 3107 3140 :

2274 3194 2434 3248 Vens.
2457 3196 2546 3247 20.
2581 3225 2649 3232 —
2680 3216 2700 3241 α
2740 3196 2888 3248 Deus
2919 3210 3035 3247 non
3066 3193 3328 3264 projiciet
3354 3193 3696 3263 simplicem.
3732 3217 3750 3240 ι
3784 3194 3877 3247 Cu-

2192 3280 2288 3350 jus
2321 3281 2658 3351 simplicitas
2690 3282 2861 3337 modo
2893 3298 2926 3335 a
2953 3281 3259 3337 calliditate
3310 3281 3628 3352 duplicium
3669 3285 3882 3337 vocetur

2200 3370 2452 3423 fatuitas.

2275 3480 2293 3506 α
2336 3458 2445 3511 Nec
2471 3458 2730 3528 porriget
2762 3474 3017 3513 manum.
3080 3481 3099 3505 ι
3150 3459 3337 3529 (Ibid)
3397 3460 3465 3514 Ut
3490 3459 3561 3514 ab
3622 3460 3736 3514 imo
3783 3473 3880 3529 quo

2197 3552 2465 3616 quaerunt
2480 3546 2719 3617 gloriam
2755 3549 2952 3603 elevet.
2982 3547 3211 3618 Maligni
3243 3552 3376 3602 sunt
3432 3549 3747 3619 hypocritaa
3794 3546 3878 3618 qui

2195 3650 2301 3688 nec
2325 3635 2477 3689 bona
2531 3636 2678 3690 bene
2731 3642 2929 3707 agunt.
2992 3636 3087 3689 Vel
3144 3636 3280 3707 quia
3322 3638 3590 3707 proximo
3650 3637 3878 3692 exterius

2193 3740 2368 3793 puros
2400 3729 2457 3779 et
2481 3725 2769 3796 simplices
2805 3742 2862 3779 se
2883 3725 3209 3793 ostendunt,
3236 3726 3475 3779 interius
3501 3726 3875 3797 duplicitatem

2193 3814 2413 3879 celant;
2470 3819 2671 3868 contra
2720 3830 2864 3885 quos
2913 3813 3050 3868 dicit
3100 3815 3317 3884 Moyses
3377 3830 3449 3869 ει
3508 3815 3632 3869 Non
3693 3814 3874 3867 induas

2193 3906 2409 3955 vestem
2440 3918 2509 3956 ex
2532 3901 2664 3956 lana
2690 3903 2924 3973 linoque
2956 3907 3300 3958 contextam.
3338 3924 3357 3950 ι
3387 3902 3563 3973 (Deut.
3597 3903 3751 3973 xxu.)

2266 4008 2424 4062 Vnus.
2456 4011 2545 4063 21.
2579 4040 2646 4048 —
2682 4031 2701 4056 ι
2724 4008 2933 4080 {Donec
2962 4008 3289 4079 impleatur.
3329 4030 3350 4057 ι
3387 4009 3512 4062 Non
3541 4009 3694 4080 quod
3740 4009 3872 4077 post,

2192 4096 2345 4167 quod
2421 4101 2641 4151 constat
2699 4114 2711 4151 :
2773 4098 2870 4152 sed
2913 4102 3065 4165 ante,
3128 4098 3279 4169 quod
3335 4097 3578 4151 dubium
3644 4094 3874 4151 homini-

2192 4185 2298 4239 bus
2326 4190 2511 4257 potest
2540 4186 2720 4241 videri
2751 4204 2764 4254 ;
2801 4186 2987 4258 quasi,
3016 4204 3121 4242 nec
3172 4192 3304 4241 ante
3346 4187 3629 4257 judicium
3662 4184 3873 4255 simpli-

455 4285 614 4337 Vnas.
650 4287 733 4338 13.
767 4312 837 4323 —
892 4305 912 4331 ι
947 4283 1035 4336 Sic
1076 4282 1181 4336 via:
1207 4282 1488 4336 omnium.
1528 4304 1547 4331 ι
1600 4285 1735 4337 Ecce
1774 4282 1867 4337 cui
1915 4300 2079 4337 com—
2104 4254 2149 4309 Β
2188 4290 2278 4329 085
2300 4274 2525 4341 deserit.
2558 4292 2663 4331 nec
2691 4277 2871 4330 1113105
2901 4280 3197 4346 Percntare
3217 4276 3445 4332 ἀθείῐιίῑ·

382 4378 547 4443 parat
595 4372 847 4442 scirpum
907 4372 997 4425 vel
1058 4376 1345 4425 carectum
1394 4388 1407 4425 :
1463 4389 1593 4442 spes
1639 4372 1949 4443 hypocritaa
1995 4378 2080 4428 est

383 4460 582 4530 gloria,
610 4466 667 4514 et
696 4459 1028 4530 hujusmodi
1057 4459 1366 4525 saecularia,
1411 4476 1539 4530 quae
1567 4466 1839 4531 pereunt;
1866 4466 2079 4516 aeterna

384 4552 739 4619 permanent.

453 4638 614 4691 Vens.
659 4638 739 4691 14.
772 4665 841 4677 -
876 4659 896 4685 ι
936 4637 1060 4690 Non
1087 4636 1141 4690 ei
1171 4636 1418 4707 placebit
1465 4637 1753 4692 vecordia.
1816 4660 1837 4687 ι
1878 4638 2075 4710 (Ibid)

381 4726 656 4781 Vecordia
694 4730 778 4779 est
821 4742 1090 4796 magnam
1148 4742 1268 4779 rem
1318 4726 1415 4779 vili
1469 4727 1653 4797 pretio
1701 4726 1965 4793 vendere,
2016 4727 2076 4782 id

380 4822 484 4883 est,
517 4818 666 4871 bona
700 4816 981 4870 laboriosa
1013 4832 1181 4886 agere
1212 4832 1314 4887 pro
1348 4816 1538 4870 favore
1574 4833 1586 4870 :
1613 4817 1717 4870 hac
1749 4817 1923 4872 modo
1974 4818 2074 4871 de-

377 4906 636 4973 lectatur,
662 4907 760 4960 sed
807 4907 865 4959 in
914 4922 1085 4976 poena
1113 4905 1453 4975 displicebit,
1487 4909 1542 4959 et
1588 4910 1725 4961 tunc
1767 4906 1903 4960 sciet
1934 4906 2075 4960 nihil

377 4994 551 5049 fuisse
582 4994 777 5049 omnia
806 5010 935 5063 quae
963 4994 1332 5057 transierunt,
1360 4993 1510 5047 unde
1544 5010 1557 5047 :

454 5107 473 5131 ι
532 5085 598 5137 Et
646 5083 793 5136 sicut
840 5083 954 5137 tela
1006 5098 1345 5136 aranearum
1403 5080 1610 5135 ﬁducia
1654 5082 1795 5152 ejus.
1858 5104 1878 5130 ›
1942 5083 2075 5136 Tela

377 5186 718 5224 aranearum
751 5169 1001 5224 studiose
1059 5170 1290 5235 texitur,
1332 5170 1468 5222 flatu
1501 5169 1656 5222 venti
1713 5169 2024 5239 dissipatur
2055 5185 2068 5224 :

379 5259 476 5325 sic,
518 5259 799 5330 quidquid
828 5258 1122 5329 hypocrita
1163 5258 1421 5325 exsudat,
1470 5258 1680 5312 favoris
1711 5274 1851 5312 aura
1902 5258 2068 5313 tollit.

452 5350 607 5403 Vens.
643 5351 725 5402 15.
762 5378 834 5389 —
887 5369 908 5396 ι
972 5346 1251 5401 lnnitctur
1307 5363 1479 5417 super
1538 5347 1771 5401 domum
1805 5363 1985 5401 suam.
2046 5368 2067 5395 ι

378 5438 592 5491 Domus
624 5436 848 5503 mentis,
893 5439 977 5491 est
1026 5436 1299 5506 quaelibet
1340 5452 1432 5489 res
1478 5452 1650 5507 quam
1682 5452 1783 5509 per
1812 5436 2073 5490 dilectio-

375 5542 507 5581 nem
535 5525 755 5581 habitat
792 5524 1019 5579 animus
1067 5541 1081 5578 :
1143 5526 1350 5581 domus
1401 5540 1541 5596 ergo
1595 5525 1931 5596 hypocrita,
1986 5530 2074 5580 est

2265 4386 2285 4411 ι
2324 4365 2638 4434 Impleatur
2657 4364 2775 4418 risu
2827 4381 2889 4418 os
2933 4370 3121 4431 tuum,
3158 4388 3178 4413 ι
3215 4364 3272 4419 id
3313 4369 3397 4419 est
3456 4380 3621 4418 mens
3677 4361 3869 4434 gaudio

2192 4473 2213 4499 «
2252 4457 2482 4507 aeterna?
2514 4452 2851 4516 securitatis,
2887 4454 3041 4509 unde
3078 4471 3091 4508 :

2264 4562 2284 4587 ι
2312 4541 2373 4595 Et
2393 4542 2543 4597 labia
2568 4547 2665 4597 tua
2681 4542 2885 4613 jubilo.
2937 4564 2957 4591 ι
3012 4542 3265 4597 Jubilum
3316 4560 3444 4598 cum
3476 4547 3637 4598 tanta
3682 4539 3863 4597 latitia

2185 4630 2354 4683 corde
2383 4630 2725 4700 concipitur,
2758 4647 2932 4702 quam
2957 4648 3145 4686 sermo
3185 4648 3300 4687 non
3334 4632 3596 4703 explicet,
3656 4630 3753 4685 sed
3797 4632 3871 4681 ta-

2186 4734 2319 4773 men
2340 4736 2399 4772 os
2420 4724 2604 4774 sonet.

2255 4818 2416 4870 Vnus.
2450 4820 2537 4871 22.
2571 4847 2641 4858 —
2676 4840 2696 4866 α
2728 4817 2838 4882 Qui
2875 4817 3139 4873 oderunt.
3186 4840 3207 4867 ι
3246 4818 3433 4889 (Ibid)
3464 4817 3758 4872 Justorum
3785 4814 3869 4868 bo-

2184 4910 2297 4960 stes
2328 4905 2389 4959 in
2412 4906 2632 4976 judicio
2665 4907 2919 4961 confusio
2944 4907 3167 4972 induet,
3199 4908 3336 4978 quia
3375 4914 3512 4962 tunc
3556 4907 3675 4960 viso
3695 4903 3869 4974 judice

2184 4995 2334 5048 mala
2362 4995 2557 5049 omnia
2596 5000 2727 5050 ante
2781 4996 2976 5049 oculos
3006 4995 3214 5050 mentis
3262 5001 3581 5063 versantur,
3612 4999 3669 5048 et
3696 4997 3868 5047 reatus

2184 5083 2513 5153 deprimens
2534 5100 2631 5137 eos
2650 5084 2905 5155 undique
2926 5085 3112 5138 vestit.
3136 5084 3325 5149 Quiad
3351 5085 3457 5138 hoc
3472 5084 3598 5137 ideo
3622 5082 3862 5135 veniunt.

2184 5172 2321 5242 quia
2344 5173 2469 5227 sola
2494 5172 2588 5226 hic
2617 5173 2953 5227 transitoria
2973 5174 3319 5239 dilexerunt,
3346 5173 3497 5227 unde
3535 5171 3695 5225 addit
3722 5187 3734 5222 :

2259 5283 2280 5309 ι
2310 5262 2374 5315 Et
2387 5261 2841 5329 tabernaculum,
2869 5282 2889 5310 ι
2913 5262 2968 5316 id
2983 5268 3070 5316 est
3082 5262 3381 5316 aediﬁcatio
3400 5266 3628 5315 aeternas
3650 5256 3861 5313 felicita-

2180 5348 2272 5414 tis,
2309 5366 2484 5421 quam
2537 5366 2710 5421 supra
2738 5368 2796 5405 se
2834 5367 3095 5406 casuram
3151 5350 3559 5421 multiplicant,
3596 5352 3658 5401 ut
3706 5362 3763 5401 se
3783 5342 3860 5397 hic

2180 5453 2214 5490 a
2245 5438 2631 5492 necessatibus
2689 5439 2854 5509 quasi
2903 5440 2975 5493 ab
3008 5442 3149 5493 testu
3207 5444 3263 5492 et
3290 5438 3473 5493 imbre
3522 5434 3857 5491 defendant:

2178 5526 2240 5581 in
2270 5543 2380 5598 qua
2421 5542 2583 5581 mens
2639 5528 2881 5595 habitat,
2932 5543 3106 5599 quam
3135 5526 3321 5582 bonus
3374 5526 3553 5581 viator
3602 5520 3848 5593 despicit.
