4034 6180
141 275 248 327 781

853 441 1074 495 CAPUT
1140 441 1222 495 IX.

204 606 369 658 Vens.
409 609 454 659 -l.
519 637 584 646 —
623 627 649 654 «
699 607 763 659 Et
817 607 1167 675 respondens
1197 607 1298 661 Job
1353 607 1450 660 ait.
1489 627 1517 658 »
1552 609 1737 676 (Gneo.
1787 611 1844 662 in

131 692 302 760 Job.)
338 695 611 758 Perversi,
648 694 852 764 quibus
886 696 1126 766 loquens
1147 712 1390 766 persona
1418 697 1696 766 displicet,
1722 714 1843 751 om-

126 783 234 837 nia
270 801 400 854 quae
439 785 592 846 dicit,
644 806 662 830 ι
701 801 874 854 prava
908 801 1008 838 seu
1033 790 1180 838 recta
1215 786 1569 856 inpugnant;
1604 787 1701 839 sed
1740 786 1844 839 Job

128 873 230 926 cui
257 889 372 926 non
407 873 669 943 displicet
689 890 952 943 persona,
989 874 1084 927 sed
1127 874 1312 943 culpa,
1347 874 1546 928 videns
1609 875 1844 928 Baldatli

129 967 293 1015 recta
324 962 565 1016 dixisse:
603 983 629 1013 ‹ι
674 963 940 1033 Nunquid
962 964 1107 1016 Deus
1135 963 1463 1033 supplantat
1486 963 1843 1032 judicium»:

133 1055 193 1102 et
225 1066 364 1104 vera
393 1056 590 1104 contra
633 1051 954 1121 hypocritas
1005 1053 1331 1121 protulisse,
1384 1052 1578 1105 audita
1619 1052 1842 1122 probat.

130 1140 278 1192 Vere
315 1139 430 1192 scio
460 1141 612 1210 quod
640 1141 811 1194 homo
842 1141 1074 1194 humilis
1104 1146 1158 1194 et
1191 1141 1304 1194 Deo
1355 1141 1683 1210 suppositus
1724 1141 1844 1211 jus-

131 1227 328 1282 titiam
369 1228 592 1298 accipit,
670 1229 1010 1299 compositus
1065 1229 1272 1299 perdit,
1337 1229 1472 1300 quia
1539 1230 1637 1300 qui
1688 1245 1744 1282 se
1795 1229 1845 1283 ei

129 1321 452 1386 comparat,
505 1318 798 1388 quod_Dei
844 1324 925 1371 est
971 1318 1076 1370 sibi
1128 1334 1419 1388 arrogans,
1473 1318 1644 1371 homo
1692 1319 1842 1388 quod

129 1406 377 1475 accepit,
413 1422 470 1459 se
507 1406 703 1476 privat.
731 1407 834 1461 Sed
869 1413 924 1460 et
953 1423 1121 1460 omne
1161 1408 1430 1460 meritum
1483 1412 1688 1461 nostra:
1734 1407 1844 1460 vir-

131 1494 278 1546 tutis
311 1493 382 1561 (si
414 1494 662 1548 districte
687 1495 997 1565 judicetur)
1033 1496 1230 1548 vitium
1265 1501 1368 1549 est.

207 1584 374 1636 Vens.
440 1586 488 1636 3.
538 1613 607 1622 —
642 1605 663 1630 ι
728 1584 784 1636 Si
831 1585 1072 1637 voluerit
1135 1585 1479 1638 contendere
1530 1601 1658 1637 cum
1691 1601 1778 1649 eo,
1821 1606 1840 1632 ι

134 1670 340 1737 (Ibid)
396 1671 464 1724 de
524 1672 639 1724 suis
700 1672 919 1725 meritis
1003 1674 1426 1742 praesumendo,
1489 1678 1544 1727 et
1599 1673 1842 1744 gloriam
1879 1679 1916 1731 Β

133 1775 254 1811 δι]εὲ
286 1759 530 1825 virtutis,
561 1776 676 1813 non
708 1762 842 1825 Deo,
877 1761 968 1814 sed
1003 1761 1108 1813 sibi
1136 1761 1478 1831 arrogando.

210 1870 238 1893 ‹‹
270 1848 394 1901 Non
448 1848 660 1918 poterit
701 1848 751 1901 ei
814 1849 1158 1918 respondere
1221 1865 1401 1902 unum
1455 1866 1559 1919 pro
1602 1851 1777 1905 mille.
1816 1871 1842 1902 ››

131 1936 323 2004 (Ibid)
359 1937 418 1990 Id
452 1942 534 1990 est
567 1954 682 1991 non
713 1938 927 2006 poterit
959 1955 1037 2002 se,
1066 1943 1194 1998 etc.,
1230 1954 1399 2007 usque
1425 1939 1499 1992 ad
1529 1955 1598 1994 ne
1650 1945 1842 1993 autem

130 2026 468 2090 contendat,
503 2026 796 2080 infirmum
830 2032 1041 2080 terreat
1070 2027 1185 2080 visa
1217 2028 1338 2096 ejus
1368 2029 1639 2098 potentia.

203 2114 372 2168 Vens.
421 2115 471 2167 4.
522 2145 591 2154 -ο
635 2138 651 2163 ι
701 2115 839 2179 Quis
883 2116 1088 2169 restitit
1131 2117 1181 2170 ei
1223 2123 1279 2169 et
1327 2133 1524 2186 pacem
1588 2117 1836 2171 habuit»

131 2201 270 2264 Quis
329 2208 482 2256 creat
539 2208 602 2256 ut
656 2203 764 2257 sibi
826 2209 1012 2257 creata
1075 2205 1436 2270 conveniant,
1504 2206 1730 2260 ordinat
1786 2206 1843 2260 in

134 2307 252 2360 quo
284 2291 356 2344 sit
408 2293 487 2345 eis
520 2309 645 2362 pax,
697 2297 753 2346 et
796 2293 895 2363 qui
941 2294 1063 2362 ejus
1113 2293 1474 2363 dispositioni
1523 2311 1844 2365 repugnare

134 2385 398 2443 conatur,
430 2396 628 2450 pacem
659 2381 864 2450 perdit,
904 2387 965 2434 ut
993 2382 1249 2452 angelus,
1297 2383 1416 2452 qui,
1470 2399 1570 2435 sua
1617 2383 1843 2454 inquie-

134 2468 338 2522 tudine
370 2469 570 2535 elatus,
604 2471 776 2523 homo
799 2469 898 2540 qui
932 2472 1117 2524 carnis
1148 2472 1400 2524 molestia
1421 2477 1672 2537 vexatur,
1711 2473 1845 2542 quia

138 2556 428 2610 conditori
459 2558 690 2611 subesse
723 2559 927 2624 noluit,
961 2575 1160 2628 pacem
1193 2566 1435 2630 uterque
1470 2560 1680 2614 amisit.

211 2647 374 2699 Vens.
494 2676 566 2687 —
610 2670 627 2693 α
653 2647 760 2711 Qui
796 2649 1088 2701 transtulit
1143 2654 1393 2714 montes,
1433 2671 1453 2697 ι
1510 2655 1614 2703 etc.
1650 2649 1843 2720 (Ibid)

146 2733 309 2786 Dicta
361 2736 701 2805 generaliter
759 2737 1090 2791 confusione
1144 2737 1447 2808 superbiae,
1502 2753 1630 2808 quae
1677 2755 1846 2808 poena

152 2827 379 2874 maneat
407 2823 583 2874 elatos
614 2823 671 2875 in
718 2823 950 2877 interitu
984 2825 1155 2878 Israel
1207 2825 1469 2878 ostendit.
1535 2827 1848 2879 Transtulit

146 2915 387 2974 montes,
447 2916 669 2964 sanctos
714 2913 1116 2980 praedicatores
1150 2929 1181 2966 a
1232 2913 1441 2967 Iudaeis
1508 2914 1576 2968 ad
1625 2920 1840 2984 gentes,

138 2998 292 3067 quod
328 3000 653 3052 nescierunt
680 3000 883 3067 Judaei,
909 3001 1103 3071 qui,in
1135 3003 1239 3055 hoc
1275 3003 1530 3057 subversi
1562 3008 1710 3070 sunt,
1746 3020 1846 3073 pu-

133 3089 323 3138 tantes
357 3087 464 3140 sibi
495 3073 946 3159 gaudium'quod
983 3090 1179 3143 lumen
1210 3091 1605 3160 perdiderunt.
1639 3093 1841 3145 Trans-

130 3175 261 3228 latis
306 3177 596 3230 montibus
627 3184 951 3232 commovet
982 3183 1179 3233 terras.

206 3266 368 3319 Vens.
395 3269 446 3319 6.
507 3297 571 3306 —-
607 3287 627 3314 α
693 3268 1019 3321 Commovet
1072 3272 1285 3322 terram
1346 3269 1414 3323 de
1473 3270 1613 3325 loco.
1655 3270 1845 3335 nQuia

129 3354 438 3408 Judaeosde
461 3354 669 3409 finibus
699 3356 814 3409 suis
839 3373 941 3427 per
970 3357 1254 3411 Romanos
1307 3359 1562 3413 extraxit.

206 3467 226 3493 ι
262 3444 580 3498 Columnae.
624 3466 645 3493 ι
707 3445 1056 3513 Sacerdotes,
1117 3446 1424 3517 principes,
1474 3449 1616 3519 legis
1645 3450 1843 3503 docto-

134 3548 237 3586 res.
267 3533 540 3586 Concussi
571 3539 720 3600 sunt,
755 3534 890 3604 quia
921 3551 1022 3588 nec
1053 3535 1161 3604 ipsi
1208 3535 1317 3588 sibi
1361 3537 1548 3590 vivere
1580 3537 1842 3608 permissi

135 3627 282 3689 sunt,
321 3622 473 3676 unde
505 3624 789 3693 apostolos
824 3625 1189 3694 expulerunt,
1225 3628 1504 3694 praeterea
1538 3626 1595 3679 in
1627 3626 1839 3680 erroris

135 3711 218 3764 sui
248 3711 508 3765 tenebris
537 3712 744 3765 deserti
773 3718 906 3766 sunt

197 3802 370 3854 Vens.
401 3805 451 3854 ’7.
508 3819 625 3852 -‹‹
668 3800 775 3864 Qui
825 3800 1084 3872 prazcipit
1134 3801 1264 3855 soli.
1320 3823 1341 3849 ι
1396 3801 1583 3871 (Ibid)
1616 3802 1704 3856 Sol
1739 3819 1842 3873 per

131 3889 285 3942 diem
318 3890 488 3955 lucet,
522 3895 662 3955 etc.,
696 3905 863 3960 usque
893 3890 966 3943 ad
997 3890 1058 3944 in
1089 3907 1287 3944 omnes
1317 3895 1515 3960 gentes
1548 3891 1836 3946 dilatatur.

138 3979 340 4032 Unde:

197 4067 370 4119 Vens.
416 4068 468 4120 8.
525 4096 594 4105 —
630 4087 651 4114 ε
703 4065 809 4130 Qui
862 4066 1114 4120 extendit
1155 4067 1342 4120 caelos.
1386 4066 1588 4137 (Ibid)
1643 4067 1704 4121 Id
1735 4072 1837 4134 est,

129 4155 422 4226 apostolos
451 4170 484 4207 a
504 4155 716 4208 Iudaeis
746 4155 971 4224 fugatos
1003 4155 1215 4226 ubique
1245 4155 1377 4209 facit
1419 4156 1712 4211 honorari.

200 4265 227 4294 (ι
252 4243 441 4299 Solus.
479 4263 506 4291 ι)
539 4243 646 4307 Qui
676 4243 818 4297 mire
847 4245 954 4297 hoc
998 4243 1361 4314 dispensavit,
1423 4250 1478 4298 et
1510 4261 1640 4300 cum
1687 4262 1838 4300 ama-

132 4332 326 4386 ritudo
357 4330 559 4385 mundi
591 4331 650 4384 in
673 4348 807 4385 nece
842 4333 1128 4386 bonorum
1160 4333 1402 4386 sazviret.

204 4444 222 4467 ι
251 4421 528 4475 Graditur
578 4436 750 4490 super
793 4421 1016 4486 ﬂuctus,
1051 4442 1078 4472 ››
1121 4422 1178 4475 id
1207 4427 1309 4489 est,
1351 4424 1527 4476 calcat
1577 4423 1714 4477 dum
1745 4423 1844 4476 mi-

131 4509 274 4579 tigat
303 4509 683 4562 admiratione
727 4510 1044 4580 signorum.
1094 4511 1404 4564 Jeremias:
1439 4533 1459 4558 ι
1516 4512 1685 4565 Posui
1716 4528 1840 4567 are-

135 4615 264 4653 nam
301 4597 613 4652 terminum
648 4599 791 4652 mari
841 4599 987 4669 (Jer.
1025 4601 1091 4668 5),
1128 4621 1153 4648 ››
1207 4600 1264 4653 id
1313 4604 1416 4668 est,
1474 4601 1543 4653 ad
1573 4600 1841 4671 frangen-

134 4689 260 4741 dam
322 4687 566 4757 gloriam
624 4687 842 4751 mundi,
896 4688 1144 4757 abjectos
1193 4692 1248 4741 et
1292 4705 1570 4759 pauperes
1631 4690 1840 4759 elegit;

135 4777 266 4830 dum
303 4781 497 4830 autem
531 4793 685 4830 mare
717 4779 894 4844 saevit,
931 4778 1175 4831 Ecclesia
1199 4779 1441 4848 proficit.

203 4867 370 4920 Vens.
404 4868 454 4919 9.
503 4897 571 4903 —
609 4887 631 4914 ι
684 4867 790 4930 Qui
829 4866 962 4920 facit
1006 4871 1319 4920 arcturum.
1354 4887 1375 4914 ι
1430 4867 1614 4937 (Ibid)
1649 4867 1844 4920 Nomi-

133 4955 301 5009 nibus
354 4954 833 5024 philosophorum
881 4956 1081 5022 utitur,
1136 4961 1281 5024 etc.,
1313 4971 1480 5024 usque
1517 4955 1592 5009 ad
1630 4955 1746 5010 imo
1775 4960 1838 5010 ut

136 5050 398 5097 arcturus
427 5049 705 5110 versatur,
742 5045 1005 5114 erigitur.

206 5154 232 5182 ‹ι
266 5133 501 5187 Oriona.
542 5155 561 5180 ι
601 5134 792 5203 (Ibid)
824 5134 931 5197 Qui
963 5133 1196 5187 hiemali
1237 5137 1494 5203 tempore
1553 5133 1840 5200 oriuntur,

135 5225 278 5286 etc.,
317 5238 487 5291 usque
515 5221 589 5275 ad
639 5222 736 5276 sed
770 5222 1020 5292 placidos
1051 5222 1112 5275 in
1160 5238 1360 5276 eorum
1393 5239 1585 5276 necem
1636 5221 1839 5276 erexit.

212 5333 234 5359 ι
274 5311 520 5381 Hyadas.
556 5333 577 5360 ι
619 5312 682 5364 In
742 5311 927 5364 fronte
976 5312 1147 5364 Tauri
1207 5312 1266 5364 in
1325 5328 1454 5364 vere
1507 5317 1839 5379 nascuntur,

138 5403 266 5464 etc.,
309 5415 478 5466 usque
543 5399 616 5453 ad
671 5415 935 5469 supernae
987 5400 1190 5470 patriae
1249 5401 1472 5453 interna
1526 5401 1844 5471 perveniat,

141 5487 294 5541 unde
328 5487 486 5542 addit
519 5505 532 5541 :

209 5597 236 5627 (ι
293 5578 362 5630 Et
417 5577 692 5631 interiora
765 5577 1024 5631 austri.»
1090 5581 1295 5633 Auster
1361 5579 1552 5633 fervor
1597 5578 1842 5650 Spiritus

1324 276 1580 333 GLOSSA
1619 277 2021 334 ORDINARIA.
2062 310 2128 318 —
2172 281 2302 335 LIB.
2344 280 2483 336 JOB.

1875 402 1922 454 Α
1960 401 2157 467 sancti,
2214 405 2344 469 etc.,
2399 417 2568 469 usque
2631 402 2706 455 ad
2757 403 2960 458 melius
3020 404 3334 462 deiicienda
3397 425 3656 482 compre-

3552 294 3655 346 782

1958 488 2177 556 hendit,
2209 490 2400 543 dicens
2425 507 2438 544 :

2028 578 2190 630 Vens.
2228 581 2309 632 10.
2353 608 2423 618 —
2459 598 2485 629 ‹‹
2545 579 2652 643 Qui
2700 579 2832 633 facit
2884 580 3047 634 mihi.
3102 601 3129 632 io
3192 583 3389 638 Melius
3447 586 3660 655 explet,

1956 665 2055 735 qui
2083 682 2140 718 se
2172 682 2289 720 non
2321 683 2483 736 posse
2507 668 2734 738 explere
2764 669 2990 737 fatetur,
3034 676 3090 724 et
3119 671 3416 728 facundius
3467 675 3659 746 loqui-

1954 758 2048 808 tur
2079 755 2178 825 qui
2213 756 2664 826 obstupescendo
2691 763 2860 812 tacet.

2033 864 2054 892 ε
2092 845 2291 913 Magna
2325 866 2352 892 ι)
2386 845 2613 899 virtute.

2029 952 2056 983 α
2093 933 2155 986 Et
2184 933 2784 1003 incomprehensibilia
2817 955 2843 986 »
2877 935 3117 990 ratione.

2033 1041 2058 1071 (ι
2090 1021 2154 1074 Et
2201 1022 2486 1076 mirabilia
2536 1039 2782 1093 quorum
2841 1041 2954 1077 non
2984 1046 3011 1074 ι
3071 1026 3512 1098 multiplicitate.
3547 1030 3656 1084 Sed

1957 1110 2095 1180 quid
2122 1111 2400 1164 miremur
2417 1129 2545 1182 quae
2591 1117 2746 1166 extra
2786 1129 2888 1166 nos
2933 1120 3086 1179 sunt,
3122 1121 3321 1170 cumet
3349 1118 3456 1171 hoc
3503 1120 3656 1188 quod

1958 1215 2093 1268 erga
2123 1216 2227 1252 nos
2253 1201 2460 1270 agitur,
2491 1201 2826 1268 ignoramus
2852 1203 2879 1256 ?
2911 1203 2967 1257 Si
3004 1205 3220 1259 venerit
3245 1207 3314 1260 ad
3339 1223 3449 1262 me.

2027 1288 2184 1341 Vens.
2216 1291 2297 1342 1l.
2334 1321 2398 1328 —
2433 1310 2458 1339 ‹‹
2491 1290 2546 1345 Si
2564 1291 2782 1344 venerit
2806 1291 2876 1345 ad
2906 1308 3014 1345 me.
3046 1313 3072 1342 ››
3103 1293 3288 1364 (Ibid)
3323 1296 3503 1362 Venit,
3525 1314 3657 1352 cum

1955 1377 2104 1431 dona
2135 1379 2247 1440 dat,
2310 1385 2437 1446 etc.,
2472 1396 2638 1448 usque
2695 1381 2845 1434 adet
2875 1387 3066 1436 tamen
3115 1383 3193 1436 sic
3246 1401 3425 1439 caecus
3485 1388 3657 1440 homo

1957 1466 2238 1519 rationem
2269 1468 2463 1520 reddet
2490 1469 2558 1521 de
2582 1469 2800 1522 actibus
2835 1471 2969 1526 Deo.

2029 1555 2184 1607 Vens.
2217 1558 2296 1608 12.
2333 1587 2396 1595 -—
2433 1576 2458 1606 ‹‹
2520 1557 2572 1609 Si
2615 1565 2850 1627 repente
2908 1561 3071 1614 inter.
3108 1581 3135 1612 η
3171 1562 3365 1631 (Ibid)
3403 1565 3659 1634 Repente

1957 1641 2290 1712 interrogat,
2324 1660 2452 1697 cum
2489 1645 2830 1714 inopinatos,
2865 1653 2993 1713 etc.,
3017 1664 3184 1716 usque
3210 1649 3302 1714 ad,
3349 1653 3503 1720 quod
3533 1653 3657 1722 pla-

1949 1731 2086 1785 nius
2121 1733 2439 1786 ostenditur
2467 1733 2604 1787 dum
2625 1733 2924 1788 subditur:

2027 1819 2220 1882 «Quis
2283 1820 2471 1874 dicere
2529 1826 2732 1890 potest,
2793 1839 2895 1876 cur
2943 1822 3023 1877 ita
3088 1825 3302 1881 facit?»
3345 1829 3508 1882 Facta
3559 1831 3657 1884 Dei

1955 1906 2228 1961 debemus
2287 1910 2567 1988 venerari,
2628 1917 2756 1973 etc.,
2808 1927 2976 1981 usque
3031 1913 3103 1966 ad
3161 1931 3332 1985 quam
3382 1919 3660 1988 superbus

1953 1983 2506 2068 inexstinguibiliter
2532 2001 2807 2065 accendit,
2845 2002 2997 2055 unde
3022 2004 3100 2056 ait
3129 2020 3142 2057 :

2025 2087 2184 2140 Vens.
2224 2090 2308 2140 13.
2340 2117 2409 2125 --
2445 2107 2469 2136 ‹‹
2505 2089 2652 2141 Deus
2712 2089 2872 2158 cujus
2903 2089 3002 2143 irae
3060 2091 3321 2146 resistere
3351 2110 3521 2147 nemo
3557 2111 3658 2164 po-

1952 2179 2083 2228 test.
2125 2197 2146 2222 ι
2182 2176 2396 2246 Moyses
2424 2181 2477 2231 et
2510 2177 2750 2230 Pbiuees
2790 2183 2845 2231 et
2876 2179 2971 2232 alii
3002 2182 3198 2243 sancti,
3232 2187 3360 2248 etc.,
3392 2200 3560 2253 usque
3588 2185 3662 2238 ad

1953 2263 2142 2318 abhis
2172 2281 2433 2318 reversus
2491 2267 2561 2320 ad
2615 2282 2674 2319 se
2724 2267 3024 2320 humiliter
3076 2285 3193 2338 pra:
3254 2276 3528 2339 potestate
3559 2273 3659 2326 Dei

1953 2352 2062 2407 sibi
2093 2353 2338 2408 vilescit.
3149 2361 3153 2364 ’

2026 2442 2184 2494 Vens.
2223 2443 2303 2495 14.
2338 2463 2459 2491 -‹
2519 2441 2775 2506 Quantus
2829 2459 2964 2513 ergo
3012 2461 3088 2498 se.
3137 2464 3162 2495 »
3214 2447 3396 2517 (Ibid)
3461 2449 3520 2502 Id
3552 2454 3658 2517 est,

1955 2530 2000 2583 si
2033 2531 2270 2599 angelus
2301 2531 2454 2584 hunc
2475 2531 2832 2585 considerare
2867 2549 2978 2586 non
3019 2534 3248 2600 sufficit,
3303 2552 3418 2606 qua
3465 2544 3658 2592 mente

1955 2619 2024 2672 de
2057 2620 2180 2689 ejus
2229 2619 2458 2688 judiciis
2516 2620 2743 2690 disputo
2792 2621 2891 2692 qui
2949 2638 3115 2676 carne
3165 2627 3449 2694 premor?
3478 2627 3658 2680 Verba

1957 2711 2147 2760 nostra
2164 2707 2232 2760 ad
2271 2707 2447 2760 Deum
2485 2714 2614 2761 sunt
2644 2725 2838 2779 opera,
2874 2710 2969 2763 sed
3003 2711 3090 2763 his
3134 2712 3268 2781 quia
3296 2729 3410 2766 non
3471 2719 3658 2784 potest

1955 2795 2127 2848 homo
2157 2795 2316 2865 loqui
2345 2812 2475 2849 cum
2511 2798 2642 2863 Deo,
2677 2798 2812 2868 quia
2843 2798 2901 2851 in
2933 2799 3012 2852 eis
3041 2801 3191 2868 apud
3252 2801 3455 2856 subtile
3494 2803 3656 2873 judi—

1954 2884 2108 2937 cium
2142 2886 2240 2937 Dei
2273 2886 2429 2938 nulla
2455 2885 2664 2939 ﬁducia
2694 2892 2795 2953 est,
2829 2887 2982 2941 unde
3012 2888 3210 2942 addit:

2028 2974 2187 3027 Vens.
2226 2977 2309 3026 15.
2344 3003 2409 3014 -
2440 2995 2466 3022 α
2497 2974 2605 3038 Qui
2638 2976 2809 3029 etiam
2838 2976 2882 3028 si
2915 2976 3187 3043 habuero,
3249 2983 3390 3040 etc.,
3446 2978 3655 3048 depre-

1954 3061 2144 3116 cabor.
2174 3081 2201 3113 »
2267 3064 2437 3117 Prece
2489 3069 2617 3133 post
2658 3064 2941 3134 justitiam
3004 3066 3104 3120 Dei
3149 3066 3386 3137 indiget,
3439 3072 3502 3120 ut
3526 3084 3654 3138 quas

1952 3151 2144 3205 minus
2193 3167 2255 3203 ex
2310 3167 2388 3216 se,
2439 3167 2502 3204 ex
2552 3152 2767 3222 pietate
2813 3153 3023 3221 judicis
3077 3155 3278 3209 valeat.
3333 3156 3446 3209 Etsi
3485 3157 3656 3226 plena

1953 3237 2012 3290 in
2038 3237 2470 3307 perfectioribus
2491 3239 2563 3293 sit
2589 3240 2824 3308 justitia,
2863 3241 3058 3294 haberi
3089 3243 3156 3296 de
3190 3243 3303 3297 illa.

2025 3343 2054 3378 α
2101 3324 2424 3395 Quidpiam,
2461 3347 2488 3373 »
2549 3326 2776 3391 dicitur,
2837 3329 2971 3398 quia
3035 3345 3194 3383 mens
3244 3330 3494 3386 hominis
3525 3350 3654 3405 quae

1952 3413 2384 3484 comprehendit
2429 3414 2518 3468 vix
2571 3417 2814 3486 peragit,
2861 3423 2917 3471 et
2945 3435 3148 3488 parum
3180 3425 3264 3473 est
3315 3422 3469 3491 quod
3501 3439 3654 3478 com-

1951 3502 2274 3571 prehendit.
2333 3503 2525 3557 Oratio
2578 3521 2733 3571 vero,
2781 3506 2914 3576 quia
2964 3507 3156 3562 multis
3213 3511 3654 3580 cogitationibus

1951 3592 2227 3661 quatitur,
2254 3591 2357 3645 etsi
2389 3592 2638 3658 auditur,
2663 3595 2864 3663 repelli
2884 3595 3063 3649 timet.

2016 3682 2175 3734 Vens.
2241 3684 2321 3734 16.
2363 3701 2495 3731 —«
2568 3683 2708 3736 Cum
2755 3683 3114 3738 invocantem
3179 3687 3497 3742 exaudierit
3561 3706 3653 3744 me

1951 3785 2136 3822 non.»
2173 3769 2355 3839 (Ibid)
2387 3770 2528 3823 Cum
2586 3771 2739 3823 enim
2793 3772 2875 3839 (ut
2921 3773 2996 3825 ait
3056 3773 3248 3843 David)
3284 3795 3310 3824 «
3360 3777 3533 3830 modo
3565 3796 3655 3831 as-

1951 3858 2201 3911 cendunt
2231 3873 2413 3928 usque
2444 3858 2512 3911 ad
2547 3860 2719 3911 caelos
2777 3859 2945 3928 (Psal.
2980 3860 3101 3929 ενι),
3150 3880 3177 3910 »
3232 3878 3360 3916 cum
3427 3881 3654 3920 summa

1951 3950 2271 4015 penetrant,
2306 3945 2475 3998 modo
2530 3945 2881 4000 descendunt
2911 3946 2970 3999 in
3023 3947 3270 4017 abyssos,
3332 3967 3433 4020 per
3465 3953 3655 4023 turpia

1951 4039 2310 4098 testamenta,
2365 4035 2768 4088 certitudinem
2815 4037 3193 4091 exauditionis
3241 4056 3355 4093 non
3415 4041 3648 4098 habent.
3737 4033 3742 4038 ’

1954 4123 2090 4176 Vide
2118 4140 2291 4194 quam
2321 4123 2604 4177 subtiliter
2652 4139 2710 4176 se
2756 4124 2995 4194 judicat,
3054 4126 3448 4182 infirmitatem
3490 4146 3651 4184 suam

1952 4212 2156 4281 aperit.

2018 4322 2040 4350 ι
2069 4302 2324 4365 Quantus
2355 4315 2512 4370 ergo.
2545 4319 2573 4351 ι)
2599 4301 2663 4354 In
2702 4301 2919 4372 iustitia
2969 4320 3080 4357 non
3138 4305 3389 4371 conﬁdit,
3449 4307 3546 4361 sed
3580 4307 3652 4361 ad

1951 4405 2177 4462 precem
2231 4389 2524 4458 confugit:
2575 4390 2674 4461 qui
2748 4391 2968 4445 etiamsi
3043 4393 3296 4447 habuero
3351 4395 3650 4466 quidpiam

1943 4482 2191 4551 justum,
2226 4479 2293 4532 de
2323 4479 2447 4548 ipsa
2494 4496 2723 4550 quoque
2771 4496 2938 4550 prece
2990 4481 3226 4550 pavidus
3268 4483 3389 4536 ait:
3424 4502 3448 4536 α
3511 4486 3651 4539 Cum

1951 4568 2332 4621 invocantem.
2373 4589 2396 4616 ιι
2430 4567 2563 4622 Ideo
2611 4569 2691 4622 sic
2738 4569 3142 4639 circumspicit,
3194 4571 3328 4641 quia
3357 4572 3468 4625 vim
3493 4573 3651 4643 judi-

1949 4655 2023 4709 cii
2055 4673 2113 4709 se
2136 4672 2251 4710 non
2283 4673 2446 4726 posse
2479 4657 2625 4712 ferre
2651 4658 2823 4725 videt,
2859 4659 2928 4712 de
2959 4675 3072 4729 quo
3101 4659 3218 4714 ait:

2022 4746 2179 4798 Vens.
2239 4749 2319 4799 l7.
2379 4776 2448 4786 —
2483 4770 2502 4793 «
2567 4749 2628 4800 In
2683 4747 2908 4800 turbine
2961 4748 3135 4801 etiarn
3187 4753 3442 4802 conteret
3483 4765 3651 4802 me.»

1947 4832 2136 4895 Quiin
2192 4835 2610 4904 tranquillitate
2632 4841 2991 4907 exspectatur
3033 4839 3400 4908 contempsit,
3452 4838 3510 4891 in
3537 4842 3654 4891 tur-

1951 4921 2084 4974 bine
2113 4927 2460 4976 conteretur.

2025 5031 2046 5058 ι
2079 5010 2373 5065 Turbine:
2422 5030 2449 5062 ››
2509 5011 2645 5082 quia
2687 5011 2748 5064 in
2792 5012 3177 5066 commotione
3237 5014 3654 5069 elementorum

1949 5098 2030 5152 ibi
2078 5099 2329 5153 districte
2388 5100 2605 5170 requiri
2648 5116 2823 5170 opera
2872 5101 3071 5154 timet:
3105 5117 3234 5155 cum
3278 5107 3334 5157 et
3377 5105 3654 5173 quosdam

1951 5187 2073 5241 sine
2096 5189 2363 5258 operibus
2392 5189 2659 5259 originali
2688 5194 2851 5244 reatu
2883 5189 3144 5243 damnari
3198 5192 3372 5255 videt,
3406 5209 3654 5264 quorum

1951 5294 2086 5331 voce
2117 5278 2197 5331 ait
2229 5295 2241 5331 :

2030 5389 2051 5416 ι
2078 5366 2472 5436 Multiplicabit
2501 5367 2737 5421 vulnera
2763 5384 2910 5422 mea.
2944 5388 2970 5421 ι)
3022 5369 3164 5434 Quia
3198 5369 3306 5441 ipsi
3355 5372 3501 5426 nihil
3535 5389 3661 5444 egeo

1954 5461 2111 5525 runt,
2132 5456 2285 5510 unde
2320 5455 2568 5510 dicitur:
2614 5479 2633 5503 α
2667 5457 2790 5512 Non
2815 5463 2899 5512 est
2954 5459 3205 5514 mundus
3243 5461 3303 5514 in
3356 5467 3658 5534 conspectu

1956 5545 2102 5616 ejus,
2136 5561 2241 5598 nec
2270 5544 2460 5598 infans
2481 5545 2649 5598 unius
2681 5546 2815 5600 diei.
2854 5568 2875 5594 ι

2032 5655 2052 5680 ι
2080 5633 2213 5689 Sine
2242 5649 2430 5688 causa.
2459 5653 2486 5687 ιο
2533 5637 2640 5690 Pro
2697 5637 3076 5694 aestimatione
3127 5639 3365 5695 humani
3425 5653 3670 5712 sensus;
