4034 6180
392 277 496 331 783

1014 273 1405 327 WALAFRIDI
1446 273 1691 326 STRABI
1732 271 1926 327 FULD.
1971 269 2141 326 MON.
2181 272 2332 330 OPP.
2373 271 2548 327 PARS
2587 271 2628 325 Ι.
2671 298 2737 307 -
2777 266 3230 324 THEOIDGICA.
3755 272 3839 323 784

389 399 484 453 sed
518 397 669 469 apud
706 399 886 452 Deum
911 395 1130 466 justum
1163 399 1264 459 est,
1299 398 1360 448 ut
1387 395 1561 448 arbor
1613 394 1671 447 iu
1726 394 1900 448 ramis
1927 410 2084 448 ama-
2111 395 2159 448 Α
2199 393 2473 466 fugiendo
2497 393 2680 446 visum
2712 389 2976 462 perdidit,
3011 405 3081 442 ne
3132 389 3350 443 bonum
3381 389 3525 460 quod
3567 394 3662 455 est,
3687 390 3840 445 videre

389 486 703 540 ritudinem
736 491 938 550 servet,
990 500 1162 554 quam
1207 482 1374 536 traxit
1415 498 1448 535 a
1500 481 1707 536 radice.
1761 482 1888 534 Haec
1917 480 2090 534 etiam

391 574 770 644 spiritualiter
799 573 866 627 de
921 572 1044 637 Job,
1097 571 1193 642 qui
1226 571 1450 640 ﬂagella
1500 570 1598 624 Dei
1655 569 1715 624 in
1752 569 2000 634 turbine,
2035 573 2092 622 et

393 668 655 717 metuens
684 661 966 732 praevidit,
993 665 1048 713 et
1096 659 1412 730 praavidens
1469 657 1727 728 pertulit,
1761 657 1915 712 unde
1963 656 2039 710 ait
2072 673 2085 709 :

397 773 419 800 ι
460 752 525 804 Et
553 749 954 820 multiplicabit
985 749 1220 801 vulnera
1242 764 1369 802 mea
1399 747 1521 800 sine
1543 762 1735 815 causa,
1765 767 1784 796 ι
1811 745 1948 817 quia
1970 761 2089 798 non

399 856 502 910 pro
522 840 687 910 culpa
718 855 1017 908 percussus
1049 841 1149 903 est,
1199 837 1349 891 unde
1399 853 1590 907 supra,
1626 857 1653 884 «
1684 840 1748 890 ut
1776 835 2090 904 afﬂigerem

393 945 526 982 eum
557 928 786 981 frustra.
825 949 846 972 ι

485 1018 645 1071 Vens.
706 1019 790 1070 18.
855 1037 979 1059 -εν
1043 1017 1166 1068 Non
1225 1013 1502 1068 concedit.
1545 1037 1566 1062 ι
1623 1013 1835 1079 (ϐηεο.)
1917 1011 2092 1066 Plena

386 1105 652 1175 probatio
687 1121 701 1159 :
735 1111 891 1158 extra
945 1105 1194 1157 lacerant
1245 1105 1552 1168 tormenta,
1602 1103 1756 1156 intus
1786 1100 2088 1171 castigant,

387 1198 764 1261 tentamenta,
794 1193 947 1247 unde
979 1209 1036 1246 se
1077 1191 1378 1262 impletum
1419 1191 1894 1245 amaritudinibus
1955 1188 2094 1244 dicit

389 1281 490 1335 sed
521 1281 744 1352 mitigat
778 1281 893 1334 vim
933 1281 1145 1335 doloris
1177 1281 1416 1350 aequitas
1441 1285 1497 1333 et
1527 1279 1781 1350 potentia
1813 1277 2088 1333 ferientis.

395 1371 456 1424 Et
489 1369 596 1423 hoc
622 1374 706 1424 est
736 1386 749 1423 :

461 1459 730 1513 Vens“).
787 1490 850 1497 —
887 1479 908 1507 ι
975 1457 1031 1512 Si
1089 1457 1362 1511 fortitudo
1418 1457 1714 1528 qnmritur.
1780 1475 1804 1506 ι)
1877 1454 2086 1520 Quasi:

388 1563 557 1601 nemo
605 1547 793 1611 audet,
853 1545 987 1617 quia
1031 1546 1126 1599 ille
1198 1546 1402 1600 merita
1471 1545 1774 1610 examinat,
1835 1544 1934 1615 qui
1991 1560 2093 1613 per

389 1637 641 1690 alienum
677 1635 1068 1690 testimonium
1118 1653 1184 1687 ea
1242 1652 1354 1688 nou
1401 1636 1680 1705 explorat,
1739 1633 1836 1688 :ed
1893 1633 2092 1687 tacitus

387 1725 887 1779 consideratordiu
944 1729 1248 1793 exspectat.
1311 1723 1468 1776 Alius
1522 1739 1638 1776 non
1685 1725 1872 1792 potest
1919 1721 2092 1775 milii-

389 1830 508 1868 esse
544 1814 720 1877 testis,
763 1813 899 1883 quia
928 1829 1029 1866 nec
1051 1828 1156 1882 ego
1187 1811 1306 1882 ipso
1339 1811 1502 1866 milii.

487 1904 644 1957 Vens.
704 1906 791 1956 20.
831 1931 891 1941 —
929 1921 956 1952 (ί
1012 1901 1070 1955 Si
1111 1900 1442 1970 justiﬁcare.
1505 1899 1690 1969 (Ibid.)
1742 1901 1865 1954 Non
1927 1897 2091 1952 sufﬁ~

387 1991 474 2046 cio
504 2007 624 2044 esse
668 1991 826 2046 testis
877 1990 1240 2057 innocentiae,
1291 2006 1394 2044 nec
1447 1990 1560 2043 scio
1610 1989 1764 2060 quod
1817 2004 1944 2043 eam
1998 1988 2093 2041 ha-

389 2081 576 2135 beam.

456 2171 617 2223 Vens.
652 2171 740 2221 2t.
792 2199 858 2207 —
893 2190 912 2216 ι
950 2167 1006 2223 Si
1060 2168 1298 2238 simplex
1332 2167 1512 2222 fuero.
1555 2188 1575 2215 ι
1629 2167 1735 2232 Qui
1789 2167 1891 2220 scit
1944 2165 2094 2220 bona

391 2275 517 2329 qua:
547 2258 684 2327 agit,
715 2262 846 2322 etc.,
881 2272 1050 2325 usque
1087 2257 1162 2310 ad
1182 2257 1288 2310 hoc
1325 2255 1589 2310 exsilium
1643 2253 1910 2308 caecitatis
1941 2269 2092 2323 aegre

390 2347 517 2409 fert,
553 2347 701 2400 unde
733 2345 924 2399 subdit
955 2362 967 2398 :

418 2455 444 2485 α
475 2437 538 2488 Et
587 2434 820 2488 taedebit
855 2450 942 2488 me
993 2433 1120 2487 vita:
1197 2449 1356 2487 meae.
1401 2455 1421 2480 ο
1485 2431 1590 2486 Sed
1619 2436 1705 2485 est
1780 2431 2092 2486 consolatio

424 2525 596 2594 hujus
625 2522 886 2593 caliginis
943 2523 1173 2576 reducta
1225 2521 1418 2575 animo
1472 2521 1624 2590 justa
1656 2521 1910 2591 potentia
1956 2520 2088 2574 Dei:

389 2629 518 2683 qua:
544 2616 600 2664 et
629 2611 857 2681 iniquos
879 2610 1063 2680 punit,
1090 2615 1145 2662 et
1176 2610 1360 2679 justos
1392 2608 1759 2662 transcendit.

462 2702 620 2753 Vens.
672 2702 761 2752 22.
795 2727 864 2739 -
896 2721 918 2748 ι
979 2699 1164 2752 Unum
1223 2703 1307 2752 est
1375 2697 1527 2767 quod
1581 2697 1801 2751 locutus
1855 2712 2006 2749 sum.
2062 2714 2088 2748 ι

386 2789 555 2859 Ibid.)
585 2787 704 2841 Vel.
743 2789 1068 2840 «innocens
1104 2808 1124 2833 ι
1174 2784 1549 2851 consumitur,
1610 2790 1744 2849 etc.,
1812 2799 1981 2854 usque
2019 2783 2093 2838 ad

390 2880 664 2946 (nostram
695 2876 929 2945 duplam
961 2873 1147 2927 carnis
1177 2878 1233 2927 et
1262 2873 1469 2927 animae
1490 2873 1762 2927 destruat.

461 2985 618 3036 Vens.
651 2984 743 3036 23.
782 3012 846 3020 ——
885 3003 906 3028 ι
945 2981 999 3035 Si
1028 2981 1298 3050 ﬂagellat,
1347 2979 1564 3034 occidat
1593 2997 1669 3034 se.
1713 3003 1732 3026 ι-
1790 2980 2087 3051 (Ibid.)Ri-
2118 2972 2156 3026 C

390 3071 522 3126 dere
553 3070 653 3124 Dei
680 3075 766 3124 est
811 3069 1131 3135 afﬂictioni,
1189 3073 1316 3134 etc.,
1366 3085 1536 3136 usque
1593 3070 1668 3123 ad
1723 3071 1875 3140 quod
1935 3070 2090 3122 solus

391 3160 576 3214 carnis
604 3164 851 3213 mortem
871 3158 1128 3229 pertulit,
1162 3157 1361 3227 aperit.

455 3268 618 3319 Vens.
652 3267 739 3320 24.
773 3297 840 3303 --
867 3287 890 3314 ι
923 3266 1092 3318 Terra
1123 3263 1273 3317 data.
1306 3283 1332 3313 »
1369 3264 1462 3316 Vel
1496 3284 1522 3312 α
1577 3263 1803 3318 tradita.
1841 3285 1868 3314 ν
1919 3265 2092 3318 Terra

397 3371 543 3418 caro,
581 3354 792 3424 impius
825 3352 1102 3406 diabolus.

466 3464 493 3492 ς
526 3443 720 3495 Manus
758 3461 776 3489 ι
829 3440 972 3509 ejus,
1045 3438 1323 3492 occisores
1354 3439 1578 3500 Christi,
1625 3444 1756 3503 etc.,
1799 3455 1965 3508 usque
2019 3440 2094 3493 ad

394 3547 567 3602 quam
596 3529 854 3584 Christus
876 3526 1112 3580 venerit.

467 3638 628 3690 Vens.
681 3638 862 3690 25.—
893 3652 920 3685 «
973 3633 1101 3688 Dies
1151 3633 1262 3686 mei
1313 3632 1622 3686 velociores
1669 3634 1906 3688 fuerunt
1953 3651 2090 3689 cur-

396 3743 544 3781 sore.
591 3746 612 3772 ο
647 3724 836 3794 (Ibid)
894 3721 1152 3778 Cursoris
1211 3727 1317 3788 est,
1381 3728 1644 3776 secutura
1692 3724 2095 3778 nuntiarezsic

407 3831 604 3869 omnes
659 3813 820 3867 electi
866 3817 998 3865 ante
1055 3811 1364 3865 adventum
1422 3811 1746 3865 nuntiantes
1804 3813 2094 3867 Christum

395 3920 650 3958 cursores
682 3904 911 3956 fuerunt
944 3901 1074 3968 ;sed
1111 3900 1242 3971 quia
1268 3906 1400 3953 ante
1447 3900 1787 3965 moriuntur,
1850 3899 2092 3954 transire

396 4011 452 4046 se
476 3993 720 4046 velocius
767 4007 994 4044 cursore
1043 3990 1260 4056 dolent,
1321 3995 1526 4043 utnon
1575 3989 1802 4042 videant
1847 4005 2096 4058 praesen-

394 4089 506 4136 tem
530 4083 690 4136 illum
727 4081 825 4151 qui
853 4079 1222 4151 singulariter
1257 4079 1442 4132 bonus
1469 4077 1678 4132 dicitur
1711 4095 1724 4143 ;
1759 4078 1828 4132 de
1885 4079 2094 4148 quibus

394 4169 566 4223 etiam
597 4169 754 4222 addit

458 4278 619 4330 Vens.
682 4277 768 4328 26.
834 4304 888 4313 —
930 4295 950 4320 ι
1000 4273 1170 4337 Quasi
1219 4289 1411 4326 naves.
1450 4296 1470 4319 ι
1533 4271 1640 4336 Qui
1684 4288 1854 4342 poma
1907 4276 2095 4343 portat

393 4363 567 4418 odore
593 4362 822 4428 fruitur,
879 4365 1008 4425 etc.,
1058 4376 1228 4429 usque
1257 4360 1331 4414 ad
1377 4376 1480 4430 per
1508 4359 1963 4430 compassionem
2019 4361 2092 4416 ad

393 4467 590 4506 eorum
621 4449 890 4504 duritiam
922 4462 1151 4518 quoque
1183 4463 1368 4500 sermo
1398 4447 1639 4502 vertitur
1664 4447 1766 4502 ita.

466 4559 625 4612 Vens.
657 4560 745 4610 27.
775 4586 843 4595 —-
869 4577 889 4603 ι
939 4555 1082 4610 Cum
1130 4553 1361 4608 dixero:
1414 4570 1800 4626 nequaquam.
1841 4578 1860 4603 ι
1898 4556 2088 4626 (Ibid)

393 4647 565 4702 Israel
598 4650 658 4699 ut
689 4644 848 4716 prius
877 4642 1061 4697 uoluit
1082 4642 1261 4713 loqui,
1295 4659 1425 4696 cum
1476 4659 1647 4714 quem
1701 4644 1966 4715 praedixit
1996 4661 2091 4698 ne-

394 4735 548 4806 gavit
589 4751 601 4788 :
635 4733 693 4788 in
725 4749 838 4804 quo
877 4731 1044 4785 facies
1095 4732 1216 4802 ejus
1266 4730 1504 4784 interior
1553 4737 1936 4786 commutatur
1975 4749 2091 4787 sor-

393 4825 560 4879 dibus
589 4821 845 4894 perﬁdias
871 4825 934 4874 ut
965 4837 1072 4874 non
1115 4825 1454 4890 agnoscatur
1481 4837 1514 4874 a
1575 4821 1708 4887 Deo,
1742 4822 1891 4876 unde
1914 4826 2091 4877 restat

393 4912 648 4984 torqueri
679 4910 970 4965 doloribus
1000 4911 1254 4964 internis.

481 5023 501 5049 ι
566 5000 694 5054 Dies
753 4998 864 5052 mei
903 4997 1152 5052 velocius
1203 4996 1568 5052 transierunt.
1617 5020 1638 5045 ι
1701 4999 1888 5068 (Ibid)
1962 4999 2088 5054 Pri-

393 5105 519 5144 mus
547 5089 722 5142 homo
748 5087 829 5141 sic
848 5086 1110 5141 conditus
1141 5091 1244 5152 est,
1279 5091 1341 5140 ut
1388 5085 1500 5140 vita
1528 5086 1649 5157 ejus
1678 5103 1782 5156 per
1830 5093 2090 5159 tempora

391 5180 565 5250 possit
599 5177 778 5242 tendi,
835 5194 949 5230 non
993 5175 1222 5242 evolvi;
1267 5176 1365 5230 sed
1397 5175 1532 5246 quia
1582 5176 1830 5245 peccavit
1884 5177 2087 5231 decur-

392 5283 516 5319 sum
544 5265 798 5337 pertulit,
826 5281 998 5336 qurm
1054 5264 1226 5318 homo
1285 5280 1510 5334 semper
1557 5265 1775 5329 tolerat,
1809 5269 1866 5320 et
1892 5271 2086 5319 tamen

391 5361 567 5425 optat,
599 5355 736 5408 dum
795 5353 980 5408 vivere
1034 5353 1269 5423 appetit.
1321 5352 1498 5422 Hujus
1554 5353 1824 5408 decursus
1877 5353 2087 5408 damna

389 5459 523 5496 voce
543 5441 783 5496 humani
812 5440 1040 5512 generis
1071 5441 1268 5510 gemit.

467 5554 485 5574 π
535 5532 845 5601 Fugerunt,
887 5553 906 5578 ι
964 5530 1097 5600 quia
1125 5531 1194 5583 ad
1256 5529 1442 5584 lucem
1481 5533 1630 5584 stare
1666 5531 1839 5586 homo
1875 5530 2084 5594 noluit,

2201 483 2400 552 possit,
2436 482 2503 536 ad
2535 481 2687 552 quod
2720 479 2984 534 conditus
3015 479 3141 532 fuit.

2277 595 2295 619 α
2323 572 2494 636 Quasi
2542 587 2713 624 naves
2782 584 2954 639 poma
3019 572 3330 638 portantes.
3361 589 3380 615 ι
3420 569 3606 636 (Ibid,)
3653 573 3844 630 Fructus

2200 663 2365 714 terrae
2397 675 2498 729 per
2524 659 2746 720 ﬂuctus,
2791 661 2923 724 etc.,
2973 671 3142 724 usque
3195 655 3269 709 ad
3326 672 3455 727 quae
3502 659 3744 729 cogitatio
3789 681 3843 719 ne

2197 750 2256 804 iu
2271 747 2597 818 superbiam
2615 750 2900 816 erumpat,
2915 745 3210 799 humiliter
3229 761 3288 798 se
3333 746 3648 816 comprimit
3662 749 3844 808 dicens:

2276 861 2295 886 ι
2349 838 2721 907 Nequaquam
2782 834 2861 888 ita
2914 834 3138 905 loquar.
3176 855 3194 880 ι
3251 832 3356 888 Sed
3408 833 3658 890 infirmus
3700 857 3728 891 a
3769 843 3846 894 tali

2197 926 2570 996 inquisitione
2593 938 2939 994 compescar.
2977 923 3040 976 In
3100 938 3215 992 quo
3247 921 3419 976 facies
3469 925 3668 978 mentis
3715 944 3845 982 com-

2201 1020 2475 1069 mutatur.
2505 1014 2639 1085 quia
2689 1028 2819 1084 quas
2879 1012 2994 1064 alta
3037 1011 3351 1082 qumrebat,
3403 1011 3680 1068 infirmam
3703 1033 3751 1069 se
3779 1018 3847 1071 vi-

2201 1105 2362 1172 dens,
2393 1108 2698 1157 veneratur
2729 1101 2880 1173 quod
2916 1101 3156 1166 ignorat.
3197 1101 3259 1153 In
3291 1116 3406 1171 qua
3436 1108 3520 1156 est
3549 1103 3712 1168 dolor,
3744 1107 3850 1176 quia

2199 1193 2362 1247 valde
2376 1191 2651 1261 afﬂigitur
2668 1190 2766 1261 qui
2797 1187 3254 1258 adintelligenda
3275 1205 3403 1260 quae
3431 1189 3500 1243 de
3515 1206 3572 1244 se
3590 1197 3726 1255 sunt,
3755 1209 3846 1246 ce-

2200 1288 2378 1336 catur.
2414 1281 2511 1334 Hic
2536 1278 2941 1332 communibus
2972 1276 3136 1330 malis
3166 1292 3269 1330 sua
3314 1279 3553 1347 propria
3579 1279 3849 1349 adjungere

2201 1370 2407 1424 metuit
2441 1386 2454 1422 :
2494 1390 2513 1415 ι
2552 1367 2797 1421 Verebar
2826 1365 3040 1430 omnia,
3080 1387 3099 1411 ι
3145 1371 3250 1418 etc.

2275 1459 2435 1511 Vens.
2495 1459 2588 1510 28.
2657 1487 2721 1495 -
2755 1478 2774 1502 ι
2829 1453 3074 1508 Verebar
3133 1453 3328 1508 omnia
3408 1471 3596 1524 opera.
3632 1478 3651 1502 ι
3707 1457 3852 1524 (Ibid)

2206 1548 2355 1600 Bona
2385 1545 2620 1616 quidem
2650 1547 2834 1606 erant,
2869 1548 3000 1608 etc.,
3034 1557 3203 1611 usque
3239 1542 3314 1596 ad
3364 1544 3528 1614 quasi
3555 1560 3653 1598 nec
3679 1560 3766 1614 per
3790 1547 3855 1597 la-

2201 1637 2366 1689 bores
2396 1634 2464 1688 ad
2492 1634 2663 1687 vitam
2693 1630 3007 1702 perveniat,
3044 1633 3224 1684 unde:

2276 1727 2434 1778 Vens.
2458 1727 2545 1777 29.
2579 1754 2647 1762 ——
2679 1745 2698 1769 ε
2736 1723 2794 1776 Si
2824 1728 3017 1774 autem
3050 1727 3107 1774 et
3136 1721 3213 1774 sic
3262 1721 3480 1792 impius
3537 1739 3676 1776 sum.
3711 1745 3726 1768 ι
3762 1723 3854 1776 Non

2198 1813 2442 1883 paenitet
2471 1812 2777 1875 laborasse,
2811 1811 2906 1863 sed
2939 1809 3089 1863 inter
3136 1809 3357 1863 labores
3409 1811 3478 1864 de
3536 1811 3854 1880 praemiisin-

2199 1905 2417 1953 certum
2458 1915 2514 1953 se
2546 1915 2666 1952 esse
2697 1898 2870 1951 dolet.
2909 1899 2986 1950 Ita
3017 1903 3102 1950 est
3133 1896 3385 1950 incertus
3426 1898 3634 1968 justus,
3665 1903 3723 1951 ut
3748 1914 3852 1951 con-

2199 1989 2356 2054 tidat,
2393 1989 2471 2041 ita
2501 1987 2732 2040 contidit
2759 2002 2830 2040 ne
2862 2002 3094 2040 securus
3118 1991 3363 2056 torpeat.

2266 2099 2286 2125 ι
2326 2078 2553 2131 Frustra
2595 2093 2606 2129 :
2649 2098 2667 2122 ι
2708 2075 2832 2129 dico
2859 2075 3010 2146 quia.

2272 2166 2438 2220 Vens.
2475 2167 2560 2220 30.
2589 2195 2652 2204 -
2695 2185 2715 2212 ι
2751 2163 2808 2218 Si
2865 2164 3014 2240 lotus
3053 2161 3214 2215 fuero
3259 2162 3424 2232 quasi
3454 2163 3616 2234 aquis
3670 2162 3808 2217 nivis.
3837 2183 3850 2206 ι

2201 2255 2304 2319 Qui
2335 2254 2577 2308 conterit
2607 2270 2664 2306 se
2695 2258 2758 2306 ut
2783 2252 3067 2319 lamentis,
3100 2256 3232 2317 etc.,
3279 2267 3449 2319 usque
3493 2252 3566 2305 ad
3618 2251 3711 2322 qui
3735 2266 3854 2304 com-

2199 2343 2478 2414 pungitur
2509 2342 2566 2395 iu
2599 2357 2765 2411 prece
2799 2356 2903 2410 pro
2930 2339 3194 2404 terrenis,
3248 2355 3397 2410 aqua
3421 2344 3613 2396 terrae.

2278 2455 2297 2480 ι
2331 2433 2542 2490 Manus.
2584 2452 2603 2478 ι
2642 2429 2830 2497 (Ibid)
2864 2433 3199 2498 suntopera.

2269 2544 2288 2569 ι
2348 2521 2515 2573 Velut
2573 2517 2982 2582 mundissimae,
3023 2539 3042 2564 ι
3098 2516 3263 2588 quasi
3321 2533 3434 2571 non
3495 2533 3622 2572 vere
3673 2516 3858 2571 munda

2201 2608 2306 2661 sub
2339 2609 2443 2661 liae
2467 2606 2856 2677 corruptione.

2272 2699 2434 2750 Vens.
2498 2699 2585 2751 3t.
2640 2717 2761 2742 -‹
2823 2694 3113 2765 Intiuges-
3177 2693 3235 2748 id
3270 2698 3375 2760 est,
3427 2694 3726 2749 intinctam
3783 2693 3857 2747 de-

2201 2785 2567 2853 monstrabis,
2593 2784 2730 2855 quia
2751 2788 2967 2854 quanto
3001 2783 3130 2852 plus
3159 2783 3209 2836 ei
3245 2784 3726 2853 approximamus,
3763 2797 3859 2836 sor-

2200 2877 2297 2930 des
2334 2880 2554 2929 uostras
2583 2889 2651 2926 ex
2681 2873 2803 2943 ejus
2829 2872 3109 2925 munditia
3139 2871 3530 2942 agnoscimus.

2260 2988 2280 3012 ‹
2344 2964 2775 3018 Vestimenta.»
2834 2961 3247 3016 Vestimentum
3303 2961 3517 3016 anima:
3587 2967 3668 3016 est
3694 2973 3861 3029 corpus

2200 3053 2353 3126 quod
2381 3052 2654 3124 praecepit
2706 3051 2970 3106 Salomon
3052 3050 3211 3104 omni
3270 3055 3532 3121 tempore
3597 3048 3860 3104 candidum

2199 3160 2343 3209 esse,
2374 3147 2430 3196 et
2479 3141 2526 3195 si
2565 3140 2638 3194 sit
2686 3141 2922 3194 mistum
2985 3138 3284 3210 sanguine,
3325 3139 3383 3194 id
3434 3145 3529 3194 est
3585 3137 3864 3194 carnalibus

2199 3230 2515 3294 desideriis,
2543 3229 2680 3283 dicit
2709 3228 2882 3282 Isaias
2911 3229 3363 3283 comburendum
3396 3227 3528 3298 (Isa.
3566 3232 3636 3296 9).

2268 3343 2287 3368 ε
2325 3318 2845 3382 Abominabuntur,
2884 3339 2904 3365 ι
2934 3316 2990 3370 id
3025 3322 3128 3381 est,
3168 3305 3616 3372 abominabilem
3648 3317 3864 3378 reddent,

2201 3414 2264 3462 ut
2292 3408 2362 3462 de
2392 3407 2561 3466 :Juda
2611 3404 2816 3459 dicitur
2848 3420 2861 3458 :
2899 3427 2920 3453 ‹
2976 3403 3234 3458 Possedit
3281 3420 3489 3473 agrum
3523 3405 3593 3460 de
3646 3402 3865 3458 mercede

2200 3495 2542 3568 iniquitatis,
2583 3515 2602 3542 ι
2637 3493 2692 3547 id
2724 3498 2824 3553 est.
2860 3493 3142 3562 possideri
3185 3493 3336 3547 fecit.
3371 3494 3432 3547 In
3481 3495 3866 3548 abominatione

2200 3586 2369 3639 vestis
2404 3585 2511 3638 hoc
2538 3583 2766 3654 gravius
2814 3581 3006 3647 habet,
3055 3581 3212 3652 quod
3259 3598 3491 3636 sensum
3554 3583 3642 3637 sui
3703 3595 3867 3651 repre-

2202 3672 2461 3728 hensoris
2489 3671 2736 3741 ignorat.

2275 3761 2434 3814 Vans.
2472 3762 2557 3812 32.
2591 3788 2659 3797 ——
2695 3780 2715 3806 ι
2752 3759 2946 3829 Neque
2978 3757 3134 3812 enim
3169 3759 3304 3813 viso.
3340 3781 3360 3838 ε
3415 3760 3572 3814 Inter
3623 3758 3864 3816 homines,

2203 3854 2259 3902 et
2287 3848 2553 3902 audimus
2582 3847 2821 3918 objecta,
2869 3852 2926 3900 et
2978 3847 3048 3900 ad
3067 3863 3133 3900 ea
3189 3848 3604 3917 respondemus
3649 3856 3700 3904 et
3732 3846 3866 3902 audi-

2203 3955 2360 4004 mur;
2403 3939 2498 3993 sed
2530 3938 2589 3991 in
2635 3938 2853 4008 judicio
2889 3937 2988 3991 Dei
3031 3937 3154 4008 ipse
3191 3955 3308 3993 non
3350 3940 3534 4005 audit,
3567 3942 3698 4011 quia
3745 3938 3869 3992 videt

2203 4028 2400 4081 omnia
2457 4043 2586 4098 quae
2631 4026 2878 4096 agimus,
2928 4029 3023 4081 sed
3077 4043 3194 4082 non
3259 4028 3529 4082 audimus
3587 4046 3732 4094 eum,
3760 4026 3868 4098 quia

2207 4116 2360 4187 quod
2397 4115 2449 4170 ei
2497 4115 2758 4186 displicet
2803 4117 2973 4186 plene
3055 4132 3166 4170 non
3219 4116 3620 4188 intelligimus.
3681 4119 3790 4172 Non
3817 4131 3865 4167 ex

2221 4222 2388 4276 aequo
2418 4209 2607 4275 potest
2638 4203 2847 4258 audiri.

2279 4295 2435 4348 Vens.
2461 4295 2548 4347 33.
2597 4323 2667 4332 —
2703 4315 2722 4340 ‹
2789 4293 3107 4364 Utrumque
3147 4293 3372 4348 valeat:
3423 4316 3442 4342 ι
3479 4294 3538 4350 id
3589 4299 3670 4349 est
3721 4294 3867 4346 Deum

2200 4388 2256 4438 et
2277 4399 2367 4437 me
2397 4381 2612 4453 possit:

2275 4494 2295 4519 »
2329 4475 2648 4540 Arguere.»
2711 4469 2936 4540 Arguit,
2995 4469 3095 4540 qui
3145 4485 3212 4524 ex
3249 4470 3585 4525 auctoritate
3643 4466 3867 4529 rationis,

2201 4564 2344 4626 etc.,
2380 4575 2550 4627 usque
2597 4559 2670 4612 ad
2689 4559 2844 4629 quod
2873 4559 3045 4613 corda
3076 4559 3536 4630 delinquentium
3572 4562 3865 4613 mansuetu-

2199 4648 2332 4702 dine
2363 4648 2554 4719 potius
2585 4663 2759 4719 quam
2779 4652 2997 4702 terrore
3028 4647 3288 4714 correxit,
3317 4650 3471 4703 unde
3503 4649 3690 4704 addit:

2269 4737 2423 4789 Vens.
2456 4737 2542 4790 3’s.
2576 4765 2644 4775 —
2678 4757 2698 4783 ι
2730 4735 2967 4790 Auferat
2995 4751 3027 4788 a
3049 4751 3139 4789 me
3167 4736 3387 4807 virgam
3412 4760 3432 4784 ι
3471 4737 3613 4808 legis
3643 4751 3746 4807 qua
3773 4747 3865 4803 pu-

2197 4823 2283 4878 nit
2306 4845 2321 4891 ;
2341 4824 2439 4878 sed
2467 4840 2594 4878 eam
2622 4825 2908 4879 Christum
2938 4824 3194 4894 abstulit,
3223 4831 3280 4880 et
3337 4842 3442 4896 per
3509 4819 3867 4881 mansuetudi—

2196 4929 2327 4967 nem
2349 4913 2467 4967 vias
2493 4913 2623 4967 vitae
2653 4914 2921 4968 ostendit.
2964 4913 3155 4968 Voluit
3181 4919 3248 4968 ut
3302 4915 3450 4969 Deus
3471 4915 3676 4979 timeri,
3707 4909 3792 4965 sed
3821 4911 3866 4960 ut

2193 5007 2363 5072 pater
2384 5001 2585 5056 amari.

2286 5091 2454 5147 Vens.
2508 5092 2593 5144 35.
2658 5121 2724 5129 —
2761 5112 2782 5138 ‹
2848 5091 3074 5160 Loquar
3124 5095 3176 5144 et
3235 5107 3352 5144 non
3406 5090 3617 5145 timebo
3681 5103 3858 5142 eum.’

2197 5177 2391 5250 (Ibid.)
2411 5179 2536 5232 Iam
2565 5195 2679 5232 non
2708 5178 2880 5232 habet
2899 5185 3138 5244 metum,
3171 5179 3266 5232 sed
3299 5184 3362 5233 ut
3391 5179 3460 5233 ad
3488 5184 3703 5250 patrem
3725 5174 3863 5230 affeco

2192 5270 2336 5320 tum.
2381 5267 2514 5320 Ecce
2563 5266 2822 5334 baculus,
2873 5267 2932 5322 id
2995 5272 3082 5321 est
3137 5266 3313 5321 timor
3361 5267 3501 5337 legis
3552 5267 3747 5321 missus
3773 5275 3861 5316 non

2195 5356 2433 5410 suscitat
2462 5373 2754 5426 puerum;
2804 5356 2902 5410 sed
2958 5354 3078 5426 ipse
3128 5355 3381 5424 Elisasus,
3429 5372 3606 5427 puero
3635 5356 3862 5434 contem:

2192 5448 2446 5514 paratus,
2475 5450 2530 5499 et
2561 5445 2770 5515 septies
2808 5445 3089 5514 aspirans,
3121 5444 3175 5499 id
3213 5450 3295 5499 est
3337 5461 3437 5514 per
3485 5457 3726 5499 amorem
3753 5438 3854 5508 spi-

2193 5533 2362 5587 ritus.
