  <div class='ocr_page' id='page_1' title='image "/cluster/home/n/w/nwhite01/storage/ocr_20150623/113/hvd.32044054759782/398.png"; bbox 0 0 4034 6180; ppageno 0'>
   <div class='ocr_carea' id='block_1_1' title="bbox 210 309 316 360">
    <p class='ocr_par' dir='ltr' id='par_1_1' title="bbox 210 309 316 360">
     <span class='ocr_line' id='line_1_1' title="bbox 210 309 316 360; baseline 0.009 -3"><span class='ocrx_word' id='word_1_1' title='bbox 210 309 316 360; x_wconf 76' lang='grc'>785</span> 
     </span>
    </p>
   </div>
   <div class='ocr_carea' id='block_1_2' title="bbox 282 429 1016 499">
    <p class='ocr_par' dir='ltr' id='par_1_2' title="bbox 282 429 1016 499">
     <span class='ocr_line' id='line_1_2' title="bbox 282 429 1016 499; baseline -0.004 -15"><span class='ocrx_word' id='word_1_2' title='bbox 282 429 499 499; x_wconf 61' lang='lat' dir='ltr'>(Gaza)</span> <span class='ocrx_word' id='word_1_3' title='bbox 532 450 554 478; x_wconf 74' lang='grc' dir='ltr'>ι</span> <span class='ocrx_word' id='word_1_4' title='bbox 596 429 960 498; x_wconf 77' lang='lat' dir='ltr'>Hespondere</span> <span class='ocrx_word' id='word_1_5' title='bbox 997 452 1016 475; x_wconf 72' lang='grc' dir='ltr'>ιο</span> 
     </span>
    </p>
   </div>
   <div class='ocr_carea' id='block_1_3' title="bbox 205 517 1911 585">
    <p class='ocr_par' dir='ltr' id='par_1_3' title="bbox 205 517 1911 585">
     <span class='ocr_line' id='line_1_3' title="bbox 205 517 1911 585; baseline 0 -15"><span class='ocrx_word' id='word_1_6' title='bbox 205 534 352 585; x_wconf 89' lang='lat' dir='ltr'>sare,</span> <span class='ocrx_word' id='word_1_7' title='bbox 411 518 507 572; x_wconf 89' lang='lat' dir='ltr'>sed</span> <span class='ocrx_word' id='word_1_8' title='bbox 565 518 856 573; x_wconf 90' lang='lat' dir='ltr'>beneﬁciis</span> <span class='ocrx_word' id='word_1_9' title='bbox 914 517 1014 572; x_wconf 86' lang='lat' dir='ltr'>Dei</span> <span class='ocrx_word' id='word_1_10' title='bbox 1040 534 1213 572; x_wconf 90' lang='lat' dir='ltr'>nemo</span> <span class='ocrx_word' id='word_1_11' title='bbox 1245 518 1525 571; x_wconf 77' lang='lat' dir='ltr'>serviliter</span> <span class='ocrx_word' id='word_1_12' title='bbox 1563 518 1773 571; x_wconf 89' lang='lat' dir='ltr'>timens</span> <span class='ocrx_word' id='word_1_13' title='bbox 1798 533 1911 570; x_wconf 89' lang='lat' dir='ltr'>res-</span> 
     </span>
    </p>
   </div>
   <div class='ocr_carea' id='block_1_4' title="bbox 207 606 1912 678">
    <p class='ocr_par' dir='ltr' id='par_1_4' title="bbox 207 606 1912 678">
     <span class='ocr_line' id='line_1_4' title="bbox 207 606 1912 678; baseline -0.001 -18"><span class='ocrx_word' id='word_1_14' title='bbox 207 608 461 677; x_wconf 86' lang='lat' dir='ltr'>pondet?</span> <span class='ocrx_word' id='word_1_15' title='bbox 498 608 917 662; x_wconf 81' lang='lat' dir='ltr'>Tantummodo</span> <span class='ocrx_word' id='word_1_16' title='bbox 949 608 1049 678; x_wconf 86' lang='lat' dir='ltr'>qui</span> <span class='ocrx_word' id='word_1_17' title='bbox 1106 623 1211 677; x_wconf 89' lang='lat' dir='ltr'>per</span> <span class='ocrx_word' id='word_1_18' title='bbox 1234 606 1499 660; x_wconf 92' lang='lat' dir='ltr'>ﬁduciam</span> <span class='ocrx_word' id='word_1_19' title='bbox 1551 608 1764 660; x_wconf 90' lang='lat' dir='ltr'>amoris</span> <span class='ocrx_word' id='word_1_20' title='bbox 1798 622 1912 659; x_wconf 89' lang='lat' dir='ltr'>non</span> 
     </span>
    </p>
   </div>
   <div class='ocr_carea' id='block_1_5' title="bbox 203 694 1911 768">
    <p class='ocr_par' dir='ltr' id='par_1_5' title="bbox 203 694 1911 768">
     <span class='ocr_line' id='line_1_5' title="bbox 203 694 1911 768; baseline -0.001 -19"><span class='ocrx_word' id='word_1_21' title='bbox 203 696 375 749; x_wconf 82' lang='lat' dir='ltr'>timet</span> <span class='ocrx_word' id='word_1_22' title='bbox 407 696 579 768; x_wconf 88' lang='lat' dir='ltr'>digna</span> <span class='ocrx_word' id='word_1_23' title='bbox 609 696 662 750; x_wconf 91' lang='lat' dir='ltr'>ei</span> <span class='ocrx_word' id='word_1_24' title='bbox 721 696 886 750; x_wconf 87' lang='lat' dir='ltr'>reddi</span> <span class='ocrx_word' id='word_1_25' title='bbox 944 696 1236 767; x_wconf 86' lang='lat' dir='ltr'>obsequia.</span> <span class='ocrx_word' id='word_1_26' title='bbox 1298 697 1419 749; x_wconf 80' lang='lat' dir='ltr'>Non</span> <span class='ocrx_word' id='word_1_27' title='bbox 1447 700 1532 749; x_wconf 89' lang='lat' dir='ltr'>est</span> <span class='ocrx_word' id='word_1_28' title='bbox 1578 712 1775 765; x_wconf 83' lang='lat' dir='ltr'>purus,</span> <span class='ocrx_word' id='word_1_29' title='bbox 1812 694 1911 765; x_wconf 91' lang='lat' dir='ltr'>qui</span> 
     </span>
    </p>
   </div>
   <div class='ocr_carea' id='block_1_6' title="bbox 204 782 1910 854">
    <p class='ocr_par' dir='ltr' id='par_1_6' title="bbox 204 782 1910 854">
     <span class='ocr_line' id='line_1_6' title="bbox 204 782 1910 854; baseline -0.001 -18"><span class='ocrx_word' id='word_1_30' title='bbox 204 783 361 836; x_wconf 89' lang='lat' dir='ltr'>mala</span> <span class='ocrx_word' id='word_1_31' title='bbox 418 788 628 854; x_wconf 88' lang='lat' dir='ltr'>ageret,</span> <span class='ocrx_word' id='word_1_32' title='bbox 689 782 735 836; x_wconf 90' lang='lat' dir='ltr'>si</span> <span class='ocrx_word' id='word_1_33' title='bbox 767 784 982 837; x_wconf 84' lang='lat' dir='ltr'>liceret.</span> <span class='ocrx_word' id='word_1_34' title='bbox 1047 782 1274 838; x_wconf 84' lang='lat' dir='ltr'>Amanti</span> <span class='ocrx_word' id='word_1_35' title='bbox 1304 788 1496 837; x_wconf 89' lang='lat' dir='ltr'>autem</span> <span class='ocrx_word' id='word_1_36' title='bbox 1551 789 1636 837; x_wconf 89' lang='lat' dir='ltr'>est</span> <span class='ocrx_word' id='word_1_37' title='bbox 1674 783 1910 836; x_wconf 64' lang='lat' dir='ltr'>taedium</span> 
     </span>
    </p>
   </div>
   <div class='ocr_carea' id='block_1_7' title="bbox 203 870 1907 942">
    <p class='ocr_par' dir='ltr' id='par_1_7' title="bbox 203 870 1907 942">
     <span class='ocr_line' id='line_1_7' title="bbox 203 870 1907 942; baseline -0.001 -18"><span class='ocrx_word' id='word_1_38' title='bbox 203 871 383 941; x_wconf 82' lang='lat' dir='ltr'>hujus</span> <span class='ocrx_word' id='word_1_39' title='bbox 414 874 562 939; x_wconf 60' lang='lat' dir='ltr'>vitaz,</span> <span class='ocrx_word' id='word_1_40' title='bbox 596 887 725 942; x_wconf 66' lang='lat' dir='ltr'>quae</span> <span class='ocrx_word' id='word_1_41' title='bbox 754 870 917 942; x_wconf 89' lang='lat' dir='ltr'>prius</span> <span class='ocrx_word' id='word_1_42' title='bbox 948 870 1132 924; x_wconf 89' lang='lat' dir='ltr'>dulcis</span> <span class='ocrx_word' id='word_1_43' title='bbox 1154 875 1277 925; x_wconf 91' lang='lat' dir='ltr'>erat</span> <span class='ocrx_word' id='word_1_44' title='bbox 1298 870 1470 925; x_wconf 87' lang='lat' dir='ltr'>etiam</span> <span class='ocrx_word' id='word_1_45' title='bbox 1507 887 1752 925; x_wconf 70' lang='lat' dir='ltr'>moerens</span> <span class='ocrx_word' id='word_1_46' title='bbox 1781 885 1907 924; x_wconf 86' lang='lat' dir='ltr'>eam</span> 
     </span>
    </p>
   </div>
   <div class='ocr_carea' id='block_1_8' title="bbox 205 960 439 1014">
    <p class='ocr_par' dir='ltr' id='par_1_8' title="bbox 205 960 439 1014">
     <span class='ocr_line' id='line_1_8' title="bbox 205 960 439 1014; baseline 0.004 -1"><span class='ocrx_word' id='word_1_47' title='bbox 205 960 439 1014; x_wconf 77' lang='lat' dir='ltr'>tolerat.</span> 
     </span>
    </p>
   </div>
   <div class='ocr_carea' id='block_1_9' title="bbox 903 1084 1215 1137">
    <p class='ocr_par' dir='ltr' id='par_1_9' title="bbox 903 1084 1215 1137">
     <span class='ocr_line' id='line_1_9' title="bbox 903 1084 1215 1137; baseline -0.003 0"><span class='ocrx_word' id='word_1_48' title='bbox 903 1084 1033 1137; x_wconf 83' lang='lat' dir='ltr'>CAP</span> <span class='ocrx_word' id='word_1_49' title='bbox 1043 1084 1126 1137; x_wconf 89' lang='lat' dir='ltr'>UT</span> <span class='ocrx_word' id='word_1_50' title='bbox 1154 1084 1215 1137; x_wconf 87' lang='lat' dir='ltr'>X.</span> 
     </span>
    </p>
   </div>
   <div class='ocr_carea' id='block_1_10' title="bbox 273 1221 1903 1277">
    <p class='ocr_par' dir='ltr' id='par_1_10' title="bbox 273 1221 1903 1277">
     <span class='ocr_line' id='line_1_10' title="bbox 273 1221 1903 1277; baseline -0.001 -5"><span class='ocrx_word' id='word_1_51' title='bbox 273 1223 453 1277; x_wconf 75' lang='lat' dir='ltr'>Vens.</span> <span class='ocrx_word' id='word_1_52' title='bbox 493 1226 536 1276; x_wconf 94' lang='grc'>1.</span> <span class='ocrx_word' id='word_1_53' title='bbox 567 1252 637 1261; x_wconf 92' lang='grc'><strong><em>-</em></strong></span> <span class='ocrx_word' id='word_1_54' title='bbox 670 1243 693 1271; x_wconf 73' lang='grc' dir='ltr'>ι</span> <span class='ocrx_word' id='word_1_55' title='bbox 738 1223 929 1277; x_wconf 68' lang='grc' dir='ltr'>Τωάθῒ</span> <span class='ocrx_word' id='word_1_56' title='bbox 960 1222 1213 1276; x_wconf 90' lang='lat' dir='ltr'>animam</span> <span class='ocrx_word' id='word_1_57' title='bbox 1243 1236 1432 1276; x_wconf 87' lang='lat' dir='ltr'>meam</span> <span class='ocrx_word' id='word_1_58' title='bbox 1490 1221 1621 1274; x_wconf 64' lang='lat' dir='ltr'>vitae</span> <span class='ocrx_word' id='word_1_59' title='bbox 1678 1237 1840 1275; x_wconf 69' lang='lat' dir='ltr'>meae.</span> <span class='ocrx_word' id='word_1_60' title='bbox 1876 1240 1903 1271; x_wconf 84' lang='lat'><strong>»</strong></span> 
     </span>
    </p>
   </div>
   <div class='ocr_carea' id='block_1_11' title="bbox 200 1310 1902 1380">
    <p class='ocr_par' dir='ltr' id='par_1_11' title="bbox 200 1310 1902 1380">
     <span class='ocr_line' id='line_1_11' title="bbox 200 1310 1902 1380; baseline -0.001 -16"><span class='ocrx_word' id='word_1_61' title='bbox 200 1312 403 1380; x_wconf 80' lang='lat' dir='ltr'>(Ibid.)</span> <span class='ocrx_word' id='word_1_62' title='bbox 463 1312 603 1365; x_wconf 88' lang='lat' dir='ltr'>Cum</span> <span class='ocrx_word' id='word_1_63' title='bbox 665 1316 859 1364; x_wconf 87' lang='lat' dir='ltr'>autem</span> <span class='ocrx_word' id='word_1_64' title='bbox 925 1312 1041 1364; x_wconf 67' lang='lat' dir='ltr'>haec</span> <span class='ocrx_word' id='word_1_65' title='bbox 1092 1310 1203 1363; x_wconf 86' lang='lat' dir='ltr'>vita</span> <span class='ocrx_word' id='word_1_66' title='bbox 1259 1310 1477 1364; x_wconf 81' lang='lat' dir='ltr'>vilescit</span> <span class='ocrx_word' id='word_1_67' title='bbox 1533 1326 1730 1363; x_wconf 87' lang='lat' dir='ltr'>amore</span> <span class='ocrx_word' id='word_1_68' title='bbox 1790 1325 1902 1363; x_wconf 73' lang='lat' dir='ltr'>co:-</span> 
     </span>
    </p>
   </div>
   <div class='ocr_carea' id='block_1_12' title="bbox 203 1398 1907 1469">
    <p class='ocr_par' dir='ltr' id='par_1_12' title="bbox 203 1398 1907 1469">
     <span class='ocr_line' id='line_1_12' title="bbox 203 1398 1907 1469; baseline -0.001 -16"><span class='ocrx_word' id='word_1_69' title='bbox 203 1398 386 1465; x_wconf 90' lang='lat' dir='ltr'>lestis,</span> <span class='ocrx_word' id='word_1_70' title='bbox 450 1399 549 1469; x_wconf 88' lang='lat' dir='ltr'>qui</span> <span class='ocrx_word' id='word_1_71' title='bbox 609 1399 955 1453; x_wconf 85' lang='lat' dir='ltr'>defendebat</span> <span class='ocrx_word' id='word_1_72' title='bbox 1002 1398 1218 1469; x_wconf 88' lang='lat' dir='ltr'>culpas,</span> <span class='ocrx_word' id='word_1_73' title='bbox 1279 1398 1398 1468; x_wconf 87' lang='lat' dir='ltr'>jam</span> <span class='ocrx_word' id='word_1_74' title='bbox 1429 1414 1522 1451; x_wconf 90' lang='lat' dir='ltr'>eas</span> <span class='ocrx_word' id='word_1_75' title='bbox 1554 1402 1798 1451; x_wconf 77' lang='lat' dir='ltr'>accusat.</span> <span class='ocrx_word' id='word_1_76' title='bbox 1842 1399 1907 1451; x_wconf 89' lang='lat' dir='ltr'>Et</span> 
     </span>
    </p>
   </div>
   <div class='ocr_carea' id='block_1_13' title="bbox 202 1490 460 1541">
    <p class='ocr_par' dir='ltr' id='par_1_13' title="bbox 202 1490 460 1541">
     <span class='ocr_line' id='line_1_13' title="bbox 202 1490 460 1541; baseline 0 0"><span class='ocrx_word' id='word_1_77' title='bbox 202 1490 308 1541; x_wconf 91' lang='lat' dir='ltr'>hoc</span> <span class='ocrx_word' id='word_1_78' title='bbox 342 1492 427 1541; x_wconf 88' lang='lat' dir='ltr'>est</span> <span class='ocrx_word' id='word_1_79' title='bbox 446 1504 460 1541; x_wconf 91' lang='lat'>:</span> 
     </span>
    </p>
   </div>
   <div class='ocr_carea' id='block_1_14' title="bbox 271 1572 1903 1646">
    <p class='ocr_par' dir='ltr' id='par_1_14' title="bbox 271 1572 1903 1646">
     <span class='ocr_line' id='line_1_14' title="bbox 271 1572 1903 1646; baseline -0.001 -20"><span class='ocrx_word' id='word_1_80' title='bbox 271 1596 299 1626; x_wconf 72' lang='grc' dir='ltr'><strong><em>α</em></strong></span> <span class='ocrx_word' id='word_1_81' title='bbox 334 1576 633 1630; x_wconf 85' lang='lat' dir='ltr'>Dimittam</span> <span class='ocrx_word' id='word_1_82' title='bbox 687 1575 979 1646; x_wconf 85' lang='lat' dir='ltr'>eloquium</span> <span class='ocrx_word' id='word_1_83' title='bbox 1015 1595 1041 1625; x_wconf 83' lang='lat'><strong>»</strong></span> <span class='ocrx_word' id='word_1_84' title='bbox 1076 1590 1190 1645; x_wconf 92' lang='lat' dir='ltr'>quo</span> <span class='ocrx_word' id='word_1_85' title='bbox 1225 1574 1425 1628; x_wconf 83' lang='lat' dir='ltr'>utebar</span> <span class='ocrx_word' id='word_1_86' title='bbox 1474 1573 1532 1627; x_wconf 89' lang='lat' dir='ltr'>in</span> <span class='ocrx_word' id='word_1_87' title='bbox 1573 1572 1903 1627; x_wconf 89' lang='lat' dir='ltr'>defensioue</span> 
     </span>
    </p>
   </div>
   <div class='ocr_carea' id='block_1_15' title="bbox 202 1681 351 1719">
    <p class='ocr_par' dir='ltr' id='par_1_15' title="bbox 202 1681 351 1719">
     <span class='ocr_line' id='line_1_15' title="bbox 202 1681 351 1719; baseline -0.007 0"><span class='ocrx_word' id='word_1_88' title='bbox 202 1681 351 1719; x_wconf 87' lang='lat' dir='ltr'>mea.</span> 
     </span>
    </p>
   </div>
   <div class='ocr_carea' id='block_1_16' title="bbox 269 1751 1898 1824">
    <p class='ocr_par' dir='ltr' id='par_1_16' title="bbox 269 1751 1898 1824">
     <span class='ocr_line' id='line_1_16' title="bbox 269 1751 1898 1824; baseline -0.002 -20"><span class='ocrx_word' id='word_1_89' title='bbox 269 1774 296 1804; x_wconf 73' lang='grc' dir='ltr'>(ι</span> <span class='ocrx_word' id='word_1_90' title='bbox 330 1754 649 1808; x_wconf 83' lang='lat' dir='ltr'>Adversum</span> <span class='ocrx_word' id='word_1_91' title='bbox 700 1770 815 1821; x_wconf 88' lang='lat' dir='ltr'>me,</span> <span class='ocrx_word' id='word_1_92' title='bbox 865 1773 894 1804; x_wconf 70' lang='grc' dir='ltr'>ιδ</span> <span class='ocrx_word' id='word_1_93' title='bbox 949 1751 1085 1824; x_wconf 89' lang='lat' dir='ltr'>quia</span> <span class='ocrx_word' id='word_1_94' title='bbox 1137 1751 1462 1807; x_wconf 91' lang='lat' dir='ltr'>conﬁtendo</span> <span class='ocrx_word' id='word_1_95' title='bbox 1527 1767 1616 1805; x_wconf 89' lang='lat' dir='ltr'>me</span> <span class='ocrx_word' id='word_1_96' title='bbox 1676 1766 1898 1816; x_wconf 89' lang='lat' dir='ltr'>accuso,</span> 
     </span>
    </p>
   </div>
   <div class='ocr_carea' id='block_1_17' title="bbox 199 1839 1902 1913">
    <p class='ocr_par' dir='ltr' id='par_1_17' title="bbox 199 1839 1902 1913">
     <span class='ocr_line' id='line_1_17' title="bbox 199 1839 1902 1913; baseline -0.004 -15"><span class='ocrx_word' id='word_1_97' title='bbox 199 1860 315 1898; x_wconf 93' lang='lat' dir='ltr'>non</span> <span class='ocrx_word' id='word_1_98' title='bbox 374 1846 437 1896; x_wconf 90' lang='lat' dir='ltr'>ut</span> <span class='ocrx_word' id='word_1_99' title='bbox 497 1842 598 1913; x_wconf 89' lang='lat' dir='ltr'>qui</span> <span class='ocrx_word' id='word_1_100' title='bbox 667 1842 851 1897; x_wconf 89' lang='lat' dir='ltr'>adhuc</span> <span class='ocrx_word' id='word_1_101' title='bbox 921 1842 1203 1896; x_wconf 86' lang='lat' dir='ltr'>erubescit</span> <span class='ocrx_word' id='word_1_102' title='bbox 1254 1839 1536 1908; x_wconf 88' lang='lat' dir='ltr'>conﬁteri,</span> <span class='ocrx_word' id='word_1_103' title='bbox 1604 1839 1739 1910; x_wconf 68' lang='lat' dir='ltr'>quia</span> <span class='ocrx_word' id='word_1_104' title='bbox 1787 1855 1902 1892; x_wconf 92' lang='lat' dir='ltr'>non</span> 
     </span>
    </p>
   </div>
   <div class='ocr_carea' id='block_1_18' title="bbox 200 1928 1899 2000">
    <p class='ocr_par' dir='ltr' id='par_1_18' title="bbox 200 1928 1899 2000">
     <span class='ocr_line' id='line_1_18' title="bbox 200 1928 1899 2000; baseline -0.004 -14"><span class='ocrx_word' id='word_1_105' title='bbox 200 1937 360 1986; x_wconf 89' lang='lat' dir='ltr'>tanto</span> <span class='ocrx_word' id='word_1_106' title='bbox 414 1932 694 1985; x_wconf 86' lang='lat' dir='ltr'>desiderio</span> <span class='ocrx_word' id='word_1_107' title='bbox 745 1933 896 1986; x_wconf 90' lang='lat' dir='ltr'>mala</span> <span class='ocrx_word' id='word_1_108' title='bbox 951 1932 1179 1997; x_wconf 89' lang='lat' dir='ltr'>deserit,</span> <span class='ocrx_word' id='word_1_109' title='bbox 1239 1931 1337 1985; x_wconf 88' lang='lat' dir='ltr'>sed</span> <span class='ocrx_word' id='word_1_110' title='bbox 1397 1930 1533 2000; x_wconf 84' lang='lat' dir='ltr'>quia</span> <span class='ocrx_word' id='word_1_111' title='bbox 1590 1928 1899 1999; x_wconf 75' lang='lat' dir='ltr'>aliquando</span> 
     </span>
    </p>
   </div>
   <div class='ocr_carea' id='block_1_19' title="bbox 201 2017 1902 2092">
    <p class='ocr_par' dir='ltr' id='par_1_19' title="bbox 201 2017 1902 2092">
     <span class='ocr_line' id='line_1_19' title="bbox 201 2017 1902 2092; baseline -0.003 -18"><span class='ocrx_word' id='word_1_112' title='bbox 201 2026 397 2088; x_wconf 87' lang='lat' dir='ltr'>aperte</span> <span class='ocrx_word' id='word_1_113' title='bbox 417 2022 696 2075; x_wconf 89' lang='lat' dir='ltr'>conﬁtens</span> <span class='ocrx_word' id='word_1_114' title='bbox 726 2038 842 2075; x_wconf 90' lang='lat' dir='ltr'>non</span> <span class='ocrx_word' id='word_1_115' title='bbox 882 2022 1082 2092; x_wconf 80' lang='lat' dir='ltr'>gemit,</span> <span class='ocrx_word' id='word_1_116' title='bbox 1107 2021 1206 2075; x_wconf 90' lang='lat' dir='ltr'>sed</span> <span class='ocrx_word' id='word_1_117' title='bbox 1261 2020 1512 2090; x_wconf 88' lang='lat' dir='ltr'>lugenda</span> <span class='ocrx_word' id='word_1_118' title='bbox 1536 2019 1790 2089; x_wconf 84' lang='lat' dir='ltr'>gaudens</span> <span class='ocrx_word' id='word_1_119' title='bbox 1819 2017 1902 2070; x_wconf 88' lang='lat' dir='ltr'>di-</span> 
     </span>
    </p>
   </div>
   <div class='ocr_carea' id='block_1_20' title="bbox 206 2116 534 2171">
    <p class='ocr_par' dir='ltr' id='par_1_20' title="bbox 206 2116 534 2171">
     <span class='ocr_line' id='line_1_20' title="bbox 206 2116 534 2171; baseline -0.003 -2"><span class='ocrx_word' id='word_1_120' title='bbox 206 2117 279 2170; x_wconf 85' lang='lat' dir='ltr'>cit</span> <span class='ocrx_word' id='word_1_121' title='bbox 309 2116 534 2171; x_wconf 87' lang='lat' dir='ltr'>subdit:</span> 
     </span>
    </p>
   </div>
   <div class='ocr_carea' id='block_1_21' title="bbox 273 2201 1897 2276">
    <p class='ocr_par' dir='ltr' id='par_1_21' title="bbox 273 2201 1897 2276">
     <span class='ocr_line' id='line_1_21' title="bbox 273 2201 1897 2276; baseline -0.002 -17"><span class='ocrx_word' id='word_1_122' title='bbox 273 2228 300 2253; x_wconf 84' lang='grc'><strong>‹‹</strong></span> <span class='ocrx_word' id='word_1_123' title='bbox 332 2206 560 2276; x_wconf 87' lang='lat' dir='ltr'>Loquar</span> <span class='ocrx_word' id='word_1_124' title='bbox 590 2204 649 2257; x_wconf 92' lang='lat' dir='ltr'>in</span> <span class='ocrx_word' id='word_1_125' title='bbox 704 2204 1113 2271; x_wconf 85' lang='lat' dir='ltr'>amaritudine,</span> <span class='ocrx_word' id='word_1_126' title='bbox 1151 2224 1178 2253; x_wconf 77' lang='grc'><strong><em>›</em></strong></span> <span class='ocrx_word' id='word_1_127' title='bbox 1212 2209 1278 2257; x_wconf 90' lang='lat' dir='ltr'>ut</span> <span class='ocrx_word' id='word_1_128' title='bbox 1326 2203 1647 2257; x_wconf 83' lang='lat' dir='ltr'>amaritudo</span> <span class='ocrx_word' id='word_1_129' title='bbox 1678 2201 1897 2272; x_wconf 88' lang='lat' dir='ltr'>puniat,</span> 
     </span>
    </p>
   </div>
   <div class='ocr_carea' id='block_1_22' title="bbox 200 2290 1899 2365">
    <p class='ocr_par' dir='ltr' id='par_1_22' title="bbox 200 2290 1899 2365">
     <span class='ocr_line' id='line_1_22' title="bbox 200 2290 1899 2365; baseline -0.002 -18"><span class='ocrx_word' id='word_1_130' title='bbox 200 2294 355 2365; x_wconf 91' lang='lat' dir='ltr'>quod</span> <span class='ocrx_word' id='word_1_131' title='bbox 388 2294 587 2364; x_wconf 84' lang='lat' dir='ltr'>lingua</span> <span class='ocrx_word' id='word_1_132' title='bbox 639 2298 879 2347; x_wconf 87' lang='lat' dir='ltr'>accusat.</span> <span class='ocrx_word' id='word_1_133' title='bbox 913 2294 989 2347; x_wconf 84' lang='lat' dir='ltr'>Ex</span> <span class='ocrx_word' id='word_1_134' title='bbox 1019 2292 1356 2363; x_wconf 65' lang='lat' dir='ltr'>paenitentia</span> <span class='ocrx_word' id='word_1_135' title='bbox 1403 2292 1654 2345; x_wconf 84' lang='lat' dir='ltr'>nascitur</span> <span class='ocrx_word' id='word_1_136' title='bbox 1695 2290 1899 2344; x_wconf 85' lang='lat' dir='ltr'>securi-</span> 
     </span>
    </p>
   </div>
   <div class='ocr_carea' id='block_1_23' title="bbox 198 2380 1899 2452">
    <p class='ocr_par' dir='ltr' id='par_1_23' title="bbox 198 2380 1899 2452">
     <span class='ocr_line' id='line_1_23' title="bbox 198 2380 1899 2452; baseline -0.004 -16"><span class='ocrx_word' id='word_1_137' title='bbox 198 2386 305 2449; x_wconf 86' lang='lat' dir='ltr'>tas,</span> <span class='ocrx_word' id='word_1_138' title='bbox 365 2388 421 2436; x_wconf 91' lang='lat' dir='ltr'>et</span> <span class='ocrx_word' id='word_1_139' title='bbox 478 2382 857 2436; x_wconf 89' lang='lat' dir='ltr'>conﬁdentior</span> <span class='ocrx_word' id='word_1_140' title='bbox 914 2382 1246 2452; x_wconf 83' lang='lat' dir='ltr'>interrogat,</span> <span class='ocrx_word' id='word_1_141' title='bbox 1311 2380 1599 2451; x_wconf 89' lang='lat' dir='ltr'>quomodo</span> <span class='ocrx_word' id='word_1_142' title='bbox 1657 2394 1793 2448; x_wconf 89' lang='lat' dir='ltr'>erga</span> <span class='ocrx_word' id='word_1_143' title='bbox 1840 2393 1899 2431; x_wconf 90' lang='lat' dir='ltr'>se</span> 
     </span>
    </p>
   </div>
   <div class='ocr_carea' id='block_1_24' title="bbox 202 2471 790 2542">
    <p class='ocr_par' dir='ltr' id='par_1_24' title="bbox 202 2471 790 2542">
     <span class='ocr_line' id='line_1_24' title="bbox 202 2471 790 2542; baseline 0 -17"><span class='ocrx_word' id='word_1_144' title='bbox 202 2477 423 2542; x_wconf 80' lang='lat' dir='ltr'>agatur.</span> <span class='ocrx_word' id='word_1_145' title='bbox 460 2473 524 2525; x_wconf 88' lang='lat' dir='ltr'>Et</span> <span class='ocrx_word' id='word_1_146' title='bbox 550 2471 659 2525; x_wconf 91' lang='lat' dir='ltr'>hoc</span> <span class='ocrx_word' id='word_1_147' title='bbox 679 2476 790 2525; x_wconf 88' lang='lat' dir='ltr'>est:</span> 
     </span>
    </p>
   </div>
   <div class='ocr_carea' id='block_1_25' title="bbox 270 2557 1893 2623">
    <p class='ocr_par' dir='ltr' id='par_1_25' title="bbox 270 2557 1893 2623">
     <span class='ocr_line' id='line_1_25' title="bbox 270 2557 1893 2623; baseline -0.002 -10"><span class='ocrx_word' id='word_1_148' title='bbox 270 2561 431 2615; x_wconf 77' lang='lat' dir='ltr'>Vens.</span> <span class='ocrx_word' id='word_1_149' title='bbox 463 2563 514 2613; x_wconf 86' lang='lat'>2.</span> <span class='ocrx_word' id='word_1_150' title='bbox 565 2591 634 2598; x_wconf 96' lang='lat'><strong>—</strong></span> <span class='ocrx_word' id='word_1_151' title='bbox 669 2580 695 2609; x_wconf 73' lang='grc' dir='ltr'><strong><em>α</em></strong></span> <span class='ocrx_word' id='word_1_152' title='bbox 732 2559 924 2613; x_wconf 88' lang='lat' dir='ltr'>Dicam</span> <span class='ocrx_word' id='word_1_153' title='bbox 956 2561 1104 2613; x_wconf 90' lang='lat' dir='ltr'>Deo:</span> <span class='ocrx_word' id='word_1_154' title='bbox 1142 2558 1267 2613; x_wconf 90' lang='lat' dir='ltr'>Noli</span> <span class='ocrx_word' id='word_1_155' title='bbox 1318 2573 1407 2611; x_wconf 92' lang='lat' dir='ltr'>me</span> <span class='ocrx_word' id='word_1_156' title='bbox 1440 2557 1842 2623; x_wconf 86' lang='lat' dir='ltr'>condemnare,</span> <span class='ocrx_word' id='word_1_157' title='bbox 1873 2578 1893 2602; x_wconf 78' lang='grc' dir='ltr'>ι</span> 
     </span>
    </p>
   </div>
   <div class='ocr_carea' id='block_1_26' title="bbox 204 2647 1323 2719">
    <p class='ocr_par' dir='ltr' id='par_1_26' title="bbox 204 2647 1323 2719">
     <span class='ocr_line' id='line_1_26' title="bbox 204 2647 1323 2719; baseline -0.001 -18"><span class='ocrx_word' id='word_1_158' title='bbox 204 2648 341 2718; x_wconf 84' lang='lat' dir='ltr'>quia</span> <span class='ocrx_word' id='word_1_159' title='bbox 365 2665 534 2718; x_wconf 88' lang='lat' dir='ltr'>poena</span> <span class='ocrx_word' id='word_1_160' title='bbox 565 2647 873 2719; x_wconf 80' lang='lat' dir='ltr'>exstinguit</span> <span class='ocrx_word' id='word_1_161' title='bbox 898 2652 996 2701; x_wconf 89' lang='lat' dir='ltr'>tua</span> <span class='ocrx_word' id='word_1_162' title='bbox 1028 2647 1323 2717; x_wconf 90' lang='lat' dir='ltr'>supplicia.</span> 
     </span>
    </p>
   </div>
   <div class='ocr_carea' id='block_1_27' title="bbox 281 2735 1895 2806">
    <p class='ocr_par' dir='ltr' id='par_1_27' title="bbox 281 2735 1895 2806">
     <span class='ocr_line' id='line_1_27' title="bbox 281 2735 1895 2806; baseline -0.003 -15"><span class='ocrx_word' id='word_1_163' title='bbox 281 2758 306 2783; x_wconf 82' lang='grc' dir='ltr'>ιι</span> <span class='ocrx_word' id='word_1_164' title='bbox 339 2737 524 2791; x_wconf 82' lang='lat' dir='ltr'>Indica</span> <span class='ocrx_word' id='word_1_165' title='bbox 546 2737 690 2790; x_wconf 90' lang='lat' dir='ltr'>mihi</span> <span class='ocrx_word' id='word_1_166' title='bbox 719 2753 820 2790; x_wconf 90' lang='lat' dir='ltr'>cur</span> <span class='ocrx_word' id='word_1_167' title='bbox 850 2752 941 2789; x_wconf 92' lang='lat' dir='ltr'>me</span> <span class='ocrx_word' id='word_1_168' title='bbox 972 2736 1053 2790; x_wconf 91' lang='lat' dir='ltr'>ita</span> <span class='ocrx_word' id='word_1_169' title='bbox 1077 2735 1315 2806; x_wconf 83' lang='lat' dir='ltr'>judices,</span> <span class='ocrx_word' id='word_1_170' title='bbox 1350 2755 1377 2787; x_wconf 84' lang='grc'><strong>››</strong></span> <span class='ocrx_word' id='word_1_171' title='bbox 1419 2735 1476 2788; x_wconf 92' lang='lat' dir='ltr'>id</span> <span class='ocrx_word' id='word_1_172' title='bbox 1508 2739 1592 2788; x_wconf 90' lang='lat' dir='ltr'>est</span> <span class='ocrx_word' id='word_1_173' title='bbox 1622 2735 1895 2805; x_wconf 82' lang='lat' dir='ltr'>ﬂagellas,</span> 
     </span>
    </p>
   </div>
   <div class='ocr_carea' id='block_1_28' title="bbox 207 2823 1894 2894">
    <p class='ocr_par' dir='ltr' id='par_1_28' title="bbox 207 2823 1894 2894">
     <span class='ocr_line' id='line_1_28' title="bbox 207 2823 1894 2894; baseline -0.001 -17"><span class='ocrx_word' id='word_1_174' title='bbox 207 2830 394 2879; x_wconf 90' lang='lat' dir='ltr'>utrum</span> <span class='ocrx_word' id='word_1_175' title='bbox 433 2826 498 2879; x_wconf 88' lang='lat' dir='ltr'>ad</span> <span class='ocrx_word' id='word_1_176' title='bbox 528 2825 890 2879; x_wconf 89' lang='lat' dir='ltr'>securitatem</span> <span class='ocrx_word' id='word_1_177' title='bbox 924 2826 1010 2877; x_wconf 88' lang='lat' dir='ltr'>vel</span> <span class='ocrx_word' id='word_1_178' title='bbox 1064 2841 1167 2894; x_wconf 92' lang='lat' dir='ltr'>pro</span> <span class='ocrx_word' id='word_1_179' title='bbox 1199 2840 1313 2894; x_wconf 92' lang='lat' dir='ltr'>qua</span> <span class='ocrx_word' id='word_1_180' title='bbox 1342 2824 1509 2891; x_wconf 86' lang='lat' dir='ltr'>culpa</span> <span class='ocrx_word' id='word_1_181' title='bbox 1539 2823 1894 2894; x_wconf 88' lang='lat' dir='ltr'>specialiter;</span> 
     </span>
    </p>
   </div>
   <div class='ocr_carea' id='block_1_29' title="bbox 199 2911 1894 2984">
    <p class='ocr_par' dir='ltr' id='par_1_29' title="bbox 199 2911 1894 2984">
     <span class='ocr_line' id='line_1_29' title="bbox 199 2911 1894 2984; baseline -0.001 -18"><span class='ocrx_word' id='word_1_182' title='bbox 199 2913 332 2984; x_wconf 90' lang='lat' dir='ltr'>quia</span> <span class='ocrx_word' id='word_1_183' title='bbox 380 2914 483 2967; x_wconf 88' lang='lat' dir='ltr'>etsi</span> <span class='ocrx_word' id='word_1_184' title='bbox 521 2914 733 2983; x_wconf 88' lang='lat' dir='ltr'>justus,</span> <span class='ocrx_word' id='word_1_185' title='bbox 775 2913 949 2967; x_wconf 87' lang='lat' dir='ltr'><strong>habet</strong></span> <span class='ocrx_word' id='word_1_186' title='bbox 974 2918 1168 2967; x_wconf 84' lang='lat' dir='ltr'>tamen</span> <span class='ocrx_word' id='word_1_187' title='bbox 1200 2913 1392 2982; x_wconf 90' lang='lat' dir='ltr'>aliqua</span> <span class='ocrx_word' id='word_1_188' title='bbox 1428 2913 1605 2966; x_wconf 89' lang='lat' dir='ltr'>mala:</span> <span class='ocrx_word' id='word_1_189' title='bbox 1652 2918 1709 2965; x_wconf 90' lang='lat' dir='ltr'>et</span> <span class='ocrx_word' id='word_1_190' title='bbox 1741 2911 1894 2976; x_wconf 87' lang='lat' dir='ltr'>ideo,</span> 
     </span>
    </p>
   </div>
   <div class='ocr_carea' id='block_1_30' title="bbox 200 2994 1965 3073">
    <p class='ocr_par' dir='ltr' id='par_1_30' title="bbox 200 2994 1965 3073">
     <span class='ocr_line' id='line_1_30' title="bbox 200 2994 1965 3073; baseline -0.003 -18"><span class='ocrx_word' id='word_1_191' title='bbox 200 3002 341 3073; x_wconf 86' lang='lat' dir='ltr'>petit</span> <span class='ocrx_word' id='word_1_192' title='bbox 371 3008 434 3056; x_wconf 93' lang='lat' dir='ltr'>ut</span> <span class='ocrx_word' id='word_1_193' title='bbox 466 3004 611 3057; x_wconf 90' lang='lat' dir='ltr'>Dens</span> <span class='ocrx_word' id='word_1_194' title='bbox 633 3018 692 3055; x_wconf 91' lang='lat' dir='ltr'>se</span> <span class='ocrx_word' id='word_1_195' title='bbox 722 3002 829 3055; x_wconf 84' lang='lat' dir='ltr'>sibi</span> <span class='ocrx_word' id='word_1_196' title='bbox 878 3003 1104 3069; x_wconf 90' lang='lat' dir='ltr'>indicet,</span> <span class='ocrx_word' id='word_1_197' title='bbox 1140 3007 1201 3055; x_wconf 90' lang='lat' dir='ltr'>ut</span> <span class='ocrx_word' id='word_1_198' title='bbox 1241 3001 1392 3071; x_wconf 90' lang='lat' dir='ltr'>quod</span> <span class='ocrx_word' id='word_1_199' title='bbox 1420 3002 1568 3054; x_wconf 92' lang='lat' dir='ltr'>Deus</span> <span class='ocrx_word' id='word_1_200' title='bbox 1598 3000 1657 3053; x_wconf 92' lang='lat' dir='ltr'>in</span> <span class='ocrx_word' id='word_1_201' title='bbox 1690 3016 1756 3054; x_wconf 87' lang='lat' dir='ltr'>eo</span> <span class='ocrx_word' id='word_1_202' title='bbox 1788 3017 1893 3071; x_wconf 88' lang='lat' dir='ltr'>pu-</span> <span class='ocrx_word' id='word_1_203' title='bbox 1924 2994 1965 3049; x_wconf 89' lang='lat' dir='ltr'>C</span> 
     </span>
    </p>
   </div>
   <div class='ocr_carea' id='block_1_31' title="bbox 200 3088 1891 3161">
    <p class='ocr_par' dir='ltr' id='par_1_31' title="bbox 200 3088 1891 3161">
     <span class='ocr_line' id='line_1_31' title="bbox 200 3088 1891 3161; baseline -0.001 -17"><span class='ocrx_word' id='word_1_204' title='bbox 200 3090 301 3154; x_wconf 90' lang='lat' dir='ltr'>nit,</span> <span class='ocrx_word' id='word_1_205' title='bbox 338 3091 459 3161; x_wconf 90' lang='lat' dir='ltr'>ipse</span> <span class='ocrx_word' id='word_1_206' title='bbox 487 3106 717 3161; x_wconf 91' lang='lat' dir='ltr'>quoque</span> <span class='ocrx_word' id='word_1_207' title='bbox 743 3090 934 3143; x_wconf 87' lang='lat' dir='ltr'>ﬂendo</span> <span class='ocrx_word' id='word_1_208' title='bbox 964 3088 1185 3159; x_wconf 87' lang='lat' dir='ltr'>puniat.</span> <span class='ocrx_word' id='word_1_209' title='bbox 1240 3089 1372 3143; x_wconf 92' lang='lat' dir='ltr'>Ideo</span> <span class='ocrx_word' id='word_1_210' title='bbox 1404 3104 1631 3142; x_wconf 83' lang='lat' dir='ltr'>causam</span> <span class='ocrx_word' id='word_1_211' title='bbox 1659 3104 1891 3159; x_wconf 71' lang='lat' dir='ltr'>quaero;</span> 
     </span>
    </p>
   </div>
   <div class='ocr_carea' id='block_1_32' title="bbox 199 3177 1086 3248">
    <p class='ocr_par' dir='ltr' id='par_1_32' title="bbox 199 3177 1086 3248">
     <span class='ocr_line' id='line_1_32' title="bbox 199 3177 1086 3248; baseline -0.001 -16"><span class='ocrx_word' id='word_1_212' title='bbox 199 3179 312 3232; x_wconf 88' lang='lat' dir='ltr'>scio</span> <span class='ocrx_word' id='word_1_213' title='bbox 346 3178 500 3231; x_wconf 91' lang='lat' dir='ltr'>enim</span> <span class='ocrx_word' id='word_1_214' title='bbox 527 3179 676 3248; x_wconf 87' lang='lat' dir='ltr'>quod</span> <span class='ocrx_word' id='word_1_215' title='bbox 710 3194 827 3231; x_wconf 92' lang='lat' dir='ltr'>non</span> <span class='ocrx_word' id='word_1_216' title='bbox 855 3177 1086 3247; x_wconf 89' lang='lat' dir='ltr'>injuste.</span> 
     </span>
    </p>
   </div>
   <div class='ocr_carea' id='block_1_33' title="bbox 266 3264 1888 3337">
    <p class='ocr_par' dir='ltr' id='par_1_33' title="bbox 266 3264 1888 3337">
     <span class='ocr_line' id='line_1_33' title="bbox 266 3264 1888 3337; baseline 0.001 -19"><span class='ocrx_word' id='word_1_217' title='bbox 266 3287 295 3318; x_wconf 77' lang='grc' dir='ltr'><strong>α</strong></span> <span class='ocrx_word' id='word_1_218' title='bbox 328 3267 441 3321; x_wconf 90' lang='lat' dir='ltr'>Cur</span> <span class='ocrx_word' id='word_1_219' title='bbox 470 3281 562 3319; x_wconf 89' lang='lat' dir='ltr'><strong>me</strong></span> <span class='ocrx_word' id='word_1_220' title='bbox 621 3266 700 3320; x_wconf 89' lang='lat' dir='ltr'>ita</span> <span class='ocrx_word' id='word_1_221' title='bbox 740 3266 982 3337; x_wconf 71' lang='lat' dir='ltr'>judices.</span> <span class='ocrx_word' id='word_1_222' title='bbox 1034 3265 1262 3319; x_wconf 90' lang='lat' dir='ltr'>Duobus</span> <span class='ocrx_word' id='word_1_223' title='bbox 1295 3264 1480 3319; x_wconf 92' lang='lat' dir='ltr'>modis</span> <span class='ocrx_word' id='word_1_224' title='bbox 1532 3264 1888 3335; x_wconf 89' lang='lat' dir='ltr'>hicjudicat.</span> 
     </span>
    </p>
   </div>
   <div class='ocr_carea' id='block_1_34' title="bbox 197 3353 1894 3426">
    <p class='ocr_par' dir='ltr' id='par_1_34' title="bbox 197 3353 1894 3426">
     <span class='ocr_line' id='line_1_34' title="bbox 197 3353 1894 3426; baseline -0.003 -16"><span class='ocrx_word' id='word_1_225' title='bbox 197 3356 293 3410; x_wconf 88' lang='lat' dir='ltr'>Vel</span> <span class='ocrx_word' id='word_1_226' title='bbox 324 3371 556 3426; x_wconf 82' lang='lat' dir='ltr'>pcenam</span> <span class='ocrx_word' id='word_1_227' title='bbox 583 3354 861 3422; x_wconf 88' lang='lat' dir='ltr'>immittit,</span> <span class='ocrx_word' id='word_1_228' title='bbox 890 3361 1034 3421; x_wconf 90' lang='lat' dir='ltr'>etc.,</span> <span class='ocrx_word' id='word_1_229' title='bbox 1066 3370 1234 3423; x_wconf 83' lang='lat' dir='ltr'>usque</span> <span class='ocrx_word' id='word_1_230' title='bbox 1249 3355 1323 3408; x_wconf 85' lang='lat' dir='ltr'>ad</span> <span class='ocrx_word' id='word_1_231' title='bbox 1359 3370 1530 3424; x_wconf 86' lang='lat' dir='ltr'>quem</span> <span class='ocrx_word' id='word_1_232' title='bbox 1557 3358 1613 3407; x_wconf 90' lang='lat' dir='ltr'>et</span> <span class='ocrx_word' id='word_1_233' title='bbox 1640 3353 1894 3407; x_wconf 90' lang='lat' dir='ltr'>feriendo</span> 
     </span>
    </p>
   </div>
   <div class='ocr_carea' id='block_1_35' title="bbox 197 3442 1279 3509">
    <p class='ocr_par' dir='ltr' id='par_1_35' title="bbox 197 3442 1279 3509">
     <span class='ocr_line' id='line_1_35' title="bbox 197 3442 1279 3509; baseline -0.002 -12"><span class='ocrx_word' id='word_1_234' title='bbox 197 3444 255 3499; x_wconf 91' lang='lat' dir='ltr'>in</span> <span class='ocrx_word' id='word_1_235' title='bbox 286 3443 618 3498; x_wconf 86' lang='lat' dir='ltr'>innocentia</span> <span class='ocrx_word' id='word_1_236' title='bbox 646 3443 913 3497; x_wconf 88' lang='lat' dir='ltr'>custodit.</span> <span class='ocrx_word' id='word_1_237' title='bbox 941 3442 1085 3497; x_wconf 86' lang='lat' dir='ltr'>Dicit</span> <span class='ocrx_word' id='word_1_238' title='bbox 1113 3458 1279 3509; x_wconf 85' lang='lat' dir='ltr'>ergo:</span> 
     </span>
    </p>
   </div>
   <div class='ocr_carea' id='block_1_36' title="bbox 262 3530 1894 3601">
    <p class='ocr_par' dir='ltr' id='par_1_36' title="bbox 262 3530 1894 3601">
     <span class='ocr_line' id='line_1_36' title="bbox 262 3530 1894 3601; baseline -0.003 -15"><span class='ocrx_word' id='word_1_239' title='bbox 262 3535 424 3587; x_wconf 73' lang='lat' dir='ltr'>Vsus.</span> <span class='ocrx_word' id='word_1_240' title='bbox 458 3536 506 3587; x_wconf 87' lang='lat'>3.</span> <span class='ocrx_word' id='word_1_241' title='bbox 543 3570 595 3578; x_wconf 90' lang='lat'><strong><em>—</em></strong></span> <span class='ocrx_word' id='word_1_242' title='bbox 628 3554 655 3582; x_wconf 87' lang='lat'><strong>«</strong></span> <span class='ocrx_word' id='word_1_243' title='bbox 715 3532 979 3601; x_wconf 88' lang='lat' dir='ltr'>Nunquid</span> <span class='ocrx_word' id='word_1_244' title='bbox 1012 3531 1245 3584; x_wconf 90' lang='lat' dir='ltr'>bonum.</span> <span class='ocrx_word' id='word_1_245' title='bbox 1280 3550 1307 3582; x_wconf 84' lang='lat'>»</span> <span class='ocrx_word' id='word_1_246' title='bbox 1360 3530 1738 3598; x_wconf 86' lang='lat' dir='ltr'>Interrogatio</span> <span class='ocrx_word' id='word_1_247' title='bbox 1774 3530 1894 3582; x_wconf 57' lang='lat' dir='ltr'>haec</span> 
     </span>
    </p>
   </div>
   <div class='ocr_carea' id='block_1_37' title="bbox 194 3618 1895 3692">
    <p class='ocr_par' dir='ltr' id='par_1_37' title="bbox 194 3618 1895 3692">
     <span class='ocr_line' id='line_1_37' title="bbox 194 3618 1895 3692; baseline -0.003 -17"><span class='ocrx_word' id='word_1_248' title='bbox 194 3622 565 3692; x_wconf 85' lang='lat' dir='ltr'>negationem</span> <span class='ocrx_word' id='word_1_249' title='bbox 606 3620 801 3691; x_wconf 80' lang='lat' dir='ltr'>exigit,</span> <span class='ocrx_word' id='word_1_250' title='bbox 859 3624 989 3685; x_wconf 87' lang='lat' dir='ltr'>etc.,</span> <span class='ocrx_word' id='word_1_251' title='bbox 1050 3635 1217 3687; x_wconf 83' lang='lat' dir='ltr'>usque</span> <span class='ocrx_word' id='word_1_252' title='bbox 1271 3619 1349 3672; x_wconf 83' lang='lat' dir='ltr'>ad</span> <span class='ocrx_word' id='word_1_253' title='bbox 1406 3618 1541 3689; x_wconf 86' lang='lat' dir='ltr'>qnia</span> <span class='ocrx_word' id='word_1_254' title='bbox 1598 3618 1895 3671; x_wconf 83' lang='lat' dir='ltr'>inﬁrmum</span> 
     </span>
    </p>
   </div>
   <div class='ocr_carea' id='block_1_38' title="bbox 194 3710 541 3765">
    <p class='ocr_par' dir='ltr' id='par_1_38' title="bbox 194 3710 541 3765">
     <span class='ocr_line' id='line_1_38' title="bbox 194 3710 541 3765; baseline -0.009 0"><span class='ocrx_word' id='word_1_255' title='bbox 194 3710 541 3765; x_wconf 89' lang='lat' dir='ltr'>considerat.</span> 
     </span>
    </p>
   </div>
   <div class='ocr_carea' id='block_1_39' title="bbox 265 3794 1895 3868">
    <p class='ocr_par' dir='ltr' id='par_1_39' title="bbox 265 3794 1895 3868">
     <span class='ocr_line' id='line_1_39' title="bbox 265 3794 1895 3868; baseline -0.002 -18"><span class='ocrx_word' id='word_1_256' title='bbox 265 3820 292 3850; x_wconf 80' lang='grc' dir='ltr'>(ι</span> <span class='ocrx_word' id='word_1_257' title='bbox 326 3800 486 3868; x_wconf 88' lang='lat' dir='ltr'>Opus</span> <span class='ocrx_word' id='word_1_258' title='bbox 527 3813 821 3851; x_wconf 88' lang='lat' dir='ltr'>manuum.</span> <span class='ocrx_word' id='word_1_259' title='bbox 857 3816 884 3848; x_wconf 76' lang='grc' dir='ltr'>ι)</span> <span class='ocrx_word' id='word_1_260' title='bbox 918 3796 1089 3861; x_wconf 88' lang='lat' dir='ltr'>Quasi</span> <span class='ocrx_word' id='word_1_261' title='bbox 1134 3795 1309 3866; x_wconf 89' lang='lat' dir='ltr'>impie</span> <span class='ocrx_word' id='word_1_262' title='bbox 1340 3811 1456 3849; x_wconf 89' lang='lat' dir='ltr'>non</span> <span class='ocrx_word' id='word_1_263' title='bbox 1501 3794 1693 3864; x_wconf 87' lang='lat' dir='ltr'>perdis</span> <span class='ocrx_word' id='word_1_264' title='bbox 1722 3809 1895 3865; x_wconf 89' lang='lat' dir='ltr'>quem</span> 
     </span>
    </p>
   </div>
   <div class='ocr_carea' id='block_1_40' title="bbox 193 3885 681 3957">
    <p class='ocr_par' dir='ltr' id='par_1_40' title="bbox 193 3885 681 3957">
     <span class='ocr_line' id='line_1_40' title="bbox 193 3885 681 3957; baseline -0.006 -17"><span class='ocrx_word' id='word_1_265' title='bbox 193 3886 450 3957; x_wconf 83' lang='lat' dir='ltr'>gratuito</span> <span class='ocrx_word' id='word_1_266' title='bbox 481 3885 681 3939; x_wconf 87' lang='lat' dir='ltr'>fecisti.</span> 
     </span>
    </p>
   </div>
   <div class='ocr_carea' id='block_1_41' title="bbox 267 3969 1895 4045">
    <p class='ocr_par' dir='ltr' id='par_1_41' title="bbox 267 3969 1895 4045">
     <span class='ocr_line' id='line_1_41' title="bbox 267 3969 1895 4045; baseline -0.004 -18"><span class='ocrx_word' id='word_1_267' title='bbox 267 3995 294 4027; x_wconf 76' lang='grc' dir='ltr'><strong><em>α</em></strong></span> <span class='ocrx_word' id='word_1_268' title='bbox 330 3975 671 4045; x_wconf 89' lang='lat' dir='ltr'>[mpiorum,</span> <span class='ocrx_word' id='word_1_269' title='bbox 699 3996 727 4023; x_wconf 87' lang='grc'><strong>››</strong></span> <span class='ocrx_word' id='word_1_270' title='bbox 787 3973 844 4027; x_wconf 88' lang='lat' dir='ltr'>id</span> <span class='ocrx_word' id='word_1_271' title='bbox 881 3977 965 4027; x_wconf 90' lang='lat' dir='ltr'>est</span> <span class='ocrx_word' id='word_1_272' title='bbox 1003 3972 1386 4045; x_wconf 90' lang='lat' dir='ltr'>malignorum</span> <span class='ocrx_word' id='word_1_273' title='bbox 1418 3971 1744 4041; x_wconf 89' lang='lat' dir='ltr'>spirituum,</span> <span class='ocrx_word' id='word_1_274' title='bbox 1796 3969 1895 4039; x_wconf 90' lang='lat' dir='ltr'>qui</span> 
     </span>
    </p>
   </div>
   <div class='ocr_carea' id='block_1_42' title="bbox 196 4060 1895 4133">
    <p class='ocr_par' dir='ltr' id='par_1_42' title="bbox 196 4060 1895 4133">
     <span class='ocr_line' id='line_1_42' title="bbox 196 4060 1895 4133; baseline -0.004 -16"><span class='ocrx_word' id='word_1_275' title='bbox 196 4081 327 4118; x_wconf 90' lang='lat' dir='ltr'>cum</span> <span class='ocrx_word' id='word_1_276' title='bbox 361 4065 433 4118; x_wconf 89' lang='lat' dir='ltr'>ad</span> <span class='ocrx_word' id='word_1_277' title='bbox 481 4063 655 4117; x_wconf 88' lang='lat' dir='ltr'>vitam</span> <span class='ocrx_word' id='word_1_278' title='bbox 710 4062 895 4116; x_wconf 89' lang='lat' dir='ltr'>redire</span> <span class='ocrx_word' id='word_1_279' title='bbox 952 4067 1267 4133; x_wconf 90' lang='lat' dir='ltr'>nequeunt,</span> <span class='ocrx_word' id='word_1_280' title='bbox 1328 4061 1511 4114; x_wconf 87' lang='lat' dir='ltr'>socios</span> <span class='ocrx_word' id='word_1_281' title='bbox 1543 4060 1612 4113; x_wconf 89' lang='lat' dir='ltr'>ad</span> <span class='ocrx_word' id='word_1_282' title='bbox 1649 4064 1895 4112; x_wconf 89' lang='lat' dir='ltr'>mortem</span> 
     </span>
    </p>
   </div>
   <div class='ocr_carea' id='block_1_43' title="bbox 197 4148 1896 4222">
    <p class='ocr_par' dir='ltr' id='par_1_43' title="bbox 197 4148 1896 4222">
     <span class='ocr_line' id='line_1_43' title="bbox 197 4148 1896 4222; baseline -0.004 -16"><span class='ocrx_word' id='word_1_283' title='bbox 197 4157 488 4222; x_wconf 70' lang='lat' dir='ltr'>quaerunt,</span> <span class='ocrx_word' id='word_1_284' title='bbox 537 4167 783 4221; x_wconf 89' lang='lat' dir='ltr'>quorum</span> <span class='ocrx_word' id='word_1_285' title='bbox 842 4150 1143 4205; x_wconf 90' lang='lat' dir='ltr'>consilium</span> <span class='ocrx_word' id='word_1_286' title='bbox 1196 4150 1320 4217; x_wconf 86' lang='lat' dir='ltr'>fuit,</span> <span class='ocrx_word' id='word_1_287' title='bbox 1352 4155 1415 4203; x_wconf 91' lang='lat' dir='ltr'>ut</span> <span class='ocrx_word' id='word_1_288' title='bbox 1441 4149 1545 4203; x_wconf 82' lang='lat' dir='ltr'>Job</span> <span class='ocrx_word' id='word_1_289' title='bbox 1586 4154 1801 4201; x_wconf 73' lang='lat' dir='ltr'>rectum</span> <span class='ocrx_word' id='word_1_290' title='bbox 1837 4148 1896 4200; x_wconf 91' lang='lat' dir='ltr'>in</span> 
     </span>
    </p>
   </div>
   <div class='ocr_carea' id='block_1_44' title="bbox 196 4235 1967 4327">
    <p class='ocr_par' dir='ltr' id='par_1_44' title="bbox 196 4235 1967 4327">
     <span class='ocr_line' id='line_1_44' title="bbox 196 4235 1967 4327; baseline -0.005 -34"><span class='ocrx_word' id='word_1_291' title='bbox 196 4240 515 4311; x_wconf 88' lang='lat' dir='ltr'>prosperis,</span> <span class='ocrx_word' id='word_1_292' title='bbox 547 4241 881 4311; x_wconf 84' lang='lat' dir='ltr'>frangerent</span> <span class='ocrx_word' id='word_1_293' title='bbox 918 4239 1197 4305; x_wconf 78' lang='lat' dir='ltr'>adversis;</span> <span class='ocrx_word' id='word_1_294' title='bbox 1233 4239 1328 4293; x_wconf 91' lang='lat' dir='ltr'>sed</span> <span class='ocrx_word' id='word_1_295' title='bbox 1371 4239 1519 4291; x_wconf 87' lang='lat' dir='ltr'>Deus</span> <span class='ocrx_word' id='word_1_296' title='bbox 1551 4252 1725 4304; x_wconf 84' lang='lat' dir='ltr'>supra</span> <span class='ocrx_word' id='word_1_297' title='bbox 1748 4235 1895 4288; x_wconf 82' lang='lat' dir='ltr'>vires</span> <span class='ocrx_word' id='word_1_298' title='bbox 1924 4275 1967 4327; x_wconf 69' lang='grc' dir='ltr'><strong>Β</strong></span> 
     </span>
    </p>
   </div>
   <div class='ocr_carea' id='block_1_45' title="bbox 196 4327 738 4381">
    <p class='ocr_par' dir='ltr' id='par_1_45' title="bbox 196 4327 738 4381">
     <span class='ocr_line' id='line_1_45' title="bbox 196 4327 738 4381; baseline -0.002 0"><span class='ocrx_word' id='word_1_299' title='bbox 196 4343 311 4381; x_wconf 89' lang='lat' dir='ltr'>non</span> <span class='ocrx_word' id='word_1_300' title='bbox 342 4327 483 4381; x_wconf 90' lang='lat' dir='ltr'>sinit</span> <span class='ocrx_word' id='word_1_301' title='bbox 510 4332 663 4381; x_wconf 87' lang='lat' dir='ltr'>teuta</span> <span class='ocrx_word' id='word_1_302' title='bbox 672 4327 738 4380; x_wconf 93' lang='lat' dir='ltr'>ri.</span> 
     </span>
    </p>
   </div>
   <div class='ocr_carea' id='block_1_46' title="bbox 266 4408 1900 4486">
    <p class='ocr_par' dir='ltr' id='par_1_46' title="bbox 266 4408 1900 4486">
     <span class='ocr_line' id='line_1_46' title="bbox 266 4408 1900 4486; baseline -0.005 -17"><span class='ocrx_word' id='word_1_303' title='bbox 266 4418 430 4471; x_wconf 74' lang='lat' dir='ltr'>Vens.</span> <span class='ocrx_word' id='word_1_304' title='bbox 458 4417 509 4470; x_wconf 81' lang='grc'>4.</span> <span class='ocrx_word' id='word_1_305' title='bbox 544 4446 611 4456; x_wconf 92' lang='lat'><strong>—</strong></span> <span class='ocrx_word' id='word_1_306' title='bbox 645 4435 671 4467; x_wconf 78' lang='grc' dir='ltr'><strong>α</strong></span> <span class='ocrx_word' id='word_1_307' title='bbox 724 4415 992 4486; x_wconf 88' lang='lat' dir='ltr'>Nunquid</span> <span class='ocrx_word' id='word_1_308' title='bbox 1026 4415 1177 4468; x_wconf 91' lang='lat' dir='ltr'>oculi</span> <span class='ocrx_word' id='word_1_309' title='bbox 1207 4415 1420 4470; x_wconf 89' lang='lat' dir='ltr'>carnei.</span> <span class='ocrx_word' id='word_1_310' title='bbox 1456 4433 1482 4463; x_wconf 80' lang='grc' dir='ltr'>ι)</span> <span class='ocrx_word' id='word_1_311' title='bbox 1516 4412 1673 4468; x_wconf 81' lang='lat' dir='ltr'>Oculi</span> <span class='ocrx_word' id='word_1_312' title='bbox 1714 4408 1900 4465; x_wconf 88' lang='lat' dir='ltr'>carnis</span> 
     </span>
    </p>
   </div>
   <div class='ocr_carea' id='block_1_47' title="bbox 199 4500 1899 4575">
    <p class='ocr_par' dir='ltr' id='par_1_47' title="bbox 199 4500 1899 4575">
     <span class='ocr_line' id='line_1_47' title="bbox 199 4500 1899 4575; baseline -0.004 -18"><span class='ocrx_word' id='word_1_313' title='bbox 199 4521 312 4558; x_wconf 94' lang='lat' dir='ltr'>non</span> <span class='ocrx_word' id='word_1_314' title='bbox 340 4505 455 4558; x_wconf 88' lang='lat' dir='ltr'>nisi</span> <span class='ocrx_word' id='word_1_315' title='bbox 512 4504 703 4575; x_wconf 89' lang='lat' dir='ltr'>aliqua</span> <span class='ocrx_word' id='word_1_316' title='bbox 757 4505 904 4558; x_wconf 89' lang='lat' dir='ltr'>facta</span> <span class='ocrx_word' id='word_1_317' title='bbox 934 4503 993 4557; x_wconf 90' lang='lat' dir='ltr'>in</span> <span class='ocrx_word' id='word_1_318' title='bbox 1023 4509 1281 4575; x_wconf 91' lang='lat' dir='ltr'>tempore</span> <span class='ocrx_word' id='word_1_319' title='bbox 1312 4507 1647 4573; x_wconf 88' lang='lat' dir='ltr'>agnoscunt,</span> <span class='ocrx_word' id='word_1_320' title='bbox 1690 4500 1820 4571; x_wconf 88' lang='lat' dir='ltr'>quia</span> <span class='ocrx_word' id='word_1_321' title='bbox 1845 4504 1899 4551; x_wconf 91' lang='lat' dir='ltr'>et</span> 
     </span>
    </p>
   </div>
   <div class='ocr_carea' id='block_1_48' title="bbox 199 4588 1897 4663">
    <p class='ocr_par' dir='ltr' id='par_1_48' title="bbox 199 4588 1897 4663">
     <span class='ocr_line' id='line_1_48' title="bbox 199 4588 1897 4663; baseline -0.003 -18"><span class='ocrx_word' id='word_1_322' title='bbox 199 4610 327 4647; x_wconf 89' lang='lat' dir='ltr'>cum</span> <span class='ocrx_word' id='word_1_323' title='bbox 389 4598 645 4663; x_wconf 85' lang='lat' dir='ltr'>tempore</span> <span class='ocrx_word' id='word_1_324' title='bbox 704 4592 1067 4658; x_wconf 89' lang='lat' dir='ltr'>clauduntur,</span> <span class='ocrx_word' id='word_1_325' title='bbox 1101 4597 1156 4645; x_wconf 92' lang='lat' dir='ltr'>et</span> <span class='ocrx_word' id='word_1_326' title='bbox 1204 4592 1489 4645; x_wconf 85' lang='lat' dir='ltr'>humanus</span> <span class='ocrx_word' id='word_1_327' title='bbox 1520 4590 1671 4643; x_wconf 90' lang='lat' dir='ltr'>visus</span> <span class='ocrx_word' id='word_1_328' title='bbox 1718 4588 1897 4659; x_wconf 89' lang='lat' dir='ltr'>quod-</span> 
     </span>
    </p>
   </div>
   <div class='ocr_carea' id='block_1_49' title="bbox 201 4681 1316 4752">
    <p class='ocr_par' dir='ltr' id='par_1_49' title="bbox 201 4681 1316 4752">
     <span class='ocr_line' id='line_1_49' title="bbox 201 4681 1316 4752; baseline -0.001 -18"><span class='ocrx_word' id='word_1_329' title='bbox 201 4682 341 4736; x_wconf 82' lang='lat' dir='ltr'>libet</span> <span class='ocrx_word' id='word_1_330' title='bbox 374 4698 523 4751; x_wconf 90' lang='lat' dir='ltr'>opus</span> <span class='ocrx_word' id='word_1_331' title='bbox 543 4681 822 4752; x_wconf 86' lang='lat' dir='ltr'>sequitur,</span> <span class='ocrx_word' id='word_1_332' title='bbox 855 4697 969 4734; x_wconf 89' lang='lat' dir='ltr'>non</span> <span class='ocrx_word' id='word_1_333' title='bbox 1001 4681 1316 4750; x_wconf 63' lang='lat' dir='ltr'>praecurrit.</span> 
     </span>
    </p>
   </div>
   <div class='ocr_carea' id='block_1_50' title="bbox 271 4764 1901 4839">
    <p class='ocr_par' dir='ltr' id='par_1_50' title="bbox 271 4764 1901 4839">
     <span class='ocr_line' id='line_1_50' title="bbox 271 4764 1901 4839; baseline -0.004 -16"><span class='ocrx_word' id='word_1_334' title='bbox 271 4772 439 4823; x_wconf 77' lang='lat' dir='ltr'>Vens.</span> <span class='ocrx_word' id='word_1_335' title='bbox 474 4772 523 4822; x_wconf 81' lang='grc'>5.</span> <span class='ocrx_word' id='word_1_336' title='bbox 557 4801 624 4808; x_wconf 87' lang='lat'>——</span> <span class='ocrx_word' id='word_1_337' title='bbox 656 4790 683 4818; x_wconf 86' lang='grc'>‹‹</span> <span class='ocrx_word' id='word_1_338' title='bbox 736 4770 886 4823; x_wconf 85' lang='lat' dir='ltr'>Dies.</span> <span class='ocrx_word' id='word_1_339' title='bbox 925 4790 949 4818; x_wconf 84' lang='lat'>»</span> <span class='ocrx_word' id='word_1_340' title='bbox 981 4769 1110 4823; x_wconf 86' lang='lat' dir='ltr'>Dies</span> <span class='ocrx_word' id='word_1_341' title='bbox 1140 4784 1369 4839; x_wconf 89' lang='lat' dir='ltr'>quoque</span> <span class='ocrx_word' id='word_1_342' title='bbox 1401 4771 1457 4820; x_wconf 86' lang='lat' dir='ltr'>et</span> <span class='ocrx_word' id='word_1_343' title='bbox 1488 4766 1622 4820; x_wconf 91' lang='lat' dir='ltr'>anni</span> <span class='ocrx_word' id='word_1_344' title='bbox 1649 4764 1901 4820; x_wconf 90' lang='lat' dir='ltr'>hominis</span> 
     </span>
    </p>
   </div>
   <div class='ocr_carea' id='block_1_51' title="bbox 202 4855 1903 4927">
    <p class='ocr_par' dir='ltr' id='par_1_51' title="bbox 202 4855 1903 4927">
     <span class='ocr_line' id='line_1_51' title="bbox 202 4855 1903 4927; baseline -0.003 -15"><span class='ocrx_word' id='word_1_345' title='bbox 202 4859 478 4912; x_wconf 79' lang='lat' dir='ltr'>differunt</span> <span class='ocrx_word' id='word_1_346' title='bbox 525 4858 595 4911; x_wconf 88' lang='lat' dir='ltr'>ab</span> <span class='ocrx_word' id='word_1_347' title='bbox 645 4863 894 4912; x_wconf 73' lang='lat' dir='ltr'>teterno:</span> <span class='ocrx_word' id='word_1_348' title='bbox 952 4858 1043 4911; x_wconf 93' lang='lat' dir='ltr'>cui</span> <span class='ocrx_word' id='word_1_349' title='bbox 1100 4857 1242 4911; x_wconf 88' lang='lat' dir='ltr'>nihil</span> <span class='ocrx_word' id='word_1_350' title='bbox 1284 4856 1559 4927; x_wconf 65' lang='lat' dir='ltr'>praeterit,</span> <span class='ocrx_word' id='word_1_351' title='bbox 1620 4855 1762 4909; x_wconf 85' lang='lat' dir='ltr'>nihil</span> <span class='ocrx_word' id='word_1_352' title='bbox 1816 4858 1903 4907; x_wconf 90' lang='lat' dir='ltr'>est</span> 
     </span>
    </p>
   </div>
   <div class='ocr_carea' id='block_1_52' title="bbox 201 4945 1493 5016">
    <p class='ocr_par' dir='ltr' id='par_1_52' title="bbox 201 4945 1493 5016">
     <span class='ocr_line' id='line_1_52' title="bbox 201 4945 1493 5016; baseline -0.003 -15"><span class='ocrx_word' id='word_1_353' title='bbox 201 4948 481 5011; x_wconf 86' lang='lat' dir='ltr'>futurum,</span> <span class='ocrx_word' id='word_1_354' title='bbox 523 4946 617 5000; x_wconf 88' lang='lat' dir='ltr'>sed</span> <span class='ocrx_word' id='word_1_355' title='bbox 650 4946 846 5001; x_wconf 91' lang='lat' dir='ltr'>omnia</span> <span class='ocrx_word' id='word_1_356' title='bbox 874 4946 1148 5016; x_wconf 89' lang='lat' dir='ltr'>conspicit</span> <span class='ocrx_word' id='word_1_357' title='bbox 1174 4945 1493 5016; x_wconf 67' lang='lat' dir='ltr'>praesentia.</span> 
     </span>
    </p>
   </div>
   <div class='ocr_carea' id='block_1_53' title="bbox 273 5034 1905 5106">
    <p class='ocr_par' dir='ltr' id='par_1_53' title="bbox 273 5034 1905 5106">
     <span class='ocr_line' id='line_1_53' title="bbox 273 5034 1905 5106; baseline -0.002 -18"><span class='ocrx_word' id='word_1_358' title='bbox 273 5038 435 5089; x_wconf 78' lang='lat' dir='ltr'>Vens.</span> <span class='ocrx_word' id='word_1_359' title='bbox 491 5038 541 5089; x_wconf 87' lang='lat'>6.</span> <span class='ocrx_word' id='word_1_360' title='bbox 576 5066 640 5074; x_wconf 90' lang='lat'>—-</span> <span class='ocrx_word' id='word_1_361' title='bbox 680 5057 699 5083; x_wconf 76' lang='grc' dir='ltr'><strong><em>α</em></strong></span> <span class='ocrx_word' id='word_1_362' title='bbox 748 5037 818 5089; x_wconf 94' lang='lat' dir='ltr'>Ut</span> <span class='ocrx_word' id='word_1_363' title='bbox 863 5051 1087 5106; x_wconf 77' lang='lat' dir='ltr'>quaeras</span> <span class='ocrx_word' id='word_1_364' title='bbox 1134 5034 1496 5106; x_wconf 89' lang='lat' dir='ltr'>iniquitatem</span> <span class='ocrx_word' id='word_1_365' title='bbox 1530 5049 1739 5087; x_wconf 91' lang='lat' dir='ltr'>meam.</span> <span class='ocrx_word' id='word_1_366' title='bbox 1775 5055 1795 5081; x_wconf 78' lang='grc' dir='ltr'>ι</span> <span class='ocrx_word' id='word_1_367' title='bbox 1836 5034 1905 5085; x_wconf 88' lang='lat' dir='ltr'>Et</span> 
     </span>
    </p>
   </div>
   <div class='ocr_carea' id='block_1_54' title="bbox 201 5122 1903 5194">
    <p class='ocr_par' dir='ltr' id='par_1_54' title="bbox 201 5122 1903 5194">
     <span class='ocr_line' id='line_1_54' title="bbox 201 5122 1903 5194; baseline -0.003 -16"><span class='ocrx_word' id='word_1_368' title='bbox 201 5124 283 5178; x_wconf 89' lang='lat' dir='ltr'>ita</span> <span class='ocrx_word' id='word_1_369' title='bbox 302 5123 449 5177; x_wconf 90' lang='lat' dir='ltr'>scias</span> <span class='ocrx_word' id='word_1_370' title='bbox 474 5124 624 5194; x_wconf 91' lang='lat' dir='ltr'>quod</span> <span class='ocrx_word' id='word_1_371' title='bbox 660 5123 799 5177; x_wconf 92' lang='lat' dir='ltr'>nihil</span> <span class='ocrx_word' id='word_1_372' title='bbox 834 5123 1012 5193; x_wconf 91' lang='lat' dir='ltr'>impie</span> <span class='ocrx_word' id='word_1_373' title='bbox 1043 5123 1193 5189; x_wconf 86' lang='lat' dir='ltr'>fecit,</span> <span class='ocrx_word' id='word_1_374' title='bbox 1232 5122 1395 5194; x_wconf 90' lang='lat' dir='ltr'>quasi</span> <span class='ocrx_word' id='word_1_375' title='bbox 1424 5122 1720 5176; x_wconf 90' lang='lat' dir='ltr'>humiliter</span> <span class='ocrx_word' id='word_1_376' title='bbox 1750 5138 1903 5192; x_wconf 79' lang='lat' dir='ltr'>quee-</span> 
     </span>
    </p>
   </div>
   <div class='ocr_carea' id='block_1_55' title="bbox 200 5208 1893 5281">
    <p class='ocr_par' dir='ltr' id='par_1_55' title="bbox 200 5208 1893 5281">
     <span class='ocr_line' id='line_1_55' title="bbox 200 5208 1893 5281; baseline -0.004 -15"><span class='ocrx_word' id='word_1_377' title='bbox 200 5219 320 5267; x_wconf 88' lang='lat' dir='ltr'>rat:</span> <span class='ocrx_word' id='word_1_378' title='bbox 392 5226 494 5265; x_wconf 88' lang='lat' dir='ltr'>cur</span> <span class='ocrx_word' id='word_1_379' title='bbox 556 5211 619 5264; x_wconf 92' lang='lat' dir='ltr'>in</span> <span class='ocrx_word' id='word_1_380' title='bbox 665 5215 924 5281; x_wconf 87' lang='lat' dir='ltr'>tempore</span> <span class='ocrx_word' id='word_1_381' title='bbox 987 5226 1088 5281; x_wconf 92' lang='lat' dir='ltr'>per</span> <span class='ocrx_word' id='word_1_382' title='bbox 1144 5210 1371 5281; x_wconf 85' lang='lat' dir='ltr'>ﬂagella</span> <span class='ocrx_word' id='word_1_383' title='bbox 1424 5208 1655 5280; x_wconf 90' lang='lat' dir='ltr'>probas,</span> <span class='ocrx_word' id='word_1_384' title='bbox 1724 5223 1893 5278; x_wconf 91' lang='lat' dir='ltr'>quem</span> 
     </span>
    </p>
   </div>
   <div class='ocr_carea' id='block_1_56' title="bbox 200 5299 1471 5371">
    <p class='ocr_par' dir='ltr' id='par_1_56' title="bbox 200 5299 1471 5371">
     <span class='ocr_line' id='line_1_56' title="bbox 200 5299 1471 5371; baseline -0.002 -17"><span class='ocrx_word' id='word_1_385' title='bbox 200 5300 361 5371; x_wconf 89' lang='lat' dir='ltr'>apud</span> <span class='ocrx_word' id='word_1_386' title='bbox 386 5305 442 5354; x_wconf 82' lang='lat' dir='ltr'>te</span> <span class='ocrx_word' id='word_1_387' title='bbox 464 5299 711 5370; x_wconf 87' lang='lat' dir='ltr'>perfecte</span> <span class='ocrx_word' id='word_1_388' title='bbox 743 5304 799 5354; x_wconf 90' lang='lat' dir='ltr'>et</span> <span class='ocrx_word' id='word_1_389' title='bbox 826 5304 959 5353; x_wconf 90' lang='lat' dir='ltr'>ante</span> <span class='ocrx_word' id='word_1_390' title='bbox 981 5305 1242 5369; x_wconf 90' lang='lat' dir='ltr'>tempora</span> <span class='ocrx_word' id='word_1_391' title='bbox 1271 5300 1471 5353; x_wconf 86' lang='lat' dir='ltr'>scisti?</span> 
     </span>
    </p>
   </div>
   <div class='ocr_carea' id='block_1_57' title="bbox 273 5382 1904 5457">
    <p class='ocr_par' dir='ltr' id='par_1_57' title="bbox 273 5382 1904 5457">
     <span class='ocr_line' id='line_1_57' title="bbox 273 5382 1904 5457; baseline -0.003 -16"><span class='ocrx_word' id='word_1_392' title='bbox 273 5389 444 5441; x_wconf 70' lang='lat' dir='ltr'>Vnus.</span> <span class='ocrx_word' id='word_1_393' title='bbox 479 5392 536 5441; x_wconf 92' lang='lat'>7.</span> <span class='ocrx_word' id='word_1_394' title='bbox 592 5417 661 5426; x_wconf 86' lang='lat'>—-</span> <span class='ocrx_word' id='word_1_395' title='bbox 689 5405 715 5441; x_wconf 71' lang='grc' dir='ltr'>ι</span> <span class='ocrx_word' id='word_1_396' title='bbox 749 5388 891 5443; x_wconf 89' lang='lat' dir='ltr'>Cum</span> <span class='ocrx_word' id='word_1_397' title='bbox 911 5387 985 5441; x_wconf 89' lang='lat' dir='ltr'>sit</span> <span class='ocrx_word' id='word_1_398' title='bbox 1013 5403 1204 5441; x_wconf 91' lang='lat' dir='ltr'>nemo.</span> <span class='ocrx_word' id='word_1_399' title='bbox 1239 5407 1267 5434; x_wconf 85' lang='grc'><strong>››</strong></span> <span class='ocrx_word' id='word_1_400' title='bbox 1293 5385 1480 5457; x_wconf 65' lang='lat' dir='ltr'>(Ibid)</span> <span class='ocrx_word' id='word_1_401' title='bbox 1538 5384 1732 5450; x_wconf 86' lang='lat' dir='ltr'>Quasi,</span> <span class='ocrx_word' id='word_1_402' title='bbox 1766 5382 1904 5454; x_wconf 90' lang='lat' dir='ltr'>quid</span> 
     </span>
    </p>
   </div>
   <div class='ocr_carea' id='block_1_58' title="bbox 205 5472 1908 5545">
    <p class='ocr_par' dir='ltr' id='par_1_58' title="bbox 205 5472 1908 5545">
     <span class='ocr_line' id='line_1_58' title="bbox 205 5472 1908 5545; baseline -0.003 -16"><span class='ocrx_word' id='word_1_403' title='bbox 205 5479 383 5530; x_wconf 85' lang='lat' dir='ltr'>restat</span> <span class='ocrx_word' id='word_1_404' title='bbox 436 5475 541 5529; x_wconf 83' lang='lat' dir='ltr'>tibi</span> <span class='ocrx_word' id='word_1_405' title='bbox 586 5476 695 5530; x_wconf 89' lang='lat' dir='ltr'>nisi</span> <span class='ocrx_word' id='word_1_406' title='bbox 752 5491 1009 5545; x_wconf 89' lang='lat' dir='ltr'>parcere,</span> <span class='ocrx_word' id='word_1_407' title='bbox 1065 5474 1157 5529; x_wconf 91' lang='lat' dir='ltr'>cui</span> <span class='ocrx_word' id='word_1_408' title='bbox 1214 5491 1384 5529; x_wconf 91' lang='lat' dir='ltr'>nemo</span> <span class='ocrx_word' id='word_1_409' title='bbox 1414 5477 1603 5544; x_wconf 89' lang='lat' dir='ltr'>potest</span> <span class='ocrx_word' id='word_1_410' title='bbox 1630 5472 1908 5527; x_wconf 87' lang='lat' dir='ltr'>obviare?</span> 
     </span>
    </p>
   </div>
   <div class='ocr_carea' id='block_1_59' title="bbox 207 5562 1908 5635">
    <p class='ocr_par' dir='ltr' id='par_1_59' title="bbox 207 5562 1908 5635">
     <span class='ocr_line' id='line_1_59' title="bbox 207 5562 1908 5635; baseline -0.003 -16"><span class='ocrx_word' id='word_1_411' title='bbox 207 5566 333 5629; x_wconf 89' lang='lat' dir='ltr'>Quo</span> <span class='ocrx_word' id='word_1_412' title='bbox 362 5565 515 5619; x_wconf 92' lang='lat' dir='ltr'>enim</span> <span class='ocrx_word' id='word_1_413' title='bbox 544 5565 737 5619; x_wconf 89' lang='lat' dir='ltr'>nullus</span> <span class='ocrx_word' id='word_1_414' title='bbox 768 5568 953 5635; x_wconf 84' lang='lat' dir='ltr'>potest</span> <span class='ocrx_word' id='word_1_415' title='bbox 982 5568 1140 5618; x_wconf 90' lang='lat' dir='ltr'>tuam</span> <span class='ocrx_word' id='word_1_416' title='bbox 1170 5562 1480 5618; x_wconf 87' lang='lat' dir='ltr'>vindictam</span> <span class='ocrx_word' id='word_1_417' title='bbox 1538 5562 1805 5629; x_wconf 88' lang='lat' dir='ltr'>retinere,</span> <span class='ocrx_word' id='word_1_418' title='bbox 1841 5577 1908 5615; x_wconf 86' lang='lat' dir='ltr'>eo</span> 
     </span>
    </p>
   </div>
   <div class='ocr_carea' id='block_1_60' title="bbox 1397 305 2564 362">
    <p class='ocr_par' dir='ltr' id='par_1_60' title="bbox 1397 305 2564 362">
     <span class='ocr_line' id='line_1_60' title="bbox 1397 305 2564 362; baseline -0.003 -3"><span class='ocrx_word' id='word_1_419' title='bbox 1397 306 1658 361; x_wconf 80' lang='lat' dir='ltr'>GLOSSA</span> <span class='ocrx_word' id='word_1_420' title='bbox 1695 307 2101 362; x_wconf 77' lang='lat' dir='ltr'>OHDINARIA.</span> <span class='ocrx_word' id='word_1_421' title='bbox 2143 336 2210 345; x_wconf 84' lang='lat'>—-—</span> <span class='ocrx_word' id='word_1_422' title='bbox 2254 308 2382 361; x_wconf 90' lang='lat' dir='ltr'>LIB.</span> <span class='ocrx_word' id='word_1_423' title='bbox 2425 305 2564 360; x_wconf 80' lang='lat' dir='ltr'>JOB.</span> 
     </span>
    </p>
   </div>
   <div class='ocr_carea' id='block_1_61' title="bbox 1069 428 3717 502">
    <p class='ocr_par' dir='ltr' id='par_1_61' title="bbox 1069 428 3717 502">
     <span class='ocr_line' id='line_1_61' title="bbox 1069 428 3717 502; baseline 0.002 -20"><span class='ocrx_word' id='word_1_424' title='bbox 1069 434 1154 483; x_wconf 90' lang='lat' dir='ltr'>est</span> <span class='ocrx_word' id='word_1_425' title='bbox 1182 429 1342 483; x_wconf 85' lang='lat' dir='ltr'>factis</span> <span class='ocrx_word' id='word_1_426' title='bbox 1375 430 1547 500; x_wconf 87' lang='lat' dir='ltr'>digna</span> <span class='ocrx_word' id='word_1_427' title='bbox 1576 446 1910 500; x_wconf 83' lang='lat' dir='ltr'>recompen-</span> <span class='ocrx_word' id='word_1_428' title='bbox 1942 434 1981 487; x_wconf 83' lang='lat' dir='ltr'><strong>A</strong></span> <span class='ocrx_word' id='word_1_429' title='bbox 2024 429 2243 484; x_wconf 88' lang='lat' dir='ltr'>facilius</span> <span class='ocrx_word' id='word_1_430' title='bbox 2291 429 2470 500; x_wconf 90' lang='lat' dir='ltr'>pietas</span> <span class='ocrx_word' id='word_1_431' title='bbox 2523 428 2691 483; x_wconf 90' lang='lat' dir='ltr'>debet</span> <span class='ocrx_word' id='word_1_432' title='bbox 2739 444 3004 498; x_wconf 87' lang='lat' dir='ltr'>parcere;</span> <span class='ocrx_word' id='word_1_433' title='bbox 3070 434 3132 483; x_wconf 88' lang='lat' dir='ltr'>ut</span> <span class='ocrx_word' id='word_1_434' title='bbox 3172 434 3364 484; x_wconf 89' lang='lat' dir='ltr'>autem</span> <span class='ocrx_word' id='word_1_435' title='bbox 3438 432 3717 502; x_wconf 87' lang='lat' dir='ltr'>placetur,</span> 
     </span>
    </p>
   </div>
   <div class='ocr_carea' id='block_1_62' title="bbox 3617 312 3723 361">
    <p class='ocr_par' dir='ltr' id='par_1_62' title="bbox 3617 312 3723 361">
     <span class='ocr_line' id='line_1_62' title="bbox 3617 312 3723 361; baseline 0 0"><span class='ocrx_word' id='word_1_436' title='bbox 3617 312 3723 361; x_wconf 80' lang='lat'>786</span> 
     </span>
    </p>
   </div>
   <div class='ocr_carea' id='block_1_63' title="bbox 2022 519 3719 591">
    <p class='ocr_par' dir='ltr' id='par_1_63' title="bbox 2022 519 3719 591">
     <span class='ocr_line' id='line_1_63' title="bbox 2022 519 3719 591; baseline 0.002 -20"><span class='ocrx_word' id='word_1_437' title='bbox 2022 519 2156 591; x_wconf 87' lang='lat' dir='ltr'>quia</span> <span class='ocrx_word' id='word_1_438' title='bbox 2186 524 2443 572; x_wconf 88' lang='lat' dir='ltr'>nostrum</span> <span class='ocrx_word' id='word_1_439' title='bbox 2472 533 2614 587; x_wconf 90' lang='lat' dir='ltr'>opus</span> <span class='ocrx_word' id='word_1_440' title='bbox 2646 534 2763 571; x_wconf 91' lang='lat' dir='ltr'>non</span> <span class='ocrx_word' id='word_1_441' title='bbox 2791 534 3111 587; x_wconf 84' lang='lat' dir='ltr'>possumus,</span> <span class='ocrx_word' id='word_1_442' title='bbox 3143 535 3311 573; x_wconf 90' lang='lat' dir='ltr'>suum</span> <span class='ocrx_word' id='word_1_443' title='bbox 3340 536 3485 590; x_wconf 87' lang='lat' dir='ltr'>opus</span> <span class='ocrx_word' id='word_1_444' title='bbox 3508 520 3559 573; x_wconf 91' lang='lat' dir='ltr'>ei</span> <span class='ocrx_word' id='word_1_445' title='bbox 3585 521 3719 574; x_wconf 80' lang='lat' dir='ltr'>olfe-</span> 
     </span>
    </p>
   </div>
   <div class='ocr_carea' id='block_1_64' title="bbox 2022 622 2235 659">
    <p class='ocr_par' dir='ltr' id='par_1_64' title="bbox 2022 622 2235 659">
     <span class='ocr_line' id='line_1_64' title="bbox 2022 622 2235 659; baseline 0.005 -1"><span class='ocrx_word' id='word_1_446' title='bbox 2022 622 2235 659; x_wconf 84' lang='lat' dir='ltr'>ramus.</span> 
     </span>
    </p>
   </div>
   <div class='ocr_carea' id='block_1_65' title="bbox 2095 695 3719 767">
    <p class='ocr_par' dir='ltr' id='par_1_65' title="bbox 2095 695 3719 767">
     <span class='ocr_line' id='line_1_65' title="bbox 2095 695 3719 767; baseline 0.004 -22"><span class='ocrx_word' id='word_1_447' title='bbox 2095 695 2253 748; x_wconf 76' lang='lat' dir='ltr'>Vens.</span> <span class='ocrx_word' id='word_1_448' title='bbox 2310 698 2360 748; x_wconf 92' lang='lat'>8.</span> <span class='ocrx_word' id='word_1_449' title='bbox 2392 726 2457 732; x_wconf 95' lang='lat'><strong>—</strong></span> <span class='ocrx_word' id='word_1_450' title='bbox 2492 714 2519 745; x_wconf 86' lang='lat'><strong>«</strong></span> <span class='ocrx_word' id='word_1_451' title='bbox 2552 696 2749 748; x_wconf 86' lang='lat' dir='ltr'>Manus</span> <span class='ocrx_word' id='word_1_452' title='bbox 2801 700 2936 748; x_wconf 62' lang='lat' dir='ltr'>tuae.</span> <span class='ocrx_word' id='word_1_453' title='bbox 2966 714 2995 745; x_wconf 68' lang='grc' dir='ltr'>ι)</span> <span class='ocrx_word' id='word_1_454' title='bbox 3055 696 3227 759; x_wconf 87' lang='lat' dir='ltr'>Quasi</span> <span class='ocrx_word' id='word_1_455' title='bbox 3285 713 3462 767; x_wconf 90' lang='lat' dir='ltr'>pensa</span> <span class='ocrx_word' id='word_1_456' title='bbox 3494 698 3719 752; x_wconf 57' lang='lat' dir='ltr'>miseri-</span> 
     </span>
    </p>
   </div>
   <div class='ocr_carea' id='block_1_66' title="bbox 2019 782 3030 854">
    <p class='ocr_par' dir='ltr' id='par_1_66' title="bbox 2019 782 3030 854">
     <span class='ocr_line' id='line_1_66' title="bbox 2019 782 3030 854; baseline 0 -19"><span class='ocrx_word' id='word_1_457' title='bbox 2019 782 2284 849; x_wconf 88' lang='lat' dir='ltr'>corditer,</span> <span class='ocrx_word' id='word_1_458' title='bbox 2319 799 2391 836; x_wconf 90' lang='lat' dir='ltr'>ne</span> <span class='ocrx_word' id='word_1_459' title='bbox 2417 789 2613 852; x_wconf 81' lang='lat' dir='ltr'>pereat</span> <span class='ocrx_word' id='word_1_460' title='bbox 2640 784 2791 854; x_wconf 90' lang='lat' dir='ltr'>quod</span> <span class='ocrx_word' id='word_1_461' title='bbox 2824 784 3030 837; x_wconf 83' lang='lat' dir='ltr'>fecisti.</span> 
     </span>
    </p>
   </div>
   <div class='ocr_carea' id='block_1_67' title="bbox 2096 873 3179 927">
    <p class='ocr_par' dir='ltr' id='par_1_67' title="bbox 2096 873 3179 927">
     <span class='ocr_line' id='line_1_67' title="bbox 2096 873 3179 927; baseline 0.002 -2"><span class='ocrx_word' id='word_1_462' title='bbox 2096 894 2115 919; x_wconf 80' lang='grc' dir='ltr'>ι</span> <span class='ocrx_word' id='word_1_463' title='bbox 2163 873 2467 926; x_wconf 83' lang='lat' dir='ltr'>Fecerunt.</span> <span class='ocrx_word' id='word_1_464' title='bbox 2504 893 2531 923; x_wconf 70' lang='grc' dir='ltr'><strong>η</strong></span> <span class='ocrx_word' id='word_1_465' title='bbox 2556 873 2877 927; x_wconf 90' lang='lat' dir='ltr'>Secundum</span> <span class='ocrx_word' id='word_1_466' title='bbox 2906 873 3179 927; x_wconf 89' lang='lat' dir='ltr'>animam.</span> 
     </span>
    </p>
   </div>
   <div class='ocr_carea' id='block_1_68' title="bbox 2089 960 3708 1032">
    <p class='ocr_par' dir='ltr' id='par_1_68' title="bbox 2089 960 3708 1032">
     <span class='ocr_line' id='line_1_68' title="bbox 2089 960 3708 1032; baseline 0.004 -23"><span class='ocrx_word' id='word_1_467' title='bbox 2089 978 2115 1009; x_wconf 87' lang='lat'>«</span> <span class='ocrx_word' id='word_1_468' title='bbox 2156 961 2356 1013; x_wconf 88' lang='lat' dir='ltr'>Totum</span> <span class='ocrx_word' id='word_1_469' title='bbox 2389 961 2449 1013; x_wconf 90' lang='lat' dir='ltr'>in</span> <span class='ocrx_word' id='word_1_470' title='bbox 2475 960 2741 1015; x_wconf 87' lang='lat' dir='ltr'>circuitu.</span> <span class='ocrx_word' id='word_1_471' title='bbox 2785 980 2810 1011; x_wconf 78' lang='grc' dir='ltr'>ι)</span> <span class='ocrx_word' id='word_1_472' title='bbox 2850 962 3171 1016; x_wconf 87' lang='lat' dir='ltr'>Secundum</span> <span class='ocrx_word' id='word_1_473' title='bbox 3199 978 3427 1032; x_wconf 87' lang='lat' dir='ltr'>corpus,</span> <span class='ocrx_word' id='word_1_474' title='bbox 3459 966 3589 1021; x_wconf 86' lang='lat' dir='ltr'>etc.,</span> <span class='ocrx_word' id='word_1_475' title='bbox 3618 978 3708 1016; x_wconf 85' lang='lat' dir='ltr'>us-</span> 
     </span>
    </p>
   </div>
   <div class='ocr_carea' id='block_1_69' title="bbox 2017 1050 3065 1120">
    <p class='ocr_par' dir='ltr' id='par_1_69' title="bbox 2017 1050 3065 1120">
     <span class='ocr_line' id='line_1_69' title="bbox 2017 1050 3065 1120; baseline 0.004 -20"><span class='ocrx_word' id='word_1_476' title='bbox 2017 1064 2118 1115; x_wconf 86' lang='lat' dir='ltr'>que</span> <span class='ocrx_word' id='word_1_477' title='bbox 2138 1050 2212 1101; x_wconf 86' lang='lat' dir='ltr'>ad</span> <span class='ocrx_word' id='word_1_478' title='bbox 2241 1066 2367 1102; x_wconf 85' lang='lat' dir='ltr'>eum</span> <span class='ocrx_word' id='word_1_479' title='bbox 2391 1050 2459 1103; x_wconf 90' lang='lat' dir='ltr'>de</span> <span class='ocrx_word' id='word_1_480' title='bbox 2490 1050 2710 1104; x_wconf 63' lang='lat' dir='ltr'>ceteris</span> <span class='ocrx_word' id='word_1_481' title='bbox 2744 1050 2912 1104; x_wconf 81' lang='lat' dir='ltr'>dixit:</span> <span class='ocrx_word' id='word_1_482' title='bbox 2946 1050 3065 1120; x_wconf 75' lang='lat' dir='ltr'>ﬁat.</span> 
     </span>
    </p>
   </div>
   <div class='ocr_carea' id='block_1_70' title="bbox 2091 1137 3712 1209">
    <p class='ocr_par' dir='ltr' id='par_1_70' title="bbox 2091 1137 3712 1209">
     <span class='ocr_line' id='line_1_70' title="bbox 2091 1137 3712 1209; baseline 0.001 -20"><span class='ocrx_word' id='word_1_483' title='bbox 2091 1158 2111 1183; x_wconf 75' lang='grc' dir='ltr'>ι</span> <span class='ocrx_word' id='word_1_484' title='bbox 2142 1139 2222 1190; x_wconf 75' lang='lat' dir='ltr'>vEt</span> <span class='ocrx_word' id='word_1_485' title='bbox 2282 1138 2359 1190; x_wconf 92' lang='lat' dir='ltr'>sic</span> <span class='ocrx_word' id='word_1_486' title='bbox 2406 1145 2660 1207; x_wconf 87' lang='lat' dir='ltr'>repente.</span> <span class='ocrx_word' id='word_1_487' title='bbox 2700 1158 2727 1189; x_wconf 85' lang='lat'><strong>»</strong></span> <span class='ocrx_word' id='word_1_488' title='bbox 2785 1138 2955 1202; x_wconf 80' lang='lat' dir='ltr'>Quasi</span> <span class='ocrx_word' id='word_1_489' title='bbox 3003 1155 3172 1209; x_wconf 80' lang='lat' dir='ltr'>quem</span> <span class='ocrx_word' id='word_1_490' title='bbox 3236 1142 3392 1191; x_wconf 86' lang='lat' dir='ltr'>tanta</span> <span class='ocrx_word' id='word_1_491' title='bbox 3433 1137 3712 1207; x_wconf 75' lang='lat' dir='ltr'>dignitate</span> 
     </span>
    </p>
   </div>
   <div class='ocr_carea' id='block_1_71' title="bbox 2016 1214 3713 1296">
    <p class='ocr_par' dir='ltr' id='par_1_71' title="bbox 2016 1214 3713 1296">
     <span class='ocr_line' id='line_1_71' title="bbox 2016 1214 3713 1296; baseline 0.001 -19"><span class='ocrx_word' id='word_1_492' title='bbox 2016 1227 2453 1295; x_wconf 67' lang='lat' dir='ltr'>praaponis,cur</span> <span class='ocrx_word' id='word_1_493' title='bbox 2490 1231 2642 1279; x_wconf 88' lang='lat' dir='ltr'>tanta</span> <span class='ocrx_word' id='word_1_494' title='bbox 2704 1227 2919 1280; x_wconf 86' lang='lat' dir='ltr'>vilitate</span> <span class='ocrx_word' id='word_1_495' title='bbox 2967 1226 3250 1296; x_wconf 83' lang='lat' dir='ltr'>despicis?</span> <span class='ocrx_word' id='word_1_496' title='bbox 3299 1214 3403 1280; x_wconf 78' lang='lat' dir='ltr'>Sed</span> <span class='ocrx_word' id='word_1_497' title='bbox 3448 1242 3577 1279; x_wconf 90' lang='lat' dir='ltr'>cum</span> <span class='ocrx_word' id='word_1_498' title='bbox 3607 1227 3713 1279; x_wconf 83' lang='lat' dir='ltr'>hac</span> 
     </span>
    </p>
   </div>
   <div class='ocr_carea' id='block_1_72' title="bbox 2017 1315 3713 1386">
    <p class='ocr_par' dir='ltr' id='par_1_72' title="bbox 2017 1315 3713 1386">
     <span class='ocr_line' id='line_1_72' title="bbox 2017 1315 3713 1386; baseline 0.001 -18"><span class='ocrx_word' id='word_1_499' title='bbox 2017 1315 2314 1385; x_wconf 89' lang='lat' dir='ltr'>dignitate,</span> <span class='ocrx_word' id='word_1_500' title='bbox 2370 1332 2497 1385; x_wconf 76' lang='lat' dir='ltr'>quae</span> <span class='ocrx_word' id='word_1_501' title='bbox 2530 1322 2614 1369; x_wconf 89' lang='lat' dir='ltr'>est</span> <span class='ocrx_word' id='word_1_502' title='bbox 2660 1332 2761 1385; x_wconf 88' lang='lat' dir='ltr'>per</span> <span class='ocrx_word' id='word_1_503' title='bbox 2803 1316 3106 1386; x_wconf 82' lang='lat' dir='ltr'>spiritum?</span> <span class='ocrx_word' id='word_1_504' title='bbox 3145 1320 3231 1368; x_wconf 86' lang='lat' dir='ltr'>est</span> <span class='ocrx_word' id='word_1_505' title='bbox 3278 1315 3580 1368; x_wconf 84' lang='lat' dir='ltr'>inﬁrmitas</span> <span class='ocrx_word' id='word_1_506' title='bbox 3610 1332 3713 1385; x_wconf 88' lang='lat' dir='ltr'>per</span> 
     </span>
    </p>
   </div>
   <div class='ocr_carea' id='block_1_73' title="bbox 2016 1402 3555 1472">
    <p class='ocr_par' dir='ltr' id='par_1_73' title="bbox 2016 1402 3555 1472">
     <span class='ocr_line' id='line_1_73' title="bbox 2016 1402 3555 1472; baseline -0.001 -17"><span class='ocrx_word' id='word_1_507' title='bbox 2016 1418 2268 1465; x_wconf 74' lang='lat' dir='ltr'>carnem,</span> <span class='ocrx_word' id='word_1_508' title='bbox 2302 1420 2431 1472; x_wconf 65' lang='lat' dir='ltr'>quae</span> <span class='ocrx_word' id='word_1_509' title='bbox 2462 1408 2683 1456; x_wconf 82' lang='lat' dir='ltr'>moveat</span> <span class='ocrx_word' id='word_1_510' title='bbox 2714 1403 2871 1472; x_wconf 89' lang='lat' dir='ltr'>pium</span> <span class='ocrx_word' id='word_1_511' title='bbox 2903 1402 3178 1472; x_wconf 76' lang='lat' dir='ltr'>judicent,</span> <span class='ocrx_word' id='word_1_512' title='bbox 3208 1402 3359 1456; x_wconf 90' lang='lat' dir='ltr'>unde</span> <span class='ocrx_word' id='word_1_513' title='bbox 3390 1402 3555 1455; x_wconf 86' lang='lat' dir='ltr'>dicit:</span> 
     </span>
    </p>
   </div>
   <div class='ocr_carea' id='block_1_74' title="bbox 2115 1489 3705 1559">
    <p class='ocr_par' dir='ltr' id='par_1_74' title="bbox 2115 1489 3705 1559">
     <span class='ocr_line' id='line_1_74' title="bbox 2115 1489 3705 1559; baseline 0.001 -18"><span class='ocrx_word' id='word_1_514' title='bbox 2115 1492 2273 1544; x_wconf 75' lang='lat' dir='ltr'>Vens.</span> <span class='ocrx_word' id='word_1_515' title='bbox 2309 1494 2359 1543; x_wconf 90' lang='lat'>9.</span> <span class='ocrx_word' id='word_1_516' title='bbox 2396 1522 2460 1530; x_wconf 90' lang='lat'>—</span> <span class='ocrx_word' id='word_1_517' title='bbox 2495 1510 2521 1539; x_wconf 77' lang='grc' dir='ltr'>α</span> <span class='ocrx_word' id='word_1_518' title='bbox 2557 1492 2854 1555; x_wconf 83' lang='lat' dir='ltr'>Memento,</span> <span class='ocrx_word' id='word_1_519' title='bbox 2885 1506 3098 1559; x_wconf 66' lang='lat' dir='ltr'>quaeso,</span> <span class='ocrx_word' id='word_1_520' title='bbox 3148 1512 3168 1536; x_wconf 76' lang='grc' dir='ltr'><strong><em>ι</em></strong></span> <span class='ocrx_word' id='word_1_521' title='bbox 3202 1489 3297 1543; x_wconf 87' lang='lat' dir='ltr'>sic.</span> <span class='ocrx_word' id='word_1_522' title='bbox 3324 1490 3479 1543; x_wconf 87' lang='lat' dir='ltr'>Unde</span> <span class='ocrx_word' id='word_1_523' title='bbox 3509 1490 3705 1542; x_wconf 81' lang='lat' dir='ltr'>venia-</span> 
     </span>
    </p>
   </div>
   <div class='ocr_carea' id='block_1_75' title="bbox 2016 1577 3708 1649">
    <p class='ocr_par' dir='ltr' id='par_1_75' title="bbox 2016 1577 3708 1649">
     <span class='ocr_line' id='line_1_75' title="bbox 2016 1577 3708 1649; baseline -0.001 -18"><span class='ocrx_word' id='word_1_524' title='bbox 2016 1578 2084 1631; x_wconf 89' lang='lat' dir='ltr'>lis</span> <span class='ocrx_word' id='word_1_525' title='bbox 2115 1584 2200 1632; x_wconf 89' lang='lat' dir='ltr'>est</span> <span class='ocrx_word' id='word_1_526' title='bbox 2228 1580 2411 1649; x_wconf 89' lang='lat' dir='ltr'>culpa,</span> <span class='ocrx_word' id='word_1_527' title='bbox 2456 1595 2585 1631; x_wconf 89' lang='lat' dir='ltr'>cum</span> <span class='ocrx_word' id='word_1_528' title='bbox 2616 1578 3023 1631; x_wconf 82' lang='lat' dir='ltr'>irrcmissibilis</span> <span class='ocrx_word' id='word_1_529' title='bbox 3044 1580 3116 1632; x_wconf 89' lang='lat' dir='ltr'>sit</span> <span class='ocrx_word' id='word_1_530' title='bbox 3142 1578 3203 1631; x_wconf 91' lang='lat' dir='ltr'>in</span> <span class='ocrx_word' id='word_1_531' title='bbox 3231 1578 3453 1647; x_wconf 85' lang='lat' dir='ltr'>angelo,</span> <span class='ocrx_word' id='word_1_532' title='bbox 3487 1577 3587 1647; x_wconf 89' lang='lat' dir='ltr'>qui</span> <span class='ocrx_word' id='word_1_533' title='bbox 3618 1594 3708 1630; x_wconf 90' lang='lat' dir='ltr'>ro-</span> 
     </span>
    </p>
   </div>
   <div class='ocr_carea' id='block_1_76' title="bbox 2013 1664 3704 1738">
    <p class='ocr_par' dir='ltr' id='par_1_76' title="bbox 2013 1664 3704 1738">
     <span class='ocr_line' id='line_1_76' title="bbox 2013 1664 3704 1738; baseline -0.001 -19"><span class='ocrx_word' id='word_1_534' title='bbox 2013 1667 2212 1719; x_wconf 90' lang='lat' dir='ltr'>bustus</span> <span class='ocrx_word' id='word_1_535' title='bbox 2258 1667 2380 1720; x_wconf 85' lang='lat' dir='ltr'>fuit.</span> <span class='ocrx_word' id='word_1_536' title='bbox 2441 1668 2645 1720; x_wconf 84' lang='lat' dir='ltr'>Lutum</span> <span class='ocrx_word' id='word_1_537' title='bbox 2678 1671 2780 1732; x_wconf 82' lang='lat' dir='ltr'>est‘,</span> <span class='ocrx_word' id='word_1_538' title='bbox 2837 1683 2967 1720; x_wconf 91' lang='lat' dir='ltr'>cum</span> <span class='ocrx_word' id='word_1_539' title='bbox 2997 1683 3143 1738; x_wconf 88' lang='lat' dir='ltr'>aqua</span> <span class='ocrx_word' id='word_1_540' title='bbox 3175 1673 3385 1719; x_wconf 89' lang='lat' dir='ltr'>terram</span> <span class='ocrx_word' id='word_1_541' title='bbox 3417 1664 3704 1736; x_wconf 40' lang='lat' dir='ltr'>infundit?</span> 
     </span>
    </p>
   </div>
   <div class='ocr_carea' id='block_1_77' title="bbox 2013 1754 3707 1825">
    <p class='ocr_par' dir='ltr' id='par_1_77' title="bbox 2013 1754 3707 1825">
     <span class='ocr_line' id='line_1_77' title="bbox 2013 1754 3707 1825; baseline -0.001 -17"><span class='ocrx_word' id='word_1_542' title='bbox 2013 1756 2092 1808; x_wconf 90' lang='lat' dir='ltr'>ita</span> <span class='ocrx_word' id='word_1_543' title='bbox 2122 1756 2311 1822; x_wconf 89' lang='lat' dir='ltr'>homo,</span> <span class='ocrx_word' id='word_1_544' title='bbox 2364 1771 2495 1808; x_wconf 90' lang='lat' dir='ltr'>cum</span> <span class='ocrx_word' id='word_1_545' title='bbox 2551 1754 2745 1808; x_wconf 87' lang='lat' dir='ltr'>anima</span> <span class='ocrx_word' id='word_1_546' title='bbox 2800 1755 2949 1825; x_wconf 88' lang='lat' dir='ltr'>rigat</span> <span class='ocrx_word' id='word_1_547' title='bbox 2991 1771 3242 1821; x_wconf 90' lang='lat' dir='ltr'>carnem,</span> <span class='ocrx_word' id='word_1_548' title='bbox 3275 1755 3436 1825; x_wconf 90' lang='lat' dir='ltr'>cujus</span> <span class='ocrx_word' id='word_1_549' title='bbox 3467 1759 3707 1807; x_wconf 91' lang='lat' dir='ltr'>mortem</span> 
     </span>
    </p>
   </div>
   <div class='ocr_carea' id='block_1_78' title="bbox 2014 1843 2450 1913">
    <p class='ocr_par' dir='ltr' id='par_1_78' title="bbox 2014 1843 2450 1913">
     <span class='ocr_line' id='line_1_78' title="bbox 2014 1843 2450 1913; baseline -0.002 -16"><span class='ocrx_word' id='word_1_550' title='bbox 2014 1848 2208 1913; x_wconf 90' lang='lat' dir='ltr'>aperte</span> <span class='ocrx_word' id='word_1_551' title='bbox 2230 1843 2450 1897; x_wconf 90' lang='lat' dir='ltr'>subdit:</span> 
     </span>
    </p>
   </div>
   <div class='ocr_carea' id='block_1_79' title="bbox 2087 1930 3709 2002">
    <p class='ocr_par' dir='ltr' id='par_1_79' title="bbox 2087 1930 3709 2002">
     <span class='ocr_line' id='line_1_79' title="bbox 2087 1930 3709 2002; baseline -0.001 -17"><span class='ocrx_word' id='word_1_552' title='bbox 2087 1954 2114 1981; x_wconf 86' lang='lat'><strong>«</strong></span> <span class='ocrx_word' id='word_1_553' title='bbox 2141 1933 2207 1985; x_wconf 89' lang='lat' dir='ltr'>Et</span> <span class='ocrx_word' id='word_1_554' title='bbox 2232 1932 2291 1985; x_wconf 93' lang='lat' dir='ltr'>in</span> <span class='ocrx_word' id='word_1_555' title='bbox 2321 1933 2637 2002; x_wconf 86' lang='lat' dir='ltr'>pulverem,</span> <span class='ocrx_word' id='word_1_556' title='bbox 2673 1949 2701 1983; x_wconf 80' lang='grc' dir='ltr'>ι)</span> <span class='ocrx_word' id='word_1_557' title='bbox 2745 1936 2848 1986; x_wconf 91' lang='lat' dir='ltr'>etc.</span> <span class='ocrx_word' id='word_1_558' title='bbox 2906 1932 3113 1996; x_wconf 89' lang='lat' dir='ltr'>Quasi:</span> <span class='ocrx_word' id='word_1_559' title='bbox 3150 1931 3276 1985; x_wconf 90' lang='lat' dir='ltr'>vide</span> <span class='ocrx_word' id='word_1_560' title='bbox 3308 1930 3603 1985; x_wconf 87' lang='lat' dir='ltr'>materiam</span> <span class='ocrx_word' id='word_1_561' title='bbox 3652 1934 3709 1983; x_wconf 90' lang='lat' dir='ltr'>et</span> 
     </span>
    </p>
   </div>
   <div class='ocr_carea' id='block_1_80' title="bbox 2012 2018 3708 2093">
    <p class='ocr_par' dir='ltr' id='par_1_80' title="bbox 2012 2018 3708 2093">
     <span class='ocr_line' id='line_1_80' title="bbox 2012 2018 3708 2093; baseline -0.002 -19"><span class='ocrx_word' id='word_1_562' title='bbox 2012 2037 2261 2093; x_wconf 73' lang='lat' dir='ltr'>poenam,</span> <span class='ocrx_word' id='word_1_563' title='bbox 2298 2026 2356 2074; x_wconf 87' lang='lat' dir='ltr'>et</span> <span class='ocrx_word' id='word_1_564' title='bbox 2407 2021 2588 2090; x_wconf 69' lang='lat' dir='ltr'>culpae</span> <span class='ocrx_word' id='word_1_565' title='bbox 2639 2037 2846 2089; x_wconf 86' lang='lat' dir='ltr'>parce;</span> <span class='ocrx_word' id='word_1_566' title='bbox 2885 2022 3019 2091; x_wconf 87' lang='lat' dir='ltr'>quia</span> <span class='ocrx_word' id='word_1_567' title='bbox 3057 2020 3396 2091; x_wconf 88' lang='lat' dir='ltr'>qualitatem</span> <span class='ocrx_word' id='word_1_568' title='bbox 3457 2018 3708 2072; x_wconf 89' lang='lat' dir='ltr'>hominis</span> 
     </span>
    </p>
   </div>
   <div class='ocr_carea' id='block_1_81' title="bbox 2011 2106 3705 2179">
    <p class='ocr_par' dir='ltr' id='par_1_81' title="bbox 2011 2106 3705 2179">
     <span class='ocr_line' id='line_1_81' title="bbox 2011 2106 3705 2179; baseline -0.001 -16"><span class='ocrx_word' id='word_1_569' title='bbox 2011 2108 2224 2163; x_wconf 90' lang='lat' dir='ltr'>conditi</span> <span class='ocrx_word' id='word_1_570' title='bbox 2250 2108 2507 2177; x_wconf 87' lang='lat' dir='ltr'>protulit,</span> <span class='ocrx_word' id='word_1_571' title='bbox 2561 2108 2751 2162; x_wconf 89' lang='lat' dir='ltr'>subdit</span> <span class='ocrx_word' id='word_1_572' title='bbox 2780 2109 3041 2163; x_wconf 89' lang='lat' dir='ltr'>ordinem</span> <span class='ocrx_word' id='word_1_573' title='bbox 3072 2106 3517 2179; x_wconf 88' lang='lat' dir='ltr'>propagationis,</span> <span class='ocrx_word' id='word_1_574' title='bbox 3555 2107 3705 2161; x_wconf 92' lang='lat' dir='ltr'>unde</span> 
     </span>
    </p>
   </div>
   <div class='ocr_carea' id='block_1_82' title="bbox 2011 2197 2177 2252">
    <p class='ocr_par' dir='ltr' id='par_1_82' title="bbox 2011 2197 2177 2252">
     <span class='ocr_line' id='line_1_82' title="bbox 2011 2197 2177 2252; baseline -0.006 0"><span class='ocrx_word' id='word_1_575' title='bbox 2011 2197 2145 2252; x_wconf 91' lang='lat' dir='ltr'>dicit</span> <span class='ocrx_word' id='word_1_576' title='bbox 2164 2214 2177 2251; x_wconf 92' lang='lat'>:</span> 
     </span>
    </p>
   </div>
   <div class='ocr_carea' id='block_1_83' title="bbox 2079 2301 3707 2367">
    <p class='ocr_par' dir='ltr' id='par_1_83' title="bbox 2079 2301 3707 2367">
     <span class='ocr_line' id='line_1_83' title="bbox 2079 2301 3707 2367; baseline -0.001 -10"><span class='ocrx_word' id='word_1_577' title='bbox 2079 2304 2243 2357; x_wconf 79' lang='lat' dir='ltr'>Vens.</span> <span class='ocrx_word' id='word_1_578' title='bbox 2273 2304 2354 2357; x_wconf 90' lang='grc'><strong>10.</strong></span> <span class='ocrx_word' id='word_1_579' title='bbox 2384 2331 2444 2341; x_wconf 91' lang='lat'><em>-</em></span> <span class='ocrx_word' id='word_1_580' title='bbox 2478 2324 2499 2350; x_wconf 80' lang='grc' dir='ltr'>ι</span> <span class='ocrx_word' id='word_1_581' title='bbox 2532 2302 2732 2355; x_wconf 89' lang='lat' dir='ltr'>Nonne</span> <span class='ocrx_word' id='word_1_582' title='bbox 2754 2301 2898 2354; x_wconf 90' lang='lat' dir='ltr'>sicut</span> <span class='ocrx_word' id='word_1_583' title='bbox 2920 2301 3020 2367; x_wconf 91' lang='lat' dir='ltr'>lac,</span> <span class='ocrx_word' id='word_1_584' title='bbox 3050 2320 3075 2351; x_wconf 70' lang='grc' dir='ltr'><strong>ν</strong></span> <span class='ocrx_word' id='word_1_585' title='bbox 3107 2304 3211 2355; x_wconf 92' lang='lat' dir='ltr'>etc.</span> <span class='ocrx_word' id='word_1_586' title='bbox 3240 2301 3438 2354; x_wconf 85' lang='lat' dir='ltr'>Factus</span> <span class='ocrx_word' id='word_1_587' title='bbox 3459 2301 3707 2355; x_wconf 91' lang='lat' dir='ltr'>homout</span> 
     </span>
    </p>
   </div>
   <div class='ocr_carea' id='block_1_84' title="bbox 2008 2389 3699 2461">
    <p class='ocr_par' dir='ltr' id='par_1_84' title="bbox 2008 2389 3699 2461">
     <span class='ocr_line' id='line_1_84' title="bbox 2008 2389 3699 2461; baseline -0.002 -16"><span class='ocrx_word' id='word_1_588' title='bbox 2008 2392 2216 2457; x_wconf 91' lang='lat' dir='ltr'>lutum,</span> <span class='ocrx_word' id='word_1_589' title='bbox 2253 2394 2602 2461; x_wconf 84' lang='lat' dir='ltr'>propagatus</span> <span class='ocrx_word' id='word_1_590' title='bbox 2628 2394 2820 2443; x_wconf 91' lang='lat' dir='ltr'>autem</span> <span class='ocrx_word' id='word_1_591' title='bbox 2851 2389 2997 2442; x_wconf 92' lang='lat' dir='ltr'>sicut</span> <span class='ocrx_word' id='word_1_592' title='bbox 3025 2389 3110 2442; x_wconf 90' lang='lat' dir='ltr'>lac</span> <span class='ocrx_word' id='word_1_593' title='bbox 3140 2390 3431 2459; x_wconf 90' lang='lat' dir='ltr'>mulgetur</span> <span class='ocrx_word' id='word_1_594' title='bbox 3461 2389 3699 2455; x_wconf 87' lang='lat' dir='ltr'>semine,</span> 
     </span>
    </p>
   </div>
   <div class='ocr_carea' id='block_1_85' title="bbox 2007 2476 3698 2549">
    <p class='ocr_par' dir='ltr' id='par_1_85' title="bbox 2007 2476 3698 2549">
     <span class='ocr_line' id='line_1_85' title="bbox 2007 2476 3698 2549; baseline -0.002 -16"><span class='ocrx_word' id='word_1_595' title='bbox 2007 2486 2072 2534; x_wconf 91' lang='lat' dir='ltr'>ut</span> <span class='ocrx_word' id='word_1_596' title='bbox 2092 2496 2289 2533; x_wconf 91' lang='lat' dir='ltr'>caseus</span> <span class='ocrx_word' id='word_1_597' title='bbox 2310 2480 2646 2549; x_wconf 87' lang='lat' dir='ltr'>coagulatur</span> <span class='ocrx_word' id='word_1_598' title='bbox 2664 2478 2723 2531; x_wconf 91' lang='lat' dir='ltr'>in</span> <span class='ocrx_word' id='word_1_599' title='bbox 2748 2493 2933 2531; x_wconf 90' lang='lat' dir='ltr'>carne.</span> <span class='ocrx_word' id='word_1_600' title='bbox 2962 2478 3140 2532; x_wconf 84' lang='lat' dir='ltr'>Carne</span> <span class='ocrx_word' id='word_1_601' title='bbox 3164 2482 3221 2530; x_wconf 92' lang='lat' dir='ltr'>et</span> <span class='ocrx_word' id='word_1_602' title='bbox 3252 2477 3399 2546; x_wconf 91' lang='lat' dir='ltr'>pelle</span> <span class='ocrx_word' id='word_1_603' title='bbox 3419 2476 3698 2543; x_wconf 87' lang='lat' dir='ltr'>induitur,</span> 
     </span>
    </p>
   </div>
   <div class='ocr_carea' id='block_1_86' title="bbox 2007 2566 3699 2636">
    <p class='ocr_par' dir='ltr' id='par_1_86' title="bbox 2007 2566 3699 2636">
     <span class='ocr_line' id='line_1_86' title="bbox 2007 2566 3699 2636; baseline 0.001 -17"><span class='ocrx_word' id='word_1_604' title='bbox 2007 2566 2227 2620; x_wconf 90' lang='lat' dir='ltr'>ossibus</span> <span class='ocrx_word' id='word_1_605' title='bbox 2257 2570 2312 2619; x_wconf 89' lang='lat' dir='ltr'><strong>et</strong></span> <span class='ocrx_word' id='word_1_606' title='bbox 2368 2568 2557 2620; x_wconf 86' lang='lat' dir='ltr'>nervis</span> <span class='ocrx_word' id='word_1_607' title='bbox 2613 2567 2909 2620; x_wconf 88' lang='lat' dir='ltr'>solidatur.</span> <span class='ocrx_word' id='word_1_608' title='bbox 2954 2568 3084 2620; x_wconf 86' lang='lat' dir='ltr'>Post</span> <span class='ocrx_word' id='word_1_609' title='bbox 3113 2566 3459 2620; x_wconf 88' lang='lat' dir='ltr'>creationem</span> <span class='ocrx_word' id='word_1_610' title='bbox 3493 2583 3699 2636; x_wconf 85' lang='lat' dir='ltr'>corpo-</span> 
     </span>
    </p>
   </div>
   <div class='ocr_carea' id='block_1_87' title="bbox 2006 2655 3699 2726">
    <p class='ocr_par' dir='ltr' id='par_1_87' title="bbox 2006 2655 3699 2726">
     <span class='ocr_line' id='line_1_87' title="bbox 2006 2655 3699 2726; baseline 0.001 -19"><span class='ocrx_word' id='word_1_611' title='bbox 2006 2655 2105 2719; x_wconf 88' lang='lat' dir='ltr'>ris,</span> <span class='ocrx_word' id='word_1_612' title='bbox 2148 2656 2301 2725; x_wconf 92' lang='lat' dir='ltr'>quod</span> <span class='ocrx_word' id='word_1_613' title='bbox 2334 2655 2523 2709; x_wconf 91' lang='lat' dir='ltr'>minus</span> <span class='ocrx_word' id='word_1_614' title='bbox 2554 2660 2658 2722; x_wconf 90' lang='lat' dir='ltr'>est,</span> <span class='ocrx_word' id='word_1_615' title='bbox 2692 2655 2953 2710; x_wconf 89' lang='lat' dir='ltr'>subditur</span> <span class='ocrx_word' id='word_1_616' title='bbox 2982 2656 3126 2709; x_wconf 92' lang='lat' dir='ltr'>mira</span> <span class='ocrx_word' id='word_1_617' title='bbox 3175 2655 3407 2726; x_wconf 89' lang='lat' dir='ltr'>aspirati</span> <span class='ocrx_word' id='word_1_618' title='bbox 3453 2655 3699 2709; x_wconf 83' lang='lat' dir='ltr'>vivifica-</span> 
     </span>
    </p>
   </div>
   <div class='ocr_carea' id='block_1_88' title="bbox 2006 2743 2196 2797">
    <p class='ocr_par' dir='ltr' id='par_1_88' title="bbox 2006 2743 2196 2797">
     <span class='ocr_line' id='line_1_88' title="bbox 2006 2743 2196 2797; baseline 0 0"><span class='ocrx_word' id='word_1_619' title='bbox 2006 2743 2196 2797; x_wconf 91' lang='lat' dir='ltr'>tionis.</span> 
     </span>
    </p>
   </div>
   <div class='ocr_carea' id='block_1_89' title="bbox 2080 2830 3692 2902">
    <p class='ocr_par' dir='ltr' id='par_1_89' title="bbox 2080 2830 3692 2902">
     <span class='ocr_line' id='line_1_89' title="bbox 2080 2830 3692 2902; baseline -0.001 -17"><span class='ocrx_word' id='word_1_620' title='bbox 2080 2850 2108 2881; x_wconf 75' lang='grc' dir='ltr'><strong>α</strong></span> <span class='ocrx_word' id='word_1_621' title='bbox 2161 2832 2360 2885; x_wconf 93' lang='lat' dir='ltr'>Nonne</span> <span class='ocrx_word' id='word_1_622' title='bbox 2410 2832 2554 2886; x_wconf 83' lang='lat' dir='ltr'>sicut</span> <span class='ocrx_word' id='word_1_623' title='bbox 2599 2832 2704 2898; x_wconf 88' lang='lat' dir='ltr'>lac,</span> <span class='ocrx_word' id='word_1_624' title='bbox 2764 2853 2785 2879; x_wconf 74' lang='grc' dir='ltr'><strong><em>ι</em></strong></span> <span class='ocrx_word' id='word_1_625' title='bbox 2848 2832 2986 2885; x_wconf 91' lang='lat' dir='ltr'>dum</span> <span class='ocrx_word' id='word_1_626' title='bbox 3054 2848 3213 2886; x_wconf 89' lang='lat' dir='ltr'>mens</span> <span class='ocrx_word' id='word_1_627' title='bbox 3270 2848 3373 2902; x_wconf 89' lang='lat' dir='ltr'>per</span> <span class='ocrx_word' id='word_1_628' title='bbox 3420 2830 3692 2902; x_wconf 91' lang='lat' dir='ltr'>Spiritum</span> 
     </span>
    </p>
   </div>
   <div class='ocr_carea' id='block_1_90' title="bbox 2010 2919 3697 2992">
    <p class='ocr_par' dir='ltr' id='par_1_90' title="bbox 2010 2919 3697 2992">
     <span class='ocr_line' id='line_1_90' title="bbox 2010 2919 3697 2992; baseline -0.002 -19"><span class='ocrx_word' id='word_1_629' title='bbox 2010 2919 2108 2973; x_wconf 92' lang='lat' dir='ltr'>Dei</span> <span class='ocrx_word' id='word_1_630' title='bbox 2162 2924 2217 2974; x_wconf 89' lang='lat' dir='ltr'>et</span> <span class='ocrx_word' id='word_1_631' title='bbox 2274 2925 2552 2973; x_wconf 89' lang='lat' dir='ltr'>vetustate</span> <span class='ocrx_word' id='word_1_632' title='bbox 2608 2921 2856 2974; x_wconf 88' lang='lat' dir='ltr'>trahitur</span> <span class='ocrx_word' id='word_1_633' title='bbox 2902 2920 3045 2974; x_wconf 90' lang='lat' dir='ltr'>sicut</span> <span class='ocrx_word' id='word_1_634' title='bbox 3077 2922 3160 2973; x_wconf 91' lang='lat' dir='ltr'>lac</span> <span class='ocrx_word' id='word_1_635' title='bbox 3193 2922 3499 2992; x_wconf 86' lang='lat' dir='ltr'>mulgetur,</span> <span class='ocrx_word' id='word_1_636' title='bbox 3563 2919 3697 2989; x_wconf 88' lang='lat' dir='ltr'>quia</span> 
     </span>
    </p>
   </div>
   <div class='ocr_carea' id='block_1_91' title="bbox 2006 3007 3697 3078">
    <p class='ocr_par' dir='ltr' id='par_1_91' title="bbox 2006 3007 3697 3078">
     <span class='ocr_line' id='line_1_91' title="bbox 2006 3007 3697 3078; baseline -0.001 -17"><span class='ocrx_word' id='word_1_637' title='bbox 2006 3008 2065 3061; x_wconf 92' lang='lat' dir='ltr'>in</span> <span class='ocrx_word' id='word_1_638' title='bbox 2116 3007 2365 3078; x_wconf 88' lang='lat' dir='ltr'>quadam</span> <span class='ocrx_word' id='word_1_639' title='bbox 2422 3008 2786 3061; x_wconf 88' lang='lat' dir='ltr'>inchoatione</span> <span class='ocrx_word' id='word_1_640' title='bbox 2815 3008 3136 3075; x_wconf 84' lang='lat' dir='ltr'>formatur;</span> <span class='ocrx_word' id='word_1_641' title='bbox 3167 3008 3311 3061; x_wconf 90' lang='lat' dir='ltr'>sicut</span> <span class='ocrx_word' id='word_1_642' title='bbox 3339 3024 3535 3062; x_wconf 86' lang='lat' dir='ltr'>caseus</span> <span class='ocrx_word' id='word_1_643' title='bbox 3568 3023 3697 3060; x_wconf 89' lang='lat' dir='ltr'>coa-</span> 
     </span>
    </p>
   </div>
   <div class='ocr_carea' id='block_1_92' title="bbox 2006 3095 3695 3167">
    <p class='ocr_par' dir='ltr' id='par_1_92' title="bbox 2006 3095 3695 3167">
     <span class='ocr_line' id='line_1_92' title="bbox 2006 3095 3695 3167; baseline -0.001 -18"><span class='ocrx_word' id='word_1_644' title='bbox 2006 3098 2259 3167; x_wconf 90' lang='lat' dir='ltr'>gulatur,</span> <span class='ocrx_word' id='word_1_645' title='bbox 2300 3113 2428 3149; x_wconf 93' lang='lat' dir='ltr'>cum</span> <span class='ocrx_word' id='word_1_646' title='bbox 2479 3097 2857 3166; x_wconf 90' lang='lat' dir='ltr'>pinguescens</span> <span class='ocrx_word' id='word_1_647' title='bbox 2888 3096 3331 3166; x_wconf 88' lang='lat' dir='ltr'>cogitationibus</span> <span class='ocrx_word' id='word_1_648' title='bbox 3371 3095 3695 3165; x_wconf 85' lang='lat' dir='ltr'>stringitur,</span> 
     </span>
    </p>
   </div>
   <div class='ocr_carea' id='block_1_93' title="bbox 2005 3183 3695 3255">
    <p class='ocr_par' dir='ltr' id='par_1_93' title="bbox 2005 3183 3695 3255">
     <span class='ocr_line' id='line_1_93' title="bbox 2005 3183 3695 3255; baseline -0.002 -17"><span class='ocrx_word' id='word_1_649' title='bbox 2005 3191 2065 3238; x_wconf 89' lang='lat' dir='ltr'>ut</span> <span class='ocrx_word' id='word_1_650' title='bbox 2118 3186 2239 3255; x_wconf 89' lang='lat' dir='ltr'>jam</span> <span class='ocrx_word' id='word_1_651' title='bbox 2294 3201 2411 3238; x_wconf 84' lang='lat' dir='ltr'>non</span> <span class='ocrx_word' id='word_1_652' title='bbox 2468 3184 2681 3238; x_wconf 86' lang='lat' dir='ltr'>deﬂuat</span> <span class='ocrx_word' id='word_1_653' title='bbox 2728 3183 3044 3248; x_wconf 88' lang='lat' dir='ltr'>desideriis,</span> <span class='ocrx_word' id='word_1_654' title='bbox 3097 3184 3195 3238; x_wconf 90' lang='lat' dir='ltr'>sed</span> <span class='ocrx_word' id='word_1_655' title='bbox 3236 3184 3296 3237; x_wconf 92' lang='lat' dir='ltr'>in</span> <span class='ocrx_word' id='word_1_656' title='bbox 3352 3200 3466 3237; x_wconf 91' lang='lat' dir='ltr'>uno</span> <span class='ocrx_word' id='word_1_657' title='bbox 3501 3199 3695 3236; x_wconf 90' lang='lat' dir='ltr'>amore</span> 
     </span>
    </p>
   </div>
   <div class='ocr_carea' id='block_1_94' title="bbox 2007 3271 3696 3327">
    <p class='ocr_par' dir='ltr' id='par_1_94' title="bbox 2007 3271 3696 3327">
     <span class='ocr_line' id='line_1_94' title="bbox 2007 3271 3696 3327; baseline -0.002 -1"><span class='ocrx_word' id='word_1_658' title='bbox 2007 3274 2297 3327; x_wconf 89' lang='lat' dir='ltr'>solidetur.</span> <span class='ocrx_word' id='word_1_659' title='bbox 2349 3273 2458 3327; x_wconf 92' lang='lat' dir='ltr'>Sed</span> <span class='ocrx_word' id='word_1_660' title='bbox 2510 3277 2707 3326; x_wconf 90' lang='lat' dir='ltr'>contra</span> <span class='ocrx_word' id='word_1_661' title='bbox 2762 3273 2884 3325; x_wconf 62' lang='lat' dir='ltr'>huic</span> <span class='ocrx_word' id='word_1_662' title='bbox 2915 3272 3241 3326; x_wconf 90' lang='lat' dir='ltr'>rudimenta</span> <span class='ocrx_word' id='word_1_663' title='bbox 3268 3288 3397 3326; x_wconf 86' lang='lat' dir='ltr'>caro</span> <span class='ocrx_word' id='word_1_664' title='bbox 3426 3288 3490 3325; x_wconf 84' lang='lat' dir='ltr'>ex</span> <span class='ocrx_word' id='word_1_665' title='bbox 3525 3271 3696 3324; x_wconf 80' lang='lat' dir='ltr'>veteri</span> 
     </span>
    </p>
   </div>
   <div class='ocr_carea' id='block_1_95' title="bbox 2006 3366 2482 3416">
    <p class='ocr_par' dir='ltr' id='par_1_95' title="bbox 2006 3366 2482 3416">
     <span class='ocr_line' id='line_1_95' title="bbox 2006 3366 2482 3416; baseline -0.002 -1"><span class='ocrx_word' id='word_1_666' title='bbox 2006 3378 2113 3416; x_wconf 92' lang='lat' dir='ltr'>usu</span> <span class='ocrx_word' id='word_1_667' title='bbox 2143 3366 2482 3415; x_wconf 86' lang='lat' dir='ltr'>murmurat.</span> 
     </span>
    </p>
   </div>
   <div class='ocr_carea' id='block_1_96' title="bbox 2079 3465 3698 3522">
    <p class='ocr_par' dir='ltr' id='par_1_96' title="bbox 2079 3465 3698 3522">
     <span class='ocr_line' id='line_1_96' title="bbox 2079 3465 3698 3522; baseline -0.001 -1"><span class='ocrx_word' id='word_1_668' title='bbox 2079 3470 2234 3522; x_wconf 73' lang='lat' dir='ltr'>Vsus.</span> <span class='ocrx_word' id='word_1_669' title='bbox 2264 3472 2342 3522; x_wconf 88' lang='grc'>11.</span> <span class='ocrx_word' id='word_1_670' title='bbox 2370 3498 2437 3508; x_wconf 89' lang='grc'><strong><em>-</em></strong></span> <span class='ocrx_word' id='word_1_671' title='bbox 2471 3490 2495 3516; x_wconf 88' lang='grc'><em>‹‹</em></span> <span class='ocrx_word' id='word_1_672' title='bbox 2520 3468 2671 3521; x_wconf 89' lang='lat' dir='ltr'>Pelle</span> <span class='ocrx_word' id='word_1_673' title='bbox 2701 3472 2756 3521; x_wconf 91' lang='lat' dir='ltr'>et</span> <span class='ocrx_word' id='word_1_674' title='bbox 2782 3466 3121 3521; x_wconf 90' lang='lat' dir='ltr'>carnalibus.</span> <span class='ocrx_word' id='word_1_675' title='bbox 3147 3487 3173 3516; x_wconf 83' lang='lat'>»</span> <span class='ocrx_word' id='word_1_676' title='bbox 3198 3466 3255 3520; x_wconf 91' lang='lat' dir='ltr'>Id</span> <span class='ocrx_word' id='word_1_677' title='bbox 3279 3470 3363 3520; x_wconf 88' lang='lat' dir='ltr'>est</span> <span class='ocrx_word' id='word_1_678' title='bbox 3383 3465 3698 3520; x_wconf 89' lang='lat' dir='ltr'>carnalium</span> 
     </span>
    </p>
   </div>
   <div class='ocr_carea' id='block_1_97' title="bbox 2009 3554 3699 3626">
    <p class='ocr_par' dir='ltr' id='par_1_97' title="bbox 2009 3554 3699 3626">
     <span class='ocr_line' id='line_1_97' title="bbox 2009 3554 3699 3626; baseline -0.001 -16"><span class='ocrx_word' id='word_1_679' title='bbox 2009 3562 2268 3610; x_wconf 90' lang='lat' dir='ltr'>motuum</span> <span class='ocrx_word' id='word_1_680' title='bbox 2297 3556 2593 3610; x_wconf 90' lang='lat' dir='ltr'>obsidione</span> <span class='ocrx_word' id='word_1_681' title='bbox 2621 3572 2783 3610; x_wconf 88' lang='lat' dir='ltr'>mens</span> <span class='ocrx_word' id='word_1_682' title='bbox 2802 3556 3074 3620; x_wconf 87' lang='lat' dir='ltr'>vallatur;</span> <span class='ocrx_word' id='word_1_683' title='bbox 3109 3555 3210 3626; x_wconf 90' lang='lat' dir='ltr'>qui</span> <span class='ocrx_word' id='word_1_684' title='bbox 3241 3560 3433 3608; x_wconf 85' lang='lat' dir='ltr'>autem</span> <span class='ocrx_word' id='word_1_685' title='bbox 3454 3554 3699 3608; x_wconf 81' lang='lat' dir='ltr'>exterius</span> 
     </span>
    </p>
   </div>
   <div class='ocr_carea' id='block_1_98' title="bbox 2005 3644 3701 3715">
    <p class='ocr_par' dir='ltr' id='par_1_98' title="bbox 2005 3644 3701 3715">
     <span class='ocr_line' id='line_1_98' title="bbox 2005 3644 3701 3715; baseline -0.002 -16"><span class='ocrx_word' id='word_1_686' title='bbox 2005 3647 2155 3699; x_wconf 82' lang='lat' dir='ltr'>laxat</span> <span class='ocrx_word' id='word_1_687' title='bbox 2179 3646 2249 3699; x_wconf 91' lang='lat' dir='ltr'>ad</span> <span class='ocrx_word' id='word_1_688' title='bbox 2277 3646 2446 3710; x_wconf 88' lang='lat' dir='ltr'>bella,</span> <span class='ocrx_word' id='word_1_689' title='bbox 2502 3646 2655 3698; x_wconf 90' lang='lat' dir='ltr'>intus</span> <span class='ocrx_word' id='word_1_690' title='bbox 2711 3645 2945 3699; x_wconf 88' lang='lat' dir='ltr'>roborat</span> <span class='ocrx_word' id='word_1_691' title='bbox 3010 3661 3113 3715; x_wconf 90' lang='lat' dir='ltr'>per</span> <span class='ocrx_word' id='word_1_692' title='bbox 3142 3661 3270 3697; x_wconf 91' lang='lat' dir='ltr'>ossa</span> <span class='ocrx_word' id='word_1_693' title='bbox 3301 3644 3595 3706; x_wconf 87' lang='lat' dir='ltr'>virtutum,</span> <span class='ocrx_word' id='word_1_694' title='bbox 3639 3650 3701 3697; x_wconf 90' lang='lat' dir='ltr'>ut</span> 
     </span>
    </p>
   </div>
   <div class='ocr_carea' id='block_1_99' title="bbox 2004 3730 3695 3787">
    <p class='ocr_par' dir='ltr' id='par_1_99' title="bbox 2004 3730 3695 3787">
     <span class='ocr_line' id='line_1_99' title="bbox 2004 3730 3695 3787; baseline -0.003 0"><span class='ocrx_word' id='word_1_695' title='bbox 2004 3733 2239 3787; x_wconf 89' lang='lat' dir='ltr'>humilis</span> <span class='ocrx_word' id='word_1_696' title='bbox 2297 3733 2370 3786; x_wconf 85' lang='lat' dir='ltr'>sit</span> <span class='ocrx_word' id='word_1_697' title='bbox 2435 3738 2491 3786; x_wconf 94' lang='lat' dir='ltr'>et</span> <span class='ocrx_word' id='word_1_698' title='bbox 2542 3732 2725 3786; x_wconf 90' lang='lat' dir='ltr'>fortis.</span> <span class='ocrx_word' id='word_1_699' title='bbox 2768 3733 2901 3786; x_wconf 93' lang='lat' dir='ltr'>Ideo</span> <span class='ocrx_word' id='word_1_700' title='bbox 2962 3736 3151 3785; x_wconf 88' lang='lat' dir='ltr'>autem</span> <span class='ocrx_word' id='word_1_701' title='bbox 3222 3733 3368 3784; x_wconf 90' lang='lat' dir='ltr'>Deus</span> <span class='ocrx_word' id='word_1_702' title='bbox 3428 3736 3576 3784; x_wconf 91' lang='lat' dir='ltr'>recte</span> <span class='ocrx_word' id='word_1_703' title='bbox 3617 3730 3695 3783; x_wconf 90' lang='lat' dir='ltr'>vi-</span> 
     </span>
    </p>
   </div>
   <div class='ocr_carea' id='block_1_100' title="bbox 2005 3818 3699 3889">
    <p class='ocr_par' dir='ltr' id='par_1_100' title="bbox 2005 3818 3699 3889">
     <span class='ocr_line' id='line_1_100' title="bbox 2005 3818 3699 3889; baseline -0.003 -15"><span class='ocrx_word' id='word_1_704' title='bbox 2005 3822 2174 3875; x_wconf 87' lang='lat' dir='ltr'>vendi</span> <span class='ocrx_word' id='word_1_705' title='bbox 2229 3821 2629 3875; x_wconf 91' lang='lat' dir='ltr'>rectitudinem</span> <span class='ocrx_word' id='word_1_706' title='bbox 2681 3820 2904 3882; x_wconf 88' lang='lat' dir='ltr'>tribuit,</span> <span class='ocrx_word' id='word_1_707' title='bbox 2940 3819 3076 3889; x_wconf 90' lang='lat' dir='ltr'>quia</span> <span class='ocrx_word' id='word_1_708' title='bbox 3136 3819 3441 3889; x_wconf 66' lang='lat' dir='ltr'>praeteritis</span> <span class='ocrx_word' id='word_1_709' title='bbox 3482 3818 3699 3872; x_wconf 90' lang='lat' dir='ltr'>delictis</span> 
     </span>
    </p>
   </div>
   <div class='ocr_carea' id='block_1_101' title="bbox 2004 3911 2211 3982">
    <p class='ocr_par' dir='ltr' id='par_1_101' title="bbox 2004 3911 2211 3982">
     <span class='ocr_line' id='line_1_101' title="bbox 2004 3911 2211 3982; baseline 0 -18"><span class='ocrx_word' id='word_1_710' title='bbox 2004 3911 2211 3982; x_wconf 88' lang='lat' dir='ltr'>parcit.</span> 
     </span>
    </p>
   </div>
   <div class='ocr_carea' id='block_1_102' title="bbox 2078 4011 3698 4080">
    <p class='ocr_par' dir='ltr' id='par_1_102' title="bbox 2078 4011 3698 4080">
     <span class='ocr_line' id='line_1_102' title="bbox 2078 4011 3698 4080; baseline -0.004 -12"><span class='ocrx_word' id='word_1_711' title='bbox 2078 4019 2238 4071; x_wconf 75' lang='lat' dir='ltr'>Vens.</span> <span class='ocrx_word' id='word_1_712' title='bbox 2304 4019 2389 4070; x_wconf 74' lang='lat'>1‘2.</span> <span class='ocrx_word' id='word_1_713' title='bbox 2422 4048 2487 4055; x_wconf 90' lang='lat'><strong>—</strong></span> <span class='ocrx_word' id='word_1_714' title='bbox 2515 4035 2541 4066; x_wconf 88' lang='lat'><strong>«</strong></span> <span class='ocrx_word' id='word_1_715' title='bbox 2583 4016 2765 4069; x_wconf 88' lang='lat' dir='ltr'>Vitam</span> <span class='ocrx_word' id='word_1_716' title='bbox 2823 4019 2878 4068; x_wconf 91' lang='lat' dir='ltr'>et</span> <span class='ocrx_word' id='word_1_717' title='bbox 2936 4011 3409 4068; x_wconf 88' lang='lat' dir='ltr'>misericordiam.</span> <span class='ocrx_word' id='word_1_718' title='bbox 3455 4031 3482 4062; x_wconf 75' lang='grc' dir='ltr'><strong>ιι</strong></span> <span class='ocrx_word' id='word_1_719' title='bbox 3517 4011 3698 4080; x_wconf 61' lang='lat' dir='ltr'>(Ibid)</span> 
     </span>
    </p>
   </div>
   <div class='ocr_carea' id='block_1_103' title="bbox 2005 4098 3696 4172">
    <p class='ocr_par' dir='ltr' id='par_1_103' title="bbox 2005 4098 3696 4172">
     <span class='ocr_line' id='line_1_103' title="bbox 2005 4098 3696 4172; baseline -0.004 -13"><span class='ocrx_word' id='word_1_720' title='bbox 2005 4106 2111 4161; x_wconf 91' lang='lat' dir='ltr'>Sed</span> <span class='ocrx_word' id='word_1_721' title='bbox 2136 4106 2257 4158; x_wconf 73' lang='lat' dir='ltr'>haec</span> <span class='ocrx_word' id='word_1_722' title='bbox 2290 4106 2438 4158; x_wconf 85' lang='lat' dir='ltr'>bona</span> <span class='ocrx_word' id='word_1_723' title='bbox 2467 4104 2677 4158; x_wconf 89' lang='lat' dir='ltr'>frustra</span> <span class='ocrx_word' id='word_1_724' title='bbox 2705 4104 2883 4165; x_wconf 92' lang='lat' dir='ltr'>dedit,</span> <span class='ocrx_word' id='word_1_725' title='bbox 2905 4102 3016 4156; x_wconf 89' lang='lat' dir='ltr'>nisi</span> <span class='ocrx_word' id='word_1_726' title='bbox 3049 4102 3169 4172; x_wconf 89' lang='lat' dir='ltr'>ipse</span> <span class='ocrx_word' id='word_1_727' title='bbox 3204 4098 3502 4164; x_wconf 88' lang='lat' dir='ltr'>custodiat,</span> <span class='ocrx_word' id='word_1_728' title='bbox 3548 4098 3696 4152; x_wconf 90' lang='lat' dir='ltr'>unde</span> 
     </span>
    </p>
   </div>
   <div class='ocr_carea' id='block_1_104' title="bbox 2007 4194 2239 4249">
    <p class='ocr_par' dir='ltr' id='par_1_104' title="bbox 2007 4194 2239 4249">
     <span class='ocr_line' id='line_1_104' title="bbox 2007 4194 2239 4249; baseline -0.004 -1"><span class='ocrx_word' id='word_1_729' title='bbox 2007 4194 2199 4249; x_wconf 90' lang='lat' dir='ltr'>subdit</span> <span class='ocrx_word' id='word_1_730' title='bbox 2228 4211 2239 4247; x_wconf 92' lang='lat'>:</span> 
     </span>
    </p>
   </div>
   <div class='ocr_carea' id='block_1_105' title="bbox 2084 4274 3696 4338">
    <p class='ocr_par' dir='ltr' id='par_1_105' title="bbox 2084 4274 3696 4338">
     <span class='ocr_line' id='line_1_105' title="bbox 2084 4274 3696 4338; baseline -0.005 -1"><span class='ocrx_word' id='word_1_731' title='bbox 2084 4306 2106 4331; x_wconf 77' lang='grc' dir='ltr'>ι</span> <span class='ocrx_word' id='word_1_732' title='bbox 2149 4286 2210 4338; x_wconf 86' lang='lat' dir='ltr'>Et</span> <span class='ocrx_word' id='word_1_733' title='bbox 2253 4282 2500 4336; x_wconf 88' lang='lat' dir='ltr'>visitatio</span> <span class='ocrx_word' id='word_1_734' title='bbox 2562 4287 2678 4335; x_wconf 89' lang='lat' dir='ltr'>tua.</span> <span class='ocrx_word' id='word_1_735' title='bbox 2715 4301 2742 4332; x_wconf 72' lang='grc' dir='ltr'>ι)</span> <span class='ocrx_word' id='word_1_736' title='bbox 2789 4281 2997 4335; x_wconf 88' lang='lat' dir='ltr'>Eadem</span> <span class='ocrx_word' id='word_1_737' title='bbox 3047 4281 3116 4333; x_wconf 90' lang='lat' dir='ltr'>de</span> <span class='ocrx_word' id='word_1_738' title='bbox 3155 4277 3416 4332; x_wconf 90' lang='lat' dir='ltr'>interiori</span> <span class='ocrx_word' id='word_1_739' title='bbox 3446 4274 3696 4330; x_wconf 91' lang='lat' dir='ltr'>homine.</span> 
     </span>
    </p>
   </div>
   <div class='ocr_carea' id='block_1_106' title="bbox 2010 4368 3299 4440">
    <p class='ocr_par' dir='ltr' id='par_1_106' title="bbox 2010 4368 3299 4440">
     <span class='ocr_line' id='line_1_106' title="bbox 2010 4368 3299 4440; baseline -0.005 -14"><span class='ocrx_word' id='word_1_740' title='bbox 2010 4377 2141 4438; x_wconf 88' lang='lat' dir='ltr'>etc.,</span> <span class='ocrx_word' id='word_1_741' title='bbox 2172 4387 2339 4440; x_wconf 83' lang='lat' dir='ltr'>usque</span> <span class='ocrx_word' id='word_1_742' title='bbox 2360 4371 2433 4423; x_wconf 79' lang='lat' dir='ltr'>ad</span> <span class='ocrx_word' id='word_1_743' title='bbox 2455 4371 2604 4424; x_wconf 84' lang='lat' dir='ltr'>dona</span> <span class='ocrx_word' id='word_1_744' title='bbox 2636 4370 2736 4424; x_wconf 90' lang='lat' dir='ltr'>Dei</span> <span class='ocrx_word' id='word_1_745' title='bbox 2766 4370 2978 4439; x_wconf 88' lang='lat' dir='ltr'>cogitat</span> <span class='ocrx_word' id='word_1_746' title='bbox 3016 4368 3299 4422; x_wconf 89' lang='lat' dir='ltr'>subtilius.</span> 
     </span>
    </p>
   </div>
   <div class='ocr_carea' id='block_1_107' title="bbox 2083 4452 3703 4527">
    <p class='ocr_par' dir='ltr' id='par_1_107' title="bbox 2083 4452 3703 4527">
     <span class='ocr_line' id='line_1_107' title="bbox 2083 4452 3703 4527; baseline -0.004 -17"><span class='ocrx_word' id='word_1_747' title='bbox 2083 4480 2109 4510; x_wconf 69' lang='grc' dir='ltr'>τι</span> <span class='ocrx_word' id='word_1_748' title='bbox 2146 4461 2326 4513; x_wconf 90' lang='lat' dir='ltr'>Vitam</span> <span class='ocrx_word' id='word_1_749' title='bbox 2383 4464 2438 4512; x_wconf 89' lang='lat' dir='ltr'>et</span> <span class='ocrx_word' id='word_1_750' title='bbox 2488 4459 2959 4513; x_wconf 86' lang='lat' dir='ltr'>misericordiam.</span> <span class='ocrx_word' id='word_1_751' title='bbox 3020 4479 3047 4506; x_wconf 86' lang='lat'>»</span> <span class='ocrx_word' id='word_1_752' title='bbox 3096 4454 3295 4527; x_wconf 82' lang='lat' dir='ltr'>(lbid.)</span> <span class='ocrx_word' id='word_1_753' title='bbox 3355 4453 3480 4506; x_wconf 85' lang='lat' dir='ltr'>Vita</span> <span class='ocrx_word' id='word_1_754' title='bbox 3537 4452 3703 4505; x_wconf 89' lang='lat' dir='ltr'>datur</span> 
     </span>
    </p>
   </div>
   <div class='ocr_carea' id='block_1_108' title="bbox 2009 4539 3697 4615">
    <p class='ocr_par' dir='ltr' id='par_1_108' title="bbox 2009 4539 3697 4615">
     <span class='ocr_line' id='line_1_108' title="bbox 2009 4539 3697 4615; baseline -0.006 -14"><span class='ocrx_word' id='word_1_755' title='bbox 2009 4565 2139 4602; x_wconf 82' lang='lat' dir='ltr'>cum</span> <span class='ocrx_word' id='word_1_756' title='bbox 2172 4548 2335 4601; x_wconf 84' lang='lat' dir='ltr'>malis</span> <span class='ocrx_word' id='word_1_757' title='bbox 2386 4547 2693 4611; x_wconf 84' lang='lat' dir='ltr'>mentibus,</span> <span class='ocrx_word' id='word_1_758' title='bbox 2727 4552 2857 4614; x_wconf 88' lang='lat' dir='ltr'>etc.,</span> <span class='ocrx_word' id='word_1_759' title='bbox 2888 4561 3058 4615; x_wconf 84' lang='lat' dir='ltr'>usque</span> <span class='ocrx_word' id='word_1_760' title='bbox 3097 4545 3170 4598; x_wconf 84' lang='lat' dir='ltr'>ad</span> <span class='ocrx_word' id='word_1_761' title='bbox 3194 4548 3521 4613; x_wconf 88' lang='lat' dir='ltr'>postquam,</span> <span class='ocrx_word' id='word_1_762' title='bbox 3546 4539 3615 4593; x_wconf 91' lang='lat' dir='ltr'>de</span> <span class='ocrx_word' id='word_1_763' title='bbox 3639 4556 3697 4591; x_wconf 92' lang='lat' dir='ltr'>se</span> 
     </span>
    </p>
   </div>
   <div class='ocr_carea' id='block_1_109' title="bbox 2010 4634 3383 4705">
    <p class='ocr_par' dir='ltr' id='par_1_109' title="bbox 2010 4634 3383 4705">
     <span class='ocr_line' id='line_1_109' title="bbox 2010 4634 3383 4705; baseline -0.005 -13"><span class='ocrx_word' id='word_1_764' title='bbox 2010 4639 2152 4692; x_wconf 80' lang='lat' dir='ltr'>dixit</span> <span class='ocrx_word' id='word_1_765' title='bbox 2172 4638 2323 4691; x_wconf 91' lang='lat' dir='ltr'>dona</span> <span class='ocrx_word' id='word_1_766' title='bbox 2344 4637 2753 4691; x_wconf 66' lang='lat' dir='ltr'>misericordiae</span> <span class='ocrx_word' id='word_1_767' title='bbox 2784 4635 3150 4705; x_wconf 88' lang='lat' dir='ltr'>generaliter,</span> <span class='ocrx_word' id='word_1_768' title='bbox 3175 4634 3383 4688; x_wconf 91' lang='lat' dir='ltr'>subdit.</span> 
     </span>
    </p>
   </div>
   <div class='ocr_carea' id='block_1_110' title="bbox 2081 4740 3703 4812">
    <p class='ocr_par' dir='ltr' id='par_1_110' title="bbox 2081 4740 3703 4812">
     <span class='ocr_line' id='line_1_110' title="bbox 2081 4740 3703 4812; baseline -0.004 -17"><span class='ocrx_word' id='word_1_769' title='bbox 2081 4746 2242 4798; x_wconf 75' lang='lat' dir='ltr'>Vens.</span> <span class='ocrx_word' id='word_1_770' title='bbox 2282 4748 2364 4799; x_wconf 87' lang='grc'><strong>13.</strong></span> <span class='ocrx_word' id='word_1_771' title='bbox 2404 4774 2464 4783; x_wconf 62' lang='grc' dir='ltr'>-η</span> <span class='ocrx_word' id='word_1_772' title='bbox 2499 4766 2525 4792; x_wconf 88' lang='grc'>‹‹</span> <span class='ocrx_word' id='word_1_773' title='bbox 2556 4745 2768 4798; x_wconf 87' lang='lat' dir='ltr'>Tamen</span> <span class='ocrx_word' id='word_1_774' title='bbox 2797 4742 2932 4806; x_wconf 86' lang='lat' dir='ltr'>scio,</span> <span class='ocrx_word' id='word_1_775' title='bbox 2996 4740 3131 4812; x_wconf 90' lang='lat' dir='ltr'>quia</span> <span class='ocrx_word' id='word_1_776' title='bbox 3160 4740 3558 4794; x_wconf 88' lang='lat' dir='ltr'>universorum</span> <span class='ocrx_word' id='word_1_777' title='bbox 3586 4752 3703 4789; x_wconf 86' lang='lat' dir='ltr'>me-</span> 
     </span>
    </p>
   </div>
   <div class='ocr_carea' id='block_1_111' title="bbox 2012 4827 3704 4903">
    <p class='ocr_par' dir='ltr' id='par_1_111' title="bbox 2012 4827 3704 4903">
     <span class='ocr_line' id='line_1_111' title="bbox 2012 4827 3704 4903; baseline -0.007 -15"><span class='ocrx_word' id='word_1_778' title='bbox 2012 4834 2249 4888; x_wconf 89' lang='lat' dir='ltr'>mineris</span> <span class='ocrx_word' id='word_1_779' title='bbox 2270 4854 2297 4884; x_wconf 85' lang='lat'>»</span> <span class='ocrx_word' id='word_1_780' title='bbox 2326 4833 2478 4903; x_wconf 91' lang='lat' dir='ltr'>quod</span> <span class='ocrx_word' id='word_1_781' title='bbox 2502 4832 2730 4897; x_wconf 91' lang='lat' dir='ltr'>dicitur,</span> <span class='ocrx_word' id='word_1_782' title='bbox 2764 4847 2864 4885; x_wconf 87' lang='lat' dir='ltr'>cur</span> <span class='ocrx_word' id='word_1_783' title='bbox 2886 4832 2953 4885; x_wconf 92' lang='lat' dir='ltr'>de</span> <span class='ocrx_word' id='word_1_784' title='bbox 2974 4847 3067 4884; x_wconf 91' lang='lat' dir='ltr'><strong>me</strong></span> <span class='ocrx_word' id='word_1_785' title='bbox 3092 4829 3334 4899; x_wconf 88' lang='lat' dir='ltr'>trepido,</span> <span class='ocrx_word' id='word_1_786' title='bbox 3359 4827 3458 4898; x_wconf 89' lang='lat' dir='ltr'>qui</span> <span class='ocrx_word' id='word_1_787' title='bbox 3482 4841 3704 4891; x_wconf 88' lang='lat' dir='ltr'>omnes,</span> 
     </span>
    </p>
   </div>
   <div class='ocr_carea' id='block_1_112' title="bbox 2013 4920 2746 4992">
    <p class='ocr_par' dir='ltr' id='par_1_112' title="bbox 2013 4920 2746 4992">
     <span class='ocr_line' id='line_1_112' title="bbox 2013 4920 2746 4992; baseline -0.003 -17"><span class='ocrx_word' id='word_1_788' title='bbox 2013 4926 2212 4992; x_wconf 85' lang='lat' dir='ltr'>gentes</span> <span class='ocrx_word' id='word_1_789' title='bbox 2228 4922 2580 4991; x_wconf 88' lang='lat' dir='ltr'>colligendas</span> <span class='ocrx_word' id='word_1_790' title='bbox 2613 4920 2746 4974; x_wconf 89' lang='lat' dir='ltr'>scio.</span> 
     </span>
    </p>
   </div>
   <div class='ocr_carea' id='block_1_113' title="bbox 2086 5003 3708 5077">
    <p class='ocr_par' dir='ltr' id='par_1_113' title="bbox 2086 5003 3708 5077">
     <span class='ocr_line' id='line_1_113' title="bbox 2086 5003 3708 5077; baseline -0.006 -14"><span class='ocrx_word' id='word_1_791' title='bbox 2086 5029 2111 5063; x_wconf 71' lang='grc' dir='ltr'><strong><em>α</em></strong></span> <span class='ocrx_word' id='word_1_792' title='bbox 2152 5012 2305 5065; x_wconf 88' lang='lat' dir='ltr'>Licet</span> <span class='ocrx_word' id='word_1_793' title='bbox 2360 5011 2480 5064; x_wconf 65' lang='lat' dir='ltr'>haec</span> <span class='ocrx_word' id='word_1_794' title='bbox 2509 5010 2656 5063; x_wconf 92' lang='lat' dir='ltr'>celes</span> <span class='ocrx_word' id='word_1_795' title='bbox 2706 5009 2763 5062; x_wconf 89' lang='lat' dir='ltr'>in</span> <span class='ocrx_word' id='word_1_796' title='bbox 2822 5007 3011 5061; x_wconf 87' lang='lat' dir='ltr'>corde.</span> <span class='ocrx_word' id='word_1_797' title='bbox 3046 5026 3073 5057; x_wconf 72' lang='grc' dir='ltr'>ι)</span> <span class='ocrx_word' id='word_1_798' title='bbox 3115 5006 3298 5077; x_wconf 78' lang='grc' dir='ltr'>(Ιὸἰά.)</span> <span class='ocrx_word' id='word_1_799' title='bbox 3330 5004 3474 5067; x_wconf 88' lang='lat' dir='ltr'>Quia</span> <span class='ocrx_word' id='word_1_800' title='bbox 3523 5003 3708 5057; x_wconf 89' lang='lat' dir='ltr'>adhuc</span> 
     </span>
    </p>
   </div>
   <div class='ocr_carea' id='block_1_114' title="bbox 2015 5091 3709 5168">
    <p class='ocr_par' dir='ltr' id='par_1_114' title="bbox 2015 5091 3709 5168">
     <span class='ocr_line' id='line_1_114' title="bbox 2015 5091 3709 5168; baseline -0.006 -15"><span class='ocrx_word' id='word_1_801' title='bbox 2015 5116 2130 5153; x_wconf 92' lang='lat' dir='ltr'>non</span> <span class='ocrx_word' id='word_1_802' title='bbox 2173 5099 2389 5152; x_wconf 88' lang='lat' dir='ltr'>indicas</span> <span class='ocrx_word' id='word_1_803' title='bbox 2430 5103 2627 5168; x_wconf 86' lang='lat' dir='ltr'>aperto</span> <span class='ocrx_word' id='word_1_804' title='bbox 2672 5112 2958 5151; x_wconf 89' lang='lat' dir='ltr'>sermone.</span> <span class='ocrx_word' id='word_1_805' title='bbox 2990 5094 3141 5150; x_wconf 92' lang='lat' dir='ltr'>Certi</span> <span class='ocrx_word' id='word_1_806' title='bbox 3180 5095 3249 5147; x_wconf 92' lang='lat' dir='ltr'>de</span> <span class='ocrx_word' id='word_1_807' title='bbox 3304 5093 3487 5158; x_wconf 82' lang='lat' dir='ltr'>venia,</span> <span class='ocrx_word' id='word_1_808' title='bbox 3522 5091 3709 5145; x_wconf 83' lang='lat' dir='ltr'>solent</span> 
     </span>
    </p>
   </div>
   <div class='ocr_carea' id='block_1_115' title="bbox 2015 5179 3704 5259">
    <p class='ocr_par' dir='ltr' id='par_1_115' title="bbox 2015 5179 3704 5259">
     <span class='ocr_line' id='line_1_115' title="bbox 2015 5179 3704 5259; baseline -0.007 -17"><span class='ocrx_word' id='word_1_809' title='bbox 2015 5188 2221 5259; x_wconf 90' lang='lat' dir='ltr'>prioris</span> <span class='ocrx_word' id='word_1_810' title='bbox 2268 5188 2541 5258; x_wconf 74' lang='lat' dir='ltr'>nequitiae</span> <span class='ocrx_word' id='word_1_811' title='bbox 2598 5185 2874 5240; x_wconf 87' lang='lat' dir='ltr'>memoria</span> <span class='ocrx_word' id='word_1_812' title='bbox 2904 5183 3086 5253; x_wconf 87' lang='lat' dir='ltr'>tangi,</span> <span class='ocrx_word' id='word_1_813' title='bbox 3148 5188 3204 5236; x_wconf 90' lang='lat' dir='ltr'>et</span> <span class='ocrx_word' id='word_1_814' title='bbox 3249 5182 3446 5235; x_wconf 90' lang='lat' dir='ltr'>illicita</span> <span class='ocrx_word' id='word_1_815' title='bbox 3492 5179 3704 5249; x_wconf 88' lang='lat' dir='ltr'>cogita-</span> 
     </span>
    </p>
   </div>
   <div class='ocr_carea' id='block_1_116' title="bbox 2015 5271 3151 5344">
    <p class='ocr_par' dir='ltr' id='par_1_116' title="bbox 2015 5271 3151 5344">
     <span class='ocr_line' id='line_1_116' title="bbox 2015 5271 3151 5344; baseline -0.004 -15"><span class='ocrx_word' id='word_1_816' title='bbox 2015 5276 2173 5330; x_wconf 89' lang='lat' dir='ltr'>tione</span> <span class='ocrx_word' id='word_1_817' title='bbox 2198 5277 2455 5329; x_wconf 89' lang='lat' dir='ltr'>nolentes</span> <span class='ocrx_word' id='word_1_818' title='bbox 2479 5273 2711 5344; x_wconf 89' lang='lat' dir='ltr'>pulsari,</span> <span class='ocrx_word' id='word_1_819' title='bbox 2746 5273 2896 5327; x_wconf 88' lang='lat' dir='ltr'>unde</span> <span class='ocrx_word' id='word_1_820' title='bbox 2917 5271 3112 5326; x_wconf 89' lang='lat' dir='ltr'>subdit</span> <span class='ocrx_word' id='word_1_821' title='bbox 3136 5291 3151 5325; x_wconf 91' lang='lat'>:</span> 
     </span>
    </p>
   </div>
   <div class='ocr_carea' id='block_1_117' title="bbox 2088 5375 3706 5450">
    <p class='ocr_par' dir='ltr' id='par_1_117' title="bbox 2088 5375 3706 5450">
     <span class='ocr_line' id='line_1_117' title="bbox 2088 5375 3706 5450; baseline -0.003 -17"><span class='ocrx_word' id='word_1_822' title='bbox 2088 5384 2249 5435; x_wconf 76' lang='lat' dir='ltr'>Vens.</span> <span class='ocrx_word' id='word_1_823' title='bbox 2288 5382 2368 5435; x_wconf 74' lang='grc'>14.</span> <span class='ocrx_word' id='word_1_824' title='bbox 2403 5412 2467 5419; x_wconf 94' lang='grc'><strong>-</strong></span> <span class='ocrx_word' id='word_1_825' title='bbox 2508 5402 2527 5427; x_wconf 78' lang='grc' dir='ltr'>ι</span> <span class='ocrx_word' id='word_1_826' title='bbox 2564 5381 2622 5436; x_wconf 91' lang='lat' dir='ltr'>Si</span> <span class='ocrx_word' id='word_1_827' title='bbox 2652 5379 2896 5450; x_wconf 89' lang='lat' dir='ltr'>peccavi.</span> <span class='ocrx_word' id='word_1_828' title='bbox 2934 5396 2959 5430; x_wconf 71' lang='grc' dir='ltr'><strong><em>ιο</em></strong></span> <span class='ocrx_word' id='word_1_829' title='bbox 2986 5378 3069 5433; x_wconf 83' lang='lat' dir='ltr'>Ad</span> <span class='ocrx_word' id='word_1_830' title='bbox 3105 5377 3300 5431; x_wconf 81' lang='lat' dir='ltr'>horam</span> <span class='ocrx_word' id='word_1_831' title='bbox 3332 5375 3512 5447; x_wconf 89' lang='lat' dir='ltr'>parcit</span> <span class='ocrx_word' id='word_1_832' title='bbox 3537 5377 3706 5439; x_wconf 82' lang='lat' dir='ltr'>Deus,</span> 
     </span>
    </p>
   </div>
   <div class='ocr_carea' id='block_1_118' title="bbox 2017 5464 3710 5538">
    <p class='ocr_par' dir='ltr' id='par_1_118' title="bbox 2017 5464 3710 5538">
     <span class='ocr_line' id='line_1_118' title="bbox 2017 5464 3710 5538; baseline -0.004 -14"><span class='ocrx_word' id='word_1_833' title='bbox 2017 5475 2148 5537; x_wconf 90' lang='lat' dir='ltr'>etc.,</span> <span class='ocrx_word' id='word_1_834' title='bbox 2189 5485 2358 5538; x_wconf 84' lang='lat' dir='ltr'>usque</span> <span class='ocrx_word' id='word_1_835' title='bbox 2412 5469 2486 5522; x_wconf 86' lang='lat' dir='ltr'>ad</span> <span class='ocrx_word' id='word_1_836' title='bbox 2530 5468 2627 5522; x_wconf 90' lang='lat' dir='ltr'>sed</span> <span class='ocrx_word' id='word_1_837' title='bbox 2656 5466 2866 5538; x_wconf 87' lang='lat' dir='ltr'>pulsati</span> <span class='ocrx_word' id='word_1_838' title='bbox 2892 5467 2948 5520; x_wconf 91' lang='lat' dir='ltr'>in</span> <span class='ocrx_word' id='word_1_839' title='bbox 3002 5467 3122 5520; x_wconf 90' lang='lat' dir='ltr'>solo</span> <span class='ocrx_word' id='word_1_840' title='bbox 3176 5465 3387 5519; x_wconf 85' lang='lat' dir='ltr'>auxilio</span> <span class='ocrx_word' id='word_1_841' title='bbox 3423 5464 3518 5519; x_wconf 92' lang='lat' dir='ltr'>Dei</span> <span class='ocrx_word' id='word_1_842' title='bbox 3550 5480 3710 5535; x_wconf 90' lang='lat' dir='ltr'>spem</span> 
     </span>
    </p>
   </div>
   <div class='ocr_carea' id='block_1_119' title="bbox 2021 5558 2450 5627">
    <p class='ocr_par' dir='ltr' id='par_1_119' title="bbox 2021 5558 2450 5627">
     <span class='ocr_line' id='line_1_119' title="bbox 2021 5558 2450 5627; baseline -0.012 -14"><span class='ocrx_word' id='word_1_843' title='bbox 2021 5558 2223 5614; x_wconf 82' lang='lat' dir='ltr'>fortius</span> <span class='ocrx_word' id='word_1_844' title='bbox 2252 5558 2450 5627; x_wconf 88' lang='lat' dir='ltr'>ﬁgant.</span> 
     </span>
    </p>
   </div>
  </div>
