4034 6180
358 285 459 337 787
1105 280 1500 335 WALAFRIDI
1541 278 1787 334 STRABI
1824 278 2026 334 FULD.
2071 278 2231 334 MON.
2274 279 2448 334 PARS
2488 278 2528 330 l.
2610 306 2639 315 ο
2679 274 3145 331 THEOLOGICA.
3734 280 3821 331 788

434 406 594 459 Vens.
631 407 715 459 16.
745 432 816 444 -
849 425 871 452 ι
906 404 1148 474 Propter
1176 400 1523 472 superbiam.
1560 420 1587 451 io
1624 384 1833 464 (Gneo)
1868 401 2069 455 Leaena
2097 401 2143 455 Α
2180 404 2243 454 ut
2268 398 2507 469 benigni
2535 398 2859 462 videantur,
2892 401 2950 450 et
3002 400 3085 464 ut,
3134 411 3266 467 quae
3296 394 3354 449 in
3394 395 3658 466 presenti
3700 402 3828 461 sunt,

363 494 502 549 dum
585 492 786 548 catulis
854 508 1037 546 escam
1103 489 1392 544 inhianter
1463 488 1687 558 quaerit,
1760 504 1929 558 usque
1983 489 2059 541 ad
2168 490 2315 543 mala
2338 505 2457 543 esse
2490 488 2886 556 ostendantur,
2917 486 3069 540 unde
3100 490 3159 539 et
3180 484 3285 538 iste
3313 484 3474 539 dicit:

363 582 624 637 siautem
654 600 685 635 a
714 585 906 635 sancto
947 578 1228 633 desiderio
1260 584 1574 649 torpemus,
1608 578 1868 648 exempla
1911 576 2058 631 bene
2243 599 2266 628 ι
2326 578 2551 632 Utinam
2611 578 2759 631 Deus
2812 577 3163 647 loqueretur.
3215 593 3242 624 ι)
3299 573 3470 638 Quasi
3518 572 3736 640 diceret,
3784 581 3833 628 tu

366 669 729 743 vigilantium
762 668 1050 739 proponit.
2171 667 2343 721 modo
2375 666 2480 720 tibi
2508 665 2783 736 loqueris,
2816 666 2953 718 dum
2980 662 3286 717 carnaliter
3322 662 3475 732 sapis
3510 678 3524 714 :
3562 678 3619 714 es
3656 678 3837 715 vacuus

438 760 600 812 Vens.
660 762 738 811 l7.
763 788 831 795 —
864 777 891 805 ‹‹
949 754 1289 826 Multiplices
1348 755 1494 809 iram
1556 761 1715 810 tuam
1758 755 2061 809 adversum
2170 771 2204 808 a
2232 755 2485 809 veritatis
2512 754 2751 826 spiritu;
2806 754 2971 824 quasi
3004 752 3195 823 potius
3226 751 3534 822 imperitia:
3566 754 3673 804 tua:
3699 766 3837 805 com-

367 863 480 911 me,
509 868 531 894 ι
586 846 643 900 id
697 850 802 914 est,
852 844 1233 913 multiplicem
1290 844 1563 911 ostendis,
1616 844 1753 915 quia
1785 851 1842 898 et
1889 844 1936 897 si
1966 844 2061 898 ille
2172 844 2379 916 patior,
2409 859 2583 915 quam
2614 859 2845 913 pmuas:

364 935 545 989 bonos
575 934 845 1005 ﬂagellat,
908 932 1045 1003 quid
1076 932 1186 986 erit
1217 932 1457 1003 impiis?
1491 932 1581 986 Sic
1641 932 1946 1003 multiplici
1978 932 2065 986 ira
2245 932 2437 1003 (Ibid)
2466 955 2487 982 α
2516 932 2705 999 Labia,
2747 956 2765 979 ν
2796 932 2849 984 id
2885 935 2963 985 est
2980 929 3216 1000 judicia,
3247 944 3351 1000 per
3371 943 3501 999 quas
3522 932 3726 998 aperta,
3746 933 3837 981 etc.

366 1022 628 1092 praevisa,
660 1023 829 1075 homo
859 1022 930 1075 ad
958 1038 1017 1074 se
1044 1021 1214 1085 redit,
1244 1024 1298 1073 et
1321 1036 1492 1091 prava
1521 1020 1708 1091 punit.
2173 1037 2343 1092 usque
2397 1022 2471 1075 ad
2518 1023 2630 1075 Deo
2682 1021 2973 1091 agnoscit:
3008 1024 3064 1073 et
3108 1019 3154 1072 si
3201 1022 3430 1089 peccata
3472 1017 3737 1087 agnoscit,
3760 1034 3839 1087 pa-

438 1112 598 1164 Vens.
654 1113 735 1164 19.
788 1140 856 1149 -
906 1130 927 1159 ι
1004 1108 1255 1162 Fuissem
1319 1108 1483 1178 quasi
1546 1124 1666 1161 non
1722 1123 1927 1175 essem,
1996 1108 2065 1163 de
2174 1111 2383 1165 tienter
2409 1110 2637 1181 ﬂagella
2671 1111 2895 1164 tolerat.
2932 1110 2996 1163 Et
3024 1109 3130 1162 hoc
3162 1112 3291 1161 est:

370 1204 554 1254 utero.
584 1220 611 1248 »
654 1198 841 1268 (Ibid.)
901 1198 1057 1251 Idem
1116 1198 1272 1267 quod
1319 1197 1400 1250 ibi
1441 1197 1654 1251 dictum
1708 1203 1830 1252 est:
1868 1219 1889 1246 ι
1924 1198 2071 1252 sicut
2248 1200 2412 1252 Vens.
2455 1201 2506 1253 6.
2539 1228 2609 1239 —
2640 1218 2663 1246 ι
2700 1198 2767 1251 Et
2794 1197 3147 1267 intelligeres
3171 1195 3323 1267 quod
3359 1196 3541 1249 multa
3573 1194 3795 1247 minora.
3820 1214 3841 1241 ν

372 1287 695 1342 abortivum
745 1286 1165 1351 absconditum,
1208 1306 1234 1334 ››
1300 1290 1429 1353 etc.,
1486 1286 1596 1353 vol,
1656 1286 1756 1357 qui
1813 1287 2070 1357 concepti
2180 1288 2394 1358 Injuste
2447 1288 2601 1357 justo
2633 1286 2995 1357 iniquitatem
3025 1285 3242 1355 objicit,
3291 1284 3391 1338 sed
3421 1285 3546 1337 haec
3578 1287 3843 1336 contume-

371 1393 489 1430 non
520 1376 789 1429 viderunt
826 1375 1043 1428 lumen.
2181 1375 2258 1429 lia
2277 1376 2343 1429 de
2376 1376 2497 1429 zelo
2554 1375 2652 1429 Dei
2680 1373 2886 1446 prodit,
2919 1378 2974 1427 et
3020 1379 3102 1426 est
3122 1372 3377 1426 venialis.
3419 1371 3616 1426 Merita
3647 1386 3844 1441 quoque

445 1468 600 1518 Vens.
674 1467 763 1517 20.
822 1495 890 1503 —-
942 1484 964 1512 ι
1025 1462 1295 1533 Nunquid
1358 1478 1473 1515 non
1540 1462 1797 1532 paucitas
1847 1464 2072 1519 dierum
2176 1464 2317 1537 justi
2348 1464 2623 1531 nesciens,
2644 1480 2711 1517 ex
2739 1462 3031 1533 imperitia
3060 1461 3391 1517 irrisionem
3424 1460 3653 1514 subdit:

374 1569 663 1607 meorum.
691 1572 720 1604 ι
766 1551 950 1622 (Ibid)
992 1552 1113 1605 Non
1143 1551 1331 1620 capiat
1377 1566 1468 1604 me
1501 1550 1798 1606 delectatio
1823 1568 2073 1622 preesen-
2252 1555 2415 1609 Vens.
2468 1559 2519 1607 7.
2550 1584 2617 1592 -
2644 1569 2672 1603 α
2727 1551 2986 1606 Forsitan
3042 1550 3281 1620 vestigia
3340 1549 3443 1604 Dei
3502 1547 3845 1618 comprehen-

374 1641 448 1695 tis
473 1641 621 1709 vitae,
654 1641 789 1711 quia
828 1639 1181 1694 citotrausit.
2106 1678 2146 1731 Β
2184 1643 2303 1697 des.
2371 1661 2399 1693 ν
2453 1641 2648 1712 (Ibid.)
2708 1640 3037 1710 Benignitas
3092 1638 3452 1701 visitationis,
3527 1641 3658 1704 etc.,
3710 1650 3849 1704 usque

447 1751 475 1779 «
502 1730 733 1784 Dimitte
752 1745 888 1799 ergo
912 1744 1084 1783 me...
1113 1728 1369 1782 dolorem
1391 1742 1605 1781 meum.
1644 1747 1667 1775 ι
1690 1727 1875 1797 (Ibid)
1906 1728 1969 1783 Id
1990 1732 2076 1782 est
2106 1726 2141 1731 ⁷
2184 1730 2259 1785 ad
2278 1730 2414 1800 quia
2434 1731 2557 1799 ejus
2577 1730 2822 1784 essentia
2849 1746 2882 1782 a
2904 1728 3063 1782 nullo
3085 1728 3253 1799 plene
3291 1726 3599 1781 videbitur.

380 1818 607 1889 ﬂagella
659 1822 937 1887 tempera,
973 1821 1104 1883 etc.,
1134 1831 1304 1884 usque
1332 1816 1407 1869 ad
1436 1816 1588 1886 quod
1650 1815 1894 1871 maxime
1944 1816 2080 1872 facit
2257 1819 2418 1872 Vens.
2481 1821 2532 1873 8.
2588 1846 2657 1857 —
2691 1838 2714 1866 ιι
2780 1818 3077 1871 Excelsior.
3117 1838 3138 1865 ι
3198 1816 3345 1880 Quia
3395 1815 3459 1869 in
3527 1812 3849 1869 circumscri.

384 1906 644 1979 praevisio
665 1905 895 1971 inferni,
918 1905 1069 1959 unde
1101 1904 1183 1959 ait
1210 1920 1223 1958 :
2183 1905 2379 1977 ptione
2410 1906 2498 1959 sui
2529 1905 2759 1977 spiritus
2779 1910 2981 1959 cuncta
3008 1903 3375 1958 transcendit.

457 1998 614 2049 'v'ens.
641 1997 729 2049 21.
769 2024 837 2034 -
869 2012 896 2045 α
928 1996 1255 2064 Antequam
1286 1993 1509 2047 vadem.
1550 2013 1571 2042 ι
1606 1993 1868 2049 Infernus
1924 1998 2079 2049 terra
2258 2016 2280 2044 ι
2313 1994 2655 2049 Profundior
2728 1993 2976 2048 inferno.
3011 2013 3039 2045 ι)
3071 1994 3214 2058 Quia
3260 1990 3712 2047 transcendendo
3740 1988 3849 2041 sul:-

380 2085 607 2150 dicitur,
642 2083 777 2155 quia
798 2083 879 2138 ibi
908 2083 1118 2154 captivi
1158 2086 1444 2136 tenentur.
2184 2082 2357 2137 vehit.

452 2195 480 2223 ‹
514 2176 840 2243 Antequam
865 2171 1087 2226 vadam.
1119 2191 1146 2222 ι)
1182 2172 1305 2225 Non
1323 2170 1479 2241 quod
1509 2171 1608 2242 qui
1636 2172 1859 2243 plangit
1890 2172 2074 2239 vadat,
2256 2173 2425 2227 Vens.
2451 2174 2503 2226 9.
2536 2203 2604 2212 ——
2634 2192 2661 2222 ι(
2714 2171 2960 2241 Longior
2997 2176 3169 2225 terra.
3206 2192 3228 2219 ι
3261 2168 3405 2234 Quia
3436 2169 3671 2223 modum
3718 2182 3846 2220 crea-

381 2263 477 2316 sed
504 2261 661 2332 quod
683 2261 852 2315 vadat
876 2261 976 2331 qui
1002 2276 1119 2314 non
1144 2260 1365 2330 plangit
1398 2276 1411 2313 :
1438 2260 1566 2314 utsi
1600 2260 1784 2315 dicam
1807 2261 2074 2330 debitori,
2182 2264 2328 2314 turae
2359 2260 2715 2329 perennitate
2745 2260 3080 2314 aeternitatis
3110 2260 3339 2313 excedit.

379 2350 530 2404 solve
559 2349 897 2419 priusquam
926 2348 1398 2418 teconstringam.
2262 2370 2285 2397 ι
2318 2348 2510 2402 Latior
2556 2349 2720 2402 mari.
2759 2370 2779 2396 ι
2839 2348 2985 2412 Quia
3030 2353 3291 2417 tempora
3323 2346 3404 2400 sic
3445 2345 3715 2417 possidet,
3740 2348 3847 2405 etc.,

2183 2452 2352 2505 usque
2387 2437 2460 2491 ad
2491 2437 2577 2492 vel
2610 2438 2976 2507 temetipsum
3008 2436 3067 2490 in
3123 2435 3547 2491 tentationibus
3576 2434 3848 2505 reprehen-

2186 2525 2320 2580 dere
2343 2525 2523 2579 nescis
2535 2526 2563 2579 ?

2260 2615 2421 2671 Vens.
2472 2617 2555 2669 10.
2616 2643 2677 2654 -
2716 2634 2745 2663 ‹‹
2775 2614 2833 2669 Si
2889 2614 3250 2669 subverterit.
3287 2635 3309 2662 ιι
3357 2612 3555 2683 (Ibid.)
3600 2609 3850 2667 Subvertit

2183 2704 2411 2766 caelum,
2462 2708 2591 2765 etc.,
2653 2720 2823 2772 usque
2852 2704 3019 2758 adut
3076 2705 3162 2756 vel
3217 2703 3491 2757 resistens
3531 2704 3847 2761 exerceatur,

2184 2794 2272 2847 vel
2307 2794 2537 2848 seducta
2568 2793 2885 2864 frangatur,
2913 2793 3065 2847 unde
3096 2798 3246 2847 recte
3273 2792 3412 2846 dicit
3442 2808 3457 2846 :

2261 2882 2454 2945 «Quis
2504 2882 2857 2936 contradicat
2904 2882 3001 2936 ei?
3058 2883 3167 2946 vel,
3226 2880 3351 2952 quis
3378 2880 3432 2935 ei
3481 2880 3667 2934 dicere
3695 2879 3852 2946 potest

2115 2962 2158 3017 C
2187 2985 2288 3023 cur
2314 2969 2393 3023 ita
2431 2970 2639 3024 facias?
2671 2991 2698 3021 ››
2731 2970 2873 3035 Quia
2907 2971 3123 3040 judicio
3156 2971 3254 3025 Dei
3285 2970 3481 3023 nullus
3509 2971 3689 3037 potest
3725 2963 3851 3017 obsi-

2186 3061 2357 3125 stere,
2385 3058 2470 3111 vel
2520 3059 2866 3129 inquirendo
2906 3059 3053 3113 illud
3097 3063 3425 3129 penetrare.
3470 3058 3584 3112 Cur
3610 3052 3853 3109 subvertit

2185 3147 2270 3200 vel
2295 3149 2576 3201 coarctat?

2258 3236 2423 3289 Vens.
2488 3239 2570 3290 11.
2624 3264 2694 3276 -
2744 3256 2766 3285 ι
2804 3236 2930 3306 Ipse
2988 3235 3146 3290 enim
3209 3234 3385 3289 novit.
3424 3255 3446 3283 ι
3505 3233 3686 3305 (Ibid.)
3732 3231 3850 3284 Dum

2185 3339 2347 3378 mens
2390 3324 2636 3378 elatione
2683 3324 2988 3393 attollitur,
3045 3328 3175 3390 etc.,
3219 3339 3388 3392 usque
3408 3323 3487 3378 ad
3525 3338 3636 3394 quo
3667 3319 3852 3373 vanitas

2185 3429 2316 3467 cum
2382 3413 2685 3485 iniquitate
2750 3413 3050 3484 pertrahit,
3130 3413 3201 3467 ad
3276 3418 3568 3467 tumorem
3651 3407 3849 3469 scilicet,

2184 3501 2377 3556 subdit
2406 3518 2418 3556 :

2255 3592 2415 3645 Vens.
2480 3591 2572 3645 12.
2637 3618 2705 3628 --—
2740 3607 2769 3641 α
2803 3589 2899 3642 Vir
2935 3606 3115 3645 vanus
3159 3590 3221 3644 in
3250 3589 3659 3659 superbiam.»
3694 3580 3852 3654 (Ibid)

2185 3679 2374 3732 Vanus
2404 3695 2469 3732 ex
2521 3678 2688 3749 culpa
2742 3678 3000 3732 redditur
3050 3678 3254 3740 audax,
3286 3683 3417 3738 etc.,
3460 3692 3634 3747 usque
3678 3672 3853 3739 αάΡθτ

2185 3766 2521 3822 effrenatam
2576 3767 2901 3821 libertatem
2957 3767 3236 3822 audenter
3262 3783 3437 3838 vagus
3471 3782 3579 3837 per
3608 3756 3854 3819 desideria

2184 3856 2383 3909 currit.

2255 3944 2419 3997 Vens.
2458 3946 2540 3997 13.
2576 3973 2644 3984 -
2679 3965 2700 3992 ι
2738 3944 2823 3998 Tu
2849 3948 3041 3998 autem
3071 3942 3334 3998 ﬁrmasti.
3364 3966 3390 3989 »ι
3416 3942 3614 4014 (Ibid)
3645 3932 3853 3996 Firmari

2182 4047 2279 4086 cor
2306 4048 2423 4087 non
2453 4032 2560 4086 hoc
2597 4032 2743 4101 loco,
2783 4037 2914 4101 etc.,
2942 4049 3114 4102 usque
3150 4034 3225 4087 ad
3262 4048 3414 4087 nunc
3450 4033 3608 4087 velut
3631 4026 3853 4086 docendo

2184 4122 2519 4194 subjungit:
2557 4142 2584 4175 α
2617 4128 2673 4177 et
2693 4124 2803 4177 eris
2834 4123 3073 4189 stabilis,
3114 4142 3142 4175 »
3184 4127 3291 4178 etc.

452 2460 475 2488 ι
536 2439 660 2492 Non
724 2441 992 2492 revertar.
1024 2459 1045 2486 ι
1113 2437 1301 2507 (Ιὸἱά.)
1362 2437 1507 2501 Quia
1562 2437 1863 2493 damnatos
1929 2440 2080 2496 ultra

378 2525 770 2581 misericordia
799 2542 916 2581 non
940 2526 1159 2580 liberat.

450 2616 613 2670 Vens.
646 2618 735 2668 22.
770 2645 838 2653 ——
868 2634 891 2663 ι
946 2612 1185 2667 Miseria;
1214 2618 1272 2666 et
1330 2613 1711 2667 tenebrarum.
1750 2633 1779 2665 »
1813 2613 1956 2679 Quia
1986 2614 2076 2669 fo-

378 2703 456 2758 ris
488 2704 652 2757 dolor
696 2701 929 2767 cruciat,
983 2717 1127 2771 quos
1158 2701 1375 2754 caecitas
1431 2702 1638 2754 mentis
1674 2701 1829 2755 intus
1873 2704 2076 2757 obscu-

381 2797 499 2859 rat;
522 2793 630 2856 vel,
662 2791 744 2845 ibi
772 2806 943 2845 nemo
974 2791 1122 2844 ultra
1140 2790 1208 2844 ad
1243 2790 1429 2843 lucem
1456 2790 1622 2857 redit,
1665 2790 1813 2846 sicut
1841 2792 1902 2846 in
1934 2792 2077 2847 ista:

377 2879 479 2934 ubi
537 2878 643 2933 etsi
665 2880 736 2934 sit
771 2878 1001 2932 miseria
1032 2893 1134 2949 per
1153 2878 1587 2933 conversionem
1617 2878 1751 2935 licet
1775 2881 1985 2935 reverti
2006 2881 2077 2936 ad

378 2966 586 3021 lucem.

453 3076 476 3105 ι
510 3053 718 3109 Umbra
757 3052 974 3108 mortis.
1005 3075 1032 3103 av
1065 3054 1209 3109 Mors
1264 3058 1350 3109 est
1378 3055 1662 3126 separatio
1692 3072 1727 3111 a
1757 3057 1902 3124 Deo;
1943 3073 2080 3111 um-

378 3144 508 3198 bras
537 3143 851 3198 obscuritas
882 3144 1040 3214 ejus;
1094 3143 1230 3214 quia
1283 3142 1433 3214 ignis
1493 3144 1733 3214 poenalis
1776 3145 2076 3199 crematio-

378 3247 512 3285 nem
547 3232 737 3297 habet,
789 3235 846 3284 et
897 3247 1014 3284 non
1047 3230 1254 3296 lucem,
1288 3236 1349 3285 ut
1373 3232 1432 3285 in
1462 3238 1710 3303 utroque
1739 3234 2073 3304 puniantur,

383 3320 482 3389 qui
512 3320 570 3373 in
603 3324 847 3389 utroque
872 3324 1268 3389 peccaverunt.

455 3429 481 3456 ‹‹
516 3408 714 3462 Nullus
736 3407 897 3461 ordo.
915 3428 941 3455 ››
967 3407 1173 3477 (Ibid.)
1204 3408 1327 3461 Non
1346 3407 1498 3478 quod
1519 3409 1667 3463 Deus
1682 3425 1801 3463 non
1827 3409 2076 3478 ordinet,

378 3510 547 3564 usque
576 3495 650 3549 ad
679 3495 925 3565 qualitas
944 3509 1137 3548 rerum
1162 3510 1280 3548 non
1314 3500 1589 3549 servatur.
1618 3497 1773 3551 Unde
1805 3502 1862 3551 et
1888 3498 2073 3554 addit:

455 3604 478 3633 ι
513 3584 907 3653 Sempiternus
936 3582 1161 3636 horror.
1198 3602 1226 3633 ν
1261 3584 1358 3636 Hic
1391 3583 1561 3637 timor
1586 3590 1671 3638 est
1713 3586 1892 3640 futuri
1917 3587 2075 3653 mali,

381 3675 509 3738 etc.,
542 3687 710 3742 usque
738 3671 812 3725 ad
843 3688 913 3725 ne
941 3672 1203 3725 venirent
1237 3671 1305 3725 ad
1336 3676 1623 3727 tormenta
1650 3689 1792 3745 quos
1820 3674 1881 3728 in
1908 3690 2079 3745 paena

380 3760 597 3815 videret
620 3760 719 3831 qui
747 3761 1021 3814 Lazarum
1050 3758 1207 3813 vidit.

1058 3886 1285 3941 CAPUT
1312 3887 1398 3941 XI.

449 4029 612 4082 Vens.
653 4029 706 4081 2.
735 4057 803 4067 —-
836 4045 865 4079 α
909 4027 1177 4098 Nunquid
1209 4028 1308 4099 qui
1352 4029 1551 4083 multa.
1582 4050 1609 4079 ››
1643 4030 1822 4100 (Greg.
1854 4034 1913 4086 in
1940 4033 2071 4088 Job.

378 4116 474 4169 lib.
517 4116 591 4183 χ.)
622 4117 661 4170 Α
691 4116 1049 4170 contumeliis
1080 4116 1302 4187 incipit,
1339 4122 1470 4183 etc.,
1500 4133 1668 4188 usque
1696 4120 1771 4173 ad
1799 4120 1900 4190 qui
1929 4120 2075 4175 nihil

377 4208 582 4275 putant
610 4208 850 4269 rectum,
881 4203 990 4257 nisi
1017 4205 1171 4274 quod
1210 4204 1483 4259 sentiunt.

450 4311 479 4343 α
518 4294 631 4346 Aut
652 4292 737 4345 vir
792 4292 1087 4347 verbosus.
1134 4312 1161 4343 η
1204 4293 1345 4346 Vera
1392 4294 1694 4361 sententia,
1755 4295 1890 4367 quia
1934 4297 2076 4368 legi-

375 4384 489 4448 tur,
523 4384 707 4435 cultus
733 4380 970 4452 justitia:
1004 4379 1314 4450 silentium,
1338 4382 1431 4436 sed
1461 4399 1575 4437 non
1612 4400 1715 4455 pro
1748 4385 1870 4439 loco
1908 4386 2076 4440 dicta.

377 4469 484 4535 Qui
514 4468 717 4540 nequit
755 4473 907 4524 recta
934 4469 1074 4541 pati,
1134 4470 1429 4541 negligens
1478 4472 1706 4544 corrigi,
1742 4473 1987 4546 accingit
2020 4490 2079 4530 se

372 4556 755 4629 responsioni.

449 4648 612 4701 Vens.
649 4648 701 4700 3.
734 4675 802 4687 -
832 4667 855 4696 ι
916 4646 1041 4701 Tibi
1097 4646 1203 4700 soli
1253 4647 1523 4702 tacebunt
1578 4648 1855 4717 homines,
1890 4670 1912 4700 ι
1948 4655 2075 4720 etc.,

376 4734 565 4807 (Ibid.)
597 4734 802 4790 Omnia
831 4740 987 4790 recta
1030 4751 1191 4789 suam
1223 4735 1551 4790 irrisionem
1582 4741 1745 4807 putat
1782 4754 1955 4809 quem
1986 4756 2078 4794 re-

2259 4212 2416 4266 Vens.
2474 4213 2649 4267 14η-
2699 4233 2722 4261 ι
2774 4211 2834 4267 Si
2881 4211 3233 4283 iniquitates.
3274 4232 3297 4260 ιι
3356 4210 3544 4280 (Ibid.)
3606 4203 3851 4277 Iniquitas

2186 4298 2245 4353 in
2276 4316 2474 4370 manu,
2525 4304 2656 4366 etc.,
2712 4315 2880 4369 usque
2907 4300 2981 4354 ad
3009 4300 3056 4354 si
3082 4304 3268 4355 reatus
3307 4299 3395 4353 sui
3423 4294 3757 4353 conscientia
3777 4307 3848 4345 ac-

2188 4394 2365 4443 cusat.

2262 4478 2430 4533 Vens.
2494 4480 2578 4532 15.
2619 4498 2728 4526 -σι
2790 4477 2858 4531 Et
2881 4476 2991 4530 eris
3038 4476 3276 4531 stabilis.
3306 4496 3336 4528 ιι
3387 4476 3532 4541 Quia
3575 4478 3724 4530 tanto
3754 4468 3848 4525 mi—

2189 4580 2298 4637 nus
2351 4566 2421 4620 ad
2460 4566 2747 4637 judicium
2776 4566 3043 4637 trepidat,
3079 4570 3293 4637 quanto
3344 4565 3404 4620 in
3454 4564 3618 4620 bonis
3659 4560 3848 4616 actibus

2188 4634 2424 4706 solidius
2455 4634 2582 4707 stat.

2261 4740 2423 4795 Vens.
2469 4744 2554 4797 16.
2586 4771 2654 4783 -
2688 4763 2709 4790 ι
2742 4740 2979 4796 Miserius
3006 4756 3259 4811 quoque.
3296 4756 3323 4792 ι
3357 4739 3548 4810 (Ibid.)
3582 4738 3715 4794 Mala
3741 4733 3847 4785 vita:

2104 4252 2150 4306 D

379 4824 604 4881 mordet
633 4824 977 4879 conscientia
1007 4830 1067 4879 et
1094 4825 1440 4896 generaliter
1491 4826 1641 4880 dicta
1676 4827 1782 4882 sibi
1809 4829 2074 4884 aestimat.

381 4914 539 4969 Unde
566 4919 623 4969 et
653 4918 850 4969 contra
887 4914 1044 4986 loqui
1074 4914 1422 4981 accenditur,
1456 4919 1519 4968 ut
1557 4915 1640 4968 vel
1682 4915 1761 4969 sic
1803 4932 2077 4972 verecun-

379 5002 532 5058 diam
567 5008 729 5073 regat
760 5002 922 5073 quasi
960 5002 1302 5057 criminosus
1331 5019 1449 5058 non
1483 5004 1577 5072 sit,
1612 5003 1658 5058 si
1711 5004 1854 5060 alios
1883 5006 2076 5060 crimi-

379 5096 565 5158 netur,
604 5091 754 5146 unde
781 5091 1115 5146 mentiendo
1137 5090 1362 5145 subdit:

449 5182 612 5235 Vens.
666 5182 719 5234 4.
779 5211 847 5220 -
906 5200 935 5231 (ι
993 5179 1192 5234 Dixisti
1250 5180 1448 5235 enim:
1509 5183 1690 5235 Purus
1745 5185 1831 5235 est
1886 5198 2074 5238 sermo

378 5282 562 5322 meus.
592 5289 617 5317 η
653 5268 758 5322 Job
786 5284 900 5322 non
929 5268 1149 5323 dixerat
1180 5288 1195 5336 ;
1227 5269 1325 5323 sed
1381 5269 1584 5323 solatio
1614 5273 1699 5324 est
1729 5268 1990 5338 facinori,
2025 5271 2073 5325 si

379 5356 467 5409 vel
502 5356 639 5409 falso
674 5356 1011 5426 inquinetur
1032 5354 1147 5411 vita
1175 5357 1551 5428 corripientis.

453 5444 612 5497 Vens.
647 5447 697 5497 5.
727 5471 791 5481 —
829 5465 851 5492 ι
905 5446 1090 5515 Atque
1146 5445 1368 5499 utinam
1427 5447 1575 5500 Deus
1624 5446 1962 5518 loqueretur
1990 5451 2074 5502 te-

384 5548 537 5600 cum,
569 5552 597 5582 »
631 5536 736 5586 etc.
790 5532 983 5603 (Ibid.)
1016 5532 1271 5587 Perversi
1305 5532 1647 5589 verbetenus
1675 5535 1827 5589 bona
1850 5539 2070 5607 optant,

2186 4830 2485 4899 praesentis
2516 4835 2673 4885 tanto
2696 4830 2895 4885 durius
2918 4830 3144 4883 animus
3176 4828 3367 4896 sentit,
3401 4833 3612 4900 quanto
3640 4835 3846 4897 pensare

2187 4917 2429 4986 bonum,
2484 4919 2639 4990 quod
2687 4918 2967 4990 sequitur,
3020 4917 3277 4989 negligit.
3325 4918 3399 4974 At
3449 4918 3496 4971 si
3525 4916 3594 4970 ad
3633 4931 3711 4977 ea,
3739 4923 3845 4981 quae

2184 5012 2545 5075 permanent,
2602 5009 2832 5063 oculum
2861 5007 3046 5061 cordis
3075 5007 3233 5078 ligat,
3266 5007 3411 5061 nihil
3459 5021 3579 5060 esse
3607 4996 3844 5070 conspicit

2187 5094 2469 5165 quidquid
2502 5096 2569 5151 ad
2603 5096 2777 5151 ﬁnem
2807 5095 3010 5150 tendit.

2262 5204 2284 5233 ι
2321 5184 2387 5238 Et
2418 5183 2583 5256 quasi
2639 5200 2939 5256 aquarum.
2978 5206 3004 5233 ιι
3037 5182 3183 5248 Quia
3226 5182 3495 5251 miserias,
3528 5196 3648 5252 quae
3688 5182 3840 5231 trans-

2186 5277 2345 5337 eunt,
2409 5289 2522 5327 non
2583 5272 2638 5328 vi
2683 5272 3036 5341 concutiunt,
3092 5273 3190 5327 sed
3242 5277 3455 5326 tactum
3504 5263 3838 5325 mosrorisin-

2184 5358 2458 5426 fundunt,
2491 5360 2629 5414 dum
2670 5364 2827 5414 extra
2856 5376 2963 5429 pro
3013 5359 3379 5430 percussione
3412 5358 3580 5425 dolet,
3628 5355 3761 5407 intus
3782 5360 3834 5400 ex

2184 5448 2503 5502 tentatione
2533 5448 2803 5520 frigescit,
2841 5453 3045 5503 contra
3076 5448 3233 5519 quod
3258 5448 3507 5519 amplius
3563 5432 3835 5500 lux‘diviua

2185 5521 2570 5606 succenditur,
2604 5538 2754 5593 unde
2788 5537 3071 5594 subditur.
