  <div class='ocr_page' id='page_1' title='image "/cluster/home/n/w/nwhite01/storage/ocr_20150623/113/hvd.32044054759782/400.png"; bbox 0 0 4082 6184; ppageno 0'>
   <div class='ocr_carea' id='block_1_1' title="bbox 225 300 330 350">
    <p class='ocr_par' dir='ltr' id='par_1_1' title="bbox 225 300 330 350">
     <span class='ocr_line' id='line_1_1' title="bbox 225 300 330 350; baseline 0 0"><span class='ocrx_word' id='word_1_1' title='bbox 225 300 330 350; x_wconf 76' lang='lat'><strong>789</strong></span> 
     </span>
    </p>
   </div>
   <div class='ocr_carea' id='block_1_2' title="bbox 1399 301 2554 358">
    <p class='ocr_par' dir='ltr' id='par_1_2' title="bbox 1399 301 2554 358">
     <span class='ocr_line' id='line_1_2' title="bbox 1399 301 2554 358; baseline 0.003 -4"><span class='ocrx_word' id='word_1_2' title='bbox 1399 301 1653 356; x_wconf 89' lang='lat' dir='ltr'><strong>GLOSSA</strong></span> <span class='ocrx_word' id='word_1_3' title='bbox 1691 302 2090 357; x_wconf 78' lang='lat' dir='ltr'><strong>ORDINARIA.</strong></span> <span class='ocrx_word' id='word_1_4' title='bbox 2129 332 2198 341; x_wconf 86' lang='lat'><strong>——</strong></span> <span class='ocrx_word' id='word_1_5' title='bbox 2242 304 2364 356; x_wconf 89' lang='lat' dir='ltr'><strong>LIB.</strong></span> <span class='ocrx_word' id='word_1_6' title='bbox 2406 302 2554 358; x_wconf 84' lang='lat' dir='ltr'><strong>JOB.</strong></span> 
     </span>
    </p>
   </div>
   <div class='ocr_carea' id='block_1_3' title="bbox 3627 310 3735 360">
    <p class='ocr_par' dir='ltr' id='par_1_3' title="bbox 3627 310 3735 360">
     <span class='ocr_line' id='line_1_3' title="bbox 3627 310 3735 360; baseline 0 0"><span class='ocrx_word' id='word_1_7' title='bbox 3627 310 3735 360; x_wconf 83' lang='lat'><strong>790</strong></span> 
     </span>
    </p>
   </div>
   <div class='ocr_carea' id='block_1_4' title="bbox 305 421 3734 498">
    <p class='ocr_par' dir='ltr' id='par_1_4' title="bbox 305 421 3734 498">
     <span class='ocr_line' id='line_1_4' title="bbox 305 421 3734 498; baseline 0.003 -25"><span class='ocrx_word' id='word_1_8' title='bbox 305 423 470 475; x_wconf 79' lang='lat' dir='ltr'><strong>Vens.</strong></span> <span class='ocrx_word' id='word_1_9' title='bbox 506 427 588 475; x_wconf 84' lang='lat' dir='ltr'><strong>l7.</strong></span> <span class='ocrx_word' id='word_1_10' title='bbox 621 452 688 461; x_wconf 92' lang='lat'><strong><em>—</em></strong></span> <span class='ocrx_word' id='word_1_11' title='bbox 713 443 735 469; x_wconf 79' lang='grc' dir='ltr'><strong>ε</strong></span> <span class='ocrx_word' id='word_1_12' title='bbox 774 421 1019 491; x_wconf 89' lang='lat' dir='ltr'><strong>thuasi</strong></span> <span class='ocrx_word' id='word_1_13' title='bbox 1049 421 1416 476; x_wconf 89' lang='lat' dir='ltr'><strong>meridianus.</strong></span> <span class='ocrx_word' id='word_1_14' title='bbox 1464 443 1490 473; x_wconf 74' lang='grc' dir='ltr'><strong>ι)</strong></span> <span class='ocrx_word' id='word_1_15' title='bbox 1535 425 1744 492; x_wconf 81' lang='lat' dir='ltr'><strong>Fulgor</strong></span> <span class='ocrx_word' id='word_1_16' title='bbox 1800 441 1925 478; x_wconf 89' lang='lat' dir='ltr'><strong>me-</strong></span> <span class='ocrx_word' id='word_1_17' title='bbox 1956 425 2004 478; x_wconf 86' lang='lat' dir='ltr'><strong>A</strong></span> <span class='ocrx_word' id='word_1_18' title='bbox 2041 441 2211 495; x_wconf 88' lang='lat' dir='ltr'><strong>usque</strong></span> <span class='ocrx_word' id='word_1_19' title='bbox 2231 427 2306 480; x_wconf 89' lang='lat' dir='ltr'><strong>ad</strong></span> <span class='ocrx_word' id='word_1_20' title='bbox 2327 432 2384 480; x_wconf 88' lang='lat' dir='ltr'><strong>et</strong></span> <span class='ocrx_word' id='word_1_21' title='bbox 2413 430 2606 480; x_wconf 89' lang='lat' dir='ltr'><strong>tamen</strong></span> <span class='ocrx_word' id='word_1_22' title='bbox 2635 425 2924 496; x_wconf 69' lang='lat' dir='ltr'><strong>bonaque:</strong></span> <span class='ocrx_word' id='word_1_23' title='bbox 2943 427 3224 497; x_wconf 89' lang='lat' dir='ltr'><strong>habent,a</strong></span> <span class='ocrx_word' id='word_1_24' title='bbox 3248 429 3734 498; x_wconf 87' lang='lat' dir='ltr'><strong>Deoacceperunt.</strong></span> 
     </span>
    </p>
   </div>
   <div class='ocr_carea' id='block_1_5' title="bbox 223 509 1926 580">
    <p class='ocr_par' dir='ltr' id='par_1_5' title="bbox 223 509 1926 580">
     <span class='ocr_line' id='line_1_5' title="bbox 223 509 1926 580; baseline 0.002 -17"><span class='ocrx_word' id='word_1_25' title='bbox 223 510 488 564; x_wconf 88' lang='lat' dir='ltr'><strong>ridianus</strong></span> <span class='ocrx_word' id='word_1_26' title='bbox 518 509 579 563; x_wconf 92' lang='lat' dir='ltr'><strong>in</strong></span> <span class='ocrx_word' id='word_1_27' title='bbox 636 526 870 580; x_wconf 82' lang='lat' dir='ltr'><strong>vespere</strong></span> <span class='ocrx_word' id='word_1_28' title='bbox 932 515 1014 564; x_wconf 91' lang='lat' dir='ltr'><strong>est</strong></span> <span class='ocrx_word' id='word_1_29' title='bbox 1057 510 1284 564; x_wconf 90' lang='lat' dir='ltr'><strong>virtutis</strong></span> <span class='ocrx_word' id='word_1_30' title='bbox 1333 512 1620 566; x_wconf 70' lang='lat' dir='ltr'><strong>renovatio</strong></span> <span class='ocrx_word' id='word_1_31' title='bbox 1685 514 1743 565; x_wconf 90' lang='lat' dir='ltr'><strong>in</strong></span> <span class='ocrx_word' id='word_1_32' title='bbox 1803 519 1926 566; x_wconf 89' lang='lat' dir='ltr'><strong>teu-</strong></span> 
     </span>
    </p>
   </div>
   <div class='ocr_carea' id='block_1_6' title="bbox 221 600 467 654">
    <p class='ocr_par' dir='ltr' id='par_1_6' title="bbox 221 600 467 654">
     <span class='ocr_line' id='line_1_6' title="bbox 221 600 467 654; baseline -0.008 0"><span class='ocrx_word' id='word_1_33' title='bbox 221 600 467 654; x_wconf 83' lang='lat' dir='ltr'><strong>tatione.</strong></span> 
     </span>
    </p>
   </div>
   <div class='ocr_carea' id='block_1_7' title="bbox 309 690 1926 760">
    <p class='ocr_par' dir='ltr' id='par_1_7' title="bbox 309 690 1926 760">
     <span class='ocr_line' id='line_1_7' title="bbox 309 690 1926 760; baseline 0.002 -21"><span class='ocrx_word' id='word_1_34' title='bbox 309 708 336 739; x_wconf 85' lang='lat'>«</span> <span class='ocrx_word' id='word_1_35' title='bbox 369 690 431 742; x_wconf 91' lang='lat' dir='ltr'><strong>Et</strong></span> <span class='ocrx_word' id='word_1_36' title='bbox 455 704 585 742; x_wconf 90' lang='lat' dir='ltr'><strong>cum</strong></span> <span class='ocrx_word' id='word_1_37' title='bbox 614 691 668 741; x_wconf 91' lang='lat' dir='ltr'><strong>te</strong></span> <span class='ocrx_word' id='word_1_38' title='bbox 699 692 1122 758; x_wconf 89' lang='lat' dir='ltr'><strong>consumptum.</strong></span> <span class='ocrx_word' id='word_1_39' title='bbox 1162 709 1183 738; x_wconf 74' lang='grc' dir='ltr'><strong>ι</strong></span> <span class='ocrx_word' id='word_1_40' title='bbox 1210 690 1452 758; x_wconf 68' lang='lat' dir='ltr'><strong>(Gneo)</strong></span> <span class='ocrx_word' id='word_1_41' title='bbox 1495 690 1635 744; x_wconf 88' lang='lat' dir='ltr'><strong>Cum</strong></span> <span class='ocrx_word' id='word_1_42' title='bbox 1667 707 1770 760; x_wconf 91' lang='lat' dir='ltr'><strong>per</strong></span> <span class='ocrx_word' id='word_1_43' title='bbox 1825 706 1926 743; x_wconf 81' lang='lat' dir='ltr'><strong>ex-</strong></span> 
     </span>
    </p>
   </div>
   <div class='ocr_carea' id='block_1_8' title="bbox 223 777 1928 848">
    <p class='ocr_par' dir='ltr' id='par_1_8' title="bbox 223 777 1928 848">
     <span class='ocr_line' id='line_1_8' title="bbox 223 777 1928 848; baseline 0.001 -17"><span class='ocrx_word' id='word_1_44' title='bbox 223 778 442 832; x_wconf 81' lang='lat' dir='ltr'><strong>teriora</strong></span> <span class='ocrx_word' id='word_1_45' title='bbox 490 778 642 830; x_wconf 91' lang='lat' dir='ltr'><strong>mala</strong></span> <span class='ocrx_word' id='word_1_46' title='bbox 693 777 878 846; x_wconf 89' lang='lat' dir='ltr'><strong>justus</strong></span> <span class='ocrx_word' id='word_1_47' title='bbox 927 777 1262 831; x_wconf 89' lang='lat' dir='ltr'><strong>occumbere</strong></span> <span class='ocrx_word' id='word_1_48' title='bbox 1311 779 1564 848; x_wconf 82' lang='lat' dir='ltr'><strong>coeperit,</strong></span> <span class='ocrx_word' id='word_1_49' title='bbox 1626 783 1763 832; x_wconf 90' lang='lat' dir='ltr'><strong>tunc</strong></span> <span class='ocrx_word' id='word_1_50' title='bbox 1809 780 1928 832; x_wconf 90' lang='lat' dir='ltr'><strong>cla-</strong></span> 
     </span>
    </p>
   </div>
   <div class='ocr_carea' id='block_1_9' title="bbox 222 865 1928 936">
    <p class='ocr_par' dir='ltr' id='par_1_9' title="bbox 222 865 1928 936">
     <span class='ocr_line' id='line_1_9' title="bbox 222 865 1928 936; baseline 0 -16"><span class='ocrx_word' id='word_1_51' title='bbox 222 867 372 920; x_wconf 80' lang='lat' dir='ltr'><strong>ritas</strong></span> <span class='ocrx_word' id='word_1_52' title='bbox 395 867 516 936; x_wconf 86' lang='lat' dir='ltr'><strong>ejus</strong></span> <span class='ocrx_word' id='word_1_53' title='bbox 544 865 778 936; x_wconf 90' lang='lat' dir='ltr'><strong>incipit:</strong></span> <span class='ocrx_word' id='word_1_54' title='bbox 825 871 1057 919; x_wconf 80' lang='lat' dir='ltr'><strong>econtra</strong></span> <span class='ocrx_word' id='word_1_55' title='bbox 1101 866 1289 936; x_wconf 86' lang='lat' dir='ltr'><strong>iniqui</strong></span> <span class='ocrx_word' id='word_1_56' title='bbox 1339 867 1537 920; x_wconf 87' lang='lat' dir='ltr'><strong>lumen</strong></span> <span class='ocrx_word' id='word_1_57' title='bbox 1590 872 1672 920; x_wconf 89' lang='lat' dir='ltr'><strong>est</strong></span> <span class='ocrx_word' id='word_1_58' title='bbox 1720 867 1781 920; x_wconf 93' lang='lat' dir='ltr'><strong>in</strong></span> <span class='ocrx_word' id='word_1_59' title='bbox 1837 868 1928 921; x_wconf 90' lang='lat' dir='ltr'><strong>die</strong></span> 
     </span>
    </p>
   </div>
   <div class='ocr_carea' id='block_1_10' title="bbox 224 954 1927 1026">
    <p class='ocr_par' dir='ltr' id='par_1_10' title="bbox 224 954 1927 1026">
     <span class='ocr_line' id='line_1_10' title="bbox 224 954 1927 1026; baseline -0.001 -16"><span class='ocrx_word' id='word_1_60' title='bbox 224 956 406 1026; x_wconf 88' lang='lat' dir='ltr'><strong>hujus</strong></span> <span class='ocrx_word' id='word_1_61' title='bbox 426 955 575 1020; x_wconf 63' lang='lat' dir='ltr'><strong>vitae,</strong></span> <span class='ocrx_word' id='word_1_62' title='bbox 633 955 947 1008; x_wconf 84' lang='lat' dir='ltr'><strong>obscuritas</strong></span> <span class='ocrx_word' id='word_1_63' title='bbox 977 954 1036 1008; x_wconf 92' lang='lat' dir='ltr'><strong>in</strong></span> <span class='ocrx_word' id='word_1_64' title='bbox 1068 971 1318 1025; x_wconf 84' lang='lat' dir='ltr'><strong>vespere.</strong></span> <span class='ocrx_word' id='word_1_65' title='bbox 1347 974 1372 1007; x_wconf 74' lang='grc' dir='ltr'><strong><em>α</em></strong></span> <span class='ocrx_word' id='word_1_66' title='bbox 1410 957 1471 1010; x_wconf 87' lang='lat' dir='ltr'><strong>Et</strong></span> <span class='ocrx_word' id='word_1_67' title='bbox 1495 972 1624 1009; x_wconf 91' lang='lat' dir='ltr'><strong>cum</strong></span> <span class='ocrx_word' id='word_1_68' title='bbox 1683 962 1737 1009; x_wconf 92' lang='lat' dir='ltr'><strong>te</strong></span> <span class='ocrx_word' id='word_1_69' title='bbox 1787 971 1927 1009; x_wconf 88' lang='lat' dir='ltr'><strong>con-</strong></span> 
     </span>
    </p>
   </div>
   <div class='ocr_carea' id='block_1_11' title="bbox 221 1043 1930 1114">
    <p class='ocr_par' dir='ltr' id='par_1_11' title="bbox 221 1043 1930 1114">
     <span class='ocr_line' id='line_1_11' title="bbox 221 1043 1930 1114; baseline 0 -16"><span class='ocrx_word' id='word_1_70' title='bbox 221 1049 547 1114; x_wconf 89' lang='lat' dir='ltr'><strong>sumptum.</strong></span> <span class='ocrx_word' id='word_1_71' title='bbox 583 1064 609 1094; x_wconf 82' lang='lat'><strong>»</strong></span> <span class='ocrx_word' id='word_1_72' title='bbox 643 1043 786 1106; x_wconf 85' lang='lat' dir='ltr'><strong>Quia</strong></span> <span class='ocrx_word' id='word_1_73' title='bbox 814 1043 947 1096; x_wconf 84' lang='lat' dir='ltr'><strong>foris</strong></span> <span class='ocrx_word' id='word_1_74' title='bbox 1006 1044 1214 1097; x_wconf 86' lang='lat' dir='ltr'><strong>cadens</strong></span> <span class='ocrx_word' id='word_1_75' title='bbox 1267 1045 1422 1098; x_wconf 90' lang='lat' dir='ltr'><strong>intus</strong></span> <span class='ocrx_word' id='word_1_76' title='bbox 1496 1050 1805 1098; x_wconf 78' lang='lat' dir='ltr'><strong>renovatur</strong></span> <span class='ocrx_word' id='word_1_77' title='bbox 1871 1050 1930 1098; x_wconf 90' lang='lat' dir='ltr'><strong>et</strong></span> 
     </span>
    </p>
   </div>
   <div class='ocr_carea' id='block_1_12' title="bbox 223 1133 1931 1205">
    <p class='ocr_par' dir='ltr' id='par_1_12' title="bbox 223 1133 1931 1205">
     <span class='ocr_line' id='line_1_12' title="bbox 223 1133 1931 1205; baseline 0 -18"><span class='ocrx_word' id='word_1_78' title='bbox 223 1149 350 1205; x_wconf 88' lang='lat' dir='ltr'><strong>quo</strong></span> <span class='ocrx_word' id='word_1_79' title='bbox 381 1133 613 1187; x_wconf 90' lang='lat' dir='ltr'><strong>duriora</strong></span> <span class='ocrx_word' id='word_1_80' title='bbox 639 1133 861 1198; x_wconf 80' lang='lat' dir='ltr'><strong>tolerat,</strong></span> <span class='ocrx_word' id='word_1_81' title='bbox 913 1133 1120 1186; x_wconf 81' lang='lat' dir='ltr'><strong>certius</strong></span> <span class='ocrx_word' id='word_1_82' title='bbox 1169 1134 1407 1204; x_wconf 67' lang='lat' dir='ltr'><strong>praemia</strong></span> <span class='ocrx_word' id='word_1_83' title='bbox 1455 1139 1661 1204; x_wconf 85' lang='lat' dir='ltr'><strong>sperat,</strong></span> <span class='ocrx_word' id='word_1_84' title='bbox 1719 1138 1774 1187; x_wconf 85' lang='lat' dir='ltr'><strong>et</strong></span> <span class='ocrx_word' id='word_1_85' title='bbox 1826 1134 1931 1188; x_wconf 91' lang='lat' dir='ltr'><strong>hoc</strong></span> 
     </span>
    </p>
   </div>
   <div class='ocr_carea' id='block_1_13' title="bbox 226 1228 360 1278">
    <p class='ocr_par' dir='ltr' id='par_1_13' title="bbox 226 1228 360 1278">
     <span class='ocr_line' id='line_1_13' title="bbox 226 1228 360 1278; baseline -0.015 0"><span class='ocrx_word' id='word_1_86' title='bbox 226 1228 360 1278; x_wconf 91' lang='lat' dir='ltr'><strong>est:</strong></span> 
     </span>
    </p>
   </div>
   <div class='ocr_carea' id='block_1_14' title="bbox 304 1311 1930 1366">
    <p class='ocr_par' dir='ltr' id='par_1_14' title="bbox 304 1311 1930 1366">
     <span class='ocr_line' id='line_1_14' title="bbox 304 1311 1930 1366; baseline 0.001 -2"><span class='ocrx_word' id='word_1_87' title='bbox 304 1313 467 1366; x_wconf 84' lang='lat' dir='ltr'><strong>Vens.</strong></span> <span class='ocrx_word' id='word_1_88' title='bbox 504 1314 586 1365; x_wconf 91' lang='lat' dir='ltr'><strong>l8.</strong></span> <span class='ocrx_word' id='word_1_89' title='bbox 610 1340 684 1352; x_wconf 97' lang='lat'><strong>—</strong></span> <span class='ocrx_word' id='word_1_90' title='bbox 716 1331 743 1360; x_wconf 84' lang='grc'><strong>‹‹</strong></span> <span class='ocrx_word' id='word_1_91' title='bbox 792 1313 858 1364; x_wconf 87' lang='lat' dir='ltr'><strong>Et</strong></span> <span class='ocrx_word' id='word_1_92' title='bbox 912 1311 1148 1365; x_wconf 87' lang='lat' dir='ltr'><strong>habebis</strong></span> <span class='ocrx_word' id='word_1_93' title='bbox 1182 1311 1470 1366; x_wconf 85' lang='lat' dir='ltr'><strong>ﬁduciam.</strong></span> <span class='ocrx_word' id='word_1_94' title='bbox 1507 1335 1532 1359; x_wconf 88' lang='grc'><strong>››</strong></span> <span class='ocrx_word' id='word_1_95' title='bbox 1591 1312 1806 1366; x_wconf 90' lang='lat' dir='ltr'><strong>Defossi</strong></span> <span class='ocrx_word' id='word_1_96' title='bbox 1837 1328 1930 1365; x_wconf 90' lang='lat' dir='ltr'><strong>se-</strong></span> 
     </span>
    </p>
   </div>
   <div class='ocr_carea' id='block_1_15' title="bbox 228 1399 1929 1469">
    <p class='ocr_par' dir='ltr' id='par_1_15' title="bbox 228 1399 1929 1469">
     <span class='ocr_line' id='line_1_15' title="bbox 228 1399 1929 1469; baseline -0.002 -14"><span class='ocrx_word' id='word_1_97' title='bbox 228 1417 372 1455; x_wconf 89' lang='lat' dir='ltr'><strong>cure</strong></span> <span class='ocrx_word' id='word_1_98' title='bbox 405 1399 716 1463; x_wconf 90' lang='lat' dir='ltr'><strong>dormiunt,</strong></span> <span class='ocrx_word' id='word_1_99' title='bbox 750 1403 877 1464; x_wconf 89' lang='lat' dir='ltr'><strong>etc.,</strong></span> <span class='ocrx_word' id='word_1_100' title='bbox 912 1415 1077 1468; x_wconf 86' lang='lat' dir='ltr'><strong>usque</strong></span> <span class='ocrx_word' id='word_1_101' title='bbox 1104 1399 1178 1452; x_wconf 88' lang='lat' dir='ltr'><strong>ad</strong></span> <span class='ocrx_word' id='word_1_102' title='bbox 1232 1415 1464 1453; x_wconf 92' lang='lat' dir='ltr'><strong>securus</strong></span> <span class='ocrx_word' id='word_1_103' title='bbox 1508 1401 1660 1469; x_wconf 91' lang='lat' dir='ltr'><strong>apud</strong></span> <span class='ocrx_word' id='word_1_104' title='bbox 1691 1416 1750 1454; x_wconf 90' lang='lat' dir='ltr'><strong>se</strong></span> <span class='ocrx_word' id='word_1_105' title='bbox 1797 1400 1929 1452; x_wconf 90' lang='lat' dir='ltr'><strong>dor-</strong></span> 
     </span>
    </p>
   </div>
   <div class='ocr_carea' id='block_1_16' title="bbox 227 1487 1149 1543">
    <p class='ocr_par' dir='ltr' id='par_1_16' title="bbox 227 1487 1149 1543">
     <span class='ocr_line' id='line_1_16' title="bbox 227 1487 1149 1543; baseline -0.002 0"><span class='ocrx_word' id='word_1_106' title='bbox 227 1490 344 1543; x_wconf 85' lang='lat' dir='ltr'><strong>mit</strong></span> <span class='ocrx_word' id='word_1_107' title='bbox 371 1489 550 1542; x_wconf 80' lang='lat' dir='ltr'><strong>latens</strong></span> <span class='ocrx_word' id='word_1_108' title='bbox 588 1488 658 1541; x_wconf 91' lang='lat' dir='ltr'><strong>ab</strong></span> <span class='ocrx_word' id='word_1_109' title='bbox 689 1487 907 1540; x_wconf 92' lang='lat' dir='ltr'><strong>actibus</strong></span> <span class='ocrx_word' id='word_1_110' title='bbox 937 1488 1149 1541; x_wconf 69' lang='lat' dir='ltr'><strong>sazculi.</strong></span> 
     </span>
    </p>
   </div>
   <div class='ocr_carea' id='block_1_17' title="bbox 307 1576 1930 1646">
    <p class='ocr_par' dir='ltr' id='par_1_17' title="bbox 307 1576 1930 1646">
     <span class='ocr_line' id='line_1_17' title="bbox 307 1576 1930 1646; baseline 0 -16"><span class='ocrx_word' id='word_1_111' title='bbox 307 1579 471 1631; x_wconf 80' lang='lat' dir='ltr'><strong>Vens.</strong></span> <span class='ocrx_word' id='word_1_112' title='bbox 510 1579 591 1631; x_wconf 86' lang='lat' dir='ltr'><strong>l9.</strong></span> <span class='ocrx_word' id='word_1_113' title='bbox 628 1607 696 1615; x_wconf 94' lang='lat'>—</span> <span class='ocrx_word' id='word_1_114' title='bbox 721 1594 748 1627; x_wconf 72' lang='grc' dir='ltr'><strong>ι(</strong></span> <span class='ocrx_word' id='word_1_115' title='bbox 782 1576 1119 1646; x_wconf 78' lang='lat' dir='ltr'><strong>Requiesces</strong></span> <span class='ocrx_word' id='word_1_116' title='bbox 1151 1583 1206 1630; x_wconf 90' lang='lat' dir='ltr'><strong>et</strong></span> <span class='ocrx_word' id='word_1_117' title='bbox 1231 1592 1347 1630; x_wconf 90' lang='lat' dir='ltr'><strong>non</strong></span> <span class='ocrx_word' id='word_1_118' title='bbox 1394 1576 1518 1630; x_wconf 91' lang='lat' dir='ltr'><strong>erit.</strong></span> <span class='ocrx_word' id='word_1_119' title='bbox 1552 1597 1578 1627; x_wconf 74' lang='grc' dir='ltr'><strong>ι)</strong></span> <span class='ocrx_word' id='word_1_120' title='bbox 1639 1577 1747 1640; x_wconf 89' lang='lat' dir='ltr'><strong>Qui</strong></span> <span class='ocrx_word' id='word_1_121' title='bbox 1777 1577 1930 1630; x_wconf 90' lang='lat' dir='ltr'><strong>enim</strong></span> 
     </span>
    </p>
   </div>
   <div class='ocr_carea' id='block_1_18' title="bbox 235 1665 1929 1736">
    <p class='ocr_par' dir='ltr' id='par_1_18' title="bbox 235 1665 1929 1736">
     <span class='ocr_line' id='line_1_18' title="bbox 235 1665 1929 1736; baseline -0.001 -16"><span class='ocrx_word' id='word_1_122' title='bbox 235 1667 298 1720; x_wconf 95' lang='lat' dir='ltr'><strong>in</strong></span> <span class='ocrx_word' id='word_1_123' title='bbox 347 1665 679 1720; x_wconf 67' lang='lat' dir='ltr'><strong>aeternitatis</strong></span> <span class='ocrx_word' id='word_1_124' title='bbox 721 1665 1005 1720; x_wconf 89' lang='lat' dir='ltr'><strong>desiderio</strong></span> <span class='ocrx_word' id='word_1_125' title='bbox 1067 1665 1283 1736; x_wconf 84' lang='lat' dir='ltr'><strong>ﬁgitur,</strong></span> <span class='ocrx_word' id='word_1_126' title='bbox 1344 1666 1478 1719; x_wconf 89' lang='lat' dir='ltr'><strong>dum</strong></span> <span class='ocrx_word' id='word_1_127' title='bbox 1543 1666 1686 1720; x_wconf 87' lang='lat' dir='ltr'><strong>nihil</strong></span> <span class='ocrx_word' id='word_1_128' title='bbox 1743 1670 1826 1719; x_wconf 85' lang='lat' dir='ltr'><strong>est</strong></span> <span class='ocrx_word' id='word_1_129' title='bbox 1871 1666 1929 1719; x_wconf 92' lang='lat' dir='ltr'><strong>in</strong></span> 
     </span>
    </p>
   </div>
   <div class='ocr_carea' id='block_1_19' title="bbox 231 1754 1930 1825">
    <p class='ocr_par' dir='ltr' id='par_1_19' title="bbox 231 1754 1930 1825">
     <span class='ocr_line' id='line_1_19' title="bbox 231 1754 1930 1825; baseline -0.001 -16"><span class='ocrx_word' id='word_1_130' title='bbox 231 1755 454 1810; x_wconf 89' lang='lat' dir='ltr'><strong>mundo</strong></span> <span class='ocrx_word' id='word_1_131' title='bbox 480 1755 634 1825; x_wconf 92' lang='lat' dir='ltr'><strong>quod</strong></span> <span class='ocrx_word' id='word_1_132' title='bbox 661 1759 911 1824; x_wconf 88' lang='lat' dir='ltr'><strong>appetat,</strong></span> <span class='ocrx_word' id='word_1_133' title='bbox 946 1754 1090 1808; x_wconf 88' lang='lat' dir='ltr'><strong>nihil</strong></span> <span class='ocrx_word' id='word_1_134' title='bbox 1121 1758 1204 1808; x_wconf 91' lang='lat' dir='ltr'><strong>est</strong></span> <span class='ocrx_word' id='word_1_135' title='bbox 1229 1754 1382 1824; x_wconf 91' lang='lat' dir='ltr'><strong>quod</strong></span> <span class='ocrx_word' id='word_1_136' title='bbox 1433 1755 1502 1809; x_wconf 90' lang='lat' dir='ltr'><strong>de</strong></span> <span class='ocrx_word' id='word_1_137' title='bbox 1528 1755 1743 1808; x_wconf 90' lang='lat' dir='ltr'><strong>mundo</strong></span> <span class='ocrx_word' id='word_1_138' title='bbox 1800 1771 1930 1825; x_wconf 91' lang='lat' dir='ltr'><strong>per-</strong></span> 
     </span>
    </p>
   </div>
   <div class='ocr_carea' id='block_1_20' title="bbox 230 1845 516 1898">
    <p class='ocr_par' dir='ltr' id='par_1_20' title="bbox 230 1845 516 1898">
     <span class='ocr_line' id='line_1_20' title="bbox 230 1845 516 1898; baseline -0.007 0"><span class='ocrx_word' id='word_1_139' title='bbox 230 1845 516 1898; x_wconf 87' lang='lat' dir='ltr'><strong>timescat.</strong></span> 
     </span>
    </p>
   </div>
   <div class='ocr_carea' id='block_1_21' title="bbox 309 1930 1927 2001">
    <p class='ocr_par' dir='ltr' id='par_1_21' title="bbox 309 1930 1927 2001">
     <span class='ocr_line' id='line_1_21' title="bbox 309 1930 1927 2001; baseline 0.002 -19"><span class='ocrx_word' id='word_1_140' title='bbox 309 1951 337 1982; x_wconf 80' lang='grc' dir='ltr'>α</span> <span class='ocrx_word' id='word_1_141' title='bbox 384 1933 448 1985; x_wconf 88' lang='lat' dir='ltr'><strong>Et</strong></span> <span class='ocrx_word' id='word_1_142' title='bbox 470 1931 952 2001; x_wconf 90' lang='lat' dir='ltr'><strong>deprecabuntur.</strong></span> <span class='ocrx_word' id='word_1_143' title='bbox 988 1951 1014 1978; x_wconf 79' lang='grc'>›</span> <span class='ocrx_word' id='word_1_144' title='bbox 1052 1930 1216 1984; x_wconf 88' lang='lat' dir='ltr'><strong>Pravi</strong></span> <span class='ocrx_word' id='word_1_145' title='bbox 1247 1946 1376 1984; x_wconf 92' lang='lat' dir='ltr'><strong>cum</strong></span> <span class='ocrx_word' id='word_1_146' title='bbox 1408 1935 1558 1984; x_wconf 78' lang='lat' dir='ltr'><strong>recta</strong></span> <span class='ocrx_word' id='word_1_147' title='bbox 1591 1931 1927 2001; x_wconf 67' lang='lat' dir='ltr'><strong>praedicant.</strong></span> 
     </span>
    </p>
   </div>
   <div class='ocr_carea' id='block_1_22' title="bbox 231 2019 1930 2092">
    <p class='ocr_par' dir='ltr' id='par_1_22' title="bbox 231 2019 1930 2092">
     <span class='ocr_line' id='line_1_22' title="bbox 231 2019 1930 2092; baseline -0.001 -18"><span class='ocrx_word' id='word_1_148' title='bbox 231 2021 390 2092; x_wconf 90' lang='lat' dir='ltr'><strong>quod</strong></span> <span class='ocrx_word' id='word_1_149' title='bbox 421 2020 530 2091; x_wconf 91' lang='lat' dir='ltr'><strong>ipsi</strong></span> <span class='ocrx_word' id='word_1_150' title='bbox 556 2024 853 2090; x_wconf 90' lang='lat' dir='ltr'><strong>appetunt,</strong></span> <span class='ocrx_word' id='word_1_151' title='bbox 885 2019 993 2072; x_wconf 91' lang='lat' dir='ltr'><strong>hoc</strong></span> <span class='ocrx_word' id='word_1_152' title='bbox 1028 2019 1151 2072; x_wconf 86' lang='lat' dir='ltr'><strong>aliis</strong></span> <span class='ocrx_word' id='word_1_153' title='bbox 1183 2035 1286 2089; x_wconf 88' lang='lat' dir='ltr'><strong>pro</strong></span> <span class='ocrx_word' id='word_1_154' title='bbox 1317 2035 1526 2089; x_wconf 91' lang='lat' dir='ltr'><strong>magno</strong></span> <span class='ocrx_word' id='word_1_155' title='bbox 1558 2020 1930 2088; x_wconf 84' lang='lat' dir='ltr'><strong>pollicentur;</strong></span> 
     </span>
    </p>
   </div>
   <div class='ocr_carea' id='block_1_23' title="bbox 230 2107 1927 2178">
    <p class='ocr_par' dir='ltr' id='par_1_23' title="bbox 230 2107 1927 2178">
     <span class='ocr_line' id='line_1_23' title="bbox 230 2107 1927 2178; baseline 0 -17"><span class='ocrx_word' id='word_1_156' title='bbox 230 2108 332 2161; x_wconf 90' lang='lat' dir='ltr'><strong>sed</strong></span> <span class='ocrx_word' id='word_1_157' title='bbox 359 2125 431 2161; x_wconf 89' lang='lat' dir='ltr'><strong>ne</strong></span> <span class='ocrx_word' id='word_1_158' title='bbox 462 2108 558 2161; x_wconf 92' lang='lat' dir='ltr'><strong>diu</strong></span> <span class='ocrx_word' id='word_1_159' title='bbox 594 2107 918 2178; x_wconf 85' lang='lat' dir='ltr'><strong>pollicendo</strong></span> <span class='ocrx_word' id='word_1_160' title='bbox 950 2112 1201 2177; x_wconf 83' lang='lat' dir='ltr'><strong>patescat</strong></span> <span class='ocrx_word' id='word_1_161' title='bbox 1231 2108 1382 2178; x_wconf 90' lang='lat' dir='ltr'><strong>quod</strong></span> <span class='ocrx_word' id='word_1_162' title='bbox 1406 2112 1558 2172; x_wconf 88' lang='lat' dir='ltr'><strong>sunt,</strong></span> <span class='ocrx_word' id='word_1_163' title='bbox 1591 2109 1660 2161; x_wconf 92' lang='lat' dir='ltr'><strong>ad</strong></span> <span class='ocrx_word' id='word_1_164' title='bbox 1694 2109 1927 2162; x_wconf 90' lang='lat' dir='ltr'><strong>rectitu-</strong></span> 
     </span>
    </p>
   </div>
   <div class='ocr_carea' id='block_1_24' title="bbox 232 2196 1701 2264">
    <p class='ocr_par' dir='ltr' id='par_1_24' title="bbox 232 2196 1701 2264">
     <span class='ocr_line' id='line_1_24' title="bbox 232 2196 1701 2264; baseline 0 -14"><span class='ocrx_word' id='word_1_165' title='bbox 232 2196 386 2250; x_wconf 89' lang='lat' dir='ltr'><strong>dinis</strong></span> <span class='ocrx_word' id='word_1_166' title='bbox 418 2196 587 2250; x_wconf 88' lang='lat' dir='ltr'><strong>citius</strong></span> <span class='ocrx_word' id='word_1_167' title='bbox 611 2197 783 2250; x_wconf 91' lang='lat' dir='ltr'><strong>verba</strong></span> <span class='ocrx_word' id='word_1_168' title='bbox 803 2201 1189 2264; x_wconf 89' lang='lat' dir='ltr'><strong>revertuntur,</strong></span> <span class='ocrx_word' id='word_1_169' title='bbox 1219 2197 1373 2250; x_wconf 90' lang='lat' dir='ltr'><strong>unde</strong></span> <span class='ocrx_word' id='word_1_170' title='bbox 1405 2196 1701 2250; x_wconf 87' lang='lat' dir='ltr'><strong>subditur:</strong></span> 
     </span>
    </p>
   </div>
   <div class='ocr_carea' id='block_1_25' title="bbox 307 2285 1931 2356">
    <p class='ocr_par' dir='ltr' id='par_1_25' title="bbox 307 2285 1931 2356">
     <span class='ocr_line' id='line_1_25' title="bbox 307 2285 1931 2356; baseline 0 -18"><span class='ocrx_word' id='word_1_171' title='bbox 307 2286 475 2338; x_wconf 87' lang='lat' dir='ltr'><strong>Vens.</strong></span> <span class='ocrx_word' id='word_1_172' title='bbox 506 2287 595 2338; x_wconf 80' lang='lat'><strong>20.</strong></span> <span class='ocrx_word' id='word_1_173' title='bbox 627 2315 697 2324; x_wconf 90' lang='lat'><strong><em>—</em></strong></span> <span class='ocrx_word' id='word_1_174' title='bbox 732 2308 751 2334; x_wconf 86' lang='grc'><strong>‹</strong></span> <span class='ocrx_word' id='word_1_175' title='bbox 785 2285 946 2338; x_wconf 89' lang='lat' dir='ltr'><strong>Oculi</strong></span> <span class='ocrx_word' id='word_1_176' title='bbox 974 2291 1163 2338; x_wconf 88' lang='lat' dir='ltr'><strong>autem</strong></span> <span class='ocrx_word' id='word_1_177' title='bbox 1197 2285 1527 2356; x_wconf 92' lang='lat' dir='ltr'><strong>impiorum.</strong></span> <span class='ocrx_word' id='word_1_178' title='bbox 1569 2306 1588 2332; x_wconf 74' lang='grc' dir='ltr'><strong><em>ι</em></strong></span> <span class='ocrx_word' id='word_1_179' title='bbox 1625 2285 1931 2339; x_wconf 88' lang='lat' dir='ltr'><strong>Oculorum</strong></span> 
     </span>
    </p>
   </div>
   <div class='ocr_carea' id='block_1_26' title="bbox 233 2373 1932 2444">
    <p class='ocr_par' dir='ltr' id='par_1_26' title="bbox 233 2373 1932 2444">
     <span class='ocr_line' id='line_1_26' title="bbox 233 2373 1932 2444; baseline 0.001 -17"><span class='ocrx_word' id='word_1_180' title='bbox 233 2373 494 2439; x_wconf 90' lang='lat' dir='ltr'><strong>nomine,</strong></span> <span class='ocrx_word' id='word_1_181' title='bbox 537 2379 668 2439; x_wconf 92' lang='lat' dir='ltr'><strong>etc.,</strong></span> <span class='ocrx_word' id='word_1_182' title='bbox 709 2389 878 2442; x_wconf 86' lang='lat' dir='ltr'><strong>usque</strong></span> <span class='ocrx_word' id='word_1_183' title='bbox 907 2375 980 2428; x_wconf 87' lang='lat' dir='ltr'><strong>ad</strong></span> <span class='ocrx_word' id='word_1_184' title='bbox 1008 2390 1121 2444; x_wconf 90' lang='lat' dir='ltr'><strong>quo</strong></span> <span class='ocrx_word' id='word_1_185' title='bbox 1155 2391 1212 2427; x_wconf 90' lang='lat' dir='ltr'><strong>se</strong></span> <span class='ocrx_word' id='word_1_186' title='bbox 1245 2375 1431 2428; x_wconf 84' lang='lat' dir='ltr'><strong>valeat</strong></span> <span class='ocrx_word' id='word_1_187' title='bbox 1480 2374 1784 2440; x_wconf 87' lang='lat' dir='ltr'><strong>occultare,</strong></span> <span class='ocrx_word' id='word_1_188' title='bbox 1816 2390 1932 2428; x_wconf 91' lang='lat' dir='ltr'><strong>non</strong></span> 
     </span>
    </p>
   </div>
   <div class='ocr_carea' id='block_1_27' title="bbox 235 2462 476 2516">
    <p class='ocr_par' dir='ltr' id='par_1_27' title="bbox 235 2462 476 2516">
     <span class='ocr_line' id='line_1_27' title="bbox 235 2462 476 2516; baseline 0 0"><span class='ocrx_word' id='word_1_189' title='bbox 235 2462 476 2516; x_wconf 82' lang='lat' dir='ltr'><strong>invenit.</strong></span> 
     </span>
    </p>
   </div>
   <div class='ocr_carea' id='block_1_28' title="bbox 314 2549 1934 2621">
    <p class='ocr_par' dir='ltr' id='par_1_28' title="bbox 314 2549 1934 2621">
     <span class='ocr_line' id='line_1_28' title="bbox 314 2549 1934 2621; baseline 0.002 -21"><span class='ocrx_word' id='word_1_190' title='bbox 314 2575 334 2600; x_wconf 75' lang='grc' dir='ltr'><strong>ι</strong></span> <span class='ocrx_word' id='word_1_191' title='bbox 371 2553 434 2605; x_wconf 89' lang='lat' dir='ltr'><strong>Et</strong></span> <span class='ocrx_word' id='word_1_192' title='bbox 481 2567 608 2621; x_wconf 89' lang='lat' dir='ltr'><strong>spes</strong></span> <span class='ocrx_word' id='word_1_193' title='bbox 655 2550 886 2605; x_wconf 90' lang='lat' dir='ltr'><strong>illorum</strong></span> <span class='ocrx_word' id='word_1_194' title='bbox 948 2551 1316 2618; x_wconf 89' lang='lat' dir='ltr'><strong>abominatio,</strong></span> <span class='ocrx_word' id='word_1_195' title='bbox 1388 2557 1492 2605; x_wconf 90' lang='lat' dir='ltr'><strong>etc.</strong></span> <span class='ocrx_word' id='word_1_196' title='bbox 1551 2551 1740 2620; x_wconf 59' lang='lat' dir='ltr'><strong>(Ibid)</strong></span> <span class='ocrx_word' id='word_1_197' title='bbox 1791 2549 1934 2614; x_wconf 89' lang='lat' dir='ltr'><strong>Quia</strong></span> 
     </span>
    </p>
   </div>
   <div class='ocr_carea' id='block_1_29' title="bbox 239 2639 1934 2711">
    <p class='ocr_par' dir='ltr' id='par_1_29' title="bbox 239 2639 1934 2711">
     <span class='ocr_line' id='line_1_29' title="bbox 239 2639 1934 2711; baseline -0.001 -18"><span class='ocrx_word' id='word_1_198' title='bbox 239 2639 374 2694; x_wconf 89' lang='lat' dir='ltr'><strong>inde</strong></span> <span class='ocrx_word' id='word_1_199' title='bbox 412 2639 473 2693; x_wconf 89' lang='lat' dir='ltr'><strong>in</strong></span> <span class='ocrx_word' id='word_1_200' title='bbox 500 2645 845 2711; x_wconf 91' lang='lat' dir='ltr'><strong>perpetuum</strong></span> <span class='ocrx_word' id='word_1_201' title='bbox 877 2639 1110 2710; x_wconf 87' lang='lat' dir='ltr'><strong>spiritus</strong></span> <span class='ocrx_word' id='word_1_202' title='bbox 1149 2639 1370 2708; x_wconf 88' lang='lat' dir='ltr'><strong>interit,</strong></span> <span class='ocrx_word' id='word_1_203' title='bbox 1410 2639 1557 2693; x_wconf 91' lang='lat' dir='ltr'><strong>unde</strong></span> <span class='ocrx_word' id='word_1_204' title='bbox 1587 2639 1657 2692; x_wconf 92' lang='lat' dir='ltr'><strong>ad</strong></span> <span class='ocrx_word' id='word_1_205' title='bbox 1707 2645 1934 2708; x_wconf 89' lang='lat' dir='ltr'><strong>tempus</strong></span> 
     </span>
    </p>
   </div>
   <div class='ocr_carea' id='block_1_30' title="bbox 241 2727 826 2781">
    <p class='ocr_par' dir='ltr' id='par_1_30' title="bbox 241 2727 826 2781">
     <span class='ocr_line' id='line_1_30' title="bbox 241 2727 826 2781; baseline 0.002 -2"><span class='ocrx_word' id='word_1_206' title='bbox 241 2743 372 2780; x_wconf 88' lang='lat' dir='ltr'><strong>caro</strong></span> <span class='ocrx_word' id='word_1_207' title='bbox 401 2728 646 2781; x_wconf 88' lang='lat' dir='ltr'><strong>suaviter</strong></span> <span class='ocrx_word' id='word_1_208' title='bbox 672 2727 826 2781; x_wconf 87' lang='lat' dir='ltr'><strong>vivit.</strong></span> 
     </span>
    </p>
   </div>
   <div class='ocr_carea' id='block_1_31' title="bbox 898 2852 1276 2906">
    <p class='ocr_par' dir='ltr' id='par_1_31' title="bbox 898 2852 1276 2906">
     <span class='ocr_line' id='line_1_31' title="bbox 898 2852 1276 2906; baseline -0.003 0"><span class='ocrx_word' id='word_1_209' title='bbox 898 2852 1123 2906; x_wconf 86' lang='lat' dir='ltr'><strong>CAPUT</strong></span> <span class='ocrx_word' id='word_1_210' title='bbox 1155 2852 1276 2906; x_wconf 79' lang='lat' dir='ltr'><strong>XII.</strong></span> 
     </span>
    </p>
   </div>
   <div class='ocr_carea' id='block_1_32' title="bbox 311 2994 1634 3063">
    <p class='ocr_par' dir='ltr' id='par_1_32' title="bbox 311 2994 1634 3063">
     <span class='ocr_line' id='line_1_32' title="bbox 311 2994 1634 3063; baseline -0.001 -15"><span class='ocrx_word' id='word_1_211' title='bbox 311 2996 468 3048; x_wconf 85' lang='lat' dir='ltr'><strong>Vens.</strong></span> <span class='ocrx_word' id='word_1_212' title='bbox 523 2999 571 3048; x_wconf 89' lang='grc'><strong>1.</strong></span> <span class='ocrx_word' id='word_1_213' title='bbox 602 3025 669 3033; x_wconf 89' lang='grc'><strong><em>-</em></strong></span> <span class='ocrx_word' id='word_1_214' title='bbox 704 3017 723 3040; x_wconf 74' lang='grc' dir='ltr'><strong>ε</strong></span> <span class='ocrx_word' id='word_1_215' title='bbox 761 2994 1130 3063; x_wconf 82' lang='lat' dir='ltr'><strong>Respondens</strong></span> <span class='ocrx_word' id='word_1_216' title='bbox 1177 2998 1370 3047; x_wconf 88' lang='lat' dir='ltr'><strong>autem</strong></span> <span class='ocrx_word' id='word_1_217' title='bbox 1426 2995 1556 3048; x_wconf 83' lang='lat' dir='ltr'><strong>Job.</strong></span> <span class='ocrx_word' id='word_1_218' title='bbox 1616 3017 1634 3040; x_wconf 71' lang='grc' dir='ltr'><strong>ι»</strong></span> 
     </span>
    </p>
   </div>
   <div class='ocr_carea' id='block_1_33' title="bbox 242 3081 1933 3154">
    <p class='ocr_par' dir='ltr' id='par_1_33' title="bbox 242 3081 1933 3154">
     <span class='ocr_line' id='line_1_33' title="bbox 242 3081 1933 3154; baseline -0.001 -17"><span class='ocrx_word' id='word_1_219' title='bbox 242 3084 354 3137; x_wconf 83' lang='lat' dir='ltr'><strong>Hoc</strong></span> <span class='ocrx_word' id='word_1_220' title='bbox 384 3083 602 3154; x_wconf 88' lang='lat' dir='ltr'><strong>Sophar</strong></span> <span class='ocrx_word' id='word_1_221' title='bbox 624 3098 753 3136; x_wconf 89' lang='lat' dir='ltr'><strong>vere</strong></span> <span class='ocrx_word' id='word_1_222' title='bbox 786 3081 945 3146; x_wconf 82' lang='lat' dir='ltr'><strong>dixit,</strong></span> <span class='ocrx_word' id='word_1_223' title='bbox 980 3088 1110 3148; x_wconf 88' lang='lat' dir='ltr'><strong>etc.,</strong></span> <span class='ocrx_word' id='word_1_224' title='bbox 1145 3096 1313 3150; x_wconf 82' lang='lat' dir='ltr'><strong>usque</strong></span> <span class='ocrx_word' id='word_1_225' title='bbox 1352 3082 1426 3135; x_wconf 84' lang='lat' dir='ltr'><strong>ad</strong></span> <span class='ocrx_word' id='word_1_226' title='bbox 1482 3083 1632 3135; x_wconf 89' lang='lat' dir='ltr'><strong>unde</strong></span> <span class='ocrx_word' id='word_1_227' title='bbox 1661 3082 1766 3135; x_wconf 83' lang='lat' dir='ltr'><strong>Job</strong></span> <span class='ocrx_word' id='word_1_228' title='bbox 1797 3082 1933 3135; x_wconf 92' lang='lat' dir='ltr'><strong>sub-</strong></span> 
     </span>
    </p>
   </div>
   <div class='ocr_carea' id='block_1_34' title="bbox 235 3172 354 3225">
    <p class='ocr_par' dir='ltr' id='par_1_34' title="bbox 235 3172 354 3225">
     <span class='ocr_line' id='line_1_34' title="bbox 235 3172 354 3225; baseline -0.008 0"><span class='ocrx_word' id='word_1_229' title='bbox 235 3172 317 3225; x_wconf 87' lang='lat' dir='ltr'><strong>dit</strong></span> <span class='ocrx_word' id='word_1_230' title='bbox 341 3189 354 3224; x_wconf 90' lang='lat'><strong>:</strong></span> 
     </span>
    </p>
   </div>
   <div class='ocr_carea' id='block_1_35' title="bbox 305 3259 1931 3330">
    <p class='ocr_par' dir='ltr' id='par_1_35' title="bbox 305 3259 1931 3330">
     <span class='ocr_line' id='line_1_35' title="bbox 305 3259 1931 3330; baseline -0.001 -16"><span class='ocrx_word' id='word_1_231' title='bbox 305 3262 463 3314; x_wconf 87' lang='lat' dir='ltr'><strong>Vens.</strong></span> <span class='ocrx_word' id='word_1_232' title='bbox 494 3263 543 3313; x_wconf 81' lang='lat'><strong>2.</strong></span> <span class='ocrx_word' id='word_1_233' title='bbox 576 3293 643 3300; x_wconf 87' lang='lat'><strong><em>—</em></strong></span> <span class='ocrx_word' id='word_1_234' title='bbox 681 3284 701 3308; x_wconf 77' lang='grc' dir='ltr'>ι</span> <span class='ocrx_word' id='word_1_235' title='bbox 742 3262 884 3330; x_wconf 87' lang='lat' dir='ltr'><strong>Ergo</strong></span> <span class='ocrx_word' id='word_1_236' title='bbox 915 3277 1011 3313; x_wconf 91' lang='lat' dir='ltr'><strong>vos</strong></span> <span class='ocrx_word' id='word_1_237' title='bbox 1060 3260 1194 3313; x_wconf 86' lang='lat' dir='ltr'><strong>estis</strong></span> <span class='ocrx_word' id='word_1_238' title='bbox 1251 3259 1360 3313; x_wconf 92' lang='lat' dir='ltr'><strong>soli</strong></span> <span class='ocrx_word' id='word_1_239' title='bbox 1422 3259 1703 3313; x_wconf 85' lang='lat' dir='ltr'><strong>homines.</strong></span> <span class='ocrx_word' id='word_1_240' title='bbox 1754 3283 1772 3305; x_wconf 74' lang='grc' dir='ltr'><strong><em>ιι</em></strong></span> <span class='ocrx_word' id='word_1_241' title='bbox 1821 3260 1931 3323; x_wconf 86' lang='lat' dir='ltr'><strong>Qui</strong></span> 
     </span>
    </p>
   </div>
   <div class='ocr_carea' id='block_1_36' title="bbox 229 3347 1930 3418">
    <p class='ocr_par' dir='ltr' id='par_1_36' title="bbox 229 3347 1930 3418">
     <span class='ocr_line' id='line_1_36' title="bbox 229 3347 1930 3418; baseline -0.001 -16"><span class='ocrx_word' id='word_1_242' title='bbox 229 3365 290 3402; x_wconf 89' lang='lat' dir='ltr'><strong>se</strong></span> <span class='ocrx_word' id='word_1_243' title='bbox 323 3365 521 3402; x_wconf 89' lang='lat' dir='ltr'><strong>omnes</strong></span> <span class='ocrx_word' id='word_1_244' title='bbox 549 3347 756 3418; x_wconf 73' lang='lat' dir='ltr'><strong>praeire</strong></span> <span class='ocrx_word' id='word_1_245' title='bbox 795 3347 1016 3401; x_wconf 90' lang='lat' dir='ltr'><strong>ratione</strong></span> <span class='ocrx_word' id='word_1_246' title='bbox 1071 3352 1255 3417; x_wconf 88' lang='lat' dir='ltr'><strong>putat,</strong></span> <span class='ocrx_word' id='word_1_247' title='bbox 1301 3363 1359 3401; x_wconf 92' lang='lat' dir='ltr'><strong>se</strong></span> <span class='ocrx_word' id='word_1_248' title='bbox 1403 3348 1586 3400; x_wconf 89' lang='lat' dir='ltr'><strong>solum</strong></span> <span class='ocrx_word' id='word_1_249' title='bbox 1636 3348 1930 3401; x_wconf 84' lang='lat' dir='ltr'><strong>hominem</strong></span> 
     </span>
    </p>
   </div>
   <div class='ocr_carea' id='block_1_37' title="bbox 230 3435 1930 3504">
    <p class='ocr_par' dir='ltr' id='par_1_37' title="bbox 230 3435 1930 3504">
     <span class='ocr_line' id='line_1_37' title="bbox 230 3435 1930 3504; baseline 0 -14"><span class='ocrx_word' id='word_1_250' title='bbox 230 3454 356 3492; x_wconf 89' lang='lat' dir='ltr'><strong>esse</strong></span> <span class='ocrx_word' id='word_1_251' title='bbox 383 3437 641 3491; x_wconf 85' lang='lat' dir='ltr'><strong>exsultat.</strong></span> <span class='ocrx_word' id='word_1_252' title='bbox 690 3460 709 3485; x_wconf 68' lang='grc' dir='ltr'><strong>ε</strong></span> <span class='ocrx_word' id='word_1_253' title='bbox 769 3439 915 3504; x_wconf 76' lang='lat' dir='ltr'><strong>Ergo</strong></span> <span class='ocrx_word' id='word_1_254' title='bbox 964 3453 1059 3490; x_wconf 88' lang='lat' dir='ltr'><strong>vos</strong></span> <span class='ocrx_word' id='word_1_255' title='bbox 1105 3436 1237 3489; x_wconf 89' lang='lat' dir='ltr'><strong>estis</strong></span> <span class='ocrx_word' id='word_1_256' title='bbox 1295 3435 1397 3489; x_wconf 92' lang='lat' dir='ltr'><strong>soli</strong></span> <span class='ocrx_word' id='word_1_257' title='bbox 1450 3436 1728 3490; x_wconf 87' lang='lat' dir='ltr'><strong>homines.</strong></span> <span class='ocrx_word' id='word_1_258' title='bbox 1765 3459 1783 3483; x_wconf 74' lang='grc' dir='ltr'>ι</span> <span class='ocrx_word' id='word_1_259' title='bbox 1824 3437 1930 3500; x_wconf 89' lang='lat' dir='ltr'><strong>Qui</strong></span> 
     </span>
    </p>
   </div>
   <div class='ocr_carea' id='block_1_38' title="bbox 231 3525 1932 3596">
    <p class='ocr_par' dir='ltr' id='par_1_38' title="bbox 231 3525 1932 3596">
     <span class='ocr_line' id='line_1_38' title="bbox 231 3525 1932 3596; baseline 0 -16"><span class='ocrx_word' id='word_1_260' title='bbox 231 3527 391 3581; x_wconf 90' lang='lat' dir='ltr'><strong>enim</strong></span> <span class='ocrx_word' id='word_1_261' title='bbox 418 3542 477 3579; x_wconf 91' lang='lat' dir='ltr'><strong>se</strong></span> <span class='ocrx_word' id='word_1_262' title='bbox 500 3527 684 3579; x_wconf 91' lang='lat' dir='ltr'><strong>solum</strong></span> <span class='ocrx_word' id='word_1_263' title='bbox 716 3541 912 3595; x_wconf 89' lang='lat' dir='ltr'><strong>sapere</strong></span> <span class='ocrx_word' id='word_1_264' title='bbox 946 3526 1210 3590; x_wconf 66' lang='lat' dir='ltr'><strong>testimat,</strong></span> <span class='ocrx_word' id='word_1_265' title='bbox 1243 3525 1380 3596; x_wconf 90' lang='lat' dir='ltr'><strong>quid</strong></span> <span class='ocrx_word' id='word_1_266' title='bbox 1412 3525 1565 3580; x_wconf 91' lang='lat' dir='ltr'><strong>aliud</strong></span> <span class='ocrx_word' id='word_1_267' title='bbox 1589 3542 1757 3596; x_wconf 86' lang='lat' dir='ltr'><strong>quam</strong></span> <span class='ocrx_word' id='word_1_268' title='bbox 1789 3526 1932 3580; x_wconf 89' lang='lat' dir='ltr'><strong>hanc</strong></span> 
     </span>
    </p>
   </div>
   <div class='ocr_carea' id='block_1_39' title="bbox 231 3614 1515 3685">
    <p class='ocr_par' dir='ltr' id='par_1_39' title="bbox 231 3614 1515 3685">
     <span class='ocr_line' id='line_1_39' title="bbox 231 3614 1515 3685; baseline -0.002 -16"><span class='ocrx_word' id='word_1_269' title='bbox 231 3615 499 3670; x_wconf 87' lang='lat' dir='ltr'><strong>eamdem</strong></span> <span class='ocrx_word' id='word_1_270' title='bbox 526 3630 720 3668; x_wconf 85' lang='lat' dir='ltr'><strong>secum</strong></span> <span class='ocrx_word' id='word_1_271' title='bbox 755 3614 900 3667; x_wconf 90' lang='lat' dir='ltr'><strong>mori</strong></span> <span class='ocrx_word' id='word_1_272' title='bbox 931 3615 1273 3685; x_wconf 89' lang='lat' dir='ltr'><strong>sapientiam</strong></span> <span class='ocrx_word' id='word_1_273' title='bbox 1303 3615 1515 3684; x_wconf 85' lang='lat' dir='ltr'><strong>putat?</strong></span> 
     </span>
    </p>
   </div>
   <div class='ocr_carea' id='block_1_40' title="bbox 305 3703 1929 3758">
    <p class='ocr_par' dir='ltr' id='par_1_40' title="bbox 305 3703 1929 3758">
     <span class='ocr_line' id='line_1_40' title="bbox 305 3703 1929 3758; baseline 0.001 -2"><span class='ocrx_word' id='word_1_274' title='bbox 305 3705 476 3758; x_wconf 88' lang='lat' dir='ltr'><strong>Vens.</strong></span> <span class='ocrx_word' id='word_1_275' title='bbox 513 3707 563 3758; x_wconf 87' lang='lat'><strong>3.</strong></span> <span class='ocrx_word' id='word_1_276' title='bbox 597 3731 664 3744; x_wconf 89' lang='lat'>—</span> <span class='ocrx_word' id='word_1_277' title='bbox 701 3726 720 3751; x_wconf 85' lang='grc'><strong>‹</strong></span> <span class='ocrx_word' id='word_1_278' title='bbox 761 3705 824 3756; x_wconf 85' lang='lat' dir='ltr'><strong>Et</strong></span> <span class='ocrx_word' id='word_1_279' title='bbox 855 3703 997 3757; x_wconf 91' lang='lat' dir='ltr'><strong>mihi</strong></span> <span class='ocrx_word' id='word_1_280' title='bbox 1050 3708 1133 3757; x_wconf 91' lang='lat' dir='ltr'><strong>est</strong></span> <span class='ocrx_word' id='word_1_281' title='bbox 1163 3719 1262 3757; x_wconf 93' lang='lat' dir='ltr'><strong>cor</strong></span> <span class='ocrx_word' id='word_1_282' title='bbox 1329 3703 1490 3756; x_wconf 90' lang='lat' dir='ltr'><strong>sicut.</strong></span> <span class='ocrx_word' id='word_1_283' title='bbox 1550 3725 1567 3748; x_wconf 75' lang='grc' dir='ltr'><strong><em>ι</em></strong></span> <span class='ocrx_word' id='word_1_284' title='bbox 1628 3704 1694 3756; x_wconf 74' lang='lat' dir='ltr'><strong>L’t</strong></span> <span class='ocrx_word' id='word_1_285' title='bbox 1731 3719 1929 3757; x_wconf 88' lang='lat' dir='ltr'><strong>eorum</strong></span> 
     </span>
    </p>
   </div>
   <div class='ocr_carea' id='block_1_41' title="bbox 226 3791 1932 3862">
    <p class='ocr_par' dir='ltr' id='par_1_41' title="bbox 226 3791 1932 3862">
     <span class='ocr_line' id='line_1_41' title="bbox 226 3791 1932 3862; baseline -0.001 -16"><span class='ocrx_word' id='word_1_286' title='bbox 226 3791 565 3862; x_wconf 87' lang='lat' dir='ltr'><strong>superbiam</strong></span> <span class='ocrx_word' id='word_1_287' title='bbox 617 3791 881 3861; x_wconf 88' lang='lat' dir='ltr'><strong>corrigat,</strong></span> <span class='ocrx_word' id='word_1_288' title='bbox 937 3807 1057 3845; x_wconf 86' lang='lat' dir='ltr'><strong>esse</strong></span> <span class='ocrx_word' id='word_1_289' title='bbox 1122 3808 1179 3844; x_wconf 91' lang='lat' dir='ltr'><strong>se</strong></span> <span class='ocrx_word' id='word_1_290' title='bbox 1239 3791 1573 3844; x_wconf 88' lang='lat' dir='ltr'><strong>inferiorem</strong></span> <span class='ocrx_word' id='word_1_291' title='bbox 1624 3797 1827 3861; x_wconf 84' lang='lat' dir='ltr'><strong>negat;</strong></span> <span class='ocrx_word' id='word_1_292' title='bbox 1877 3796 1932 3845; x_wconf 89' lang='lat' dir='ltr'><strong>et</strong></span> 
     </span>
    </p>
   </div>
   <div class='ocr_carea' id='block_1_42' title="bbox 223 3880 1929 3949">
    <p class='ocr_par' dir='ltr' id='par_1_42' title="bbox 223 3880 1929 3949">
     <span class='ocr_line' id='line_1_42' title="bbox 223 3880 1929 3949; baseline 0 -15"><span class='ocrx_word' id='word_1_293' title='bbox 223 3898 306 3936; x_wconf 87' lang='lat' dir='ltr'><strong>ne</strong></span> <span class='ocrx_word' id='word_1_294' title='bbox 358 3897 476 3935; x_wconf 72' lang='lat' dir='ltr'><strong>sua:</strong></span> <span class='ocrx_word' id='word_1_295' title='bbox 534 3880 875 3934; x_wconf 86' lang='lat' dir='ltr'><strong>humilitatis</strong></span> <span class='ocrx_word' id='word_1_296' title='bbox 935 3881 1175 3934; x_wconf 87' lang='lat' dir='ltr'><strong>limitem</strong></span> <span class='ocrx_word' id='word_1_297' title='bbox 1233 3885 1497 3944; x_wconf 85' lang='lat' dir='ltr'><strong>transeat,</strong></span> <span class='ocrx_word' id='word_1_298' title='bbox 1562 3896 1621 3933; x_wconf 87' lang='lat' dir='ltr'><strong>se</strong></span> <span class='ocrx_word' id='word_1_299' title='bbox 1673 3880 1929 3949; x_wconf 86' lang='lat' dir='ltr'><strong>superio-</strong></span> 
     </span>
    </p>
   </div>
   <div class='ocr_carea' id='block_1_43' title="bbox 219 3968 1930 4040">
    <p class='ocr_par' dir='ltr' id='par_1_43' title="bbox 219 3968 1930 4040">
     <span class='ocr_line' id='line_1_43' title="bbox 219 3968 1930 4040; baseline 0 -17"><span class='ocrx_word' id='word_1_300' title='bbox 219 3986 356 4024; x_wconf 86' lang='lat' dir='ltr'><strong>rem</strong></span> <span class='ocrx_word' id='word_1_301' title='bbox 389 3974 552 4023; x_wconf 90' lang='lat' dir='ltr'><strong>tacet.</strong></span> <span class='ocrx_word' id='word_1_302' title='bbox 601 3971 736 4023; x_wconf 89' lang='lat' dir='ltr'><strong>Ecce</strong></span> <span class='ocrx_word' id='word_1_303' title='bbox 765 3985 938 4039; x_wconf 88' lang='lat' dir='ltr'><strong>quam</strong></span> <span class='ocrx_word' id='word_1_304' title='bbox 969 3969 1228 4036; x_wconf 90' lang='lat' dir='ltr'><strong>discrete,</strong></span> <span class='ocrx_word' id='word_1_305' title='bbox 1263 3968 1322 4022; x_wconf 90' lang='lat' dir='ltr'><strong>in</strong></span> <span class='ocrx_word' id='word_1_306' title='bbox 1353 3985 1466 4040; x_wconf 94' lang='lat' dir='ltr'><strong>quo</strong></span> <span class='ocrx_word' id='word_1_307' title='bbox 1517 3968 1734 4022; x_wconf 90' lang='lat' dir='ltr'><strong>indicat</strong></span> <span class='ocrx_word' id='word_1_308' title='bbox 1777 3970 1930 4039; x_wconf 91' lang='lat' dir='ltr'><strong>quod</strong></span> 
     </span>
    </p>
   </div>
   <div class='ocr_carea' id='block_1_44' title="bbox 222 4058 1078 4113">
    <p class='ocr_par' dir='ltr' id='par_1_44' title="bbox 222 4058 1078 4113">
     <span class='ocr_line' id='line_1_44' title="bbox 222 4058 1078 4113; baseline -0.004 0"><span class='ocrx_word' id='word_1_309' title='bbox 222 4059 318 4113; x_wconf 92' lang='lat' dir='ltr'><strong>illi</strong></span> <span class='ocrx_word' id='word_1_310' title='bbox 350 4059 421 4112; x_wconf 91' lang='lat' dir='ltr'><strong>de</strong></span> <span class='ocrx_word' id='word_1_311' title='bbox 455 4075 513 4111; x_wconf 91' lang='lat' dir='ltr'><strong>se</strong></span> <span class='ocrx_word' id='word_1_312' title='bbox 544 4058 755 4112; x_wconf 89' lang='lat' dir='ltr'><strong>sentire</strong></span> <span class='ocrx_word' id='word_1_313' title='bbox 785 4059 1078 4112; x_wconf 87' lang='lat' dir='ltr'><strong>deberent.</strong></span> 
     </span>
    </p>
   </div>
   <div class='ocr_carea' id='block_1_45' title="bbox 310 4145 1929 4216">
    <p class='ocr_par' dir='ltr' id='par_1_45' title="bbox 310 4145 1929 4216">
     <span class='ocr_line' id='line_1_45' title="bbox 310 4145 1929 4216; baseline -0.001 -18"><span class='ocrx_word' id='word_1_314' title='bbox 310 4146 496 4209; x_wconf 74' lang='lat' dir='ltr'><strong>«Quis</strong></span> <span class='ocrx_word' id='word_1_315' title='bbox 556 4146 712 4199; x_wconf 89' lang='lat' dir='ltr'><strong>enim</strong></span> <span class='ocrx_word' id='word_1_316' title='bbox 768 4147 890 4199; x_wconf 68' lang='lat' dir='ltr'><strong>haac</strong></span> <span class='ocrx_word' id='word_1_317' title='bbox 938 4163 1066 4216; x_wconf 72' lang='lat' dir='ltr'><strong>quae</strong></span> <span class='ocrx_word' id='word_1_318' title='bbox 1110 4146 1288 4200; x_wconf 86' lang='lat' dir='ltr'><strong>nostis</strong></span> <span class='ocrx_word' id='word_1_319' title='bbox 1348 4146 1622 4216; x_wconf 79' lang='lat' dir='ltr'><strong>ignorat?</strong></span> <span class='ocrx_word' id='word_1_320' title='bbox 1658 4170 1676 4192; x_wconf 70' lang='grc' dir='ltr'><strong>ιν</strong></span> <span class='ocrx_word' id='word_1_321' title='bbox 1731 4149 1807 4199; x_wconf 92' lang='lat' dir='ltr'><strong>Ac</strong></span> <span class='ocrx_word' id='word_1_322' title='bbox 1883 4145 1929 4198; x_wconf 89' lang='lat' dir='ltr'><strong>si</strong></span> 
     </span>
    </p>
   </div>
   <div class='ocr_carea' id='block_1_46' title="bbox 223 4235 1928 4305">
    <p class='ocr_par' dir='ltr' id='par_1_46' title="bbox 223 4235 1928 4305">
     <span class='ocr_line' id='line_1_46' title="bbox 223 4235 1928 4305; baseline -0.001 -15"><span class='ocrx_word' id='word_1_323' title='bbox 223 4235 422 4290; x_wconf 79' lang='lat' dir='ltr'><strong>dicat:</strong></span> <span class='ocrx_word' id='word_1_324' title='bbox 456 4236 598 4290; x_wconf 87' lang='lat' dir='ltr'><strong>Cum</strong></span> <span class='ocrx_word' id='word_1_325' title='bbox 625 4235 842 4288; x_wconf 91' lang='lat' dir='ltr'><strong>cunctis</strong></span> <span class='ocrx_word' id='word_1_326' title='bbox 867 4235 982 4288; x_wconf 90' lang='lat' dir='ltr'><strong>sint</strong></span> <span class='ocrx_word' id='word_1_327' title='bbox 1010 4241 1144 4288; x_wconf 89' lang='lat' dir='ltr'><strong>nota</strong></span> <span class='ocrx_word' id='word_1_328' title='bbox 1194 4252 1324 4305; x_wconf 72' lang='lat' dir='ltr'><strong>quae</strong></span> <span class='ocrx_word' id='word_1_329' title='bbox 1367 4235 1570 4302; x_wconf 90' lang='lat' dir='ltr'><strong>dicitis,</strong></span> <span class='ocrx_word' id='word_1_330' title='bbox 1631 4235 1698 4289; x_wconf 91' lang='lat' dir='ltr'><strong>de</strong></span> <span class='ocrx_word' id='word_1_331' title='bbox 1752 4235 1928 4288; x_wconf 91' lang='lat' dir='ltr'><strong>dicto-</strong></span> 
     </span>
    </p>
   </div>
   <div class='ocr_carea' id='block_1_47' title="bbox 220 4323 1446 4393">
    <p class='ocr_par' dir='ltr' id='par_1_47' title="bbox 220 4323 1446 4393">
     <span class='ocr_line' id='line_1_47' title="bbox 220 4323 1446 4393; baseline -0.001 -15"><span class='ocrx_word' id='word_1_332' title='bbox 220 4341 359 4378; x_wconf 86' lang='lat' dir='ltr'><strong>rum</strong></span> <span class='ocrx_word' id='word_1_333' title='bbox 393 4323 629 4376; x_wconf 88' lang='lat' dir='ltr'><strong>scientia</strong></span> <span class='ocrx_word' id='word_1_334' title='bbox 650 4340 753 4376; x_wconf 92' lang='lat' dir='ltr'><strong>cur</strong></span> <span class='ocrx_word' id='word_1_335' title='bbox 777 4323 1147 4393; x_wconf 81' lang='lat' dir='ltr'><strong>singulariter</strong></span> <span class='ocrx_word' id='word_1_336' title='bbox 1167 4324 1401 4377; x_wconf 89' lang='lat' dir='ltr'><strong>tumetis</strong></span> <span class='ocrx_word' id='word_1_337' title='bbox 1417 4326 1446 4378; x_wconf 83' lang='lat'>?</span> 
     </span>
    </p>
   </div>
   <div class='ocr_carea' id='block_1_48' title="bbox 304 4411 1928 4483">
    <p class='ocr_par' dir='ltr' id='par_1_48' title="bbox 304 4411 1928 4483">
     <span class='ocr_line' id='line_1_48' title="bbox 304 4411 1928 4483; baseline 0 -19"><span class='ocrx_word' id='word_1_338' title='bbox 304 4414 471 4467; x_wconf 84' lang='lat' dir='ltr'><strong>Vens.</strong></span> <span class='ocrx_word' id='word_1_339' title='bbox 505 4415 565 4468; x_wconf 71' lang='grc'><strong>«1.</strong></span> <span class='ocrx_word' id='word_1_340' title='bbox 603 4442 670 4452; x_wconf 88' lang='grc'><strong><em>-</em></strong></span> <span class='ocrx_word' id='word_1_341' title='bbox 705 4434 723 4460; x_wconf 77' lang='grc' dir='ltr'>ι</span> <span class='ocrx_word' id='word_1_342' title='bbox 757 4412 863 4476; x_wconf 91' lang='lat' dir='ltr'><strong>Qui</strong></span> <span class='ocrx_word' id='word_1_343' title='bbox 909 4412 1218 4467; x_wconf 88' lang='lat' dir='ltr'><strong>deridetur.</strong></span> <span class='ocrx_word' id='word_1_344' title='bbox 1253 4435 1272 4460; x_wconf 74' lang='grc' dir='ltr'><strong><em>ι</em></strong></span> <span class='ocrx_word' id='word_1_345' title='bbox 1327 4413 1516 4483; x_wconf 55' lang='lat' dir='ltr'><strong>(Ibid)</strong></span> <span class='ocrx_word' id='word_1_346' title='bbox 1568 4411 1711 4476; x_wconf 91' lang='lat' dir='ltr'><strong>Quia</strong></span> <span class='ocrx_word' id='word_1_347' title='bbox 1766 4411 1928 4464; x_wconf 91' lang='lat' dir='ltr'><strong>illum</strong></span> 
     </span>
    </p>
   </div>
   <div class='ocr_carea' id='block_1_49' title="bbox 219 4500 1928 4572">
    <p class='ocr_par' dir='ltr' id='par_1_49' title="bbox 219 4500 1928 4572">
     <span class='ocr_line' id='line_1_49' title="bbox 219 4500 1928 4572; baseline -0.001 -16"><span class='ocrx_word' id='word_1_348' title='bbox 219 4502 364 4556; x_wconf 88' lang='lat' dir='ltr'><strong>facit</strong></span> <span class='ocrx_word' id='word_1_349' title='bbox 393 4503 648 4555; x_wconf 88' lang='lat' dir='ltr'><strong>humana</strong></span> <span class='ocrx_word' id='word_1_350' title='bbox 679 4501 887 4554; x_wconf 91' lang='lat' dir='ltr'><strong>derisio</strong></span> <span class='ocrx_word' id='word_1_351' title='bbox 918 4503 1032 4554; x_wconf 94' lang='lat' dir='ltr'><strong>Deo</strong></span> <span class='ocrx_word' id='word_1_352' title='bbox 1087 4502 1431 4571; x_wconf 82' lang='lat' dir='ltr'><strong>proximum,</strong></span> <span class='ocrx_word' id='word_1_353' title='bbox 1479 4518 1650 4572; x_wconf 89' lang='lat' dir='ltr'><strong>quem</strong></span> <span class='ocrx_word' id='word_1_354' title='bbox 1698 4501 1768 4554; x_wconf 89' lang='lat' dir='ltr'><strong>ab</strong></span> <span class='ocrx_word' id='word_1_355' title='bbox 1821 4500 1928 4554; x_wconf 84' lang='lat' dir='ltr'><strong>hu-</strong></span> 
     </span>
    </p>
   </div>
   <div class='ocr_carea' id='block_1_50' title="bbox 221 4589 1923 4658">
    <p class='ocr_par' dir='ltr' id='par_1_50' title="bbox 221 4589 1923 4658">
     <span class='ocr_line' id='line_1_50' title="bbox 221 4589 1923 4658; baseline -0.002 -14"><span class='ocrx_word' id='word_1_356' title='bbox 221 4589 419 4644; x_wconf 88' lang='lat' dir='ltr'><strong>manis</strong></span> <span class='ocrx_word' id='word_1_357' title='bbox 451 4590 828 4658; x_wconf 87' lang='lat' dir='ltr'><strong>pravitatibus</strong></span> <span class='ocrx_word' id='word_1_358' title='bbox 859 4590 986 4643; x_wconf 63' lang='lat' dir='ltr'><strong>vita:</strong></span> <span class='ocrx_word' id='word_1_359' title='bbox 1017 4590 1403 4643; x_wconf 89' lang='lat' dir='ltr'><strong>innocentiam</strong></span> <span class='ocrx_word' id='word_1_360' title='bbox 1435 4595 1617 4643; x_wconf 87' lang='lat' dir='ltr'><strong>servat</strong></span> <span class='ocrx_word' id='word_1_361' title='bbox 1649 4590 1923 4641; x_wconf 91' lang='lat' dir='ltr'><strong>alienum.</strong></span> 
     </span>
    </p>
   </div>
   <div class='ocr_carea' id='block_1_51' title="bbox 303 4678 1927 4748">
    <p class='ocr_par' dir='ltr' id='par_1_51' title="bbox 303 4678 1927 4748">
     <span class='ocr_line' id='line_1_51' title="bbox 303 4678 1927 4748; baseline -0.001 -17"><span class='ocrx_word' id='word_1_362' title='bbox 303 4681 462 4732; x_wconf 83' lang='lat' dir='ltr'><strong>Vens.</strong></span> <span class='ocrx_word' id='word_1_363' title='bbox 497 4683 547 4732; x_wconf 81' lang='grc'><strong>5.</strong></span> <span class='ocrx_word' id='word_1_364' title='bbox 581 4709 648 4717; x_wconf 92' lang='lat'>—</span> <span class='ocrx_word' id='word_1_365' title='bbox 677 4701 696 4726; x_wconf 86' lang='grc'><strong>‹</strong></span> <span class='ocrx_word' id='word_1_366' title='bbox 745 4680 982 4748; x_wconf 87' lang='lat' dir='ltr'><strong>Lampas</strong></span> <span class='ocrx_word' id='word_1_367' title='bbox 1021 4685 1367 4748; x_wconf 88' lang='lat' dir='ltr'><strong>contempta.</strong></span> <span class='ocrx_word' id='word_1_368' title='bbox 1409 4702 1428 4726; x_wconf 74' lang='grc' dir='ltr'><strong><em>ι</em></strong></span> <span class='ocrx_word' id='word_1_369' title='bbox 1461 4679 1650 4748; x_wconf 62' lang='lat' dir='ltr'><strong>(Ibid)</strong></span> <span class='ocrx_word' id='word_1_370' title='bbox 1687 4678 1927 4732; x_wconf 84' lang='lat' dir='ltr'><strong>Nomine</strong></span> 
     </span>
    </p>
   </div>
   <div class='ocr_carea' id='block_1_52' title="bbox 220 4767 1926 4837">
    <p class='ocr_par' dir='ltr' id='par_1_52' title="bbox 220 4767 1926 4837">
     <span class='ocr_line' id='line_1_52' title="bbox 220 4767 1926 4837; baseline -0.003 -14"><span class='ocrx_word' id='word_1_371' title='bbox 220 4767 479 4823; x_wconf 90' lang='lat' dir='ltr'><strong>divitum</strong></span> <span class='ocrx_word' id='word_1_372' title='bbox 497 4767 754 4837; x_wconf 82' lang='lat' dir='ltr'><strong>designat</strong></span> <span class='ocrx_word' id='word_1_373' title='bbox 788 4767 1096 4821; x_wconf 89' lang='lat' dir='ltr'><strong>elationem</strong></span> <span class='ocrx_word' id='word_1_374' title='bbox 1127 4768 1537 4836; x_wconf 87' lang='lat' dir='ltr'><strong>superborum;</strong></span> <span class='ocrx_word' id='word_1_375' title='bbox 1563 4767 1704 4835; x_wconf 84' lang='lat' dir='ltr'><strong>justi</strong></span> <span class='ocrx_word' id='word_1_376' title='bbox 1734 4772 1926 4819; x_wconf 90' lang='lat' dir='ltr'><strong>autem</strong></span> 
     </span>
    </p>
   </div>
   <div class='ocr_carea' id='block_1_53' title="bbox 220 4856 1924 4926">
    <p class='ocr_par' dir='ltr' id='par_1_53' title="bbox 220 4856 1924 4926">
     <span class='ocr_line' id='line_1_53' title="bbox 220 4856 1924 4926; baseline -0.002 -16"><span class='ocrx_word' id='word_1_377' title='bbox 220 4856 568 4925; x_wconf 86' lang='lat' dir='ltr'><strong>simplicitas</strong></span> <span class='ocrx_word' id='word_1_378' title='bbox 599 4861 656 4908; x_wconf 89' lang='lat' dir='ltr'><strong>et</strong></span> <span class='ocrx_word' id='word_1_379' title='bbox 702 4857 918 4926; x_wconf 88' lang='lat' dir='ltr'><strong>lampas</strong></span> <span class='ocrx_word' id='word_1_380' title='bbox 948 4856 1242 4918; x_wconf 90' lang='lat' dir='ltr'><strong>dicitur,et</strong></span> <span class='ocrx_word' id='word_1_381' title='bbox 1283 4861 1638 4926; x_wconf 90' lang='lat' dir='ltr'><strong>contempta:</strong></span> <span class='ocrx_word' id='word_1_382' title='bbox 1689 4857 1924 4924; x_wconf 86' lang='lat' dir='ltr'><strong>lampas,</strong></span> 
     </span>
    </p>
   </div>
   <div class='ocr_carea' id='block_1_54' title="bbox 219 4941 1926 5014">
    <p class='ocr_par' dir='ltr' id='par_1_54' title="bbox 219 4941 1926 5014">
     <span class='ocr_line' id='line_1_54' title="bbox 219 4941 1926 5014; baseline -0.001 -19"><span class='ocrx_word' id='word_1_383' title='bbox 219 4943 370 5014; x_wconf 91' lang='lat' dir='ltr'><strong>quia</strong></span> <span class='ocrx_word' id='word_1_384' title='bbox 400 4941 639 4994; x_wconf 89' lang='lat' dir='ltr'><strong>interius</strong></span> <span class='ocrx_word' id='word_1_385' title='bbox 669 4943 854 5007; x_wconf 90' lang='lat' dir='ltr'><strong>lucet;</strong></span> <span class='ocrx_word' id='word_1_386' title='bbox 904 4947 1248 5012; x_wconf 90' lang='lat' dir='ltr'><strong>contempta,</strong></span> <span class='ocrx_word' id='word_1_387' title='bbox 1307 4942 1444 5013; x_wconf 89' lang='lat' dir='ltr'><strong>quia</strong></span> <span class='ocrx_word' id='word_1_388' title='bbox 1500 4942 1649 5012; x_wconf 90' lang='lat' dir='ltr'><strong>apud</strong></span> <span class='ocrx_word' id='word_1_389' title='bbox 1707 4949 1926 4995; x_wconf 90' lang='lat' dir='ltr'><strong>mentes</strong></span> 
     </span>
    </p>
   </div>
   <div class='ocr_carea' id='block_1_55' title="bbox 216 5030 1161 5099">
    <p class='ocr_par' dir='ltr' id='par_1_55' title="bbox 216 5030 1161 5099">
     <span class='ocr_line' id='line_1_55' title="bbox 216 5030 1161 5099; baseline -0.002 -14"><span class='ocrx_word' id='word_1_390' title='bbox 216 5030 551 5086; x_wconf 88' lang='lat' dir='ltr'><strong>carnalium</strong></span> <span class='ocrx_word' id='word_1_391' title='bbox 577 5030 796 5099; x_wconf 89' lang='lat' dir='ltr'><strong>abjecta</strong></span> <span class='ocrx_word' id='word_1_392' title='bbox 825 5031 1161 5084; x_wconf 64' lang='lat' dir='ltr'><strong>aestimatur.</strong></span> 
     </span>
    </p>
   </div>
   <div class='ocr_carea' id='block_1_56' title="bbox 310 5119 1923 5190">
    <p class='ocr_par' dir='ltr' id='par_1_56' title="bbox 310 5119 1923 5190">
     <span class='ocr_line' id='line_1_56' title="bbox 310 5119 1923 5190; baseline 0.001 -23"><span class='ocrx_word' id='word_1_393' title='bbox 310 5142 328 5167; x_wconf 76' lang='grc' dir='ltr'>ι</span> <span class='ocrx_word' id='word_1_394' title='bbox 366 5121 568 5172; x_wconf 87' lang='lat' dir='ltr'><strong>Parata</strong></span> <span class='ocrx_word' id='word_1_395' title='bbox 617 5119 684 5173; x_wconf 91' lang='lat' dir='ltr'><strong>ad</strong></span> <span class='ocrx_word' id='word_1_396' title='bbox 747 5125 973 5190; x_wconf 89' lang='lat' dir='ltr'><strong>tempus</strong></span> <span class='ocrx_word' id='word_1_397' title='bbox 1031 5124 1326 5173; x_wconf 90' lang='lat' dir='ltr'><strong>statutum.</strong></span> <span class='ocrx_word' id='word_1_398' title='bbox 1367 5141 1386 5166; x_wconf 78' lang='grc' dir='ltr'><strong><em>ι</em></strong></span> <span class='ocrx_word' id='word_1_399' title='bbox 1451 5119 1739 5174; x_wconf 89' lang='lat' dir='ltr'><strong>Statutum</strong></span> <span class='ocrx_word' id='word_1_400' title='bbox 1790 5134 1923 5170; x_wconf 88' lang='lat' dir='ltr'><strong>con-</strong></span> 
     </span>
    </p>
   </div>
   <div class='ocr_carea' id='block_1_57' title="bbox 213 5206 1927 5279">
    <p class='ocr_par' dir='ltr' id='par_1_57' title="bbox 213 5206 1927 5279">
     <span class='ocr_line' id='line_1_57' title="bbox 213 5206 1927 5279; baseline -0.003 -16"><span class='ocrx_word' id='word_1_401' title='bbox 213 5213 461 5278; x_wconf 66' lang='lat' dir='ltr'><strong>temptae</strong></span> <span class='ocrx_word' id='word_1_402' title='bbox 494 5208 775 5277; x_wconf 87' lang='lat' dir='ltr'><strong>lampadis</strong></span> <span class='ocrx_word' id='word_1_403' title='bbox 805 5214 1054 5279; x_wconf 90' lang='lat' dir='ltr'><strong>tempus,</strong></span> <span class='ocrx_word' id='word_1_404' title='bbox 1089 5215 1171 5262; x_wconf 90' lang='lat' dir='ltr'><strong>est</strong></span> <span class='ocrx_word' id='word_1_405' title='bbox 1201 5207 1436 5261; x_wconf 83' lang='lat' dir='ltr'><strong>extremi</strong></span> <span class='ocrx_word' id='word_1_406' title='bbox 1463 5206 1666 5276; x_wconf 87' lang='lat' dir='ltr'><strong>judicii</strong></span> <span class='ocrx_word' id='word_1_407' title='bbox 1707 5207 1927 5275; x_wconf 65' lang='lat' dir='ltr'><strong>prende-</strong></span> 
     </span>
    </p>
   </div>
   <div class='ocr_carea' id='block_1_58' title="bbox 215 5293 1926 5367">
    <p class='ocr_par' dir='ltr' id='par_1_58' title="bbox 215 5293 1926 5367">
     <span class='ocr_line' id='line_1_58' title="bbox 215 5293 1926 5367; baseline -0.004 -15"><span class='ocrx_word' id='word_1_408' title='bbox 215 5296 475 5352; x_wconf 83' lang='lat' dir='ltr'><strong>stinatus</strong></span> <span class='ocrx_word' id='word_1_409' title='bbox 506 5296 646 5356; x_wconf 89' lang='lat' dir='ltr'><strong>dies.</strong></span> <span class='ocrx_word' id='word_1_410' title='bbox 698 5313 812 5367; x_wconf 89' lang='lat' dir='ltr'><strong>quo</strong></span> <span class='ocrx_word' id='word_1_411' title='bbox 838 5297 1026 5366; x_wconf 86' lang='lat' dir='ltr'><strong>justus</strong></span> <span class='ocrx_word' id='word_1_412' title='bbox 1079 5296 1321 5367; x_wconf 87' lang='lat' dir='ltr'><strong>quisque</strong></span> <span class='ocrx_word' id='word_1_413' title='bbox 1361 5296 1461 5366; x_wconf 90' lang='lat' dir='ltr'><strong>qui</strong></span> <span class='ocrx_word' id='word_1_414' title='bbox 1499 5311 1650 5348; x_wconf 91' lang='lat' dir='ltr'><strong>nunc</strong></span> <span class='ocrx_word' id='word_1_415' title='bbox 1689 5293 1926 5364; x_wconf 90' lang='lat' dir='ltr'><strong>despici-</strong></span> 
     </span>
    </p>
   </div>
   <div class='ocr_carea' id='block_1_59' title="bbox 214 5385 1611 5456">
    <p class='ocr_par' dir='ltr' id='par_1_59' title="bbox 214 5385 1611 5456">
     <span class='ocr_line' id='line_1_59' title="bbox 214 5385 1611 5456; baseline -0.002 -16"><span class='ocrx_word' id='word_1_416' title='bbox 214 5392 346 5449; x_wconf 88' lang='lat' dir='ltr'><strong>tur,</strong></span> <span class='ocrx_word' id='word_1_417' title='bbox 380 5389 595 5454; x_wconf 89' lang='lat' dir='ltr'><strong>quanta</strong></span> <span class='ocrx_word' id='word_1_418' title='bbox 615 5389 894 5454; x_wconf 87' lang='lat' dir='ltr'><strong>potestate</strong></span> <span class='ocrx_word' id='word_1_419' title='bbox 928 5385 1141 5456; x_wconf 87' lang='lat' dir='ltr'><strong>fulgeat</strong></span> <span class='ocrx_word' id='word_1_420' title='bbox 1170 5386 1611 5440; x_wconf 90' lang='lat' dir='ltr'><strong>demonstratur.</strong></span> 
     </span>
    </p>
   </div>
   <div class='ocr_carea' id='block_1_60' title="bbox 301 5472 1918 5542">
    <p class='ocr_par' dir='ltr' id='par_1_60' title="bbox 301 5472 1918 5542">
     <span class='ocr_line' id='line_1_60' title="bbox 301 5472 1918 5542; baseline 0 -17"><span class='ocrx_word' id='word_1_421' title='bbox 301 5475 472 5526; x_wconf 84' lang='lat' dir='ltr'><strong>Vens.</strong></span> <span class='ocrx_word' id='word_1_422' title='bbox 507 5477 557 5527; x_wconf 88' lang='grc'><strong>6.</strong></span> <span class='ocrx_word' id='word_1_423' title='bbox 601 5504 669 5512; x_wconf 85' lang='grc'><strong><em>-</em></strong></span> <span class='ocrx_word' id='word_1_424' title='bbox 704 5496 723 5520; x_wconf 86' lang='grc'><strong>‹</strong></span> <span class='ocrx_word' id='word_1_425' title='bbox 761 5474 1066 5528; x_wconf 91' lang='lat' dir='ltr'><strong>Abundant</strong></span> <span class='ocrx_word' id='word_1_426' title='bbox 1092 5475 1458 5528; x_wconf 89' lang='lat' dir='ltr'><strong>tabernacula</strong></span> <span class='ocrx_word' id='word_1_427' title='bbox 1499 5472 1858 5542; x_wconf 67' lang='lat' dir='ltr'><strong>praedonum.</strong></span> <span class='ocrx_word' id='word_1_428' title='bbox 1900 5495 1918 5518; x_wconf 73' lang='grc' dir='ltr'><strong>ι</strong></span> 
     </span>
    </p>
   </div>
   <div class='ocr_carea' id='block_1_61' title="bbox 218 5561 1923 5634">
    <p class='ocr_par' dir='ltr' id='par_1_61' title="bbox 218 5561 1923 5634">
     <span class='ocr_line' id='line_1_61' title="bbox 218 5561 1923 5634; baseline -0.002 -15"><span class='ocrx_word' id='word_1_429' title='bbox 218 5563 422 5631; x_wconf 79' lang='lat' dir='ltr'><strong>(Ibid.)</strong></span> <span class='ocrx_word' id='word_1_430' title='bbox 442 5562 700 5618; x_wconf 87' lang='lat' dir='ltr'><strong>Ostendit</strong></span> <span class='ocrx_word' id='word_1_431' title='bbox 725 5563 864 5618; x_wconf 85' lang='lat' dir='ltr'><strong>nihil</strong></span> <span class='ocrx_word' id='word_1_432' title='bbox 887 5579 1006 5618; x_wconf 88' lang='lat' dir='ltr'><strong>esse</strong></span> <span class='ocrx_word' id='word_1_433' title='bbox 1034 5563 1334 5634; x_wconf 56' lang='lat' dir='ltr'><strong>praesentis</strong></span> <span class='ocrx_word' id='word_1_434' title='bbox 1358 5562 1486 5616; x_wconf 64' lang='lat' dir='ltr'><strong>vitae</strong></span> <span class='ocrx_word' id='word_1_435' title='bbox 1516 5561 1763 5629; x_wconf 89' lang='lat' dir='ltr'><strong>divitias,</strong></span> <span class='ocrx_word' id='word_1_436' title='bbox 1793 5565 1923 5628; x_wconf 90' lang='lat' dir='ltr'><strong>etc.,</strong></span> 
     </span>
    </p>
   </div>
   <div class='ocr_carea' id='block_1_62' title="bbox 2115 515 3738 585">
    <p class='ocr_par' dir='ltr' id='par_1_62' title="bbox 2115 515 3738 585">
     <span class='ocr_line' id='line_1_62' title="bbox 2115 515 3738 585; baseline 0.003 -18"><span class='ocrx_word' id='word_1_437' title='bbox 2115 538 2133 561; x_wconf 75' lang='grc' dir='ltr'><strong><em>ι</em></strong></span> <span class='ocrx_word' id='word_1_438' title='bbox 2174 515 2451 568; x_wconf 84' lang='lat' dir='ltr'><strong>Nimirum</strong></span> <span class='ocrx_word' id='word_1_439' title='bbox 2507 517 2797 584; x_wconf 89' lang='lat' dir='ltr'><strong>interroga</strong></span> <span class='ocrx_word' id='word_1_440' title='bbox 2839 517 3122 584; x_wconf 85' lang='lat' dir='ltr'><strong>jumenta,</strong></span> <span class='ocrx_word' id='word_1_441' title='bbox 3163 539 3182 563; x_wconf 71' lang='grc' dir='ltr'><strong><em>ν</em></strong></span> <span class='ocrx_word' id='word_1_442' title='bbox 3237 522 3342 570; x_wconf 93' lang='lat' dir='ltr'><strong>etc.</strong></span> <span class='ocrx_word' id='word_1_443' title='bbox 3399 518 3580 585; x_wconf 79' lang='lat' dir='ltr'><strong>(Ibid.)</strong></span> <span class='ocrx_word' id='word_1_444' title='bbox 3642 520 3738 572; x_wconf 84' lang='lat' dir='ltr'><strong>Ju-</strong></span> 
     </span>
    </p>
   </div>
   <div class='ocr_carea' id='block_1_63' title="bbox 2039 604 3736 676">
    <p class='ocr_par' dir='ltr' id='par_1_63' title="bbox 2039 604 3736 676">
     <span class='ocr_line' id='line_1_63' title="bbox 2039 604 3736 676; baseline 0.002 -20"><span class='ocrx_word' id='word_1_445' title='bbox 2039 611 2235 656; x_wconf 90' lang='lat' dir='ltr'><strong>menta</strong></span> <span class='ocrx_word' id='word_1_446' title='bbox 2266 621 2436 658; x_wconf 90' lang='lat' dir='ltr'><strong>sensu</strong></span> <span class='ocrx_word' id='word_1_447' title='bbox 2467 604 2766 676; x_wconf 90' lang='lat' dir='ltr'><strong>pigriores.</strong></span> <span class='ocrx_word' id='word_1_448' title='bbox 2831 605 3092 658; x_wconf 78' lang='lat' dir='ltr'><strong>Volatilia</strong></span> <span class='ocrx_word' id='word_1_449' title='bbox 3153 606 3276 659; x_wconf 62' lang='grc' dir='ltr'><strong>εαξΙὶ</strong></span> <span class='ocrx_word' id='word_1_450' title='bbox 3336 606 3603 659; x_wconf 91' lang='lat' dir='ltr'><strong>sublimia</strong></span> <span class='ocrx_word' id='word_1_451' title='bbox 3644 624 3736 660; x_wconf 88' lang='lat' dir='ltr'><strong>sa-</strong></span> 
     </span>
    </p>
   </div>
   <div class='ocr_carea' id='block_1_64' title="bbox 2039 692 2280 762">
    <p class='ocr_par' dir='ltr' id='par_1_64' title="bbox 2039 692 2280 762">
     <span class='ocr_line' id='line_1_64' title="bbox 2039 692 2280 762; baseline 0.012 -19"><span class='ocrx_word' id='word_1_452' title='bbox 2039 692 2280 762; x_wconf 88' lang='lat' dir='ltr'><strong>pientes.</strong></span> 
     </span>
    </p>
   </div>
   <div class='ocr_carea' id='block_1_65' title="bbox 2112 782 3738 851">
    <p class='ocr_par' dir='ltr' id='par_1_65' title="bbox 2112 782 3738 851">
     <span class='ocr_line' id='line_1_65' title="bbox 2112 782 3738 851; baseline 0.003 -19"><span class='ocrx_word' id='word_1_453' title='bbox 2112 783 2295 836; x_wconf 88' lang='lat' dir='ltr'><strong>Vens.</strong></span> <span class='ocrx_word' id='word_1_454' title='bbox 2362 785 2411 836; x_wconf 92' lang='lat'><strong>8.</strong></span> <span class='ocrx_word' id='word_1_455' title='bbox 2453 813 2521 820; x_wconf 89' lang='lat'><strong>———</strong></span> <span class='ocrx_word' id='word_1_456' title='bbox 2575 804 2594 828; x_wconf 82' lang='grc'><strong>‹‹</strong></span> <span class='ocrx_word' id='word_1_457' title='bbox 2650 782 2854 835; x_wconf 90' lang='lat' dir='ltr'><strong>Pisces.</strong></span> <span class='ocrx_word' id='word_1_458' title='bbox 2895 805 2912 830; x_wconf 68' lang='grc' dir='ltr'><strong>ιν</strong></span> <span class='ocrx_word' id='word_1_459' title='bbox 2975 782 3186 851; x_wconf 81' lang='lat' dir='ltr'><strong>(Ibid.)</strong></span> <span class='ocrx_word' id='word_1_460' title='bbox 3254 783 3474 838; x_wconf 90' lang='lat' dir='ltr'><strong>Curiosi</strong></span> <span class='ocrx_word' id='word_1_461' title='bbox 3531 784 3738 837; x_wconf 91' lang='lat' dir='ltr'><strong>intelli-</strong></span> 
     </span>
    </p>
   </div>
   <div class='ocr_carea' id='block_1_66' title="bbox 2041 871 3736 940">
    <p class='ocr_par' dir='ltr' id='par_1_66' title="bbox 2041 871 3736 940">
     <span class='ocr_line' id='line_1_66' title="bbox 2041 871 3736 940; baseline 0.001 -17"><span class='ocrx_word' id='word_1_462' title='bbox 2041 876 2273 939; x_wconf 90' lang='lat' dir='ltr'><strong>guntur.</strong></span> <span class='ocrx_word' id='word_1_463' title='bbox 2345 873 2407 924; x_wconf 88' lang='lat' dir='ltr'><strong>Et</strong></span> <span class='ocrx_word' id='word_1_464' title='bbox 2449 876 2532 923; x_wconf 89' lang='lat' dir='ltr'><strong>est</strong></span> <span class='ocrx_word' id='word_1_465' title='bbox 2577 887 2813 924; x_wconf 88' lang='lat' dir='ltr'><strong>sensus:</strong></span> <span class='ocrx_word' id='word_1_466' title='bbox 2854 871 2901 923; x_wconf 90' lang='lat' dir='ltr'><strong>si</strong></span> <span class='ocrx_word' id='word_1_467' title='bbox 2955 873 3059 924; x_wconf 88' lang='lat' dir='ltr'><strong>hos</strong></span> <span class='ocrx_word' id='word_1_468' title='bbox 3107 871 3385 940; x_wconf 89' lang='lat' dir='ltr'><strong>requiras,</strong></span> <span class='ocrx_word' id='word_1_469' title='bbox 3421 875 3736 924; x_wconf 90' lang='lat' dir='ltr'><strong>creatorem</strong></span> 
     </span>
    </p>
   </div>
   <div class='ocr_carea' id='block_1_67' title="bbox 2041 960 3735 1030">
    <p class='ocr_par' dir='ltr' id='par_1_67' title="bbox 2041 960 3735 1030">
     <span class='ocr_line' id='line_1_67' title="bbox 2041 960 3735 1030; baseline 0 -18"><span class='ocrx_word' id='word_1_470' title='bbox 2041 960 2302 1012; x_wconf 90' lang='lat' dir='ltr'><strong>omnium</strong></span> <span class='ocrx_word' id='word_1_471' title='bbox 2337 961 2516 1013; x_wconf 90' lang='lat' dir='ltr'><strong>Deum</strong></span> <span class='ocrx_word' id='word_1_472' title='bbox 2548 960 2816 1013; x_wconf 81' lang='lat' dir='ltr'><strong>fatentur.</strong></span> <span class='ocrx_word' id='word_1_473' title='bbox 2851 963 3040 1013; x_wconf 88' lang='lat' dir='ltr'><strong>Potest</strong></span> <span class='ocrx_word' id='word_1_474' title='bbox 3071 965 3126 1014; x_wconf 92' lang='lat' dir='ltr'><strong>et</strong></span> <span class='ocrx_word' id='word_1_475' title='bbox 3173 961 3337 1030; x_wconf 78' lang='lat' dir='ltr'><strong>juxta</strong></span> <span class='ocrx_word' id='word_1_476' title='bbox 3368 960 3616 1013; x_wconf 89' lang='lat' dir='ltr'><strong>litteram</strong></span> <span class='ocrx_word' id='word_1_477' title='bbox 3647 960 3735 1012; x_wconf 90' lang='lat' dir='ltr'><strong>in-</strong></span> 
     </span>
    </p>
   </div>
   <div class='ocr_carea' id='block_1_68' title="bbox 2039 1047 2240 1118">
    <p class='ocr_par' dir='ltr' id='par_1_68' title="bbox 2039 1047 2240 1118">
     <span class='ocr_line' id='line_1_68' title="bbox 2039 1047 2240 1118; baseline 0 -18"><span class='ocrx_word' id='word_1_478' title='bbox 2039 1047 2240 1118; x_wconf 90' lang='lat' dir='ltr'><strong>telligi.</strong></span> 
     </span>
    </p>
   </div>
   <div class='ocr_carea' id='block_1_69' title="bbox 2113 1136 3736 1206">
    <p class='ocr_par' dir='ltr' id='par_1_69' title="bbox 2113 1136 3736 1206">
     <span class='ocr_line' id='line_1_69' title="bbox 2113 1136 3736 1206; baseline 0.001 -18"><span class='ocrx_word' id='word_1_479' title='bbox 2113 1138 2298 1190; x_wconf 88' lang='lat' dir='ltr'><strong>Vens.</strong></span> <span class='ocrx_word' id='word_1_480' title='bbox 2338 1139 2420 1190; x_wconf 87' lang='grc'><strong>10.</strong></span> <span class='ocrx_word' id='word_1_481' title='bbox 2451 1167 2516 1174; x_wconf 95' lang='lat'>—</span> <span class='ocrx_word' id='word_1_482' title='bbox 2573 1158 2592 1183; x_wconf 67' lang='grc' dir='ltr'><strong>α</strong></span> <span class='ocrx_word' id='word_1_483' title='bbox 2648 1137 2710 1189; x_wconf 90' lang='lat' dir='ltr'><strong>In</strong></span> <span class='ocrx_word' id='word_1_484' title='bbox 2741 1136 2902 1206; x_wconf 84' lang='lat' dir='ltr'><strong>cujus</strong></span> <span class='ocrx_word' id='word_1_485' title='bbox 2955 1153 3130 1190; x_wconf 87' lang='lat' dir='ltr'><strong>manu</strong></span> <span class='ocrx_word' id='word_1_486' title='bbox 3174 1137 3383 1190; x_wconf 89' lang='lat' dir='ltr'><strong>anima.</strong></span> <span class='ocrx_word' id='word_1_487' title='bbox 3420 1160 3438 1182; x_wconf 67' lang='grc' dir='ltr'><strong><em>ιι</em></strong></span> <span class='ocrx_word' id='word_1_488' title='bbox 3469 1137 3585 1189; x_wconf 84' lang='lat' dir='ltr'><strong>Hoc</strong></span> <span class='ocrx_word' id='word_1_489' title='bbox 3613 1136 3736 1189; x_wconf 90' lang='lat' dir='ltr'><strong>loco</strong></span> 
     </span>
    </p>
   </div>
   <div class='ocr_carea' id='block_1_70' title="bbox 2042 1224 3627 1295">
    <p class='ocr_par' dir='ltr' id='par_1_70' title="bbox 2042 1224 3627 1295">
     <span class='ocr_line' id='line_1_70' title="bbox 2042 1224 3627 1295; baseline 0 -17"><span class='ocrx_word' id='word_1_490' title='bbox 2042 1225 2235 1279; x_wconf 89' lang='lat' dir='ltr'><strong>anima</strong></span> <span class='ocrx_word' id='word_1_491' title='bbox 2264 1225 2451 1278; x_wconf 89' lang='lat' dir='ltr'><strong>omnis</strong></span> <span class='ocrx_word' id='word_1_492' title='bbox 2480 1224 2736 1291; x_wconf 90' lang='lat' dir='ltr'><strong>viventis,</strong></span> <span class='ocrx_word' id='word_1_493' title='bbox 2768 1225 2890 1294; x_wconf 89' lang='lat' dir='ltr'><strong>ipsa</strong></span> <span class='ocrx_word' id='word_1_494' title='bbox 2921 1226 3174 1295; x_wconf 88' lang='lat' dir='ltr'><strong>corporis</strong></span> <span class='ocrx_word' id='word_1_495' title='bbox 3205 1225 3318 1279; x_wconf 91' lang='lat' dir='ltr'><strong>vita</strong></span> <span class='ocrx_word' id='word_1_496' title='bbox 3350 1225 3627 1293; x_wconf 87' lang='lat' dir='ltr'><strong>signatur.</strong></span> 
     </span>
    </p>
   </div>
   <div class='ocr_carea' id='block_1_71' title="bbox 2118 1312 3736 1383">
    <p class='ocr_par' dir='ltr' id='par_1_71' title="bbox 2118 1312 3736 1383">
     <span class='ocr_line' id='line_1_71' title="bbox 2118 1312 3736 1383; baseline -0.001 -17"><span class='ocrx_word' id='word_1_497' title='bbox 2118 1336 2136 1360; x_wconf 74' lang='grc' dir='ltr'><strong>ε</strong></span> <span class='ocrx_word' id='word_1_498' title='bbox 2173 1312 2418 1383; x_wconf 91' lang='lat' dir='ltr'><strong>Spiritus</strong></span> <span class='ocrx_word' id='word_1_499' title='bbox 2491 1314 2768 1367; x_wconf 76' lang='lat' dir='ltr'><strong>universae</strong></span> <span class='ocrx_word' id='word_1_500' title='bbox 2833 1314 3086 1367; x_wconf 69' lang='lat' dir='ltr'><strong>carnis.»</strong></span> <span class='ocrx_word' id='word_1_501' title='bbox 3143 1314 3329 1382; x_wconf 76' lang='lat' dir='ltr'><strong>(Ibid.)</strong></span> <span class='ocrx_word' id='word_1_502' title='bbox 3379 1313 3439 1366; x_wconf 92' lang='lat' dir='ltr'><strong>Id</strong></span> <span class='ocrx_word' id='word_1_503' title='bbox 3497 1317 3582 1366; x_wconf 89' lang='lat' dir='ltr'><strong>est</strong></span> <span class='ocrx_word' id='word_1_504' title='bbox 3636 1313 3736 1365; x_wconf 87' lang='lat' dir='ltr'><strong>bo-</strong></span> 
     </span>
    </p>
   </div>
   <div class='ocr_carea' id='block_1_72' title="bbox 2043 1401 3740 1472">
    <p class='ocr_par' dir='ltr' id='par_1_72' title="bbox 2043 1401 3740 1472">
     <span class='ocr_line' id='line_1_72' title="bbox 2043 1401 3740 1472; baseline -0.001 -18"><span class='ocrx_word' id='word_1_505' title='bbox 2043 1402 2215 1454; x_wconf 90' lang='lat' dir='ltr'><strong>minis</strong></span> <span class='ocrx_word' id='word_1_506' title='bbox 2241 1404 2472 1455; x_wconf 88' lang='lat' dir='ltr'><strong>ellectus</strong></span> <span class='ocrx_word' id='word_1_507' title='bbox 2505 1402 2897 1471; x_wconf 71' lang='lat' dir='ltr'><strong>intelligentia:</strong></span> <span class='ocrx_word' id='word_1_508' title='bbox 2919 1402 3230 1472; x_wconf 90' lang='lat' dir='ltr'><strong>spiritualis</strong></span> <span class='ocrx_word' id='word_1_509' title='bbox 3261 1417 3389 1471; x_wconf 66' lang='lat' dir='ltr'><strong>quae</strong></span> <span class='ocrx_word' id='word_1_510' title='bbox 3422 1401 3481 1453; x_wconf 92' lang='lat' dir='ltr'><strong>in</strong></span> <span class='ocrx_word' id='word_1_511' title='bbox 3516 1401 3612 1454; x_wconf 87' lang='lat' dir='ltr'><strong>Dei</strong></span> <span class='ocrx_word' id='word_1_512' title='bbox 3644 1417 3740 1470; x_wconf 91' lang='lat' dir='ltr'><strong>po-</strong></span> 
     </span>
    </p>
   </div>
   <div class='ocr_carea' id='block_1_73' title="bbox 2041 1488 3738 1558">
    <p class='ocr_par' dir='ltr' id='par_1_73' title="bbox 2041 1488 3738 1558">
     <span class='ocr_line' id='line_1_73' title="bbox 2041 1488 3738 1558; baseline -0.001 -17"><span class='ocrx_word' id='word_1_513' title='bbox 2041 1493 2240 1543; x_wconf 91' lang='lat' dir='ltr'><strong>testate</strong></span> <span class='ocrx_word' id='word_1_514' title='bbox 2271 1494 2416 1542; x_wconf 91' lang='lat' dir='ltr'><strong>sunt.</strong></span> <span class='ocrx_word' id='word_1_515' title='bbox 2472 1491 2663 1542; x_wconf 89' lang='lat' dir='ltr'><strong>Potest</strong></span> <span class='ocrx_word' id='word_1_516' title='bbox 2711 1495 2766 1541; x_wconf 91' lang='lat' dir='ltr'><strong>et</strong></span> <span class='ocrx_word' id='word_1_517' title='bbox 2795 1505 2897 1558; x_wconf 89' lang='lat' dir='ltr'><strong>per</strong></span> <span class='ocrx_word' id='word_1_518' title='bbox 2949 1491 3200 1542; x_wconf 88' lang='lat' dir='ltr'><strong>animam</strong></span> <span class='ocrx_word' id='word_1_519' title='bbox 3254 1488 3440 1542; x_wconf 91' lang='lat' dir='ltr'><strong>omnis</strong></span> <span class='ocrx_word' id='word_1_520' title='bbox 3500 1488 3738 1542; x_wconf 88' lang='lat' dir='ltr'><strong>viventis</strong></span> 
     </span>
    </p>
   </div>
   <div class='ocr_carea' id='block_1_74' title="bbox 2036 1577 2845 1648">
    <p class='ocr_par' dir='ltr' id='par_1_74' title="bbox 2036 1577 2845 1648">
     <span class='ocr_line' id='line_1_74' title="bbox 2036 1577 2845 1648; baseline -0.002 -18"><span class='ocrx_word' id='word_1_521' title='bbox 2036 1579 2434 1648; x_wconf 89' lang='lat' dir='ltr'><strong>jumentorum</strong></span> <span class='ocrx_word' id='word_1_522' title='bbox 2468 1577 2582 1629; x_wconf 91' lang='lat' dir='ltr'><strong>vita</strong></span> <span class='ocrx_word' id='word_1_523' title='bbox 2611 1577 2845 1645; x_wconf 88' lang='lat' dir='ltr'><strong>signari.</strong></span> 
     </span>
    </p>
   </div>
   <div class='ocr_carea' id='block_1_75' title="bbox 2114 1665 3737 1734">
    <p class='ocr_par' dir='ltr' id='par_1_75' title="bbox 2114 1665 3737 1734">
     <span class='ocr_line' id='line_1_75' title="bbox 2114 1665 3737 1734; baseline 0.001 -16"><span class='ocrx_word' id='word_1_524' title='bbox 2114 1669 2298 1721; x_wconf 89' lang='lat' dir='ltr'><strong>Vens.</strong></span> <span class='ocrx_word' id='word_1_525' title='bbox 2337 1670 2417 1719; x_wconf 92' lang='lat' dir='ltr'><strong>ll.</strong></span> <span class='ocrx_word' id='word_1_526' title='bbox 2474 1697 2542 1704; x_wconf 62' lang='grc' dir='ltr'><strong>-κ</strong></span> <span class='ocrx_word' id='word_1_527' title='bbox 2570 1687 2588 1712; x_wconf 74' lang='grc' dir='ltr'>α</span> <span class='ocrx_word' id='word_1_528' title='bbox 2638 1666 2834 1719; x_wconf 87' lang='lat' dir='ltr'><strong>Nonne</strong></span> <span class='ocrx_word' id='word_1_529' title='bbox 2863 1665 3014 1718; x_wconf 92' lang='lat' dir='ltr'><strong>auris</strong></span> <span class='ocrx_word' id='word_1_530' title='bbox 3047 1665 3219 1718; x_wconf 89' lang='lat' dir='ltr'><strong>verba</strong></span> <span class='ocrx_word' id='word_1_531' title='bbox 3263 1665 3553 1734; x_wconf 85' lang='lat' dir='ltr'><strong>dijudicat.</strong></span> <span class='ocrx_word' id='word_1_532' title='bbox 3602 1687 3622 1712; x_wconf 76' lang='grc' dir='ltr'><strong>ι</strong></span> <span class='ocrx_word' id='word_1_533' title='bbox 3660 1667 3737 1719; x_wconf 80' lang='lat' dir='ltr'><strong>Ex</strong></span> 
     </span>
    </p>
   </div>
   <div class='ocr_carea' id='block_1_76' title="bbox 2042 1753 3733 1826">
    <p class='ocr_par' dir='ltr' id='par_1_76' title="bbox 2042 1753 3733 1826">
     <span class='ocr_line' id='line_1_76' title="bbox 2042 1753 3733 1826; baseline -0.002 -16"><span class='ocrx_word' id='word_1_534' title='bbox 2042 1756 2164 1810; x_wconf 90' lang='lat' dir='ltr'><strong>istis</strong></span> <span class='ocrx_word' id='word_1_535' title='bbox 2196 1755 2608 1826; x_wconf 79' lang='lat' dir='ltr'><strong>corporalibus,</strong></span> <span class='ocrx_word' id='word_1_536' title='bbox 2656 1758 2784 1821; x_wconf 90' lang='lat' dir='ltr'><strong>etc.,</strong></span> <span class='ocrx_word' id='word_1_537' title='bbox 2817 1769 2986 1822; x_wconf 83' lang='lat' dir='ltr'><strong>usque</strong></span> <span class='ocrx_word' id='word_1_538' title='bbox 3033 1755 3106 1806; x_wconf 87' lang='lat' dir='ltr'><strong>ad</strong></span> <span class='ocrx_word' id='word_1_539' title='bbox 3155 1759 3211 1808; x_wconf 91' lang='lat' dir='ltr'><strong>et</strong></span> <span class='ocrx_word' id='word_1_540' title='bbox 3249 1755 3400 1823; x_wconf 93' lang='lat' dir='ltr'><strong>quod</strong></span> <span class='ocrx_word' id='word_1_541' title='bbox 3430 1770 3529 1807; x_wconf 89' lang='lat' dir='ltr'><strong>vos</strong></span> <span class='ocrx_word' id='word_1_542' title='bbox 3560 1753 3733 1820; x_wconf 89' lang='lat' dir='ltr'><strong>scitis,</strong></span> 
     </span>
    </p>
   </div>
   <div class='ocr_carea' id='block_1_77' title="bbox 2041 1843 3484 1913">
    <p class='ocr_par' dir='ltr' id='par_1_77' title="bbox 2041 1843 3484 1913">
     <span class='ocr_line' id='line_1_77' title="bbox 2041 1843 3484 1913; baseline -0.001 -17"><span class='ocrx_word' id='word_1_543' title='bbox 2041 1843 2183 1897; x_wconf 90' lang='lat' dir='ltr'><strong>mihi</strong></span> <span class='ocrx_word' id='word_1_544' title='bbox 2208 1860 2312 1913; x_wconf 92' lang='lat' dir='ltr'><strong>per</strong></span> <span class='ocrx_word' id='word_1_545' title='bbox 2361 1843 2637 1897; x_wconf 89' lang='lat' dir='ltr'><strong>intimum</strong></span> <span class='ocrx_word' id='word_1_546' title='bbox 2670 1859 2924 1896; x_wconf 90' lang='lat' dir='ltr'><strong>amorem</strong></span> <span class='ocrx_word' id='word_1_547' title='bbox 2956 1843 3289 1896; x_wconf 91' lang='lat' dir='ltr'><strong>medullitus</strong></span> <span class='ocrx_word' id='word_1_548' title='bbox 3319 1843 3484 1912; x_wconf 82' lang='lat' dir='ltr'><strong>sapit.</strong></span> 
     </span>
    </p>
   </div>
   <div class='ocr_carea' id='block_1_78' title="bbox 2114 1931 3733 2001">
    <p class='ocr_par' dir='ltr' id='par_1_78' title="bbox 2114 1931 3733 2001">
     <span class='ocr_line' id='line_1_78' title="bbox 2114 1931 3733 2001; baseline 0 -16"><span class='ocrx_word' id='word_1_549' title='bbox 2114 1934 2304 1986; x_wconf 87' lang='lat' dir='ltr'><strong>Vens.</strong></span> <span class='ocrx_word' id='word_1_550' title='bbox 2350 1935 2432 1987; x_wconf 87' lang='lat' dir='ltr'><strong>l3.</strong></span> <span class='ocrx_word' id='word_1_551' title='bbox 2460 1963 2526 1970; x_wconf 90' lang='lat'><strong>—</strong></span> <span class='ocrx_word' id='word_1_552' title='bbox 2585 1955 2604 1979; x_wconf 73' lang='grc' dir='ltr'>α</span> <span class='ocrx_word' id='word_1_553' title='bbox 2666 1932 2834 2001; x_wconf 86' lang='lat' dir='ltr'><strong>Apud</strong></span> <span class='ocrx_word' id='word_1_554' title='bbox 2873 1932 3063 2000; x_wconf 88' lang='lat' dir='ltr'><strong>ipsum</strong></span> <span class='ocrx_word' id='word_1_555' title='bbox 3108 1937 3192 1984; x_wconf 84' lang='lat' dir='ltr'><strong>est</strong></span> <span class='ocrx_word' id='word_1_556' title='bbox 3235 1931 3532 2001; x_wconf 87' lang='lat' dir='ltr'><strong>sapientia,</strong></span> <span class='ocrx_word' id='word_1_557' title='bbox 3571 1955 3589 1978; x_wconf 80' lang='grc' dir='ltr'><strong><em>ι</em></strong></span> <span class='ocrx_word' id='word_1_558' title='bbox 3627 1935 3733 1985; x_wconf 91' lang='lat' dir='ltr'><strong>etc.</strong></span> 
     </span>
    </p>
   </div>
   <div class='ocr_carea' id='block_1_79' title="bbox 2043 2019 3735 2091">
    <p class='ocr_par' dir='ltr' id='par_1_79' title="bbox 2043 2019 3735 2091">
     <span class='ocr_line' id='line_1_79' title="bbox 2043 2019 3735 2091; baseline -0.002 -16"><span class='ocrx_word' id='word_1_559' title='bbox 2043 2021 2245 2090; x_wconf 81' lang='lat' dir='ltr'><strong>(Gneo.</strong></span> <span class='ocrx_word' id='word_1_560' title='bbox 2302 2023 2359 2073; x_wconf 78' lang='lat' dir='ltr'><strong>in</strong></span> <span class='ocrx_word' id='word_1_561' title='bbox 2387 2021 2516 2086; x_wconf 86' lang='lat' dir='ltr'><strong>Job,</strong></span> <span class='ocrx_word' id='word_1_562' title='bbox 2552 2021 2751 2089; x_wconf 81' lang='lat' dir='ltr'><strong>l.xx1.)</strong></span> <span class='ocrx_word' id='word_1_563' title='bbox 2785 2021 2949 2091; x_wconf 90' lang='lat' dir='ltr'><strong>Apud</strong></span> <span class='ocrx_word' id='word_1_564' title='bbox 2990 2022 3167 2074; x_wconf 91' lang='lat' dir='ltr'><strong>Deum</strong></span> <span class='ocrx_word' id='word_1_565' title='bbox 3222 2020 3375 2073; x_wconf 89' lang='lat' dir='ltr'><strong>enim</strong></span> <span class='ocrx_word' id='word_1_566' title='bbox 3421 2021 3481 2073; x_wconf 90' lang='lat' dir='ltr'><strong>in</strong></span> <span class='ocrx_word' id='word_1_567' title='bbox 3524 2019 3735 2090; x_wconf 88' lang='lat' dir='ltr'><strong>princi-</strong></span> 
     </span>
    </p>
   </div>
   <div class='ocr_carea' id='block_1_80' title="bbox 2039 2108 3732 2180">
    <p class='ocr_par' dir='ltr' id='par_1_80' title="bbox 2039 2108 3732 2180">
     <span class='ocr_line' id='line_1_80' title="bbox 2039 2108 3732 2180; baseline -0.001 -18"><span class='ocrx_word' id='word_1_568' title='bbox 2039 2109 2137 2180; x_wconf 92' lang='lat' dir='ltr'><strong>pio</strong></span> <span class='ocrx_word' id='word_1_569' title='bbox 2171 2112 2320 2163; x_wconf 91' lang='lat' dir='ltr'><strong>Deus</strong></span> <span class='ocrx_word' id='word_1_570' title='bbox 2350 2114 2472 2161; x_wconf 89' lang='lat' dir='ltr'><strong>erat</strong></span> <span class='ocrx_word' id='word_1_571' title='bbox 2501 2109 2758 2173; x_wconf 90' lang='lat' dir='ltr'><strong>verbum,</strong></span> <span class='ocrx_word' id='word_1_572' title='bbox 2794 2109 2892 2178; x_wconf 91' lang='lat' dir='ltr'><strong>qui</strong></span> <span class='ocrx_word' id='word_1_573' title='bbox 2942 2114 2995 2161; x_wconf 90' lang='lat' dir='ltr'><strong>et</strong></span> <span class='ocrx_word' id='word_1_574' title='bbox 3021 2109 3122 2162; x_wconf 92' lang='lat' dir='ltr'><strong>Dei</strong></span> <span class='ocrx_word' id='word_1_575' title='bbox 3155 2108 3335 2162; x_wconf 89' lang='lat' dir='ltr'><strong>virtus</strong></span> <span class='ocrx_word' id='word_1_576' title='bbox 3379 2119 3432 2162; x_wconf 84' lang='lat' dir='ltr'><strong>et</strong></span> <span class='ocrx_word' id='word_1_577' title='bbox 3491 2108 3589 2162; x_wconf 91' lang='lat' dir='ltr'><strong>Dei</strong></span> <span class='ocrx_word' id='word_1_578' title='bbox 3645 2125 3732 2160; x_wconf 93' lang='lat' dir='ltr'><strong>sa-</strong></span> 
     </span>
    </p>
   </div>
   <div class='ocr_carea' id='block_1_81' title="bbox 2040 2196 3737 2270">
    <p class='ocr_par' dir='ltr' id='par_1_81' title="bbox 2040 2196 3737 2270">
     <span class='ocr_line' id='line_1_81' title="bbox 2040 2196 3737 2270; baseline -0.002 -18"><span class='ocrx_word' id='word_1_579' title='bbox 2040 2199 2259 2270; x_wconf 87' lang='lat' dir='ltr'><strong>pientia</strong></span> <span class='ocrx_word' id='word_1_580' title='bbox 2289 2215 2302 2264; x_wconf 87' lang='lat'><strong>;</strong></span> <span class='ocrx_word' id='word_1_581' title='bbox 2334 2197 2507 2251; x_wconf 88' lang='lat' dir='ltr'><strong>habet</strong></span> <span class='ocrx_word' id='word_1_582' title='bbox 2544 2197 2868 2262; x_wconf 90' lang='lat' dir='ltr'><strong>consilium,</strong></span> <span class='ocrx_word' id='word_1_583' title='bbox 2924 2197 3060 2266; x_wconf 88' lang='lat' dir='ltr'><strong>quia</strong></span> <span class='ocrx_word' id='word_1_584' title='bbox 3118 2196 3374 2266; x_wconf 89' lang='lat' dir='ltr'><strong>disponit</strong></span> <span class='ocrx_word' id='word_1_585' title='bbox 3400 2213 3532 2261; x_wconf 89' lang='lat' dir='ltr'><strong>sua;</strong></span> <span class='ocrx_word' id='word_1_586' title='bbox 3565 2196 3737 2249; x_wconf 87' lang='lat' dir='ltr'><strong>intel-</strong></span> 
     </span>
    </p>
   </div>
   <div class='ocr_carea' id='block_1_82' title="bbox 2040 2284 3092 2357">
    <p class='ocr_par' dir='ltr' id='par_1_82' title="bbox 2040 2284 3092 2357">
     <span class='ocr_line' id='line_1_82' title="bbox 2040 2284 3092 2357; baseline -0.004 -17"><span class='ocrx_word' id='word_1_587' title='bbox 2040 2286 2358 2357; x_wconf 87' lang='lat' dir='ltr'><strong>ligentiam,</strong></span> <span class='ocrx_word' id='word_1_588' title='bbox 2393 2285 2526 2356; x_wconf 91' lang='lat' dir='ltr'><strong>quia</strong></span> <span class='ocrx_word' id='word_1_589' title='bbox 2556 2284 2845 2354; x_wconf 90' lang='lat' dir='ltr'><strong>cognoscit</strong></span> <span class='ocrx_word' id='word_1_590' title='bbox 2877 2289 3092 2337; x_wconf 90' lang='lat' dir='ltr'><strong>nostra.</strong></span> 
     </span>
    </p>
   </div>
   <div class='ocr_carea' id='block_1_83' title="bbox 2112 2372 3736 2442">
    <p class='ocr_par' dir='ltr' id='par_1_83' title="bbox 2112 2372 3736 2442">
     <span class='ocr_line' id='line_1_83' title="bbox 2112 2372 3736 2442; baseline -0.001 -14"><span class='ocrx_word' id='word_1_591' title='bbox 2112 2377 2295 2430; x_wconf 88' lang='lat' dir='ltr'><strong>Vens.</strong></span> <span class='ocrx_word' id='word_1_592' title='bbox 2336 2376 2419 2428; x_wconf 70' lang='grc'><strong>14.</strong></span> <span class='ocrx_word' id='word_1_593' title='bbox 2451 2405 2523 2413; x_wconf 92' lang='lat'><strong><em>—</em></strong></span> <span class='ocrx_word' id='word_1_594' title='bbox 2557 2396 2576 2421; x_wconf 69' lang='grc' dir='ltr'><em>α</em></span> <span class='ocrx_word' id='word_1_595' title='bbox 2613 2373 2668 2427; x_wconf 90' lang='lat' dir='ltr'><strong>Si</strong></span> <span class='ocrx_word' id='word_1_596' title='bbox 2697 2373 3056 2438; x_wconf 84' lang='lat' dir='ltr'><strong>destruxerit,</strong></span> <span class='ocrx_word' id='word_1_597' title='bbox 3117 2387 3285 2426; x_wconf 91' lang='lat' dir='ltr'><strong>nemo</strong></span> <span class='ocrx_word' id='word_1_598' title='bbox 3334 2376 3419 2426; x_wconf 89' lang='lat' dir='ltr'><strong>est</strong></span> <span class='ocrx_word' id='word_1_599' title='bbox 3451 2372 3550 2442; x_wconf 91' lang='lat' dir='ltr'><strong>qui</strong></span> <span class='ocrx_word' id='word_1_600' title='bbox 3599 2373 3736 2426; x_wconf 76' lang='lat' dir='ltr'><strong>aedi-</strong></span> 
     </span>
    </p>
   </div>
   <div class='ocr_carea' id='block_1_84' title="bbox 2043 2461 3734 2532">
    <p class='ocr_par' dir='ltr' id='par_1_84' title="bbox 2043 2461 3734 2532">
     <span class='ocr_line' id='line_1_84' title="bbox 2043 2461 3734 2532; baseline -0.003 -13"><span class='ocrx_word' id='word_1_601' title='bbox 2043 2466 2191 2519; x_wconf 83' lang='lat' dir='ltr'><strong>ﬁcet.</strong></span> <span class='ocrx_word' id='word_1_602' title='bbox 2231 2487 2250 2511; x_wconf 75' lang='grc' dir='ltr'><strong>ι</strong></span> <span class='ocrx_word' id='word_1_603' title='bbox 2304 2464 2677 2532; x_wconf 92' lang='lat' dir='ltr'><strong>Omnipotens</strong></span> <span class='ocrx_word' id='word_1_604' title='bbox 2717 2463 3037 2516; x_wconf 87' lang='lat' dir='ltr'><strong>humanum</strong></span> <span class='ocrx_word' id='word_1_605' title='bbox 3070 2478 3250 2532; x_wconf 91' lang='lat' dir='ltr'><strong>genus</strong></span> <span class='ocrx_word' id='word_1_606' title='bbox 3308 2461 3550 2515; x_wconf 90' lang='lat' dir='ltr'><strong>destruit</strong></span> <span class='ocrx_word' id='word_1_607' title='bbox 3605 2477 3734 2514; x_wconf 91' lang='lat' dir='ltr'><strong>cum</strong></span> 
     </span>
    </p>
   </div>
   <div class='ocr_carea' id='block_1_85' title="bbox 2042 2549 3737 2623">
    <p class='ocr_par' dir='ltr' id='par_1_85' title="bbox 2042 2549 3737 2623">
     <span class='ocr_line' id='line_1_85' title="bbox 2042 2549 3737 2623; baseline -0.002 -16"><span class='ocrx_word' id='word_1_608' title='bbox 2042 2552 2335 2623; x_wconf 89' lang='lat' dir='ltr'><strong>relinquit,</strong></span> <span class='ocrx_word' id='word_1_609' title='bbox 2367 2552 2610 2605; x_wconf 68' lang='lat' dir='ltr'><strong>aediﬁcat</strong></span> <span class='ocrx_word' id='word_1_610' title='bbox 2648 2567 2777 2604; x_wconf 92' lang='lat' dir='ltr'><strong>cum</strong></span> <span class='ocrx_word' id='word_1_611' title='bbox 2828 2551 3048 2620; x_wconf 90' lang='lat' dir='ltr'><strong>replet:</strong></span> <span class='ocrx_word' id='word_1_612' title='bbox 3105 2549 3260 2618; x_wconf 90' lang='lat' dir='ltr'><strong>quod</strong></span> <span class='ocrx_word' id='word_1_613' title='bbox 3313 2549 3423 2602; x_wconf 92' lang='lat' dir='ltr'><strong>nisi</strong></span> <span class='ocrx_word' id='word_1_614' title='bbox 3475 2549 3593 2615; x_wconf 81' lang='lat' dir='ltr'><strong>ﬁat,</strong></span> <span class='ocrx_word' id='word_1_615' title='bbox 3655 2549 3737 2603; x_wconf 88' lang='lat' dir='ltr'><strong>in-</strong></span> 
     </span>
    </p>
   </div>
   <div class='ocr_carea' id='block_1_86' title="bbox 2041 2639 3344 2709">
    <p class='ocr_par' dir='ltr' id='par_1_86' title="bbox 2041 2639 3344 2709">
     <span class='ocr_line' id='line_1_86' title="bbox 2041 2639 3344 2709; baseline -0.005 -13"><span class='ocrx_word' id='word_1_616' title='bbox 2041 2659 2261 2696; x_wconf 87' lang='lat' dir='ltr'><strong>cassum</strong></span> <span class='ocrx_word' id='word_1_617' title='bbox 2296 2641 2543 2694; x_wconf 77' lang='lat' dir='ltr'><strong>exterius</strong></span> <span class='ocrx_word' id='word_1_618' title='bbox 2574 2657 2604 2693; x_wconf 88' lang='lat' dir='ltr'><strong>a</strong></span> <span class='ocrx_word' id='word_1_619' title='bbox 2650 2639 3025 2709; x_wconf 76' lang='lat' dir='ltr'><strong>praedicatore</strong></span> <span class='ocrx_word' id='word_1_620' title='bbox 3059 2643 3344 2692; x_wconf 87' lang='lat' dir='ltr'><strong>mouetur.</strong></span> 
     </span>
    </p>
   </div>
   <div class='ocr_carea' id='block_1_87' title="bbox 2119 2726 3721 2796">
    <p class='ocr_par' dir='ltr' id='par_1_87' title="bbox 2119 2726 3721 2796">
     <span class='ocr_line' id='line_1_87' title="bbox 2119 2726 3721 2796; baseline -0.002 -13"><span class='ocrx_word' id='word_1_621' title='bbox 2119 2752 2138 2777; x_wconf 73' lang='grc' dir='ltr'>α</span> <span class='ocrx_word' id='word_1_622' title='bbox 2175 2730 2230 2784; x_wconf 92' lang='lat' dir='ltr'><strong>Si</strong></span> <span class='ocrx_word' id='word_1_623' title='bbox 2288 2729 2584 2782; x_wconf 91' lang='lat' dir='ltr'><strong>incluserit</strong></span> <span class='ocrx_word' id='word_1_624' title='bbox 2625 2729 2940 2782; x_wconf 89' lang='lat' dir='ltr'><strong>hominem.</strong></span> <span class='ocrx_word' id='word_1_625' title='bbox 2982 2751 3000 2774; x_wconf 72' lang='grc' dir='ltr'><strong>ιι</strong></span> <span class='ocrx_word' id='word_1_626' title='bbox 3063 2726 3260 2781; x_wconf 90' lang='lat' dir='ltr'><strong>Omnis</strong></span> <span class='ocrx_word' id='word_1_627' title='bbox 3308 2726 3480 2779; x_wconf 93' lang='lat' dir='ltr'><strong>homo</strong></span> <span class='ocrx_word' id='word_1_628' title='bbox 3527 2727 3721 2796; x_wconf 89' lang='lat' dir='ltr'><strong>perid,</strong></span> 
     </span>
    </p>
   </div>
   <div class='ocr_carea' id='block_1_88' title="bbox 2043 2814 3738 2886">
    <p class='ocr_par' dir='ltr' id='par_1_88' title="bbox 2043 2814 3738 2886">
     <span class='ocr_line' id='line_1_88' title="bbox 2043 2814 3738 2886; baseline -0.002 -14"><span class='ocrx_word' id='word_1_629' title='bbox 2043 2825 2174 2885; x_wconf 91' lang='lat' dir='ltr'><strong>etc.,</strong></span> <span class='ocrx_word' id='word_1_630' title='bbox 2219 2833 2387 2886; x_wconf 84' lang='lat' dir='ltr'><strong>usque</strong></span> <span class='ocrx_word' id='word_1_631' title='bbox 2441 2818 2516 2871; x_wconf 86' lang='lat' dir='ltr'><strong>ad</strong></span> <span class='ocrx_word' id='word_1_632' title='bbox 2566 2822 2624 2870; x_wconf 91' lang='lat' dir='ltr'><strong>et</strong></span> <span class='ocrx_word' id='word_1_633' title='bbox 2671 2832 2769 2870; x_wconf 90' lang='lat' dir='ltr'><strong>cor</strong></span> <span class='ocrx_word' id='word_1_634' title='bbox 2817 2816 3128 2886; x_wconf 90' lang='lat' dir='ltr'><strong>reprobum</strong></span> <span class='ocrx_word' id='word_1_635' title='bbox 3183 2831 3286 2884; x_wconf 90' lang='lat' dir='ltr'><strong>per</strong></span> <span class='ocrx_word' id='word_1_636' title='bbox 3337 2814 3581 2885; x_wconf 89' lang='lat' dir='ltr'><strong>gratiam</strong></span> <span class='ocrx_word' id='word_1_637' title='bbox 3625 2831 3738 2869; x_wconf 92' lang='lat' dir='ltr'><strong>non</strong></span> 
     </span>
    </p>
   </div>
   <div class='ocr_carea' id='block_1_89' title="bbox 2043 2907 2320 2961">
    <p class='ocr_par' dir='ltr' id='par_1_89' title="bbox 2043 2907 2320 2961">
     <span class='ocr_line' id='line_1_89' title="bbox 2043 2907 2320 2961; baseline -0.004 0"><span class='ocrx_word' id='word_1_638' title='bbox 2043 2907 2320 2961; x_wconf 87' lang='lat' dir='ltr'><strong>emollire.</strong></span> 
     </span>
    </p>
   </div>
   <div class='ocr_carea' id='block_1_90' title="bbox 1703 2991 3734 3062">
    <p class='ocr_par' dir='ltr' id='par_1_90' title="bbox 1703 2991 3734 3062">
     <span class='ocr_line' id='line_1_90' title="bbox 1703 2991 3734 3062; baseline -0.001 -15"><span class='ocrx_word' id='word_1_639' title='bbox 1703 2993 1931 3062; x_wconf 78' lang='lat' dir='ltr'><strong>(GREG.)</strong></span> <span class='ocrx_word' id='word_1_640' title='bbox 1964 2992 2004 3047; x_wconf 79' lang='lat' dir='ltr'><strong>C.</strong></span> <span class='ocrx_word' id='word_1_641' title='bbox 2113 2996 2298 3048; x_wconf 83' lang='lat' dir='ltr'><strong>Vens.</strong></span> <span class='ocrx_word' id='word_1_642' title='bbox 2349 2998 2430 3048; x_wconf 80' lang='grc'><strong>15.</strong></span> <span class='ocrx_word' id='word_1_643' title='bbox 2466 3025 2532 3032; x_wconf 90' lang='grc'><strong>-</strong></span> <span class='ocrx_word' id='word_1_644' title='bbox 2565 3016 2585 3041; x_wconf 71' lang='grc' dir='ltr'>α</span> <span class='ocrx_word' id='word_1_645' title='bbox 2638 2992 2694 3047; x_wconf 91' lang='lat' dir='ltr'><strong>Si</strong></span> <span class='ocrx_word' id='word_1_646' title='bbox 2750 2991 3098 3046; x_wconf 89' lang='lat' dir='ltr'><strong>continuerit</strong></span> <span class='ocrx_word' id='word_1_647' title='bbox 3135 3008 3333 3061; x_wconf 86' lang='lat' dir='ltr'><strong>aquas,</strong></span> <span class='ocrx_word' id='word_1_648' title='bbox 3386 2991 3579 3045; x_wconf 89' lang='lat' dir='ltr'><strong>omnia</strong></span> <span class='ocrx_word' id='word_1_649' title='bbox 3631 2991 3734 3045; x_wconf 91' lang='lat' dir='ltr'><strong>sic-</strong></span> 
     </span>
    </p>
   </div>
   <div class='ocr_carea' id='block_1_91' title="bbox 2040 3081 3733 3150">
    <p class='ocr_par' dir='ltr' id='par_1_91' title="bbox 2040 3081 3733 3150">
     <span class='ocr_line' id='line_1_91' title="bbox 2040 3081 3733 3150; baseline -0.001 -13"><span class='ocrx_word' id='word_1_650' title='bbox 2040 3085 2341 3137; x_wconf 90' lang='lat' dir='ltr'><strong>cabuntur.</strong></span> <span class='ocrx_word' id='word_1_651' title='bbox 2384 3105 2403 3130; x_wconf 70' lang='grc' dir='ltr'><strong><em>ι</em></strong></span> <span class='ocrx_word' id='word_1_652' title='bbox 2435 3082 2592 3145; x_wconf 88' lang='lat' dir='ltr'><strong>Quia,</strong></span> <span class='ocrx_word' id='word_1_653' title='bbox 2647 3081 2694 3134; x_wconf 92' lang='lat' dir='ltr'><strong>si</strong></span> <span class='ocrx_word' id='word_1_654' title='bbox 2742 3081 2978 3134; x_wconf 88' lang='lat' dir='ltr'><strong>scientia</strong></span> <span class='ocrx_word' id='word_1_655' title='bbox 3019 3081 3464 3150; x_wconf 71' lang='lat' dir='ltr'><strong>praedicatorum</strong></span> <span class='ocrx_word' id='word_1_656' title='bbox 3507 3081 3733 3135; x_wconf 90' lang='lat' dir='ltr'><strong>subtra—</strong></span> 
     </span>
    </p>
   </div>
   <div class='ocr_carea' id='block_1_92' title="bbox 2042 3169 3625 3239">
    <p class='ocr_par' dir='ltr' id='par_1_92' title="bbox 2042 3169 3625 3239">
     <span class='ocr_line' id='line_1_92' title="bbox 2042 3169 3625 3239; baseline -0.002 -14"><span class='ocrx_word' id='word_1_657' title='bbox 2042 3172 2213 3235; x_wconf 92' lang='lat' dir='ltr'><strong>hitur,</strong></span> <span class='ocrx_word' id='word_1_658' title='bbox 2241 3177 2371 3237; x_wconf 88' lang='lat' dir='ltr'><strong>etc.,</strong></span> <span class='ocrx_word' id='word_1_659' title='bbox 2406 3187 2572 3239; x_wconf 83' lang='lat' dir='ltr'><strong>usque</strong></span> <span class='ocrx_word' id='word_1_660' title='bbox 2604 3171 2678 3223; x_wconf 84' lang='lat' dir='ltr'><strong>ad</strong></span> <span class='ocrx_word' id='word_1_661' title='bbox 2709 3170 3102 3239; x_wconf 88' lang='lat' dir='ltr'><strong>septiformcm</strong></span> <span class='ocrx_word' id='word_1_662' title='bbox 3136 3171 3379 3239; x_wconf 87' lang='lat' dir='ltr'><strong>gratiam</strong></span> <span class='ocrx_word' id='word_1_663' title='bbox 3411 3169 3625 3223; x_wconf 89' lang='lat' dir='ltr'><strong>retulit.</strong></span> 
     </span>
    </p>
   </div>
   <div class='ocr_carea' id='block_1_93' title="bbox 2117 3259 3737 3328">
    <p class='ocr_par' dir='ltr' id='par_1_93' title="bbox 2117 3259 3737 3328">
     <span class='ocr_line' id='line_1_93' title="bbox 2117 3259 3737 3328; baseline -0.002 -14"><span class='ocrx_word' id='word_1_664' title='bbox 2117 3259 2202 3314; x_wconf 71' lang='lat' dir='ltr'><strong>«Si</strong></span> <span class='ocrx_word' id='word_1_665' title='bbox 2237 3260 2492 3314; x_wconf 90' lang='lat' dir='ltr'><strong>emiserit</strong></span> <span class='ocrx_word' id='word_1_666' title='bbox 2541 3275 2655 3324; x_wconf 91' lang='lat' dir='ltr'><strong>eas,</strong></span> <span class='ocrx_word' id='word_1_667' title='bbox 2725 3259 3070 3312; x_wconf 90' lang='lat' dir='ltr'><strong>subvertent.</strong></span> <span class='ocrx_word' id='word_1_668' title='bbox 3116 3282 3134 3305; x_wconf 73' lang='grc' dir='ltr'><strong>ι</strong></span> <span class='ocrx_word' id='word_1_669' title='bbox 3191 3259 3248 3312; x_wconf 91' lang='lat' dir='ltr'><strong>Si</strong></span> <span class='ocrx_word' id='word_1_670' title='bbox 3291 3259 3446 3312; x_wconf 90' lang='lat' dir='ltr'><strong>enim</strong></span> <span class='ocrx_word' id='word_1_671' title='bbox 3495 3259 3737 3328; x_wconf 88' lang='lat' dir='ltr'><strong>Spiritus</strong></span> 
     </span>
    </p>
   </div>
   <div class='ocr_carea' id='block_1_94' title="bbox 2041 3347 3736 3417">
    <p class='ocr_par' dir='ltr' id='par_1_94' title="bbox 2041 3347 3736 3417">
     <span class='ocr_line' id='line_1_94' title="bbox 2041 3347 3736 3417; baseline -0.001 -15"><span class='ocrx_word' id='word_1_672' title='bbox 2041 3350 2220 3403; x_wconf 90' lang='lat' dir='ltr'><strong>sancti</strong></span> <span class='ocrx_word' id='word_1_673' title='bbox 2269 3348 2452 3417; x_wconf 87' lang='lat' dir='ltr'><strong>gratia</strong></span> <span class='ocrx_word' id='word_1_674' title='bbox 2491 3347 2839 3411; x_wconf 85' lang='lat' dir='ltr'><strong>infunditur,</strong></span> <span class='ocrx_word' id='word_1_675' title='bbox 2873 3352 3000 3414; x_wconf 91' lang='lat' dir='ltr'><strong>etc.,</strong></span> <span class='ocrx_word' id='word_1_676' title='bbox 3045 3363 3212 3417; x_wconf 82' lang='lat' dir='ltr'><strong>usque</strong></span> <span class='ocrx_word' id='word_1_677' title='bbox 3250 3349 3324 3400; x_wconf 87' lang='lat' dir='ltr'><strong>ad</strong></span> <span class='ocrx_word' id='word_1_678' title='bbox 3363 3347 3554 3400; x_wconf 90' lang='lat' dir='ltr'><strong>statim</strong></span> <span class='ocrx_word' id='word_1_679' title='bbox 3586 3352 3736 3400; x_wconf 90' lang='lat' dir='ltr'><strong>terra</strong></span> 
     </span>
    </p>
   </div>
   <div class='ocr_carea' id='block_1_95' title="bbox 2040 3435 3735 3508">
    <p class='ocr_par' dir='ltr' id='par_1_95' title="bbox 2040 3435 3735 3508">
     <span class='ocr_line' id='line_1_95' title="bbox 2040 3435 3735 3508; baseline -0.002 -16"><span class='ocrx_word' id='word_1_680' title='bbox 2040 3439 2421 3492; x_wconf 90' lang='lat' dir='ltr'><strong>subvertitur:</strong></span> <span class='ocrx_word' id='word_1_681' title='bbox 2459 3437 2595 3508; x_wconf 91' lang='lat' dir='ltr'><strong>quia</strong></span> <span class='ocrx_word' id='word_1_682' title='bbox 2643 3436 2969 3506; x_wconf 86' lang='lat' dir='ltr'><strong>peccatricis</strong></span> <span class='ocrx_word' id='word_1_683' title='bbox 3023 3436 3232 3490; x_wconf 88' lang='lat' dir='ltr'><strong>mentis</strong></span> <span class='ocrx_word' id='word_1_684' title='bbox 3282 3435 3494 3489; x_wconf 92' lang='lat' dir='ltr'><strong>duritia</strong></span> <span class='ocrx_word' id='word_1_685' title='bbox 3523 3435 3593 3488; x_wconf 89' lang='lat' dir='ltr'><strong>ab</strong></span> <span class='ocrx_word' id='word_1_686' title='bbox 3634 3436 3735 3488; x_wconf 89' lang='lat' dir='ltr'><strong>im-</strong></span> 
     </span>
    </p>
   </div>
   <div class='ocr_carea' id='block_1_96' title="bbox 2042 3526 3342 3594">
    <p class='ocr_par' dir='ltr' id='par_1_96' title="bbox 2042 3526 3342 3594">
     <span class='ocr_line' id='line_1_96' title="bbox 2042 3526 3342 3594; baseline -0.002 -13"><span class='ocrx_word' id='word_1_687' title='bbox 2042 3527 2376 3581; x_wconf 88' lang='lat' dir='ltr'><strong>mobilitatis</strong></span> <span class='ocrx_word' id='word_1_688' title='bbox 2403 3543 2518 3580; x_wconf 67' lang='lat' dir='ltr'><strong>suae</strong></span> <span class='ocrx_word' id='word_1_689' title='bbox 2549 3526 2934 3579; x_wconf 85' lang='lat' dir='ltr'><strong>obstinatione</strong></span> <span class='ocrx_word' id='word_1_690' title='bbox 2958 3529 3342 3594; x_wconf 88' lang='lat' dir='ltr'><strong>permutatur.</strong></span> 
     </span>
    </p>
   </div>
   <div class='ocr_carea' id='block_1_97' title="bbox 2113 3611 3730 3684">
    <p class='ocr_par' dir='ltr' id='par_1_97' title="bbox 2113 3611 3730 3684">
     <span class='ocr_line' id='line_1_97' title="bbox 2113 3611 3730 3684; baseline -0.002 -17"><span class='ocrx_word' id='word_1_691' title='bbox 2113 3617 2298 3670; x_wconf 85' lang='lat' dir='ltr'><strong>Vens.</strong></span> <span class='ocrx_word' id='word_1_692' title='bbox 2337 3619 2419 3669; x_wconf 87' lang='grc'><strong>16.</strong></span> <span class='ocrx_word' id='word_1_693' title='bbox 2455 3644 2524 3655; x_wconf 89' lang='grc'><strong><em>-</em></strong></span> <span class='ocrx_word' id='word_1_694' title='bbox 2570 3638 2587 3662; x_wconf 73' lang='grc' dir='ltr'>ι</span> <span class='ocrx_word' id='word_1_695' title='bbox 2652 3615 2816 3683; x_wconf 87' lang='lat' dir='ltr'><strong>Apud</strong></span> <span class='ocrx_word' id='word_1_696' title='bbox 2861 3615 3046 3684; x_wconf 90' lang='lat' dir='ltr'><strong>ipsum</strong></span> <span class='ocrx_word' id='word_1_697' title='bbox 3100 3619 3183 3666; x_wconf 89' lang='lat' dir='ltr'><strong>est</strong></span> <span class='ocrx_word' id='word_1_698' title='bbox 3249 3611 3547 3666; x_wconf 88' lang='lat' dir='ltr'><strong>fortitudo.</strong></span> <span class='ocrx_word' id='word_1_699' title='bbox 3589 3634 3608 3660; x_wconf 74' lang='grc' dir='ltr'><strong><em>ι</em></strong></span> <span class='ocrx_word' id='word_1_700' title='bbox 3670 3613 3730 3666; x_wconf 91' lang='lat' dir='ltr'><strong>In</strong></span> 
     </span>
    </p>
   </div>
   <div class='ocr_carea' id='block_1_98' title="bbox 2039 3701 3734 3774">
    <p class='ocr_par' dir='ltr' id='par_1_98' title="bbox 2039 3701 3734 3774">
     <span class='ocr_line' id='line_1_98' title="bbox 2039 3701 3734 3774; baseline -0.001 -18"><span class='ocrx_word' id='word_1_701' title='bbox 2039 3705 2223 3758; x_wconf 90' lang='lat' dir='ltr'><strong>verbis</strong></span> <span class='ocrx_word' id='word_1_702' title='bbox 2254 3704 2540 3773; x_wconf 86' lang='lat' dir='ltr'><strong>prioribus</strong></span> <span class='ocrx_word' id='word_1_703' title='bbox 2568 3704 2776 3774; x_wconf 91' lang='lat' dir='ltr'><strong>quibus</strong></span> <span class='ocrx_word' id='word_1_704' title='bbox 2805 3703 2904 3767; x_wconf 88' lang='lat' dir='ltr'><strong>ait,</strong></span> <span class='ocrx_word' id='word_1_705' title='bbox 2943 3708 3067 3763; x_wconf 86' lang='lat' dir='ltr'><strong>etc.,</strong></span> <span class='ocrx_word' id='word_1_706' title='bbox 3103 3717 3272 3770; x_wconf 85' lang='lat' dir='ltr'><strong>usque</strong></span> <span class='ocrx_word' id='word_1_707' title='bbox 3313 3703 3388 3755; x_wconf 91' lang='lat' dir='ltr'><strong>ad</strong></span> <span class='ocrx_word' id='word_1_708' title='bbox 3429 3701 3622 3755; x_wconf 90' lang='lat' dir='ltr'><strong>electis</strong></span> <span class='ocrx_word' id='word_1_709' title='bbox 3674 3703 3734 3754; x_wconf 91' lang='lat' dir='ltr'><strong>in</strong></span> 
     </span>
    </p>
   </div>
   <div class='ocr_carea' id='block_1_99' title="bbox 2040 3789 3513 3863">
    <p class='ocr_par' dir='ltr' id='par_1_99' title="bbox 2040 3789 3513 3863">
     <span class='ocr_line' id='line_1_99' title="bbox 2040 3789 3513 3863; baseline -0.003 -16"><span class='ocrx_word' id='word_1_710' title='bbox 2040 3810 2217 3863; x_wconf 86' lang='lat' dir='ltr'><strong>regno</strong></span> <span class='ocrx_word' id='word_1_711' title='bbox 2249 3793 2495 3863; x_wconf 88' lang='lat' dir='ltr'><strong>qualiter</strong></span> <span class='ocrx_word' id='word_1_712' title='bbox 2538 3791 2609 3844; x_wconf 90' lang='lat' dir='ltr'><strong>sit</strong></span> <span class='ocrx_word' id='word_1_713' title='bbox 2657 3791 2936 3860; x_wconf 88' lang='lat' dir='ltr'><strong>sapientia</strong></span> <span class='ocrx_word' id='word_1_714' title='bbox 2992 3791 3168 3859; x_wconf 90' lang='lat' dir='ltr'><strong>patris</strong></span> <span class='ocrx_word' id='word_1_715' title='bbox 3211 3789 3513 3858; x_wconf 89' lang='lat' dir='ltr'><strong>judicabit.</strong></span> 
     </span>
    </p>
   </div>
   <div class='ocr_carea' id='block_1_100' title="bbox 2117 3877 3730 3949">
    <p class='ocr_par' dir='ltr' id='par_1_100' title="bbox 2117 3877 3730 3949">
     <span class='ocr_line' id='line_1_100' title="bbox 2117 3877 3730 3949; baseline -0.004 -14"><span class='ocrx_word' id='word_1_716' title='bbox 2117 3905 2136 3929; x_wconf 70' lang='lat' dir='ltr'><strong>cr</strong></span> <span class='ocrx_word' id='word_1_717' title='bbox 2173 3882 2335 3935; x_wconf 87' lang='lat' dir='ltr'><strong>Novit</strong></span> <span class='ocrx_word' id='word_1_718' title='bbox 2379 3885 2433 3933; x_wconf 92' lang='lat' dir='ltr'><strong>et</strong></span> <span class='ocrx_word' id='word_1_719' title='bbox 2483 3879 2860 3949; x_wconf 89' lang='lat' dir='ltr'><strong>decipientem</strong></span> <span class='ocrx_word' id='word_1_720' title='bbox 2920 3883 2975 3930; x_wconf 92' lang='lat' dir='ltr'><strong>et</strong></span> <span class='ocrx_word' id='word_1_721' title='bbox 3032 3893 3163 3930; x_wconf 92' lang='lat' dir='ltr'><strong>eum</strong></span> <span class='ocrx_word' id='word_1_722' title='bbox 3221 3877 3319 3946; x_wconf 92' lang='lat' dir='ltr'><strong>qui</strong></span> <span class='ocrx_word' id='word_1_723' title='bbox 3373 3877 3667 3946; x_wconf 91' lang='lat' dir='ltr'><strong>decipitur.</strong></span> <span class='ocrx_word' id='word_1_724' title='bbox 3712 3901 3730 3923; x_wconf 77' lang='grc' dir='ltr'><strong>ιι</strong></span> 
     </span>
    </p>
   </div>
   <div class='ocr_carea' id='block_1_101' title="bbox 2041 3964 3736 4040">
    <p class='ocr_par' dir='ltr' id='par_1_101' title="bbox 2041 3964 3736 4040">
     <span class='ocr_line' id='line_1_101' title="bbox 2041 3964 3736 4040; baseline -0.003 -17"><span class='ocrx_word' id='word_1_725' title='bbox 2041 3969 2233 4040; x_wconf 56' lang='lat' dir='ltr'><strong>(Ibid)</strong></span> <span class='ocrx_word' id='word_1_726' title='bbox 2289 3968 2455 4022; x_wconf 87' lang='lat' dir='ltr'><strong>Novit</strong></span> <span class='ocrx_word' id='word_1_727' title='bbox 2491 3967 2892 4036; x_wconf 89' lang='lat' dir='ltr'><strong>decipientem,</strong></span> <span class='ocrx_word' id='word_1_728' title='bbox 2953 3970 3095 4030; x_wconf 88' lang='lat' dir='ltr'><strong>etc.,</strong></span> <span class='ocrx_word' id='word_1_729' title='bbox 3127 3980 3295 4031; x_wconf 83' lang='lat' dir='ltr'><strong>usque</strong></span> <span class='ocrx_word' id='word_1_730' title='bbox 3323 3964 3396 4016; x_wconf 85' lang='lat' dir='ltr'><strong>ad</strong></span> <span class='ocrx_word' id='word_1_731' title='bbox 3427 3964 3736 4034; x_wconf 90' lang='lat' dir='ltr'><strong>aliquando</strong></span> 
     </span>
    </p>
   </div>
   <div class='ocr_carea' id='block_1_102' title="bbox 2040 4054 2948 4112">
    <p class='ocr_par' dir='ltr' id='par_1_102' title="bbox 2040 4054 2948 4112">
     <span class='ocr_line' id='line_1_102' title="bbox 2040 4054 2948 4112; baseline -0.006 -1"><span class='ocrx_word' id='word_1_732' title='bbox 2040 4060 2110 4112; x_wconf 89' lang='lat' dir='ltr'><strong>ad</strong></span> <span class='ocrx_word' id='word_1_733' title='bbox 2131 4056 2365 4110; x_wconf 88' lang='lat' dir='ltr'><strong>ultionis</strong></span> <span class='ocrx_word' id='word_1_734' title='bbox 2386 4057 2613 4109; x_wconf 90' lang='lat' dir='ltr'><strong>initium</strong></span> <span class='ocrx_word' id='word_1_735' title='bbox 2629 4054 2751 4108; x_wconf 77' lang='lat' dir='ltr'><strong>fieri</strong></span> <span class='ocrx_word' id='word_1_736' title='bbox 2787 4055 2948 4106; x_wconf 90' lang='lat' dir='ltr'><strong>solet.</strong></span> 
     </span>
    </p>
   </div>
   <div class='ocr_carea' id='block_1_103' title="bbox 2113 4139 3732 4200">
    <p class='ocr_par' dir='ltr' id='par_1_103' title="bbox 2113 4139 3732 4200">
     <span class='ocr_line' id='line_1_103' title="bbox 2113 4139 3732 4200; baseline -0.004 -2"><span class='ocrx_word' id='word_1_737' title='bbox 2113 4147 2286 4200; x_wconf 89' lang='lat' dir='ltr'><strong>Vens.</strong></span> <span class='ocrx_word' id='word_1_738' title='bbox 2310 4146 2398 4198; x_wconf 84' lang='lat'><strong>17.</strong></span> <span class='ocrx_word' id='word_1_739' title='bbox 2433 4175 2500 4183; x_wconf 91' lang='lat'><strong><em>—</em></strong></span> <span class='ocrx_word' id='word_1_740' title='bbox 2540 4166 2560 4190; x_wconf 87' lang='grc'><strong>‹</strong></span> <span class='ocrx_word' id='word_1_741' title='bbox 2596 4142 2842 4196; x_wconf 89' lang='lat' dir='ltr'><strong>Adducit</strong></span> <span class='ocrx_word' id='word_1_742' title='bbox 2877 4140 3232 4195; x_wconf 89' lang='lat' dir='ltr'><strong>consiliarios</strong></span> <span class='ocrx_word' id='word_1_743' title='bbox 3287 4139 3346 4192; x_wconf 91' lang='lat' dir='ltr'><strong>in</strong></span> <span class='ocrx_word' id='word_1_744' title='bbox 3396 4139 3636 4193; x_wconf 86' lang='lat' dir='ltr'><strong>stultum</strong></span> <span class='ocrx_word' id='word_1_745' title='bbox 3667 4140 3732 4193; x_wconf 84' lang='lat' dir='ltr'><strong>ti-</strong></span> 
     </span>
    </p>
   </div>
   <div class='ocr_carea' id='block_1_104' title="bbox 2041 4227 3732 4299">
    <p class='ocr_par' dir='ltr' id='par_1_104' title="bbox 2041 4227 3732 4299">
     <span class='ocr_line' id='line_1_104' title="bbox 2041 4227 3732 4299; baseline -0.005 -12"><span class='ocrx_word' id='word_1_746' title='bbox 2041 4249 2194 4287; x_wconf 89' lang='lat' dir='ltr'><strong>nem.</strong></span> <span class='ocrx_word' id='word_1_747' title='bbox 2236 4255 2253 4279; x_wconf 71' lang='lat'>»</span> <span class='ocrx_word' id='word_1_748' title='bbox 2287 4231 2647 4286; x_wconf 89' lang='lat' dir='ltr'><strong>Consiliarios</strong></span> <span class='ocrx_word' id='word_1_749' title='bbox 2695 4230 2832 4283; x_wconf 91' lang='lat' dir='ltr'><strong>dicit</strong></span> <span class='ocrx_word' id='word_1_750' title='bbox 2886 4230 3310 4299; x_wconf 70' lang='lat' dir='ltr'><strong>praedicatores,</strong></span> <span class='ocrx_word' id='word_1_751' title='bbox 3364 4227 3461 4297; x_wconf 92' lang='lat' dir='ltr'><strong>qui</strong></span> <span class='ocrx_word' id='word_1_752' title='bbox 3509 4227 3732 4280; x_wconf 88' lang='lat' dir='ltr'><strong>audito-</strong></span> 
     </span>
    </p>
   </div>
   <div class='ocr_carea' id='block_1_105' title="bbox 1961 4317 3737 4402">
    <p class='ocr_par' dir='ltr' id='par_1_105' title="bbox 1961 4317 3737 4402">
     <span class='ocr_line' id='line_1_105' title="bbox 1961 4317 3737 4402; baseline -0.003 -28"><span class='ocrx_word' id='word_1_753' title='bbox 1961 4349 2003 4402; x_wconf 83' lang='lat' dir='ltr'><strong>D</strong></span> <span class='ocrx_word' id='word_1_754' title='bbox 2044 4323 2200 4376; x_wconf 91' lang='lat' dir='ltr'><strong>ribus</strong></span> <span class='ocrx_word' id='word_1_755' title='bbox 2232 4321 2358 4375; x_wconf 67' lang='lat' dir='ltr'><strong>vita:</strong></span> <span class='ocrx_word' id='word_1_756' title='bbox 2380 4320 2684 4374; x_wconf 89' lang='lat' dir='ltr'><strong>consilium</strong></span> <span class='ocrx_word' id='word_1_757' title='bbox 2713 4320 2993 4389; x_wconf 57' lang='lat' dir='ltr'><strong>praebent.</strong></span> <span class='ocrx_word' id='word_1_758' title='bbox 3036 4317 3143 4381; x_wconf 92' lang='lat' dir='ltr'><strong>Qui</strong></span> <span class='ocrx_word' id='word_1_759' title='bbox 3174 4333 3302 4370; x_wconf 90' lang='lat' dir='ltr'><strong>cum</strong></span> <span class='ocrx_word' id='word_1_760' title='bbox 3334 4321 3569 4387; x_wconf 90' lang='lat' dir='ltr'><strong>propter</strong></span> <span class='ocrx_word' id='word_1_761' title='bbox 3601 4321 3737 4369; x_wconf 91' lang='lat' dir='ltr'><strong>tem-</strong></span> 
     </span>
    </p>
   </div>
   <div class='ocr_carea' id='block_1_106' title="bbox 2040 4406 3730 4481">
    <p class='ocr_par' dir='ltr' id='par_1_106' title="bbox 2040 4406 3730 4481">
     <span class='ocr_line' id='line_1_106' title="bbox 2040 4406 3730 4481; baseline -0.004 -17"><span class='ocrx_word' id='word_1_762' title='bbox 2040 4410 2256 4481; x_wconf 90' lang='lat' dir='ltr'><strong>poralia</strong></span> <span class='ocrx_word' id='word_1_763' title='bbox 2300 4409 2633 4479; x_wconf 78' lang='lat' dir='ltr'><strong>praedicant,</strong></span> <span class='ocrx_word' id='word_1_764' title='bbox 2694 4408 2752 4461; x_wconf 92' lang='lat' dir='ltr'><strong>in</strong></span> <span class='ocrx_word' id='word_1_765' title='bbox 2813 4409 3048 4461; x_wconf 88' lang='lat' dir='ltr'><strong>stultum</strong></span> <span class='ocrx_word' id='word_1_766' title='bbox 3108 4407 3284 4460; x_wconf 86' lang='lat' dir='ltr'><strong>finem</strong></span> <span class='ocrx_word' id='word_1_767' title='bbox 3341 4406 3730 4459; x_wconf 90' lang='lat' dir='ltr'><strong>deducuntur:</strong></span> 
     </span>
    </p>
   </div>
   <div class='ocr_carea' id='block_1_107' title="bbox 2039 4493 3734 4570">
    <p class='ocr_par' dir='ltr' id='par_1_107' title="bbox 2039 4493 3734 4570">
     <span class='ocr_line' id='line_1_107' title="bbox 2039 4493 3734 4570; baseline -0.004 -17"><span class='ocrx_word' id='word_1_768' title='bbox 2039 4500 2176 4570; x_wconf 85' lang='lat' dir='ltr'><strong>quia</strong></span> <span class='ocrx_word' id='word_1_769' title='bbox 2228 4499 2363 4552; x_wconf 93' lang='lat' dir='ltr'><strong>illuc</strong></span> <span class='ocrx_word' id='word_1_770' title='bbox 2417 4514 2519 4568; x_wconf 91' lang='lat' dir='ltr'><strong>per</strong></span> <span class='ocrx_word' id='word_1_771' title='bbox 2575 4497 2827 4550; x_wconf 91' lang='lat' dir='ltr'><strong>laborem</strong></span> <span class='ocrx_word' id='word_1_772' title='bbox 2873 4496 3135 4561; x_wconf 87' lang='lat' dir='ltr'><strong>tendunt,</strong></span> <span class='ocrx_word' id='word_1_773' title='bbox 3187 4497 3336 4548; x_wconf 87' lang='lat' dir='ltr'><strong>unde</strong></span> <span class='ocrx_word' id='word_1_774' title='bbox 3395 4511 3497 4565; x_wconf 90' lang='lat' dir='ltr'><strong>per</strong></span> <span class='ocrx_word' id='word_1_775' title='bbox 3527 4493 3734 4548; x_wconf 89' lang='lat' dir='ltr'><strong>mentis</strong></span> 
     </span>
    </p>
   </div>
   <div class='ocr_carea' id='block_1_108' title="bbox 2038 4586 2992 4656">
    <p class='ocr_par' dir='ltr' id='par_1_108' title="bbox 2038 4586 2992 4656">
     <span class='ocr_line' id='line_1_108' title="bbox 2038 4586 2992 4656; baseline -0.004 -14"><span class='ocrx_word' id='word_1_776' title='bbox 2038 4589 2438 4643; x_wconf 87' lang='lat' dir='ltr'><strong>rectitudinem</strong></span> <span class='ocrx_word' id='word_1_777' title='bbox 2470 4587 2665 4656; x_wconf 89' lang='lat' dir='ltr'><strong>fugere</strong></span> <span class='ocrx_word' id='word_1_778' title='bbox 2697 4586 2992 4639; x_wconf 90' lang='lat' dir='ltr'><strong>deberent.</strong></span> 
     </span>
    </p>
   </div>
   <div class='ocr_carea' id='block_1_109' title="bbox 2115 4671 3733 4746">
    <p class='ocr_par' dir='ltr' id='par_1_109' title="bbox 2115 4671 3733 4746">
     <span class='ocr_line' id='line_1_109' title="bbox 2115 4671 3733 4746; baseline -0.002 -17"><span class='ocrx_word' id='word_1_779' title='bbox 2115 4701 2133 4724; x_wconf 70' lang='grc' dir='ltr'><strong>α</strong></span> <span class='ocrx_word' id='word_1_780' title='bbox 2175 4678 2238 4730; x_wconf 88' lang='lat' dir='ltr'><strong>Et</strong></span> <span class='ocrx_word' id='word_1_781' title='bbox 2260 4676 2498 4746; x_wconf 87' lang='lat' dir='ltr'><strong>judices.</strong></span> <span class='ocrx_word' id='word_1_782' title='bbox 2540 4697 2560 4721; x_wconf 72' lang='grc' dir='ltr'><strong><em>ι</em></strong></span> <span class='ocrx_word' id='word_1_783' title='bbox 2598 4675 2704 4738; x_wconf 91' lang='lat' dir='ltr'><strong>Qui</strong></span> <span class='ocrx_word' id='word_1_784' title='bbox 2755 4674 3147 4728; x_wconf 82' lang='lat' dir='ltr'><strong>examinandis</strong></span> <span class='ocrx_word' id='word_1_785' title='bbox 3203 4674 3449 4727; x_wconf 90' lang='lat' dir='ltr'><strong>aliorum</strong></span> <span class='ocrx_word' id='word_1_786' title='bbox 3478 4671 3733 4726; x_wconf 90' lang='lat' dir='ltr'><strong>moribus</strong></span> 
     </span>
    </p>
   </div>
   <div class='ocr_carea' id='block_1_110' title="bbox 2037 4762 3730 4836">
    <p class='ocr_par' dir='ltr' id='par_1_110' title="bbox 2037 4762 3730 4836">
     <span class='ocr_line' id='line_1_110' title="bbox 2037 4762 3730 4836; baseline -0.003 -18"><span class='ocrx_word' id='word_1_787' title='bbox 2037 4770 2310 4836; x_wconf 73' lang='lat' dir='ltr'><strong>przesunt,</strong></span> <span class='ocrx_word' id='word_1_788' title='bbox 2343 4770 2492 4818; x_wconf 84' lang='lat' dir='ltr'><strong>recte</strong></span> <span class='ocrx_word' id='word_1_789' title='bbox 2519 4764 2737 4834; x_wconf 87' lang='lat' dir='ltr'><strong>judices</strong></span> <span class='ocrx_word' id='word_1_790' title='bbox 2762 4768 3074 4827; x_wconf 87' lang='lat' dir='ltr'><strong>vocantur;</strong></span> <span class='ocrx_word' id='word_1_791' title='bbox 3110 4762 3203 4815; x_wconf 91' lang='lat' dir='ltr'><strong>sed</strong></span> <span class='ocrx_word' id='word_1_792' title='bbox 3235 4778 3364 4814; x_wconf 91' lang='lat' dir='ltr'><strong>cum</strong></span> <span class='ocrx_word' id='word_1_793' title='bbox 3400 4778 3495 4815; x_wconf 91' lang='lat' dir='ltr'><strong>eos</strong></span> <span class='ocrx_word' id='word_1_794' title='bbox 3519 4777 3730 4831; x_wconf 80' lang='lat' dir='ltr'><strong>nequa-</strong></span> 
     </span>
    </p>
   </div>
   <div class='ocr_carea' id='block_1_111' title="bbox 2037 4849 3734 4925">
    <p class='ocr_par' dir='ltr' id='par_1_111' title="bbox 2037 4849 3734 4925">
     <span class='ocr_line' id='line_1_111' title="bbox 2037 4849 3734 4925; baseline -0.004 -18"><span class='ocrx_word' id='word_1_795' title='bbox 2037 4870 2210 4925; x_wconf 90' lang='lat' dir='ltr'><strong>quam</strong></span> <span class='ocrx_word' id='word_1_796' title='bbox 2275 4853 2513 4907; x_wconf 90' lang='lat' dir='ltr'><strong>sollicite</strong></span> <span class='ocrx_word' id='word_1_797' title='bbox 2553 4853 2883 4918; x_wconf 89' lang='lat' dir='ltr'><strong>discutiunt,</strong></span> <span class='ocrx_word' id='word_1_798' title='bbox 2971 4866 3075 4904; x_wconf 89' lang='lat' dir='ltr'><strong>nec</strong></span> <span class='ocrx_word' id='word_1_799' title='bbox 3144 4850 3390 4920; x_wconf 89' lang='lat' dir='ltr'><strong>qualiter</strong></span> <span class='ocrx_word' id='word_1_800' title='bbox 3447 4849 3734 4919; x_wconf 89' lang='lat' dir='ltr'><strong>corrigaut</strong></span> 
     </span>
    </p>
   </div>
   <div class='ocr_carea' id='block_1_112' title="bbox 2039 4939 3233 5013">
    <p class='ocr_par' dir='ltr' id='par_1_112' title="bbox 2039 4939 3233 5013">
     <span class='ocr_line' id='line_1_112' title="bbox 2039 4939 3233 5013; baseline -0.005 -17"><span class='ocrx_word' id='word_1_801' title='bbox 2039 4947 2373 5013; x_wconf 91' lang='lat' dir='ltr'><strong>agnoscunt,</strong></span> <span class='ocrx_word' id='word_1_802' title='bbox 2409 4943 2470 4995; x_wconf 93' lang='lat' dir='ltr'><strong>in</strong></span> <span class='ocrx_word' id='word_1_803' title='bbox 2500 4947 2795 5010; x_wconf 88' lang='lat' dir='ltr'><strong>stuporem</strong></span> <span class='ocrx_word' id='word_1_804' title='bbox 2827 4939 3051 4993; x_wconf 89' lang='lat' dir='ltr'><strong>deducti</strong></span> <span class='ocrx_word' id='word_1_805' title='bbox 3083 4943 3233 4991; x_wconf 91' lang='lat' dir='ltr'><strong>sunt.</strong></span> 
     </span>
    </p>
   </div>
   <div class='ocr_carea' id='block_1_113' title="bbox 2111 5025 3732 5096">
    <p class='ocr_par' dir='ltr' id='par_1_113' title="bbox 2111 5025 3732 5096">
     <span class='ocr_line' id='line_1_113' title="bbox 2111 5025 3732 5096; baseline -0.004 -13"><span class='ocrx_word' id='word_1_806' title='bbox 2111 5033 2294 5086; x_wconf 87' lang='lat' dir='ltr'><strong>Vens.</strong></span> <span class='ocrx_word' id='word_1_807' title='bbox 2343 5035 2430 5086; x_wconf 89' lang='grc'><strong>18.</strong></span> <span class='ocrx_word' id='word_1_808' title='bbox 2466 5061 2533 5069; x_wconf 89' lang='lat'><strong>—-</strong></span> <span class='ocrx_word' id='word_1_809' title='bbox 2566 5053 2585 5078; x_wconf 68' lang='grc' dir='ltr'><strong>ε</strong></span> <span class='ocrx_word' id='word_1_810' title='bbox 2625 5030 2877 5083; x_wconf 84' lang='lat' dir='ltr'><strong>Balteum</strong></span> <span class='ocrx_word' id='word_1_811' title='bbox 2911 5042 3113 5096; x_wconf 89' lang='lat' dir='ltr'><strong>regum</strong></span> <span class='ocrx_word' id='word_1_812' title='bbox 3167 5025 3438 5078; x_wconf 88' lang='lat' dir='ltr'><strong>dissolvit.</strong></span> <span class='ocrx_word' id='word_1_813' title='bbox 3481 5047 3499 5071; x_wconf 70' lang='grc' dir='ltr'><strong><em>ν</em></strong></span> <span class='ocrx_word' id='word_1_814' title='bbox 3551 5026 3612 5077; x_wconf 91' lang='lat' dir='ltr'><strong>ln</strong></span> <span class='ocrx_word' id='word_1_815' title='bbox 3646 5025 3732 5077; x_wconf 89' lang='lat' dir='ltr'><strong>his</strong></span> 
     </span>
    </p>
   </div>
   <div class='ocr_carea' id='block_1_114' title="bbox 2039 5113 3731 5190">
    <p class='ocr_par' dir='ltr' id='par_1_114' title="bbox 2039 5113 3731 5190">
     <span class='ocr_line' id='line_1_114' title="bbox 2039 5113 3731 5190; baseline -0.005 -17"><span class='ocrx_word' id='word_1_816' title='bbox 2039 5120 2191 5172; x_wconf 90' lang='lat' dir='ltr'><strong>enim</strong></span> <span class='ocrx_word' id='word_1_817' title='bbox 2234 5120 2332 5190; x_wconf 90' lang='lat' dir='ltr'><strong>qui</strong></span> <span class='ocrx_word' id='word_1_818' title='bbox 2364 5120 2506 5172; x_wconf 90' lang='lat' dir='ltr'><strong>bene</strong></span> <span class='ocrx_word' id='word_1_819' title='bbox 2537 5133 2734 5187; x_wconf 90' lang='lat' dir='ltr'><strong>regere</strong></span> <span class='ocrx_word' id='word_1_820' title='bbox 2767 5115 3022 5168; x_wconf 89' lang='lat' dir='ltr'><strong>membra</strong></span> <span class='ocrx_word' id='word_1_821' title='bbox 3053 5129 3154 5167; x_wconf 92' lang='lat' dir='ltr'><strong>sua</strong></span> <span class='ocrx_word' id='word_1_822' title='bbox 3205 5113 3566 5174; x_wconf 84' lang='lat' dir='ltr'><strong>videbantur,</strong></span> <span class='ocrx_word' id='word_1_823' title='bbox 3601 5128 3731 5182; x_wconf 90' lang='lat' dir='ltr'><strong>pro-</strong></span> 
     </span>
    </p>
   </div>
   <div class='ocr_carea' id='block_1_115' title="bbox 2037 5201 3726 5277">
    <p class='ocr_par' dir='ltr' id='par_1_115' title="bbox 2037 5201 3726 5277">
     <span class='ocr_line' id='line_1_115' title="bbox 2037 5201 3726 5277; baseline -0.004 -17"><span class='ocrx_word' id='word_1_824' title='bbox 2037 5213 2165 5277; x_wconf 89' lang='lat' dir='ltr'><strong>pter</strong></span> <span class='ocrx_word' id='word_1_825' title='bbox 2195 5207 2457 5260; x_wconf 87' lang='lat' dir='ltr'><strong>elationis</strong></span> <span class='ocrx_word' id='word_1_826' title='bbox 2499 5207 2725 5274; x_wconf 87' lang='lat' dir='ltr'><strong>culpam</strong></span> <span class='ocrx_word' id='word_1_827' title='bbox 2794 5203 3068 5256; x_wconf 89' lang='lat' dir='ltr'><strong>castitatis</strong></span> <span class='ocrx_word' id='word_1_828' title='bbox 3116 5202 3410 5271; x_wconf 84' lang='lat' dir='ltr'><strong>cingulum</strong></span> <span class='ocrx_word' id='word_1_829' title='bbox 3467 5201 3726 5254; x_wconf 82' lang='lat' dir='ltr'><strong>destruit.</strong></span> 
     </span>
    </p>
   </div>
   <div class='ocr_carea' id='block_1_116' title="bbox 2041 5290 3731 5366">
    <p class='ocr_par' dir='ltr' id='par_1_116' title="bbox 2041 5290 3731 5366">
     <span class='ocr_line' id='line_1_116' title="bbox 2041 5290 3731 5366; baseline -0.005 -16"><span class='ocrx_word' id='word_1_830' title='bbox 2041 5299 2104 5350; x_wconf 84' lang='lat' dir='ltr'><strong>Et</strong></span> <span class='ocrx_word' id='word_1_831' title='bbox 2133 5297 2268 5366; x_wconf 89' lang='lat' dir='ltr'><strong>quia</strong></span> <span class='ocrx_word' id='word_1_832' title='bbox 2307 5297 2364 5349; x_wconf 93' lang='lat' dir='ltr'><strong>in</strong></span> <span class='ocrx_word' id='word_1_833' title='bbox 2407 5295 2638 5348; x_wconf 90' lang='lat' dir='ltr'><strong>renibus</strong></span> <span class='ocrx_word' id='word_1_834' title='bbox 2691 5292 2988 5347; x_wconf 83' lang='lat' dir='ltr'><strong>delectatio</strong></span> <span class='ocrx_word' id='word_1_835' title='bbox 3049 5297 3135 5344; x_wconf 92' lang='lat' dir='ltr'><strong>est</strong></span> <span class='ocrx_word' id='word_1_836' title='bbox 3189 5290 3394 5355; x_wconf 88' lang='lat' dir='ltr'><strong>carnis,</strong></span> <span class='ocrx_word' id='word_1_837' title='bbox 3439 5290 3573 5342; x_wconf 90' lang='lat' dir='ltr'><strong>fune</strong></span> <span class='ocrx_word' id='word_1_838' title='bbox 3609 5305 3731 5358; x_wconf 87' lang='lat' dir='ltr'><strong>pec-</strong></span> 
     </span>
    </p>
   </div>
   <div class='ocr_carea' id='block_1_117' title="bbox 2037 5380 3444 5451">
    <p class='ocr_par' dir='ltr' id='par_1_117' title="bbox 2037 5380 3444 5451">
     <span class='ocr_line' id='line_1_117' title="bbox 2037 5380 3444 5451; baseline -0.003 -15"><span class='ocrx_word' id='word_1_839' title='bbox 2037 5384 2145 5436; x_wconf 89' lang='lat' dir='ltr'><strong>cati</strong></span> <span class='ocrx_word' id='word_1_840' title='bbox 2177 5402 2240 5437; x_wconf 90' lang='lat' dir='ltr'><strong>ac</strong></span> <span class='ocrx_word' id='word_1_841' title='bbox 2270 5381 2663 5437; x_wconf 85' lang='lat' dir='ltr'><strong>delectationis</strong></span> <span class='ocrx_word' id='word_1_842' title='bbox 2692 5380 2996 5451; x_wconf 80' lang='lat' dir='ltr'><strong>praecingit</strong></span> <span class='ocrx_word' id='word_1_843' title='bbox 3026 5395 3191 5433; x_wconf 90' lang='lat' dir='ltr'><strong>renes</strong></span> <span class='ocrx_word' id='word_1_844' title='bbox 3224 5393 3444 5432; x_wconf 89' lang='lat' dir='ltr'><strong>corum.</strong></span> 
     </span>
    </p>
   </div>
   <div class='ocr_carea' id='block_1_118' title="bbox 2111 5465 3728 5538">
    <p class='ocr_par' dir='ltr' id='par_1_118' title="bbox 2111 5465 3728 5538">
     <span class='ocr_line' id='line_1_118' title="bbox 2111 5465 3728 5538; baseline -0.004 -13"><span class='ocrx_word' id='word_1_845' title='bbox 2111 5474 2295 5527; x_wconf 87' lang='lat' dir='ltr'><strong>Vens.</strong></span> <span class='ocrx_word' id='word_1_846' title='bbox 2332 5475 2412 5526; x_wconf 80' lang='lat' dir='ltr'><strong>l9.</strong></span> <span class='ocrx_word' id='word_1_847' title='bbox 2448 5502 2514 5508; x_wconf 93' lang='lat'><strong><em>—</em></strong></span> <span class='ocrx_word' id='word_1_848' title='bbox 2549 5493 2566 5517; x_wconf 74' lang='grc' dir='ltr'><strong>ε</strong></span> <span class='ocrx_word' id='word_1_849' title='bbox 2607 5470 2771 5524; x_wconf 87' lang='lat' dir='ltr'><strong>Ducit</strong></span> <span class='ocrx_word' id='word_1_850' title='bbox 2803 5469 3122 5523; x_wconf 87' lang='lat' dir='ltr'><strong>sacerdotes</strong></span> <span class='ocrx_word' id='word_1_851' title='bbox 3155 5467 3449 5538; x_wconf 89' lang='lat' dir='ltr'><strong>inglorios.</strong></span> <span class='ocrx_word' id='word_1_852' title='bbox 3489 5488 3507 5511; x_wconf 83' lang='lat'><strong>-</strong></span> <span class='ocrx_word' id='word_1_853' title='bbox 3542 5465 3728 5533; x_wconf 61' lang='lat' dir='ltr'><strong>(Ibid)</strong></span> 
     </span>
    </p>
   </div>
   <div class='ocr_carea' id='block_1_119' title="bbox 2036 5555 3729 5630">
    <p class='ocr_par' dir='ltr' id='par_1_119' title="bbox 2036 5555 3729 5630">
     <span class='ocr_line' id='line_1_119' title="bbox 2036 5555 3729 5630; baseline -0.005 -15"><span class='ocrx_word' id='word_1_854' title='bbox 2036 5561 2184 5625; x_wconf 93' lang='lat' dir='ltr'><strong>Quin</strong></span> <span class='ocrx_word' id='word_1_855' title='bbox 2242 5565 2372 5614; x_wconf 88' lang='lat' dir='ltr'><strong>ante</strong></span> <span class='ocrx_word' id='word_1_856' title='bbox 2423 5558 2672 5630; x_wconf 70' lang='lat' dir='ltr'><strong>judicent</strong></span> <span class='ocrx_word' id='word_1_857' title='bbox 2734 5575 2847 5613; x_wconf 91' lang='lat' dir='ltr'><strong>non</strong></span> <span class='ocrx_word' id='word_1_858' title='bbox 2890 5557 3185 5612; x_wconf 89' lang='lat' dir='ltr'><strong>invenient</strong></span> <span class='ocrx_word' id='word_1_859' title='bbox 3233 5555 3495 5627; x_wconf 86' lang='lat' dir='ltr'><strong>gloriam,</strong></span> <span class='ocrx_word' id='word_1_860' title='bbox 3557 5569 3729 5625; x_wconf 91' lang='lat' dir='ltr'><strong>quam</strong></span> 
     </span>
    </p>
   </div>
  </div>
