4034 6180
321 296 413 348 791
949 289 1348 344 WALAFRIDI
1387 287 1633 342 STRABI
1673 287 1870 344 FULD.
1913 287 2076 341 MON.
2119 285 2279 340 OPP.
2315 285 2491 340 PARS
2528 285 2570 338 Ι.
2600 313 2666 323 -
2706 283 3162 338 THEOLOGICA.

3727 284 3833 332 79?.

321 410 492 466 modo
520 409 583 464 in
631 409 989 464 subditorum
1046 408 1302 463 moribus
1350 407 1540 462 studio
1596 403 2023 477 praedicationis
2059 407 2103 460 A
2133 405 2436 461 ricordiam
2489 407 2885 476 deprecamur.
2950 407 3092 460 Cum
3138 421 3205 460 eo
3264 405 3644 476 disputamus,
3687 403 3833 457 dum

323 515 442 555 non
469 499 796 570 exquirunt.

400 611 421 638 ι
459 591 525 643 Et
580 587 886 658 optimates
923 587 1272 657 supplantat.
1334 605 1361 632 «
1392 584 1618 654 (Gneo)
1677 582 1838 647 Quia,
1886 597 2017 636 cum

327 683 579 733 mentem
630 675 972 746 regentium
997 676 1152 745 justo
1212 672 1431 744 judicio
1486 671 1716 738 deserit,
1768 671 2021 726 caelestia

325 765 649 837 negligunt,
683 770 740 818 et
768 763 827 817 in
862 763 977 817 suis
1005 763 1098 817 hic
1126 761 1516 832 voluptatibus
1545 760 1775 815 cadunt.

395 856 555 907 Vens.
610 856 699 907 20.
753 883 820 890 -
871 871 897 903 (ι
933 852 1304 906 Commutans
1363 849 1580 904 labium
1649 848 1953 903 veracium.
1989 869 2015 896 ι

324 941 468 1007 Quia
492 957 644 1011 smpe
674 941 756 1007 hi,
789 940 889 1011 qui
911 940 1160 994 coalestia
1189 938 1556 1010 praedicando
1578 952 1803 992 veraces
1833 940 2014 1004 erant,

322 1029 459 1084 dum
514 1029 854 1101 temporalia
891 1028 1161 1099 diligunt.
1218 1028 1285 1082 ad
1319 1033 1544 1081 terrena
1572 1026 1865 1098 diligenda
1889 1043 2019 1081 cor-

321 1123 520 1186 ruunt,
553 1119 770 1172 labium
803 1118 1086 1171 veracium
1115 1121 1522 1171 commutatur.
1552 1117 1647 1170 Vel
1689 1116 1758 1170 de
1807 1114 2019 1170 Iudaeis

322 1211 512 1277 potest
540 1206 806 1276 intelligi,
840 1205 941 1276 qui
972 1211 1101 1258 ante
1138 1220 1363 1258 veraces
1395 1204 1682 1260 Christum
1711 1208 2018 1257 venturum

323 1295 753 1357 nuntiaverunt,
786 1309 844 1346 se
865 1297 1206 1363 prmsentem
1238 1292 1390 1346 hunc
1429 1295 1801 1362 negaverunt.

396 1405 422 1434 «
456 1385 520 1438 Et
557 1382 896 1436 doctrinam.
929 1401 954 1431 υ
1003 1381 1190 1451 (Ibid)
1244 1381 1512 1435 Doctrina
1567 1395 1770 1433 senum
1831 1379 2019 1432 ablata

321 1477 423 1538 est,
457 1471 594 1543 quia
635 1470 816 1525 Judmi
848 1485 1213 1540 nequaquam
1248 1487 1312 1522 ea
1343 1468 1625 1523 credendo
1656 1467 1834 1522 secuti
1863 1473 2015 1534 sunt,

322 1578 450 1633 quas
475 1567 665 1632 patres
703 1576 831 1613 suos
861 1559 1191 1628 praedixisse
1225 1558 1632 1612 meminerunt.

393 1651 664 1704 Vnns.21.
696 1680 764 1687 —
792 1668 819 1698 «
845 1648 1095 1702 Etfundit
1147 1647 1571 1716 despectionem
1628 1661 1800 1716 super
1849 1645 2016 1716 prin-

322 1738 496 1810 cipes.
528 1757 556 1789 io
583 1738 763 1792 .lndtei
791 1737 849 1791 in
881 1736 1024 1807 legis
1056 1735 1340 1790 mandatis
1385 1739 1792 1805 permanentes
1848 1732 2018 1803 prin-

2129 512 2229 549 nos
2281 495 2434 550 illius
2486 495 2726 566 justitia
2757 495 3172 566 conjungentes
3200 495 3344 548 facta
3390 499 3584 548 nostra
3633 493 3833 547 subtili

2128 584 2497 656 indagatione
2527 585 2884 638 discutimus.
2931 585 3027 638 Vel
3081 601 3210 638 cum
3274 585 3386 638 Deo
3432 584 3689 652 disputat
3728 581 3834 652 qui

2129 672 2222 728 hic
2253 675 2307 727 ei
2338 673 2630 740 obediens,
2664 677 2794 744 post
2821 688 2952 726 cum
2984 689 3052 726 eo
3096 673 3342 743 populos
3389 672 3690 742 judicabit,
3725 670 3834 741 qui

2129 761 2300 817 etiam
2319 762 2552 816 interim
2572 763 2641 817 de
2672 762 2888 834 iniquis
2907 761 3167 832 judicare
3199 777 3315 815 non
3344 765 3540 814 cessat.

2199 852 2358 905 Vens.
2390 853 2543 904 4.-
2588 873 2606 896 ι
2658 850 2818 904 Prius
2871 865 2969 904 vos
3021 850 3339 915 ostendam,
3387 869 3414 900 ι)
3468 855 3571 903 etc.
3631 847 3836 917 (Ibid)

2127 939 2216 994 Sic
2249 940 2492 994 Ecclesia
2522 941 2590 993 de
2642 939 2946 1004 haueticis,
2991 960 3019 989 ς
3074 938 3236 1008 prius
3265 955 3362 992 vos
3408 938 3713 992 ostendam
3748 938 3837 990 fa-

2129 1029 2478 1095 bricatores;
2515 1050 2542 1076 »
2575 1028 2721 1082 sicut
2749 1029 2903 1082 enim
2935 1027 3241 1082 asditicium
3277 1027 3346 1080 de
3401 1026 3718 1097 lapidibus,
3753 1025 3839 1078 ita

2129 1117 2301 1171 etiam
2332 1117 2694 1172 mendacium
2726 1117 3086 1171 sermonibus
3113 1115 3441 1170 fabricatur.

2198 1207 2355 1258 Vnns.
2413 1209 2465 1260 5.
2528 1236 2596 1244 —
2655 1225 2682 1256 α
2738 1208 2922 1276 Atque
2974 1204 3198 1258 utinam
3252 1204 3528 1258 taceretis.
3565 1225 3592 1251 ››
3636 1203 3844 1273 (Ibid)

2132 1293 2338 1348 Videns
2367 1311 2463 1348 eos
2518 1295 2661 1348 velle
2714 1310 3012 1365 apparere,
3091 1298 3224 1359 etc.,
3266 1308 3432 1363 usque
3486 1293 3559 1346 ad
3612 1293 3846 1363 quibus

2129 1383 2387 1437 infirmas
2420 1387 2644 1438 mentes
2673 1383 2962 1438 seducant.

2200 1473 2360 1527 Vens.
2393 1475 2444 1527 6.
2473 1504 2540 1512 -—
2590 1493 2617 1523 (ι
2674 1473 2882 1527 Audite
2913 1487 3051 1542 ergo
3081 1471 3491 1525 correctionem
3544 1486 3774 1524 meam.
3814 1491 3843 1520 ιι

2127 1564 2330 1634 (Ibid)
2366 1565 2515 1619 Bene
2547 1581 2685 1636 ergo
2725 1564 2887 1634 prius
2916 1564 3322 1618 correctionem
3355 1569 3480 1634 post
3536 1563 3851 1632 judicium

2128 1652 2343 1718 intulit,
2368 1651 2503 1722 quia
2531 1652 2640 1706 nisi
2673 1668 2776 1722 per
2803 1652 3214 1706 correctionem
3250 1651 3407 1722 prius
3437 1651 3592 1705 stulti
3622 1658 3849 1705 tumor

2127 1741 2503 1811 deprimatur,
2536 1755 2902 1811 nequaquam
2930 1756 3034 1810 per
3071 1738 3509 1810 intelligentiam
3535 1739 3849 1810 judicium

321 1827 497 1898 cipari
547 1842 651 1898 per
706 1826 880 1880 ﬁdem
947 1825 1321 1880 videbantur:
1371 1824 1616 1895 gentiles
1646 1823 1705 1877 in
1736 1821 2018 1893 profundo
2119 1828 2262 1899 justi
2295 1829 2684 1899 cognoscitur.

320 1914 502 1986 pressi
532 1930 636 1985 per
677 1914 1076 1968 inﬁdelitatem
1127 1914 1420 1968 latuerunt
1453 1930 1465 1980 ;
1521 1913 1618 1966 sed
1663 1927 1795 1966 cum
1822 1910 2020 1964 incar—

321 2003 574 2058 nationis
607 2002 919 2057 Dominicas
959 2001 1294 2073 mysterium
1343 2000 1570 2072 negavit
1599 2000 1816 2069 Judaza,
1873 2014 2019 2070 gen-

324 2091 498 2146 tilitas
536 2090 798 2146 credidit.
833 2090 956 2145 Sic:

396 2181 555 2234 Vnns.
610 2183 700 2234 22.
743 2209 813 2220 —
867 2198 895 2230 α
931 2179 1162 2234 Revela:
1208 2177 1493 2248 profunda
1545 2177 1615 2232 de
1662 2175 1951 2242 tenebris;
1989 2195 2018 2226 ι)

327 2284 453 2322 cum
490 2267 712 2338 mystici
769 2267 1176 2338 allegoriarum
1225 2283 1422 2321 sensus
1460 2267 1519 2320 in
1560 2265 1748 2320 verbis
1787 2262 2023 2318 occultis

322 2357 739 2429 prophetarum
771 2360 1180 2428 agnoscuntur.

399 2475 425 2506 α
454 2457 521 2508 Et
559 2453 822 2525 producit
852 2454 910 2508 in
971 2453 1155 2508 lucem
1214 2451 1477 2506 umbram
1513 2451 1735 2507 mortis.
1761 2470 1790 2502 ι)
1825 2449 2020 2519 (Ibid)

328 2543 597 2599 Umbram
664 2543 864 2597 mortis
920 2542 1074 2609 dicit,
1144 2546 1277 2610 etc.,
1336 2557 1506 2611 usque
1548 2541 1623 2596 ad
1650 2556 1810 2595 mors
1837 2539 2023 2594 carnis

324 2633 562 2688 minime
601 2633 850 2687 timetur.

395 2722 558 2774 Vnns.
589 2722 684 2774 23.
723 2750 792 2760 -
858 2741 878 2766 ι
910 2718 1018 2783 Qui
1068 2718 1408 2788 multiplicat
1457 2723 1674 2787 gentes.
1734 2735 1762 2767 ν
1823 2716 2021 2785 (Ibid)

326 2809 470 2874 Quia
503 2814 702 2880 gentes
755 2814 814 2863 et
854 2824 958 2879 per
1015 2807 1426 2862 fecunditatem
1483 2804 1693 2860 sobolis
1749 2805 2022 2871 extendit,

325 2902 382 2951 et
401 2901 593 2951 tamen
635 2895 696 2949 in
726 2895 961 2966 propria
990 2894 1326 2948 infidelitate
1358 2892 1726 2965 derelinquit,
1777 2897 1835 2946 et
1882 2907 2026 2962 quas

323 2985 384 3039 in
414 2983 767 3040 inﬁdelitatis
804 3000 935 3038 casu
966 2983 1300 3054 reliquerat,
1350 2982 1696 3054 quandoque
1726 2981 1796 3035 ad
1846 2979 2022 3034 ﬁdem
2049 2980 2089 3036 C

327 3073 576 3139 reduxit,
609 3073 820 3144 quibus
849 3072 928 3127 ita
956 3072 1232 3126 restitutis
1261 3072 1324 3126 tit
1353 3072 1506 3142 quod
1537 3069 1815 3142 sequitur,
1863 3092 1885 3118 ι
1923 3070 2025 3140 qui

327 3161 598 3215 immutat
625 3177 742 3227 cor,
767 3179 795 3212 ι
830 3165 942 3214 etc.

397 3251 563 3302 Vens.
585 3252 763 3303 24.-
785 3267 812 3300 α
842 3248 951 3312 Qui
979 3247 1248 3302 immutat
1276 3262 1375 3300 cor
1399 3245 1750 3317 principum.
1774 3264 1802 3297 io
1826 3246 2020 3316 (Ibid)

331 3337 438 3390 Cor
492 3335 816 3405 principum
861 3341 1031 3390 terrae
1085 3335 1456 3388 immutatum
1513 3339 1620 3400 est,
1674 3339 1804 3402 etc.,
1856 3349 2025 3402 usque

327 3425 402 3478 ad
430 3429 626 3493 patere
657 3423 749 3476 via
778 3439 893 3477 non
924 3428 1149 3493 poterat
1178 3428 1379 3476 contra
1409 3427 1705 3476 auctorem
1736 3423 2019 3476 omnium.

400 3513 565 3566 Vnns.
602 3513 690 3565 25.
716 3540 784 3551 -
829 3534 848 3558 α
879 3511 1198 3580 Palpabunt
1217 3509 1379 3581 quasi
1400 3509 1459 3563 in
1479 3510 1752 3564 tenebris.
1787 3531 1814 3559 »
1836 3511 2022 3579 (Ibid)

327 3598 499 3664 Quasi
529 3599 587 3653 in
621 3598 872 3653 tenebris
924 3599 1138 3670 palpet,
1193 3605 1325 3664 etc.,
1380 3613 1549 3667 usque
1605 3599 1680 3653 ad
1739 3619 1767 3648 ¢
1823 3599 2023 3653 Nonne

328 3687 420 3742 hic
448 3691 534 3742 est
561 3687 714 3741 ﬁlius
743 3687 934 3744 fabri?
967 3707 993 3739 η

986 3811 1210 3866 CAPUT
1235 3811 1374 3865 XIII.

399 3952 560 4006 Vens.
595 3954 643 4005 t.
675 3981 746 3991 —
804 3973 826 4000 ι
880 3952 1016 4006 Ecce
1072 3953 1286 4006 omnia.
1339 3972 1366 4004 ιο
1401 3953 1622 4024 (Gneo)
1685 3953 1814 4008 Haec
1870 3953 2024 4008 enim

328 4045 532 4095 cuncta
559 4039 743 4105 beato,
789 4044 919 4107 etc.,
972 4057 1139 4109 usque
1168 4042 1240 4094 ad
1272 4041 1381 4095 alia
1432 4041 1576 4096 vidit
1621 4057 1742 4096 esse
1779 4041 1840 4096 in
1883 4058 2023 4112 ope-

327 4128 510 4194 ribus,
542 4129 654 4182 alia
683 4128 742 4182 in
773 4128 958 4196 dictis,
986 4129 1278 4199 sequitur:

401 4239 428 4268 α
455 4218 585 4271 Haec
623 4217 768 4271 vidit
797 4217 996 4272 oculus
1028 4233 1210 4285 mens,
1243 4222 1300 4271 et
1330 4217 1547 4271 audivit
1600 4217 1754 4272 auris
1813 4234 1958 4273 mea.
1991 4239 2019 4270 ι›

2201 1919 2360 1971 Vens.
2419 1921 2470 1971 9.
2529 1938 2653 1966 -ι
2691 1916 3016 1988 Decipietur
3071 1921 3129 1970 ut
3189 1916 3359 1970 homo
3412 1915 3608 1970 vestris
3667 1916 3848 1970 fran-

2128 2005 2426 2059 dulentiis.
2463 2024 2490 2055 υ
2528 2005 2788 2058 Haaretici
2819 2005 3078 2059 fraudem
3117 2007 3230 2059 Deo
3278 2004 3564 2071 exhibent,
3623 2005 3745 2074 qui
3782 2023 3852 2059 ea

2129 2097 2391 2148 astruunt
2429 2109 2559 2164 qua:
2615 2093 2666 2146 ei
2705 2109 2808 2163 pro
2861 2110 2973 2165 quo
3031 2095 3348 2165 loquuntur
3409 2109 3526 2148 non
3572 2095 3848 2164 placent,

2128 2187 2186 2236 et
2215 2198 2370 2247 eum,
2399 2182 2538 2236 dum
2563 2182 2872 2236 defendere
2903 2182 3187 2245 nituntur,
3213 2181 3528 2236 offendunt.

2197 2271 2356 2325 Vens.
2399 2273 2482 2324 tO.
2515 2299 2582 2310 —
2633 2289 2662 2320 α
2705 2272 2831 2341 Ipse
2877 2287 2974 2324 vos
3027 2276 3231 2341 arguet
3279 2270 3569 2341 quoniam.
3613 2290 3639 2321 ι)
3679 2271 3847 2325 Sunt

2127 2359 2227 2430 qui
2249 2359 2549 2413 veritatem
2581 2359 2681 2412 Dei
2709 2359 2769 2412 in
2815 2359 2985 2414 corde
3017 2359 3290 2425 sentiunt,
3355 2365 3484 2421 etc.,
3540 2374 3725 2427 usque
3761 2361 3842 2413 ad

2129 2453 2343 2520 quanto
2373 2449 2431 2502 in
2453 2449 2671 2502 occulto
2696 2447 3056 2519 cogitationis
3115 2452 3264 2502 recta
3309 2449 3406 2501 Dei
3460 2445 3683 2518 judicia
3738 2464 3843 2501 co-

2130 2542 2433 2608 gnoscunt.

2202 2627 2361 2682 Vens.
2400 2630 2484 2680 ll.
2535 2654 2602 2666 —
2640 2648 2662 2675 ι
2726 2625 2948 2680 Statim.
2987 2646 3008 2673 ι
3061 2625 3252 2695 (Ibid)
3314 2626 3570 2679 Humano
3621 2627 3840 2691 verbo,

2131 2718 2322 2768 motus
2355 2715 2451 2767 Dei
2481 2713 2709 2778 dicitur,
2744 2713 2868 2784 ipsa
2909 2713 3268 2767 rectitudinis
3325 2714 3448 2782 ejus
3501 2713 3842 2768 districtio:

2131 2819 2260 2874 quas
2294 2802 2591 2872 reprobus,
2640 2802 2736 2872 qui
2784 2802 2876 2856 hic
2932 2818 3035 2872 per
3081 2803 3398 2872 potentiam
3451 2803 3653 2857 nolunt
3706 2810 3849 2858 tur-

2131 2890 2276 2957 bari,
2310 2905 2413 2960 per
2434 2889 2741 2944 vindictam
2772 2890 3044 2944 turbabit.

2207 2997 2233 3028 «
2265 2979 2329 3032 Et
2383 2983 2566 3032 terror
2613 2979 2735 3048 ejus
2778 2979 2976 3032 irruet.
3011 2999 3036 3026 »
3093 2977 3238 3042 Quia
3283 2978 3540 3049 reprobis
3587 2996 3711 3034 non
3775 2983 3854 3036 ti-

2132 3081 2258 3118 mor
2289 3065 2569 3135 requiem,
2603 3065 2700 3119 sed
2725 3081 2892 3135 pmna
2942 3066 3206 3119 timorem
3259 3066 3430 3136 parit,
3483 3067 3627 3120 unde
3689 3085 3856 3138 pro-

2130 3155 2343 3224 pheta:
2405 3173 2432 3203 α
2486 3154 2618 3208 Sola
2668 3153 2890 3208 vexatio
2968 3153 3324 3206 intellectum
3383 3154 3539 3208 dabit
3596 3156 3853 3211 auditui

2130 3244 2256 3314 (Isa.
2291 3243 2522 3313 xxvul):
2548 3262 2576 3293 ιι
2597 3243 2734 3313 quia
2760 3259 2889 3296 cum
2913 3243 3328 3314 propraaceptis
3352 3243 3449 3296 Dei
3481 3248 3856 3316 contemptis

2131 3332 2470 3404 puniuntur,
2509 3336 2643 3384 tunc
2674 3331 3007 3402 intelligunt
3037 3331 3188 3402 quod
3230 3332 3550 3387 audierunt.

2202 3421 2361 3474 Vens.
2401 3423 2577 3473 t2.—
2631 3438 2659 3470 α
2716 3420 2987 3474 Memoria
3042 3425 3248 3473 vestra.
3310 3443 3337 3470 ι
3395 3421 3856 3485 Quantumlibet

2129 3509 2258 3580 quis
2289 3525 2391 3579 pro
2424 3509 2720 3573 memoria,
2757 3514 2886 3574 etc.,
2918 3524 3088 3577 usque
3117 3509 3192 3562 ad
3227 3513 3284 3562 et
3314 3510 3461 3564 elata
3499 3526 3625 3564 caro
3666 3512 3856 3569 tabe-

2129 3598 2236 3653 scit
2266 3597 2678 3668 in,putredine.

2201 3687 2360 3739 Vens.
2420 3687 2502 3740 l3.
2563 3716 2632 3725 —
2674 3707 2695 3734 ι
2755 3687 2953 3740 Tacete
3018 3686 3312 3757 paulisper
3370 3691 3433 3740 ut
3500 3687 3738 3758 loquar.
3816 3711 3847 3743 ι

2129 3773 2306 3830 Sensu
2337 3773 2524 3827 carnis
2545 3774 2765 3828 locutos
2803 3772 3050 3828 indicat:
3086 3791 3228 3846 quos
3283 3775 3490 3830 idcirco
3537 3775 3608 3829 ad
3650 3777 3852 3834 silen-

2130 3864 2274 3917 tium
2330 3863 2642 3933 restringit,
2701 3867 2767 3916 ut
2811 3877 2878 3916 ea
2921 3878 3051 3932 quas
3103 3863 3188 3917 illi
3246 3879 3408 3918 mens
3451 3870 3850 3935 suggesserit,

2130 3951 2297 4006 dicat.
2353 3953 2430 4004 Ac
2481 3950 2529 4004 si
2573 3950 2812 4004 diceret:
2878 3951 3002 4004 Non
3031 3967 3136 4022 ego
3167 3952 3486 4016 carnaliter,
3519 3953 3613 4006 sed
3641 3954 3845 4024 spiri-

2131 4039 2366 4094 tualiter
2394 4041 2618 4109 loquor,
2649 4039 2780 4109 quia
2800 4055 2901 4110 per
2922 4055 3152 4093 sensum
3178 4040 3415 4110 spiritus
3442 4041 3633 4106 audio,
3661 4044 3853 4112 quod

2129 4143 2236 4198 per
2266 4127 2652 4181 ministerium
2698 4128 2954 4198 corporis
2983 4128 3228 4198 profero.

2206 4217 2371 4271 Vnns.
2418 4217 2501 4270 14.
2571 4247 2633 4254 -—
2698 4238 2720 4264 ι
2782 4216 2967 4281 Quare
3020 4218 3203 4271 lacero
3233 4234 3428 4272 carnes
3478 4233 3632 4272 meas
3679 4220 3851 4276 den-

329 4305 441 4362 Sed
471 4305 607 4377 quia
664 4305 813 4360 dicta
851 4306 1158 4361 utilitatem
1199 4322 1315 4360 non
1364 4306 1599 4373 habent,
1631 4307 1678 4361 si
1727 4306 2021 4363 intellectu
2053 4336 2098 4390 Ι)
2136 4305 2307 4360 tibus.
2373 4326 2400 4357 ι)
2453 4308 2658 4361 Dentes
2713 4306 2771 4360 in
2843 4307 2950 4360 hoc
2999 4307 3121 4360 loco
3185 4307 3511 4378 significant
3567 4307 3852 4364 internus

329 4399 538 4460 carent,
575 4394 867 4466 sequitur:

403 4505 426 4533 ι
455 4485 518 4538 Et
547 4482 802 4537 intellexi
840 4482 1085 4552 singula,
1121 4504 1146 4530 «
1179 4484 1318 4537 Cum
1375 4482 1529 4536 enim
1579 4483 1796 4554 aliquid
1839 4489 2026 4539 osten-

329 4572 502 4640 ditur,
540 4571 629 4626 vel
663 4571 916 4638 auditur,
951 4571 998 4625 si
1025 4571 1350 4624 intellectus
1389 4587 1506 4625 non
1562 4571 1852 4640 tribuitur,
1888 4590 2023 4645 pro-

328 4660 524 4729 phetia
553 4659 794 4714 minime
823 4663 944 4725 est;
979 4659 1048 4713 de
1079 4675 1192 4729 quo
1237 4659 1528 4713 intellectu
1582 4660 1717 4732 quia
1765 4676 1884 4716 non
1922 4678 2024 4716 ex-

329 4747 570 4814 tollitur,
600 4747 847 4802 ostendit
882 4763 1011 4801 cum
1045 4747 1158 4801 ait:

399 4837 559 4891 Vens.
594 4839 648 4892 2.
687 4864 757 4878 —
811 4857 834 4884 ι
887 4835 1211 4891 Secundum
1263 4835 1555 4890 scientiam
1607 4853 1821 4894 veram.
1868 4860 1888 4886 υ
1927 4837 2023 4893 His

328 4924 513 4978 verbis
570 4923 824 4979 innotuit
860 4928 1089 4995 quantas
1120 4923 1461 4978 humilitatis
1495 4925 1621 4992 fuit,
1675 4927 1775 4997 qui
1831 4943 1890 4981 se
1943 4925 2024 4981 eis

328 5013 662 5068 inferiorem
722 5018 893 5084 negat
949 5029 1196 5084 quorum
1247 5014 1418 5084 longe
1465 5014 1641 5069 vitam
1701 5021 1892 5071 sancte
1931 5016 2022 5070 vi-

328 5103 511 5157 vendo
544 5102 1006 5157 transcenderat:
1041 5108 1099 5156 et
1129 5102 1443 5158 secundum
1471 5119 1675 5158 eorum
1725 5104 2023 5160 scientiam

327 5207 387 5245 se
441 5208 608 5246 nosse
655 5191 978 5256 conﬁrmat,
1039 5191 1139 5263 qui
1197 5191 1426 5246 sciendo
1497 5192 1747 5247 coelestia
1819 5209 2022 5248 eorum

329 5283 582 5333 terrenas
613 5279 986 5350 cogitationes
1015 5295 1121 5350 per
1162 5281 1482 5351 prophetiae
1516 5281 1783 5352 spiritum
1841 5287 2022 5336 trans-

331 5366 468 5422 ibat.

403 5456 566 5511 Vsns.
601 5459 653 5512 3.
676 5487 746 5498 —
762 5479 784 5506 σ
805 5456 909 5511 Sed
942 5461 1134 5511 tamen
1156 5457 1230 5512 ad
1258 5457 1724 5530 Omnipotentem
1753 5457 2016 5530 loquar.»

330 5543 488 5613 (Ibid
513 5548 534 5614 )
563 5545 706 5600 Cum
737 5545 1144 5615 Omnipotente
1174 5546 1484 5617 loquimur,
1531 5547 1668 5602 dum
1695 5547 1818 5617 ejus
1848 5547 2017 5602 mise-

2135 4411 2352 4462 sensus,
2386 4399 2523 4456 etc.,
2573 4411 2741 4464 usque
2779 4397 2854 4449 ad
2907 4396 2953 4448 si
3006 4395 3150 4450 meis
3199 4396 3630 4466 spectatoribus,
3657 4396 3724 4450 id
3753 4406 3849 4453 est

2130 4483 2293 4538 vobis
2326 4484 2587 4554 prodesse
2619 4500 2731 4538 non
2763 4499 3016 4554 possum.

2205 4593 2232 4623 «
2268 4572 2542 4627 Dentibus
2580 4573 2742 4627 meis.
2803 4592 2831 4623 ν
2888 4573 3095 4626 Dentes
3125 4578 3262 4626 sunt
3309 4573 3518 4628 interni
3584 4589 3835 4630 sensus.

2132 4660 2230 4732 qui
2261 4661 2486 4732 singula
2516 4661 2836 4732 inquirunt,
2891 4664 3019 4728 etc.,
3055 4676 3225 4729 usque
3253 4661 3327 4715 ad
3382 4678 3453 4716 ne
3503 4661 3845 4732 spiritualia

2130 4749 2403 4804 mandere
2428 4750 2626 4820 possit.

2206 4860 2231 4886 ‹‹
2273 4839 2340 4892 Et
2372 4838 2625 4892 animam
2656 4853 2844 4892 meam
2894 4843 3060 4908 porto
3127 4838 3189 4892 in
3240 4838 3519 4893 manibus.
3559 4861 3580 4887 ι
3628 4840 3844 4908 (Ibid)

2131 4927 2396 4982 Animam
2426 4927 2483 4980 in
2517 4926 2780 4981 manibus
2809 4932 3060 4996 portare,
3093 4933 3177 4980 est
3197 4927 3576 4982 intentionem
3633 4930 3839 4983 cordis

2133 5015 2191 5068 in
2217 5014 2548 5086 operatione
2602 5015 2926 5084 ostendere,
2971 5019 3126 5086 quod
3167 5017 3229 5070 tit
3289 5032 3392 5087 pro
3447 5015 3837 5072 aediﬁcatione

2131 5103 2392 5175 proximi.
2427 5105 2487 5158 Et
2521 5109 2606 5157 est
2635 5119 2870 5158 sensus:
2905 5105 3017 5159 Cur
3072 5120 3164 5158 me
3195 5106 3281 5158 vel
3336 5105 3590 5158 districto
3628 5121 3830 5160 coram

2131 5191 2463 5246 hominibus
2493 5191 2764 5261 dijudico,
2785 5192 2874 5246 vel
2904 5193 3041 5264 quid
3072 5199 3337 5264 appetam
3361 5193 3420 5248 in
3447 5210 3620 5264 Opere
3650 5201 3837 5249 osten-

2130 5279 2225 5347 do,
2257 5279 2303 5332 si
2335 5279 2615 5348 proximis
2647 5295 2752 5334 nec
2783 5281 2931 5334 mala
2953 5281 3288 5351 judicando,
3319 5298 3426 5336 nec
3446 5283 3598 5337 bona
3637 5291 3832 5338 osten-

2131 5367 2316 5422 dendo
2344 5366 2578 5438 proﬁcio
2594 5366 2622 5422 ‘I

2202 5458 2369 5512 Vens.
2413 5461 2493 5513 t5.
2527 5489 2595 5496 —
2630 5477 2656 5509 α
2691 5458 2927 5514 Etiamsi
2957 5459 3224 5514 occiderit
3251 5475 3361 5524 me,
3424 5460 3484 5515 in
3548 5461 3669 5532 ipso
3698 5477 3824 5532 spe-

2129 5546 2290 5612 rabo,
2351 5567 2372 5594 -
2431 5551 2539 5602 etc.
2605 5547 2792 5618 (Ibid)
2851 5549 2950 5603 Ille
2998 5565 3129 5604 vere
3177 5549 3400 5620 patiens
3447 5555 3555 5618 est,
3615 5550 3710 5623 qui
3760 5554 3821 5602 et
