4082 6184
258 307 371 357 793

258 518 552 567 curvatur.

343 624 361 649 ι
398 603 802 655 Verumtamen
831 601 947 654 vias
977 616 1156 656 meas.
1201 623 1222 647 ι
1257 601 1345 655 Sic
1393 601 1545 655 enim
1578 605 1714 655 tunc
1762 601 1962 655 Domi-

258 706 372 743 nus
402 691 661 745 Salvator
691 690 1001 754 invenitur,
1042 690 1087 742 si
1139 705 1291 744 nunc
1337 705 1441 758 pro
1498 689 1702 743 timore
1738 690 1962 743 Domini

255 784 558 850 peccatum
588 782 840 833 vestrum
871 796 903 832 a
931 778 1090 832 vobis
1120 778 1259 849 ipsis
1301 779 1684 849 redarguitur.

334 868 491 921 Vens.
530 870 614 920 16.
645 895 715 907 -
749 890 769 914 α
811 867 933 919 Non
963 865 1115 919 enim
1168 864 1356 919 veniet
1388 865 1446 919 in
1502 872 1806 937 conspectu
1841 867 1963 937 ejus

254 956 445 1009 omnis
476 954 792 1025 hypocrita.
833 977 854 1003 »
897 956 1055 1009 Nunc
1082 954 1270 1008 veniet
1289 954 1523 1025 quidem
1555 960 1684 1009 ante
1706 956 1965 1011 tribunat

246 1043 479 1112 judicis.
516 1048 647 1109 etc.,
680 1059 849 1113 usque
901 1043 974 1095 ad
1034 1042 1093 1096 in
1146 1047 1454 1113 conspectu
1510 1043 1739 1097 Domini
1768 1044 1961 1099 venire

252 1133 504 1184 recusat.

333 1220 492 1272 Vens.
530 1222 613 1272 l7.
648 1248 714 1259 —
753 1242 771 1266 ε
813 1219 1013 1272 Audite
1044 1234 1365 1272 sermonem
1410 1234 1623 1272 meum.
1666 1240 1685 1265 ι
1722 1220 1829 1273 Per
1858 1219 1964 1272 hoc

253 1309 412 1379 quod
468 1309 777 1375 aenigmata
824 1308 1104 1374 nominat,
1154 1308 1426 1379 ﬁguratas
1460 1324 1517 1361 se
1567 1307 1776 1361 habere
1804 1308 1962 1361 locu-

252 1398 444 1451 tiones
482 1397 855 1463 demonstrat,
909 1397 1061 1451 unde
1094 1413 1230 1450 voce
1258 1396 1441 1450 ﬁdelis
1494 1396 1694 1467 populi
1721 1396 1913 1450 subdit
1945 1414 1957 1451 :

330 1487 492 1539 Vens.
533 1490 613 1541 l8.
661 1516 733 1527 —
767 1510 786 1534 ί
840 1487 897 1541 Si
946 1487 1107 1540 fuero
1153 1486 1459 1556 judicatus,
1515 1486 1629 1539 scio
1681 1486 1834 1557 quod
1861 1487 1961 1556 ju—

255 1578 401 1642 stus,
444 1575 642 1646 {quod
665 1591 768 1628 nec
797 1576 868 1629 ab
891 1576 1013 1645 ejus
1044 1591 1291 1645 persona
1318 1575 1615 1645 discrepat,
1651 1580 1963 1644 etc.,usque

254 1663 333 1715 ad
357 1664 577 1733 justum
618 1680 676 1716 se
708 1664 918 1716 factum
952 1680 1063 1716 non
1098 1663 1321 1733 ignorat
1352 1680 1415 1717 ex
1440 1678 1697 1717 munere.

330 1752 489 1807 Vens.
547 1756 630 1807 19.
671 1782 743 1792 -
780 1774 800 1800 ι
851 1752 987 1816 Quis
1034 1759 1118 1806 est
1164 1752 1265 1824 qui
1315 1753 1606 1823 judicetur
1650 1768 1892 1806 mecum.
1934 1775 1953 1800 ι

254 1840 403 1905 Quia
432 1840 489 1895 in
522 1841 896 1895 exterioribus
923 1841 1141 1895 actibus
1173 1842 1323 1895 unde
1364 1842 1815 1911 reprehendatur
1846 1858 1961 1895 non

252 1930 448 1991 habet,
492 1930 667 1984 libere
706 1936 1091 1984 accusatorem
1139 1931 1363 2000 quaerit.
1415 1930 1559 1994 Quia
1613 1946 1747 1983 vero
1787 1930 1958 1983 etiam

248 2018 543 2088 justorum
572 2019 741 2072 corda
767 2019 837 2073 de
863 2020 1034 2072 stulta
1063 2019 1404 2089 cogitatione
1431 2035 1488 2073 se
1513 2019 1957 2090 reprehendunt,

255 2106 526 2160 subditur
546 2123 566 2160 :

334 2196 569 2260 «Quare
623 2201 814 2251 tacens
868 2198 1222 2250 consumor?
1257 2219 1276 2243 ι
1340 2199 1413 2252 Ac
1473 2197 1519 2250 si
1557 2197 1743 2250 dicat:
1805 2196 1961 2252 Sicut

255 2285 370 2338 vixi
404 2291 466 2338 ut
511 2291 899 2339 accusatorem
948 2286 1193 2339 exterius
1252 2286 1476 2340 nullum
1532 2286 1815 2351 timerem,
1847 2286 1958 2339 uti-

256 2390 392 2429 nam
425 2374 505 2429 sic
534 2374 799 2428 vixissem
830 2380 893 2428 ut
922 2374 1072 2428 intra
1104 2390 1195 2427 me
1228 2374 1626 2428 accusatricem
1661 2374 1960 2429 conscien-

256 2465 399 2518 tiam
432 2480 547 2518 nou
611 2464 895 2518 timerem.
959 2465 1170 2517 Taceus
1210 2463 1365 2517 enim
1421 2463 1800 2528 consumitur,
1861 2462 1960 2533 qui

257 2553 415 2607 iutus
443 2554 505 2607 in
535 2569 594 2606 se
625 2552 843 2608 invenit
868 2553 1021 2606 unde
1052 2558 1272 2605 uratur.

331 2643 495 2697 Vens.
533 2644 622 2695 20.
664 2673 732 2681 -—
765 2665 785 2690 α
850 2644 973 2696 Duo
1032 2646 1254 2695 tantum
1314 2657 1385 2695 ne
1452 2641 1641 2695 facias.
1680 2663 1700 2689 ι
1741 2643 1805 2695 Et
1863 2640 1961 2694 Dei

255 2730 479 2796 faciem,
534 2731 627 2785 hic
680 2731 1236 2786 animadversionem
1306 2730 1478 2784 dicit:
1531 2730 1591 2783 in
1651 2748 1764 2801 qua
1822 2731 1959 2784 dum

264 2824 486 2889 peccata
516 2819 735 2890 aspicit,
765 2820 951 2889 punit,
986 2835 1019 2872 a
1072 2836 1187 2889 qua
1218 2835 1388 2873 nemo
1430 2818 1819 2887 absconditur,
1850 2818 1960 2873 nisi

218 2982 230 2993 .
264 2908 373 2961 duo
404 2924 532 2978 qua;
589 2909 839 2977 postulat
891 2908 1359 2972 amoveantur,de
1406 2907 1615 2977 quibus
1670 2908 1953 2978 sequitur:

1456 302 1712 358 GLOSSA
1741 301 2145 357 0RDINARIA.
2190 331 2254 340 —
2298 302 2423 355 LIB.
2468 298 2607 355 JOB.

259 423 518 477 adversis
546 424 831 491 atteritur,
864 427 917 478 et
961 428 1153 479 tamen
1193 441 1224 478 a
1277 424 1399 495 spei
1438 424 1782 479 rectitudine
1843 442 1957 479 non
1987 427 2031 478 A
2071 424 2135 489 it,
2192 426 2342 496 quod
2410 425 2710 479 scribimus
2770 431 2980 479 manet.

3677 306 3779 357 794

3063 428 3207 481 Deus
3277 443 3393 480 non
3446 428 3626 499 loqui,
3681 430 3779 483 sed

2073 513 2317 567 scribere
2369 513 2780 567 amaritudines
2828 513 3054 579 dicitur,
3091 532 3221 569 cum
3292 516 3389 569 diu
3449 532 3623 585 super
3676 532 3779 570 nos

2072 602 2195 670 ejus
2222 602 2446 672 ﬂagella
2475 603 2803 672 perdurant.
2861 603 3049 658 Semel
3108 604 3261 658 enim
3313 606 3382 659 de
3436 605 3780 659 mortalitate

2072 688 2258 741 carnis
2286 689 2627 743 sententiam
2661 690 2802 756 ﬁxit,
2834 707 2963 761 quae
3008 708 3190 762 usque
3222 694 3291 747 ad
3354 694 3622 747 ultimum
3653 710 3778 747 mu-

2072 776 2181 829 tari
2207 792 2325 830 non
2358 777 2582 833 valebit.

2149 886 2168 912 α
2204 866 2268 919 Et
2297 882 2650 921 consumere.
2686 890 2706 914 ι
2745 868 2905 923 Patet
2954 868 3150 939 gravia
3182 884 3301 922 esse
3354 874 3585 939 peccata
3612 870 3779 939 juve.

2072 969 2210 1006 num
2243 958 2299 1008 et
2332 971 2554 1019 senum,
2601 955 2647 1008 si
2704 956 2843 1010 illud
2887 956 3031 1026 justi
3059 957 3138 1010 sic
3189 962 3473 1023 metuunt,
3524 958 3775 1028 quodin

2070 1041 2300 1096 inﬁrma
2320 1048 2483 1097 aetate
2514 1044 2896 1115 deliquerunt.

2145 1132 2302 1184 Vens.
2336 1136 2425 1186 27.
2460 1161 2527 1172 -—
2560 1155 2579 1181 ‹
2618 1134 2859 1187 Posuisti
2906 1134 2966 1187 in
3024 1151 3196 1189 nervo
3229 1136 3431 1204 pedem
3493 1151 3707 1189 meum.
3746 1158 3767 1183 ι

2072 1220 2130 1273 In
2152 1222 2539 1289 nervopedem
2561 1224 2732 1276 Deum
2756 1224 2944 1291 posuit
2967 1224 3234 1289 hominis,
3267 1226 3403 1294 quia
3433 1225 3771 1295 pravitatem

2073 1308 2224 1361 illius
2253 1310 2387 1362 forti
2413 1310 2784 1364 districtionis
2816 1328 2932 1365 sua:
2963 1312 3247 1366 sententia
3284 1313 3496 1381 ligavit.

2148 1419 2167 1443 α
2206 1398 2271 1451 Et
2294 1398 2606 1452 observasti
2637 1416 2837 1454 omnes
2864 1401 3094 1453 semitas
3122 1417 3303 1456 meas.
3348 1424 3367 1448 ν
3420 1401 3630 1456 Semita
3671 1418 3771 1455 an-

2071 1485 2293 1554 gustior
2322 1491 2407 1539 est
2464 1502 2637 1557 quam
2669 1488 2803 1550 via;
2868 1488 3005 1559 quia
3053 1496 3247 1543 autem
3305 1488 3442 1555 vias,
3495 1489 3769 1555 actiones,

2073 1574 2275 1627 merito
2335 1574 2565 1628 semitas
2593 1576 2883 1630 actionum
2916 1577 3294 1647 cogitationes
3343 1578 3671 1650 accipimus.

2148 1685 2168 1710 «
2212 1664 2281 1717 Et
2316 1663 2549 1734 vestigia
2577 1665 2785 1734 pedum
2812 1680 3072 1718 meorum
3099 1665 3492 1720 considerasti.
3533 1689 3553 1715 ι
3582 1669 3773 1720 Inten-

2071 1752 2253 1806 tiones
2281 1769 2521 1823 operum
2550 1753 2785 1823 vestigia
2828 1754 3002 1820 dixit;
3040 1756 3125 1808 vel
3179 1771 3355 1824 prava
3393 1771 3588 1825 opera,
3647 1771 3775 1825 quae

2073 1842 2208 1896 dum
2262 1842 2505 1911 agimus,
2562 1842 2918 1897 intuentibus
2965 1844 3072 1896 hoc
3126 1843 3393 1897 fratribus
3446 1844 3772 1913 exemplum

2071 1931 2286 1985 malum
2315 1930 2656 2001 praebemus,
2692 1935 2747 1984 et
2787 1931 2951 2001 quasi
2985 1931 3193 1984 inﬂexo
3224 1935 3383 1984 extra
3432 1930 3580 1983 viam
3632 1930 3773 2000 pede

2070 2019 2444 2091 sequentibus
2465 2019 2703 2073 distorta
2732 2019 2972 2090 vestigia
3010 2019 3410 2090 relinquimus.

2143 2109 2303 2161 Vens.
2334 2110 2423 2162 28.
2462 2128 2483 2155 ι
2533 2106 2641 2171 Qui
2672 2108 2835 2178 quasi
2886 2108 3146 2178 putredo.
3186 2129 3206 2154 ι
3267 2107 3424 2161 Sicut
3456 2105 3771 2160 vestimen-

2070 2201 2191 2250 tum
2222 2196 2291 2250 de
2323 2212 2379 2250 se
2415 2201 2606 2249 exorta
2636 2196 2791 2250 tinea
2820 2196 3156 2258 comeditur,
3194 2196 3271 2249 ita
3300 2196 3476 2249 homo
3500 2195 3561 2248 in
3588 2193 3773 2264 seipso

2070 2285 2244 2341 habet
2272 2284 2637 2356 putredinem
2664 2285 2817 2338 unde
2845 2288 3230 2338 consumatur.
3290 2285 3385 2337 Vel
3419 2300 3482 2337 ex
3532 2299 3772 2353 corrup-

2070 2373 2228 2427 tione
2261 2389 2377 2426 suae
2408 2371 2592 2425 carnis
2622 2376 2897 2435 tentatur,
2942 2371 3086 2424 sicut
3136 2369 3304 2424 vestis
3363 2374 3559 2423 exorta
3616 2370 3773 2423 tinea

2069 2461 2444 2517 consumitur.

2146 2574 2165 2599 ι
2192 2552 2441 2615 Quantas
2471 2549 2654 2603 habeo
2685 2549 3035 2621 iniquitates.
3072 2571 3093 2597 ιι
3152 2548 3356 2619 (Ιὸἰά.)
3389 2547 3562 2612 Quasi
3600 2547 3773 2601 homo

2068 2656 2173 2711 pro
2208 2640 2458 2693 caecitate
2490 2638 2677 2693 exsilii
2699 2655 2757 2692 se
2784 2655 2898 2692 non
2929 2638 3102 2703 novit,
3138 2654 3266 2707 quae
3294 2636 3598 2707 contingit,
3633 2635 3768 2706 quia

2071 2747 2103 2782 a
2132 2728 2269 2782 facie
2308 2728 2407 2782 Dei
2434 2744 2493 2781 se
2523 2727 2836 2793 abscondit,
2871 2727 3024 2797 quod
3049 2727 3169 2797 jam
3210 2742 3380 2796 poena
3409 2726 3531 2792 ipsa
3582 2724 3771 2778 moni-

2069 2822 2161 2871 tus
2191 2817 2362 2871 dolet.
2403 2838 2423 2865 ‹
2459 2816 2669 2870 Contra
2690 2816 2910 2869 folium.
2952 2838 2970 2863 »
2998 2816 3179 2868 Homo
3201 2816 3371 2868 arbor
3396 2814 3507 2867 fuit
3537 2814 3598 2867 in
3631 2830 3769 2867 con-

2072 2906 2310 2971 ditione,
2346 2905 2438 2959 sed
2475 2905 2756 2959 arefactus
2804 2904 2863 2958 in
2918 2904 3233 2958 tentatione
3280 2903 3504 2970 folium,
3561 2902 3773 2972 stipula

330 2997 497 3049 Vens.
529 2998 616 3049 21.
650 3023 718 3035 -
755 3016 775 3042 ε
814 2996 1038 3048 Manum
1070 3000 1226 3048 tuam
1258 2995 1426 3063 longe
1480 2994 1567 3047 fac
1597 3011 1757 3048 au.e.
1799 3017 1817 3042 ι
1856 2996 1963 3049 Per
1995 2999 2040 3057 α
2075 2995 2130 3047 in
2162 2994 2499 3065 dejectione.

256 3098 514 3147 manum,
548 3098 720 3153 quam
768 3083 934 3154 longe
992 3083 1117 3136 ﬁeri
1169 3083 1441 3153 postulat,
1506 3089 1635 3149 etc.,
1687 3099 1855 3153 usque
1883 3086 1957 3138 ad

252 3172 349 3225 sed
382 3188 488 3241 per
518 3170 887 3225 formidinem
916 3171 1106 3225 servit.

324 3262 489 3314 Vens.
523 3262 611 3313 22.
642 3289 710 3300 -ο
746 3282 765 3307 ε
803 3261 965 3314 Voca.
1006 3282 1026 3308 ι
1089 3261 1309 3330 (Gnec.)
1342 3260 1713 3315 Praaseutiam
1745 3262 1956 3316 Christi

249 3349 482 3420 quazrit,
518 3355 579 3402 ut
606 3364 709 3419 per
738 3349 884 3403 hanc
903 3355 958 3402 et
983 3349 1175 3403 audiat
1202 3349 1356 3420 quod
1389 3350 1637 3418 ignorat,
1676 3356 1733 3405 et
1762 3351 1954 3405 audia-

248 3443 345 3492 tur
375 3438 435 3491 in
463 3438 552 3492 his
583 3454 713 3508 quae
740 3438 917 3492 novit.
976 3439 1093 3501 Vel,
1143 3444 1305 3491 vocat
1332 3440 1480 3492 Deus
1534 3439 1819 3509 eligendo,
1864 3456 1954 3494 re-

251 3525 682 3596 spondethomo
707 3524 1053 3590 obediendo;
1078 3524 1333 3595 loquitur
1368 3526 1542 3580 homo
1556 3527 1952 3596 desiderando,

247 3614 562 3683 respondet
582 3615 729 3667 Deus
757 3614 1105 3683 apparendo.
1132 3614 1239 3668 Sed
1262 3614 1341 3667 sic
1366 3616 1666 3682 anhelans,
1690 3617 1955 3672 subtilius

249 3719 311 3757 se
343 3702 592 3757 discutit.

326 3814 347 3839 ι
388 3792 531 3844 Voca
558 3806 648 3845 me
680 3796 737 3845 et
791 3807 896 3862 ego
955 3790 1315 3859 respondebo
1373 3789 1496 3844 tibi.
1530 3813 1549 3839 ι
1614 3792 1822 3845 Vocare
1855 3792 1955 3846 Dei

243 3886 337 3934 est
367 3895 473 3932 nos
507 3880 752 3933 amando
809 3887 866 3933 et
903 3879 1168 3949 eligendo
1222 3878 1522 3949 respicere.
1589 3880 1954 3950 Respondere

243 3974 512 4022 nostrum
562 3973 645 4021 est
723 3968 904 4021 amori
964 3967 1120 4021 illius
1174 3966 1340 4021 bonis
1395 3967 1661 4038 operibus
1730 3985 1950 4039 parere.

324 4077 353 4107 (ι
383 4060 499 4110 Aut
550 4061 700 4110 certe
746 4057 968 4128 loquar.
1008 4079 1027 4105 ι
1068 4056 1384 4127 Loquimur
1432 4073 1561 4128 cum
1591 4057 1763 4111 facies
1832 4058 1955 4128 ejus

239 4162 353 4217 per
383 4146 730 4200 desiderium
770 4147 1164 4216 postulamus:
1228 4145 1536 4215 respondet
1588 4146 1955 4217 loquentibus

243 4250 384 4289 cum
421 4235 583 4289 nobis
614 4251 672 4289 se
702 4234 1024 4289 amantibus
1056 4238 1309 4304 apparet.

2144 3106 2162 3131 ι
2195 3084 2541 3137 Consumere
2572 3098 2661 3136 me
2691 3081 2797 3146 vis,
2819 3104 2839 3128 ι
2863 3081 2997 3152 quia
3024 3081 3397 3151 iujuventute
3427 3098 3484 3133 se
3513 3096 3773 3151 peccasse

2065 3172 2301 3239 invenit,
2333 3177 2463 3238 etc.,
2495 3187 2663 3240 usque
2684 3171 2758 3224 ad
2810 3170 2975 3241 quasi
3002 3176 3138 3224 tunc
3194 3170 3486 3225 indiscreti
3539 3169 3769 3223 fuerint.

2706 3313 2929 3369 CAPUT
3004 3313 3137 3366 XIV.

2139 3442 2296 3494 Vens.
2320 3443 2366 3493 l.
2393 3468 2462 3481 -
2499 3462 2519 3487 α
2543 3439 2729 3493 Homo
2762 3443 2930 3492 natus
2971 3438 3041 3492 de
3070 3438 3340 3492 muliere.
3386 3435 3640 3506 -(Gnee.)
3677 3436 3774 3490 Hic

2065 3529 2324 3583 mulieris
2354 3529 2588 3582 nomine
2620 3528 2926 3582 inﬁrmitas
2942 3527 3293 3595 designatur,
3327 3530 3383 3578 et
3411 3530 3494 3578 est
3532 3541 3764 3579 sensus:

2064 3618 2210 3683 Quid
2236 3619 2295 3672 in
2326 3634 2383 3672 se
2414 3618 2587 3671 habet
2615 3616 2988 3682 fortitudinis,
3049 3616 3149 3686 qui
3209 3614 3460 3668 nascitur
3491 3631 3559 3667 ex
3617 3614 3772 3667 inﬁr-

2064 3707 2285 3775 mitate,
2319 3706 2419 3777 qui
2446 3711 2503 3759 et
2527 3706 2885 3774 augustiatur
2934 3704 3005 3758 ad
3035 3705 3230 3770 vitam,
3266 3708 3323 3757 et
3373 3703 3644 3756 dilatatur
3699 3702 3768 3756 ad

2063 3795 2378 3850 miseriam.

2136 3885 2295 3938 Vens.
2353 3886 2405 3937 2.
2464 3904 2581 3930 -ι
2656 3880 2764 3946 Qui
2832 3880 2993 3952 quasi
3051 3882 3155 3934 tlos
3205 3880 3563 3949 egreditur.»
3627 3879 3771 3943 Quia

2066 3973 2209 4026 nitet
2238 3972 2301 4025 in
2328 3986 2496 4024 carne
2529 3987 2542 4023 :
3328 4024 3331 4029 η

2142 4082 2161 4108 ι
2189 4058 2533 4126 Conteritur,
2571 4056 2767 4128 »;quia
2802 4056 3083 4126 redigitur
3124 4054 3185 4108 in
3238 4056 3529 4125 pulverem
3579 4060 3635 4110 et
3663 4072 3769 4126 pu-

2066 4150 2372 4204 trediuem.

2126 4262 2145 4287 ι
2186 4239 2249 4291 Et
2278 4236 2425 4307 fugit
2458 4235 2632 4302 ;velut
2684 4234 2906 4288 umbra.
2944 4256 2963 4281 ι
3012 4234 3135 4287 Non
3188 4232 3295 4288 soli
3349 4232 3610 4303 fugienti,
3670 4234 3767 4287 sed

324 4325 486 4379 Vens.
523 4327 610 4378 23.
638 4343 665 4375 «
714 4325 963 4388 Quantas
1018 4324 1202 4377 habeo
1249 4322 1599 4394 iniquitates,
1642 4346 1662 4371 ι
1719 4328 1823 4379 etc.
1855 4326 1952 4380 Ju-
1982 4351 2029 4406 Β
2072 4328 2275 4382 umbra
2299 4324 2594 4379 hominem
2618 4322 2989 4393 comparavit.
3025 4322 3133 4386 Qui
3165 4322 3319 4376 enim
3352 4322 3411 4375 iu
3441 4337 3635 4375 amore
3670 4323 3769 4377 Dei

240 4418 476 4466 storum
508 4412 667 4466 labor
694 4419 799 4479 est,
837 4417 897 4465 ut
927 4413 1261 4481 semetipsos
1288 4411 1604 4480 inveniant,
1653 4413 1952 4468 invenien-

241 4507 339 4553 tes
370 4500 559 4554 ﬁendo
606 4506 778 4572 atque
824 4501 1162 4570 corrigendo
1210 4501 1277 4554 ad
1327 4501 1561 4554 meliora
1613 4502 1949 4571 perducant.

240 4588 488 4644 Gravior
543 4588 766 4643 videtur
833 4590 1105 4661 iniquitas
1159 4606 1331 4660 quam
1410 4596 1721 4660 peccatum,
1772 4594 1954 4647 scelus

240 4694 429 4749 quam
453 4678 742 4733 delictum.

323 4766 484 4819 Vens.
516 4767 605 4820 24.
626 4796 675 4810 -ν
723 4789 743 4815 ι
779 4767 892 4822 Cur
921 4766 1121 4819 faciem
1147 4770 1305 4819 tuam
1326 4766 1623 4820 abscondit
1648 4766 1676 4820 ‘I
1714 4790 1733 4814 ι
1766 4767 1951 4837 (Ibid.)

245 4857 435 4910 Homo
464 4854 1008 4925 contemplationem
1068 4853 1167 4907 Dei
1196 4854 1398 4908 habuit
1452 4855 1512 4908 in
1546 4855 1832 4924 paradiso,
1855 4856 1954 4910 sed

233 4960 351 5017 per
379 4944 604 5013 culpam
630 4942 871 4997 incurrit
900 4942 1225 5012 caliginem.
1262 4944 1324 4996 Et
1366 4942 1641 4997 excitatus
1672 4961 1739 4998 ex
1782 4961 1954 5014 pmna

235 5031 401 5087 redit
430 5031 500 5084 ad
530 5047 805 5097 amorem,
839 5047 901 5084 ac
941 5030 1080 5085 dicit
1112 5047 1124 5084 :

323 5141 347 5167 ι
390 5121 452 5173 Et
479 5119 793 5173 arbitraris.
828 5142 847 5167 ι
883 5118 1027 5183 Quia
1054 5118 1102 5173 si
1132 5124 1195 5173 ut
1219 5119 1465 5173 amicum
1500 5120 1809 5190 respiceres
1835 5139 1947 5189 me,

230 5215 365 5264 tua
394 5209 623 5263 visionis
650 5208 868 5263 lumine
890 5224 1007 5263 non
1034 5208 1310 5279 privates.

317 5299 488 5353 Vens.
518 5301 606 5352 25.
638 5328 708 5337 —-
744 5320 765 5347 ι
802 5298 1010 5353 Contra
1042 5298 1269 5363 folium,
1303 5319 1324 5345 ι
1370 5300 1476 5352 etc.
1511 5298 1692 5353 Homo
1750 5299 1951 5354 folium

232 5387 479 5455 dicitur,
513 5392 642 5454 etc.,
702 5402 872 5458 usque
927 5387 1002 5441 ad
1061 5403 1233 5459 quem
1296 5386 1375 5441 sic
1458 5403 1579 5441 esse
1653 5387 1948 5443 inﬁrmum

228 5475 506 5550 agnoscis
523 5478 553 5530 ?

308 5566 478 5620 Vens.
506 5567 595 5619 26.
620 5596 687 5605 -
722 5588 741 5614 ι
768 5566 997 5622 Scribis.
1036 5588 1056 5613 ι
1089 5566 1236 5632 Quia
1255 5566 1408 5640 quod
1432 5564 1747 5637 loquimur,
1771 5569 1947 5621 trans-

2063 4418 2312 4473 calorem
2342 4414 2525 4467 cordis
2565 4429 2682 4466 non
2735 4413 2925 4476 habet,
2981 4428 3083 4466 nec
3138 4416 3332 4466 tamen
3364 4411 3538 4465 vitam
3594 4428 3766 4482 quam

2063 4506 2251 4576 diligit
2275 4508 2449 4569 tenet,
2483 4504 2638 4555 velut
2668 4502 2872 4555 umbra
2904 4501 3069 4571 fugit.

2134 4618 2153 4643 ι
2194 4595 2257 4648 Et
2279 4608 2579 4663 nunquam
2611 4591 2672 4644 in
2702 4590 2904 4645 eodem
2943 4595 3115 4657 statu,
3146 4611 3165 4638 ι
3203 4593 3308 4643 etc.
3370 4589 3566 4659 (Ibid)
3626 4590 3767 4643 Nam

2061 4684 2194 4738 inde
2229 4697 2456 4751 semper
2504 4680 2715 4747 deﬁcit,
2775 4680 2927 4735 unde
2957 4695 3016 4733 se
3068 4678 3348 4749 proﬁcere
3402 4678 3463 4731 in
3520 4677 3766 4747 spatium

2060 4772 2189 4826 vitae.
2222 4770 2416 4825 credit.

2132 4862 2297 4913 Vens.
2336 4861 2388 4913 3.
2408 4889 2476 4897 —
2512 4880 2531 4906 ι
2568 4859 2631 4912 Et
2653 4857 2892 4929 dignum
2924 4855 3082 4909 ducis
3101 4871 3276 4926 super
3296 4852 3721 4924 hujuscemodi,
3741 4878 3761 4903 ι

2061 4953 2165 5002 etc.
2203 4949 2382 5001 Deum
2414 4940 2659 5016 aperire
2717 4946 2932 5010 oculos,
2996 4950 3078 4997 est
3130 4943 3346 5015 judicia
3404 4958 3681 5007 exercere,
3715 4949 3770 4997 et

2066 5053 2240 5108 quem
2270 5036 2439 5090 feriat
2469 5034 2680 5089 videre.

2125 5127 2284 5179 Vens.
2320 5127 2372 5178 4.
2410 5155 2476 5164 —
2517 5146 2535 5171 α
2572 5124 2709 5187 Quis
2739 5126 2929 5192 potest
2958 5121 3163 5184 facere,
3192 5144 3210 5169 ι
3247 5124 3353 5175 etc.
3374 5122 3424 5174 ls
3455 5120 3632 5185 enim,
3668 5119 3767 5190 qui

2056 5231 2160 5287 per
2193 5232 2251 5269 se
2285 5216 2440 5268 solus
2470 5213 2719 5267 mundus
2753 5216 2855 5278 est,
2889 5216 3014 5275 etc.,
3052 5227 3219 5279 usque
3266 5211 3341 5264 ad
3397 5210 3579 5263 solum
3606 5209 3763 5264 Chri-

2059 5308 2208 5357 stum
2238 5303 2375 5358 dicit
2420 5318 2539 5355 nou
2572 5301 2641 5355 de
2675 5300 2970 5353 immundo
2998 5300 3216 5354 semine
3269 5304 3466 5353 natum
3502 5342 3513 5353 .

2132 5393 2294 5445 Vens.
2328 5395 2378 5445 5.
2418 5420 2486 5430 —
2528 5412 2549 5439 ι
2591 5392 2790 5443 Breves
2838 5388 2960 5442 dies
3015 5389 3287 5456 hominis,
3329 5410 3348 5435 ι
3407 5392 3511 5440 etc.
3576 5388 3763 5458 (ιὸἱτί.)

2059 5478 2196 5551 quia
2224 5479 2373 5551 apud
2406 5480 2588 5533 Deum
2643 5477 2816 5533 etiam
2870 5477 3119 5533 labentia
3175 5481 3361 5532 stant:
3422 5476 3574 5547 apud
3634 5492 3766 5531 eum

2060 5584 2182 5624 esse
2243 5583 2548 5622 numerum
2602 5566 2882 5622 mensium
2943 5566 3227 5636 perhibet.
3281 5565 3483 5632 Vel,in
3541 5564 3765 5629 diebus,
