4082 6184
350 309 454 360 795

966 302 1362 360 WALAFRIDI
1405 305 1649 360 STRABI
1691 306 1890 361 FULD.
1940 305 2109 362 MON.
2156 304 2315 361 OPP.
2364 306 2538 362 PARS
2576 306 2625 361 Ι.
2672 334 2739 345 —-
2778 307 3246 365 THEOLOGICA.
3740 318 3831 367 796

346 428 592 483 brevitas
611 427 923 499 temporis;
956 427 1015 481 in
1048 427 1359 487 mensibus,
1407 428 1787 499 multiplicata
1824 428 2047 483 dierum
2087 430 2133 483 Α
2235 446 2265 480 α
2294 428 2466 498 Operi
2520 444 2798 483 manuum
2846 435 3079 485 tuarum
3110 433 3370 503 porriges
3401 433 3705 499 dexteram,
3735 454 3835 491 nac

345 516 531 588 spatia
574 517 977 588 designantur:
1032 516 1254 570 homini
1280 532 1416 587 ergo
1463 517 1662 571 breves
1714 518 1835 571 dies
1866 523 2049 585 sunt;

344 606 444 661 sed
475 606 610 676 quia
640 606 753 658 vita
784 609 973 659 nostra
987 608 1112 674 post
1141 604 1416 672 tenditur,
1456 605 1611 673 apud
1645 606 1821 659 Deum
1847 621 2049 660 nume-

345 709 444 748 I‘US
473 692 754 747 mensium
786 696 1113 745 nostrorum
1139 708 1261 746 esse
1294 699 1664 746 memoratur.

424 804 444 830 α
484 781 837 835 Constituisti
868 780 1147 835 terminos
1171 782 1309 852 ejus.
1349 805 1369 831 n
1406 783 1595 853 (GREG.
1631 786 1688 836 in
1714 783 1887 838 Job.l.
1931 782 2050 853 xu.)

349 871 513 925 Nulla
567 870 722 923 enim
780 886 910 940 qua:
964 871 1024 923 in
1071 871 1179 924 hoc
1230 872 1444 925 mundo
1498 872 1827 927 hominibus
1883 873 2049 940 ﬁunt,

350 960 564 1030 absque
595 958 695 1013 Dei
727 959 944 1012 occulto
968 958 1186 1028 judicio
1218 959 1384 1013 ﬁunt.

418 1048 576 1101 Vsus.
629 1050 680 1101 6.
733 1070 847 1095 -ι
893 1047 1113 1101 Recede
1168 1048 1469 1117 paululum
1522 1048 1591 1102 ab
1622 1065 1710 1104 eo.
1747 1070 1775 1097 »
1829 1049 2051 1104 Recede

348 1136 405 1190 id
433 1140 534 1200 est,
564 1136 685 1206 jam
711 1137 936 1206 ﬂagella
964 1136 1262 1205 praesentis
1299 1136 1429 1189 vitae
1473 1137 1766 1205 subtrahe,
1819 1142 1875 1192 et
1903 1138 2055 1192 bona

346 1228 578 1279 aeterna:
608 1223 818 1295 quietis
849 1224 1105 1277 ostende.

425 1335 445 1361 ι
475 1315 659 1367 Donec
679 1317 872 1382 optata
900 1312 1113 1378 veniat,
1153 1334 1173 1360 ι
1213 1313 1442 1383 quando
1472 1317 1746 1368 aeternam
1795 1314 2053 1386 requiem

350 1416 454 1472 pro
484 1401 1014 1471 recompensatione
1045 1401 1134 1454 sui
1160 1401 1369 1455 laboris
1398 1402 1623 1473 accipit.

421 1490 577 1544 Vens.
614 1494 665 1542 7.
703 1518 771 1530 —
810 1512 831 1537 «ι
876 1490 1121 1558 Lignum
1175 1490 1345 1544 habet
1393 1507 1574 1560 spem.
1616 1513 1635 1540 ν
1700 1497 1807 1546 etc.
1868 1494 2054 1547 Genus

348 1577 668 1632 humanum
700 1577 863 1648 quasi
923 1577 1255 1648 despectum
1316 1578 1588 1645 insinuat,
1656 1584 2053 1652 quantumque

350 1665 473 1736 ipsa
518 1665 875 1720 insensibilia
924 1667 1076 1719 hunc
1125 1666 1329 1736 praeire
1374 1667 1695 1722 videantur.
1747 1669 1839 1722 Vel
1890 1669 2053 1739 juxta

350 1755 655 1825 mysticum
699 1770 968 1809 sensum:
1020 1754 1259 1825 Lignum
1313 1756 1613 1824 praefertur
1660 1758 1901 1825 homini,
1960 1758 2051 1813 hic

349 1844 505 1898 enim
536 1845 710 1898 homo
742 1844 986 1897 carnalis
1038 1844 1282 1915 quisque
1317 1862 1329 1911 ;
1360 1846 1585 1916 lignum
1628 1848 1817 1917 justus
1846 1847 2054 1917 accipi-

349 1937 465 1999 tur,
516 1932 781 2001 quicum
832 1932 895 1986 in
944 1936 1126 1987 morte
1174 1934 1437 2004 passione
1489 1936 1756 2006 afﬁcitur,
1824 1941 2055 1991 aeternae

350 2021 476 2075 vitae
506 2020 797 2074 viriditate
822 2026 1210 2092 recuperatur.

427 2130 447 2155 ι
484 2109 552 2161 Et
574 2109 720 2162 rami
746 2109 870 2179 ejus
901 2110 1207 2179 pullulant,
1240 2130 1266 2161 »
1322 2111 1458 2182 quia
1515 2128 1579 2166 ex
1625 2113 1888 2184 passione
1911 2114 2056 2185 justi

350 2196 546 2251 ﬁdeles
571 2197 918 2252 viriditatem
945 2198 1074 2252 vitae
1105 2199 1416 2270 spiritualis
1439 2201 1744 2272 accipiunt.

423 2287 581 2340 Vsus.
616 2290 667 2341 8.
698 2315 771 2327 —
803 2308 826 2335 ι
860 2286 919 2341 Si
968 2288 1222 2342 senuerit
1269 2288 1330 2342 in
1374 2293 1527 2343 terra
1575 2291 1760 2345 radix.
1799 2310 1826 2343 ι)
1860 2292 2054 2361 (ιὸἰά.)

352 2374 531 2429 Radix
550 2375 694 2446 justi
725 2380 918 2429 sancta
948 2376 1303 2446 praedicatio,
1338 2378 1476 2449 quia
1524 2378 1593 2432 ab
1625 2379 1750 2449 ipsa
1789 2380 1973 2434 oritur
2002 2384 2059 2434 et

350 2463 411 2517 in
438 2463 563 2533 ipsa
597 2463 857 2518 subsistit
888 2480 902 2518 :
937 2480 1067 2535 quae
1100 2465 1250 2535 apud
1299 2466 1474 2520 corda
1524 2472 1888 2521 terrenorum
1918 2484 2056 2522 cun-

351 2553 455 2607 ctis
478 2552 695 2606 viribus
726 2552 893 2606 effeta
930 2554 1215 2607 creditur:
1254 2574 1282 2601 ‹‹
1335 2555 1397 2608 Et
1433 2554 1493 2608 in
1540 2556 1776 2625 pulvere
1822 2560 2058 2611 truncus

340 2641 655 2709 emoritur,
690 2660 717 2693 ››
771 2642 910 2713 quia
950 2642 1101 2697 inter
1151 2658 1354 2697 manus
1406 2644 1876 2715 persequentium
1932 2661 2054 2699 cor-

352 2745 459 2800 pus
490 2731 612 2801 ejus
641 2732 1025 2785 exanimetur.

425 2820 584 2873 Vens.
617 2823 667 2874 9.
702 2849 771 2860 —
806 2841 827 2869 ι
862 2819 946 2875 Ad
989 2820 1224 2874 odorem
1268 2836 1431 2891 aqua:
1491 2822 1853 2892 germinabit,
1892 2845 1912 2871 ι
1949 2827 2055 2891 etc,

353 2907 500 2972 Quia
530 2924 636 2978 per
685 2907 945 2963 afﬂatum
999 2909 1263 2980 Spiritus,
1296 2910 1356 2963 in
1404 2911 1719 2965 electorum
1771 2911 2056 2976 cordibus,

355 2996 615 3066 exemplo
648 2995 737 3049 sui
763 2996 972 3067 operis,
1005 3013 1241 3066 germen
1274 2998 1501 3052 virtutis
1526 2998 1679 3054 facit.

427 3105 455 3133 ‹‹
492 3085 554 3138 Et
582 3084 754 3139 faciet
809 3100 1052 3150 comam,
1091 3106 1119 3137 ››
1153 3091 1259 3140 etc.
1309 3087 1533 3141 Succiso
1586 3093 1786 3142 trunco
1835 3104 2060 3143 comam

354 3173 561 3240 facere,
595 3179 725 3239 etc.,
749 3189 918 3244 usque
937 3175 1011 3229 ad
1040 3174 1173 3229 fecit
1201 3191 1447 3243 comam,
1473 3177 1609 3247 quia
1662 3177 1902 3249 apostoli
1960 3176 2060 3249 qui

358 3266 629 3315 aruerant
653 3262 721 3315 ad
752 3261 927 3316 ﬁdem
957 3268 1018 3316 ut
1046 3263 1203 3333 prius
1233 3264 1549 3319 viruerunt.

430 3351 589 3404 Vsus.
627 3352 710 3403 10.
746 3380 818 3389 -
848 3372 869 3399 ‹
903 3351 1082 3404 Homo
1132 3367 1266 3404 vero
1296 3368 1427 3405 cum
1486 3358 1749 3406 mortuus
1807 3352 2053 3407 fuerit.»

357 3437 546 3507 (Ιὸἰά.)
578 3438 707 3506 Ipsa
763 3441 954 3491 autem
1001 3439 1305 3493 amissione
1354 3440 1594 3509 justitiae
1652 3442 1826 3495 homo
1886 3440 2061 3495 mori-

351 3532 467 3592 tur,
501 3530 654 3580 veste
682 3524 1028 3580 innocentiaa
1066 3528 1125 3580 in
1152 3529 1419 3598 paradiso
1470 3545 1734 3584 concessa
1786 3531 2057 3597 nudatur,

353 3614 590 3669 interitu
620 3614 807 3668 carnis
865 3621 1252 3686 consequente
1293 3617 1652 3673 consumitur
1684 3635 1696 3672 :
1739 3641 1759 3667 ι
1798 3620 1896 3674 ubi
1922 3635 2060 3690 ergo

355 3706 459 3767 est,
484 3722 511 3752 »
529 3701 630 3773 qui
645 3701 705 3756 in
735 3703 860 3773 ejus
881 3719 1074 3757 amore
1088 3719 1200 3757 non
1223 3708 1328 3773 est,
1350 3704 1447 3759 ubi
1482 3728 1503 3753 κ
1521 3721 1718 3760 verum
1743 3722 1864 3761 esse
1887 3726 1914 3758 »
1938 3708 2060 3762 est?

444 3791 601 3845 Vens.
658 3795 742 3845 11.
797 3822 865 3832 -
909 3814 929 3839 α
989 3792 1281 3857 Quomodo
1346 3794 1393 3847 si
1446 3795 1718 3850 recedant
1763 3812 1929 3866 aquas
1990 3795 2060 3850 de

354 3879 520 3933 mari.
551 3901 579 3929 ››
606 3881 755 3935 Mare
780 3897 941 3935 mens
971 3882 1223 3936 hominis
1249 3887 1346 3945 est,
1388 3888 1519 3950 etc.,
1551 3900 1719 3953 usque
1764 3886 1839 3939 ad
1888 3885 2059 3940 modo

359 3968 665 4023 dulcedine
696 3971 1091 4040 prosperitatis
1121 3972 1433 4043 replemur.

426 4059 590 4113 Vens.
622 4062 712 4113 i2.
748 4089 811 4099 —
842 4082 863 4108 ι
922 4060 1115 4114 Donec
1144 4064 1419 4114 atteratur
1466 4061 1673 4115 ccelum
1726 4078 1844 4115 non
1889 4062 2062 4132 evigi-

356 4147 513 4202 labit.
539 4146 755 4214 nQuia,
780 4146 891 4201 nisi
942 4148 1114 4218 hujus
1168 4149 1367 4203 mundi
1422 4149 1555 4203 ﬁnis
1607 4149 1921 4211 advenerit,
1952 4149 2061 4202 hu-

355 4248 592 4287 manum
624 4249 806 4303 genus
846 4250 879 4287 a
908 4250 1107 4288 somno
1138 4252 1253 4289 non
1285 4236 1599 4307 evigilabit.

427 4322 586 4375 Vsus.
622 4324 705 4375 13.
739 4352 805 4362 --
834 4339 859 4374 ι
896 4323 1032 4387 Quis
1086 4323 1231 4377 mihi
1283 4324 1408 4380 hoc.
1448 4346 1472 4373 ι
1532 4328 1678 4378 Ante
1730 4323 2056 4379 Mediatoris
2089 4350 2132 4405 υ

354 4408 663 4464 adventum
693 4410 765 4464 ad
821 4410 1113 4465 infernum
1172 4429 1229 4466 se
1283 4412 1627 4467 descendere
1683 4413 1887 4479 sciens,
1942 4412 2058 4467 illic

356 4496 665 4551 conditoris
693 4498 1101 4568 protectionem
1126 4500 1398 4568 postulat.

429 4604 458 4637 α
485 4585 807 4640 Constituas
825 4586 966 4640 mihi
1010 4592 1236 4657 tempus
1260 4587 1320 4641 in
1350 4603 1463 4657 quo
1518 4587 1830 4642 recorderis
1860 4588 1993 4643 mei.
2033 4608 2055 4636 ο

354 4674 678 4731 Adventum
712 4674 1104 4745 Redemptoris
1127 4675 1193 4728 ad
1229 4675 1440 4729 inferos
1470 4675 1632 4746 petit.

424 4764 587 4817 Vsus.
625 4764 709 4816 14.
743 4793 809 4803 -—
838 4783 866 4813 at
924 4765 1166 4817 Putasne
1239 4769 1497 4818 mortuus
1546 4764 1721 4818 homo
1746 4779 1993 4819 rursum.
2032 4786 2053 4814 ι

356 4852 554 4907 Solent
575 4850 717 4922 justi
762 4851 890 4919 viri,
915 4856 1045 4919 etc.,
1102 4868 1271 4921 usque
1316 4853 1389 4906 ad
1417 4858 1480 4907 ut
1528 4858 1659 4923 post
1714 4854 1918 4909 fortius
1975 4870 2062 4909 ro-

356 4941 541 4995 boret.
1396 4950 1399 4951 '

437 5050 464 5076 ‹‹
497 5027 728 5082 Cunctis
759 5027 976 5083 diebus.
1014 5048 1041 5080 »
1066 5028 1173 5093 Qui
1192 5028 1384 5100 itaque
1413 5028 1877 5084 immutationem
1898 5044 2063 5083 suam

357 5121 516 5171 tanto
547 5117 827 5172 desiderio
859 5124 1165 5189 exspectat,
1196 5134 1371 5189 quam
1419 5117 1491 5171 sit
1520 5118 1590 5173 de
1647 5118 2062 5172 resurrectione

360 5210 550 5260 certus
570 5206 844 5261 insinuat.

430 5294 593 5349 Vens.
631 5298 713 5350 15.
774 5325 841 5336 -—
870 5313 896 5348 ι
948 5294 1183 5351 Vocabis
1239 5311 1332 5350 me
1379 5298 1435 5350 et
1476 5311 1583 5366 ego
1621 5294 1998 5367 respondebo.
2032 5315 2059 5348 ι

356 5383 512 5437 Tunc
539 5383 762 5437 vocanti
794 5386 906 5439 Deo
933 5384 1209 5439 veraciter
1247 5384 1682 5455 respondemus,
1742 5385 1970 5455 quando
1990 5384 2059 5439 ad

359 5486 602 5527 summa:
631 5472 1080 5543 incorruptionis
1101 5474 1329 5544 jussum
1355 5473 1820 5545 incorruptibiles
1880 5490 2064 5529 resur-

357 5575 582 5633 gamus.

2160 514 2208 567 si
2235 514 2425 569 dicat:
2458 516 2665 569 Idcirco
2719 518 3106 587 corruptibilis
3160 526 3416 574 creatura
3459 522 3751 590 persistere
3776 524 3836 578 ad

2160 600 2657 672 incorruptionem
2702 605 2932 675 poterit,
2991 608 3127 677 quia
3179 625 3354 663 manu
3402 614 3517 664 tum
3564 613 3838 681 potestatis

2160 693 2450 767 erigetur;
2486 695 2574 748 vel
2607 695 2854 762 dextera,
2890 697 3064 751 Filius
3110 698 3337 766 dicitur,
3379 700 3479 771 qui
3535 700 3839 755 incarnatus

2160 781 2229 835 ad
2260 781 2601 851 erigendum
2635 785 2928 839 hominem
2964 785 3169 840 missus
3198 791 3299 841 est.

2230 870 2390 925 Vens.
2426 875 2507 925 16.
2537 902 2605 912 —
2639 892 2667 923 ι(
2715 874 2800 927 Tu
2846 874 3081 944 quidem
3126 892 3376 945 gressus,
3416 898 3435 924 ι
3491 880 3594 931 etc.
3629 878 3843 933 Gressus

2160 957 2506 1021 dinumerat.
2564 965 2621 1015 et
2672 963 2913 1032 peccatis
2970 963 3194 1034 parcit:
3251 965 3350 1035 qui
3399 966 3683 1020 subtiliter
3738 972 3847 1022 acta

2160 1053 2355 1102 nostra
2386 1049 2734 1119 considerat,
2769 1056 2826 1105 et
2872 1055 3065 1106 tamen
3114 1052 3207 1107 hic
3250 1053 3661 1124 paenitentibus
3694 1056 3846 1109 mise-

2161 1136 2465 1192 ricorditer
2495 1140 2732 1195 relaxat.

2239 1252 2259 1278 α
2295 1228 2703 1293 Dinumerasti,
2760 1229 2857 1282 sed
2903 1245 3090 1300 parce.
3126 1252 3145 1277 ι
3186 1230 3537 1298 Dinumerat,
3593 1232 3730 1286 dum
3759 1248 3850 1286 nos

2163 1320 2233 1375 ad
2259 1319 2485 1389 singula
2532 1333 2661 1388 qua:
2717 1317 2955 1371 fecimus
3005 1317 3265 1372 deflenda
3309 1320 3623 1385 convertit;
3664 1320 3847 1391 parcit,

2165 1413 2301 1486 quia
2331 1427 2460 1483 quae
2482 1409 2828 1481 punivimus,
2860 1426 2975 1463 non
3002 1411 3188 1480 punit,
3235 1412 3385 1466 unde
3420 1413 3610 1466 adhuc
3641 1412 3845 1466 subdit:

2232 1503 2392 1556 Vsus.
2457 1504 2539 1554 17.
2613 1530 2681 1538 -
2715 1521 2735 1547 ι
2788 1497 3037 1569 Signasti
3083 1498 3247 1570 quasi
3302 1499 3363 1554 in
3417 1502 3663 1568 sacculo,
3698 1505 3847 1554 »etc.

2166 1590 2352 1662 (Ibid.)
2384 1590 2449 1643 In
2478 1589 2725 1655 occulto,
2755 1592 2884 1653 etc.,
2943 1602 3111 1656 usque
3156 1589 3230 1641 ad
3260 1594 3419 1642 curat
3470 1590 3608 1660 quia
3650 1590 3739 1644 hic
3762 1605 3853 1660 per

2164 1678 2392 1751 ﬂagella
2421 1677 2679 1733 funditus
2712 1676 2939 1729 relaxat.

2239 1770 2401 1823 Vens.
2440 1770 2522 1822 18.
2556 1797 2626 1805 -
2662 1786 2683 1813 ι
2734 1766 2890 1819 Mons
2939 1764 3145 1819 cadens
3187 1765 3403 1820 deﬂuit.
3433 1788 3453 1814 ι
3520 1767 3715 1836 (Ibid)
3750 1767 3854 1821 Duo

2163 1863 2297 1912 sunt
2339 1870 2552 1927 genera
2614 1853 3018 1918 tentationum,
3074 1857 3203 1920 etc.,
3234 1868 3403 1921 usque
3442 1853 3517 1908 ad
3558 1854 3649 1908 vel
3698 1854 3855 1924 longa

2167 1964 2231 2002 ac
2269 1948 2422 2000 lenta
2455 1953 2518 1999 ut
2538 1944 2903 2000 Salomonem
2933 1941 3197 1996 consumi
3217 1942 3520 2012 permittis.

2243 2059 2264 2085 α
2298 2035 2529 2099 Saxum,
2561 2053 2589 2081 »
2620 2032 2679 2087 id
2700 2037 2786 2086 est
2807 2047 2968 2085 mens
2987 2030 3129 2101 justi
3160 2031 3358 2085 fertur.

2243 2148 2263 2174 ι
2290 2125 2367 2178 De
2398 2124 2540 2188 loco,
2579 2146 2603 2168 »
2639 2121 2698 2175 id
2751 2125 2851 2187 est,
2903 2120 2973 2174 de
3019 2118 3238 2190 justitia
3293 2120 3364 2173 ad
3406 2120 3639 2190 culpam
3692 2118 3854 2173 nimio

2168 2212 2445 2283 impulsu.

2241 2302 2400 2355 Vsus.
2466 2302 2549 2357 19.
2605 2328 2670 2338 --έ
2704 2321 2729 2343 ‹‹
2791 2295 3050 2365 Lapides,
3076 2319 3101 2341 ››

2171 2413 2198 2436 α
2231 2404 2394 2459 aque:-
2430 2409 2451 2435 ι»
2488 2387 2714 2441 assidua
2743 2384 3153 2439 blandimenta.

2228 2495 2259 2530 α
2280 2478 2472 2541 Terra,
2507 2500 2532 2523 »
2567 2491 2696 2547 qua:
2716 2472 3046 2527 sanctiﬁcat.

2238 2568 2401 2620 Vaas.
2452 2568 2541 2619 20.
2601 2594 2669 2605 —-
2702 2582 2730 2614 «
2789 2560 3087 2617 Roborasti
3140 2576 3274 2615 eum
3331 2561 3661 2631 paululum,
3698 2583 3717 2609 ι
3751 2566 3849 2615 etc.

2169 2655 2360 2727 (Ibid.)
2390 2654 2693 2708 Paululum
2750 2652 3051 2705 roboratus
3080 2653 3164 2703 est
3218 2649 3414 2716 homo,
3472 2650 3614 2721 quia
3669 2649 3759 2704 hic
3785 2649 3854 2702 vi-

2168 2744 2339 2798 vendi
2364 2742 2509 2797 vires
2542 2743 2609 2796 ad
2672 2739 2962 2795 modicum
3011 2738 3267 2809 accepit;
3300 2738 3399 2792 sed
3454 2738 3513 2792 in
3560 2739 3669 2792 hac
3691 2736 3859 2793 brevi-

2167 2836 2284 2887 tate
2318 2831 2418 2886 ubi
2438 2832 2741 2885 roboratus
2772 2833 2876 2891 est,
2912 2828 3151 2899 colligit,
3204 2826 3353 2881 unde
3399 2826 3457 2880 in
3490 2826 3861 2898 perpetuitate

2167 2920 2458 2986 inveniat;
2482 2920 2570 2974 vel
2601 2923 2665 2973 ut
2693 2932 2920 2989 semper
2948 2917 3211 2987 gaudeat,
3235 2916 3321 2969 vel
3355 2920 3415 2969 ut
3445 2916 3728 2987 supplicia
3757 2932 3861 2970 non

3175 2294 3235 2349 id
3283 2300 3369 2350 est
3448 2295 3853 2361 fortitudinem,

2076 3002 2132 3056 τε
2170 3008 2389 3063 evadat.

2237 3119 2257 3145 ι
2284 3094 2620 3151 Immutabis
2652 3094 2855 3150 faciem
2889 3094 3034 3164 ejus,
3070 3097 3125 3148 et
3180 3092 3423 3148 emittes.
3464 3116 3490 3139 υ
3542 3093 3738 3147 Facies
3766 3094 3859 3147 hoc

2170 3186 2361 3253 minis,
2395 3190 2522 3253 etc.,
2552 3200 2721 3253 usque
2733 3184 2807 3238 ad
2822 3183 3063 3237 transire
3084 3183 3150 3236 ad
3178 3188 3394 3237 aeterna
3406 3183 3615 3237 nolens
3634 3183 3861 3253 cogitur.

2240 3276 2400 3328 Vens.
2429 3277 2519 3329 2t.
2552 3303 2622 3314 —
2662 3291 2690 3324 ‹‹
2748 3273 2876 3328 Sive
2925 3272 3147 3326 nobiles
3206 3272 3421 3326 fuerint
3465 3271 3595 3326 ﬁlii.
3635 3292 3664 3323 ω
3724 3270 3866 3327 Sicut

2168 3364 2325 3417 enim
2358 3364 2417 3417 hi
2448 3362 2548 3434 qui
2582 3362 2768 3416 adhuc
2797 3366 2930 3416 sunt
2958 3362 3233 3431 viventes,
3264 3365 3628 3416 mortuorum
3670 3362 3864 3415 animae

2170 3454 2230 3508 in
2262 3470 2375 3525 quo
2406 3454 2528 3508 loco
2551 3452 3165 3523 habeanturignorant
3198 3468 3212 3506 :
3242 3452 3323 3505 ita
3365 3452 3581 3505 mortui
3640 3450 3864 3506 carnali-

2168 3548 2254 3598 ter
2283 3544 2457 3597 vitam
2488 3542 2550 3596 in
2579 3558 2746 3595 carne
2796 3540 3113 3612 positorum
3175 3540 3421 3613 qualiter
3450 3545 3580 3612 post
3620 3557 3719 3595 eos
3757 3539 3866 3593 dis-

2167 3636 2436 3705 ponatur,
2471 3630 2751 3685 nesciunt.

2235 3722 2391 3776 Vsus.
2415 3722 2503 3774 22.
2538 3752 2603 3760 —
2627 3744 2653 3767 «
2709 3722 2974 3774 Attamen
3021 3735 3152 3772 caro
3186 3718 3309 3789 ejus
3337 3720 3474 3774 dum
3529 3720 3675 3775 vivit
3729 3719 3869 3774 dote-

2167 3809 2272 3863 bit.
2309 3830 2330 3857 ι
2365 3808 2752 3863 Tribulatione
2783 3807 2937 3861 enim
2983 3806 3169 3861 carnis
3199 3807 3290 3861 hic
3339 3808 3651 3878 patiuntur
3708 3807 3865 3862 etiam

2169 3898 2268 3970 qui
2306 3897 2681 3968 spiritualiter
2705 3896 2918 3951 vivunt.

2236 4011 2262 4033 ‹‹
2300 3988 2364 4040 Et
2393 3987 2585 4040 anima
2632 3986 2784 4040 illius
2816 4000 3002 4055 super.
3029 4008 3053 4031 ι)
3099 3984 3347 4055 Dignum
3392 3984 3549 4039 enim
3613 3989 3699 4040 est
3726 3989 3788 4039 ut
3816 3982 3868 4037 in

2170 4090 2229 4127 se
2252 4090 2479 4144 semper
2507 4074 2678 4128 homo
2707 4089 2977 4128 maerores
3006 4072 3282 4140 inveniat,
3319 4073 3419 4144 qui
3475 4073 3683 4129 relicto
3715 4074 3867 4129 Crea-

2168 4167 2291 4217 tore
2321 4163 2381 4217 in
2409 4180 2467 4216 se
2498 4163 2773 4234 gaudium
2805 4162 3114 4234 quaerebat.

2823 4286 3052 4342 CAPUT
3123 4285 3229 4339 XV.

2237 4413 2396 4468 Vens.
2458 4416 2510 4467 2.
2571 4441 2640 4452 —
2670 4435 2696 4457 «
2761 4408 3032 4481 Nunquid
3114 4408 3343 4479 sapiens
3396 4405 3864 4478 respondebit?»

2173 4501 2391 4569 (GREG.)
2445 4501 2660 4556 Cuncta
2716 4515 2845 4570 quae
2899 4499 2960 4551 in
3021 4496 3229 4551 sanctis
3309 4495 3667 4561 sentiuntur,
3718 4495 3870 4549 malis

2171 4589 2335 4660 quasi
2382 4590 2443 4642 in
2501 4594 2735 4642 ventum
2790 4588 3009 4658 prolata
3051 4585 3372 4656 displicent,
3425 4600 3533 4638 nec
3598 4586 3870 4639 bonorum

2170 4678 2343 4731 verba
2394 4677 2545 4731 dicta
2606 4675 2867 4737 rationis,
2923 4675 3019 4729 sed
3068 4673 3330 4727 stimulos
3393 4672 3611 4726 furoris
3685 4672 3870 4727 existi-

2169 4771 2346 4821 mant.

2245 4880 2271 4901 ‹‹
2309 4856 2373 4909 Et
2402 4853 2664 4926 implebit
2691 4853 2911 4907 ardore.
2959 4874 2979 4899 ιι
3040 4850 3221 4922 (Ιὸἰά.)
3256 4850 3364 4915 Qui
3420 4849 3596 4904 etiam
3662 4866 3789 4921 quae
3819 4865 3870 4901 se

2171 4942 2428 4998 sentiunt
2448 4940 2859 4996 contumeliose
2904 4939 3113 5003 dicere,
3143 4938 3375 4993 student
3421 4953 3489 4991 ex
3520 4936 3757 4992 Domini
3788 4936 3870 4989 de-

2169 5031 2428 5086 fensione
2460 5030 2715 5101 palliare,
2748 5029 2902 5083 unde
2932 5028 3157 5082 subdit:

2242 5120 2408 5175 Veas.
2450 5123 2501 5174 3.
2536 5149 2605 5159 —
2636 5143 2662 5165 «ι
2695 5118 2903 5188 Arguis
2932 5116 3123 5171 verbis
3146 5131 3298 5170 eum.
3333 5139 3359 5162 ι»
3422 5115 3617 5186 (Ιὸἰά.)
3655 5118 3720 5170 Et
3748 5114 3864 5168 nul-

2171 5208 2291 5263 lum
2322 5213 2529 5279 putant
2554 5207 2765 5261 habere
2798 5207 3064 5261 timorem
3098 5203 3345 5272 Domini,
3396 5204 3504 5258 nisi
3532 5220 3672 5258 eum
3704 5218 3861 5275 quem

2172 5296 2246 5353 ad
2274 5298 2572 5351 stultitiam
2603 5312 2719 5350 suae
2749 5294 3118 5366 professionis
3148 5298 3464 5361 traxerunt,
3495 5292 3653 5347 unde
3672 5292 3863 5345 addit:

2245 5388 2402 5441 Vsus.
2430 5388 2482 5440 4.
2518 5417 2587 5425 ——
2622 5409 2643 5435 α
2704 5385 2992 5449 Quantum
3046 5383 3104 5436 in
3136 5386 3193 5436 te
3249 5387 3353 5447 est,
3386 5403 3409 5429 ι
3462 5386 3592 5445 etc.,
3649 5380 3862 5437 dicitur.

2173 5475 2230 5530 id
2262 5480 2345 5529 est
2376 5474 2679 5530 abstulisti.
2704 5476 2782 5529 Ac
2812 5473 2863 5527 si
2893 5472 3144 5527 diceret:
3180 5472 3258 5525 De
3288 5475 3387 5524 tua
3408 5469 3637 5540 justitia
3664 5483 3865 5540 presu-

2174 5579 2357 5629 mens,
2393 5562 2674 5620 Creatoris
2702 5561 2787 5616 tui
2816 5560 3060 5633 gratiam
3090 5558 3333 5632 despicis
3380 5556 3699 5629 deprecari.
3733 5557 3862 5612 Cum
