4082 6184
228 322 336 373 797

1372 319 1625 375 GLOSSA
1662 320 2068 375 ORDINARIA.
2112 350 2179 358 —
2221 320 2347 374 LIB.
2389 319 2530 375 JOB.
3644 324 3744 376 798

230 436 491 492 haeretici
520 451 653 491 vera
681 436 832 491 mala
862 439 1061 490 contra
1090 436 1270 491 bonos
1300 452 1416 491 non
1468 436 1791 505 inveniunt,
1824 438 1933 492 ﬁn-
1967 439 2013 492 A
2052 437 2267 507 injuste
2308 438 2540 493 homine
2580 439 2701 493 sine
2761 441 2875 496 ulla
2922 443 3322 498 retractatione
3363 449 3743 515 perpetretur,

233 530 379 598 gunt
412 541 539 597 quas
573 526 944 595 redarguam,
977 530 1040 580 ut
1066 526 1211 596 justi
1238 526 1560 580 videantur.

308 614 469 667 Vens.
499 614 550 665 5.
584 642 653 650 -—
690 633 712 659 α
746 611 944 666 Docuit
975 612 1128 665 enim
1167 612 1461 683 iniquitas.
1498 634 1519 660 ι
1556 614 1787 683 (ϐηεσ.)
1820 614 1933 668 Ini-

234 702 425 773 quitas
452 717 515 754 os
533 701 719 770 docet,
751 702 983 772 quando
1008 717 1073 755 ex
1094 702 1243 756 mala
1273 702 1388 756 vita
1407 702 1746 772 concipitur,
1779 702 1931 773 quod

231 792 399 862 pejus
430 791 671 845 dicatur.

312 902 332 928 ι
368 880 619 934 Imitaris
653 879 908 947 linguam
955 881 1481 950 blasphemantium
1508 903 1529 929 iv
1567 881 1765 951 (Ibid.)
1809 882 1935 935 Haa-

234 965 399 1019 retici
433 965 597 1037 quasi
628 966 955 1019 venerando
990 967 1189 1032 Deum,
1241 967 1503 1033 humilia,
1534 971 1598 1020 ut
1620 983 1851 1021 carnem
1882 970 1938 1021 et

235 1060 484 1108 mortem
508 1057 742 1124 negant,
772 1058 830 1107 et
860 1053 1168 1108 Ecclesiam
1215 1054 1338 1109 haec
1383 1055 1751 1110 confitentem
1786 1057 1935 1111 blas-

234 1142 511 1213 phemare
559 1142 801 1195 dicunt:
850 1148 906 1195 et
936 1144 983 1195 si
1023 1143 1160 1213 quid
1217 1144 1441 1199 adversi
1498 1145 1552 1199 ei
1607 1145 1931 1217 contigerit,

232 1248 342 1302 pro
375 1232 479 1285 hac
499 1231 713 1301 injuria
745 1232 947 1285 dicunt
967 1232 1111 1297 ﬁeri,
1151 1233 1299 1287 unde
1328 1233 1445 1287 ait:

309 1321 467 1374 Vens.
517 1324 571 1374 6.
624 1351 691 1359 —
739 1321 1157 1375 Condemnabit
1220 1332 1297 1389 te,
1363 1345 1383 1369 ι
1446 1326 1552 1377 etc.
1610 1323 1934 1393 Aliquando

232 1425 372 1462 vero
395 1409 557 1479 quasi
598 1409 939 1463 rationando
971 1410 1353 1479 comprimere
1384 1412 1602 1476 volunt,
1634 1413 1824 1467 unde:

308 1498 473 1551 Vens.
507 1501 564 1550 7.
603 1526 672 1536 —-
707 1519 728 1544 ι
757 1497 1025 1568 Nunquid
1045 1498 1264 1568 primus
1294 1498 1487 1553 homo.
1526 1521 1546 1546 ιι
1582 1500 1710 1553 Haec
1744 1506 1935 1555 autem

234 1586 337 1640 Dei
368 1585 618 1640 defensio
672 1586 742 1640 ab
796 1585 876 1639 eis
914 1586 1043 1640 ideo
1090 1587 1416 1653 assumitur,
1478 1591 1609 1655 etc.,
1668 1604 1833 1659 usque
1862 1591 1937 1643 ad

232 1688 415 1745 pensa
447 1675 601 1744 quod
624 1674 923 1727 consilium
958 1674 1217 1744 ignoras.

303 1783 466 1837 Vens.
493 1785 544 1837 9.
574 1811 642 1821 —
678 1804 699 1830 α
733 1781 877 1846 Quid
912 1782 1077 1836 nosti.
1112 1804 1133 1830 ι
1194 1783 1373 1853 (Ibid.)
1432 1784 1566 1838 Haec
1622 1784 1794 1839 verba
1830 1803 1932 1857 pa-

229 1874 423 1924 tenter
473 1870 783 1925 ostendunt
834 1887 901 1925 ex
950 1888 1065 1941 qua
1124 1872 1332 1926 mentis
1386 1873 1634 1927 elatione
1693 1876 1936 1945 prodeat

234 1958 519 2031 quidquid
539 1960 701 2030 quasi
735 1959 805 2013 ad
839 1959 1184 2015 dominicam
1215 1961 1610 2017 defensionem
1642 1971 1823 2019 sonat.

306 2067 469 2119 Vens.
500 2069 587 2120 10.
629 2096 691 2106 -
724 2089 745 2115 ι
783 2067 846 2120 Et
867 2082 1032 2120 senes
1063 2072 1117 2121 et
1148 2066 1390 2137 antiqui.
1421 2088 1441 2114 »
1487 2066 1766 2132 Haaretici,
1800 2066 1935 2137 quia

232 2170 339 2209 sua
370 2171 486 2208 non
516 2160 755 2225 possunt
807 2160 1060 2209 astruere
1114 2155 1357 2223 ratione,
1408 2156 1739 2209 auctoritate
1794 2155 1937 2209 anti-

232 2259 486 2314 quorum
514 2243 780 2298 nituntur
808 2244 1112 2298 defendere
1146 2243 1296 2314 apud
1322 2243 1521 2297 stultos
1546 2260 1558 2298 :
1593 2248 1648 2297 et
1677 2244 1936 2299 doctores

230 2332 498 2386 Ecclesiae
529 2332 727 2387 dicunt
753 2332 858 2386 sibi
894 2332 1191 2403 magistros
1242 2332 1435 2387 fuisse.

306 2439 471 2493 Vens.
510 2442 595 2506 11,
633 2440 718 2493 12.
750 2469 818 2477 -
861 2460 882 2487 ι
928 2439 1199 2510 Nunquid
1230 2439 1447 2509 grande
1497 2443 1582 2492 est
1608 2439 1636 2492 ?
1674 2460 1693 2487 ι
1736 2438 1935 2512 Sequi-

228 2530 371 2580 tur:
411 2548 431 2574 ι
480 2526 625 2590 Quid
656 2531 711 2581 te
771 2528 953 2581 elevat
995 2542 1093 2580 cor
1146 2532 1333 2581 tuum.
1366 2548 1386 2574 ι
1452 2526 1613 2596 Saepe
1648 2527 1935 2596 justorum

230 2630 393 2669 mens
424 2615 495 2669 ad
525 2615 730 2669 altiora
759 2616 1205 2685 contemplanda
1235 2615 1621 2685 suspenditur,
1660 2618 1722 2667 ut
1778 2617 1933 2667 exte-

231 2703 355 2757 rius
406 2719 605 2758 eorum
662 2704 833 2759 facies
881 2704 1240 2775 obstupuisse
1296 2703 1575 2758 videatur.
1637 2703 1746 2758 Sed
1789 2703 1936 2756 hanc

237 2793 737 2863 contemplationis
765 2793 881 2847 vim
914 2793 1145 2865 reprobi
1174 2809 1280 2864 per
1300 2793 1654 2865 hypocrisim
1680 2792 1805 2847 fieri
1826 2807 1933 2862 pu-

237 2884 399 2949 tant;
426 2882 577 2952 quod
606 2884 763 2937 enim
792 2883 852 2937 in
881 2899 940 2936 se
970 2886 1073 2949 est,
1106 2882 1165 2936 in
1197 2882 1321 2936 aliis
1366 2886 1587 2953 putant.

2047 529 2211 598 quasi
2240 545 2388 599 aqua
2414 529 2690 601 iniquitas
2720 530 2959 586 bibitur.

2120 617 2281 670 Vens.
2318 621 2400 671 l7.
2425 646 2498 658 —
2531 640 2551 666 α
2589 619 2895 673 Ostendam
2926 621 3055 687 tibi,
3096 644 3115 671 ι
3152 622 3296 687 Quia
3347 639 3476 677 cum
3538 623 3747 678 minori

2047 705 2380 759 auctoritate
2413 706 2573 760 docet
2602 706 2649 760 is
2680 707 2780 778 qui
2810 710 3022 777 audita,
3058 727 3231 782 quam
3280 711 3327 765 is
3380 712 3477 782 qui
3528 728 3593 765 ea
3619 729 3746 783 qua:

2045 793 2283 861 viderat,
2332 794 2609 865 loquitur,
2652 801 2717 850 ut
2762 797 3053 853 fortiorem
3098 800 3493 855 auctoritatem
3510 800 3618 855 sibi
3640 802 3746 855 Eli—

2045 883 2191 952 phaz
2233 888 2545 953 arrogaret,
2580 884 2745 938 dicit:

2123 993 2142 1019 α
2179 970 2340 1034 Quod
2369 972 2482 1025 vidi
2531 973 2776 1027 narrabo
2808 974 2931 1029 tibi.
2973 998 2992 1022 ν
3057 977 3358 1047 PrOprium
3402 979 3739 1049 arrogantis,

2045 1064 2174 1127 etc.,
2204 1075 2373 1129 usque
2402 1062 2476 1114 ad
2505 1078 2647 1133 quas
2681 1064 3015 1118 auctoritate
3052 1067 3283 1121 Patrum
3315 1068 3523 1122 munit.

2116 1149 2275 1202 Vens.
2314 1151 2396 1203 18.
2431 1180 2500 1187 -
2537 1171 2556 1197 ι
2613 1150 2911 1220 Sapientes
2958 1154 3325 1207 confitentur.
3365 1178 3384 1203 ι
3452 1156 3585 1209 Ecce
3640 1170 3740 1209 au-

2046 1237 2202 1291 dacia
2236 1239 2657 1307 haereticorum,
2710 1246 2839 1307 etc.,
2900 1258 3065 1311 usque
3123 1244 3197 1297 ad
3252 1244 3422 1297 corda
3453 1244 3740 1297 transiisse

2045 1327 2320 1393 alienum,
2350 1328 2405 1382 id
2436 1334 2519 1382 est
2557 1329 2867 1384 diabolum.
2904 1333 3039 1385 Ecce
3080 1333 3393 1387 sententiae.

2117 1414 2274 1467 Vens.
2339 1417 2428 1469 20.
2485 1444 2547 1455 —
2606 1438 2625 1463 ‹
2686 1417 2912 1470 Cunctis
2962 1418 3178 1471 diebus.
3245 1441 3265 1467 ι
3326 1420 3523 1473 Solent
3565 1418 3740 1472 etiam

2046 1501 2653 1572 electiinquibusdam
2682 1502 2883 1557 diebus
2927 1504 3243 1574 superbire,
3275 1506 3370 1558 sed
3403 1506 3740 1576 priusquam

2046 1588 2217 1643 vitam
2252 1590 2476 1657 finiant,
2507 1590 2578 1643 ab
2606 1590 2848 1644 elatione
2879 1592 3052 1645 corda
3094 1597 3487 1659 commutant;
3528 1593 3740 1663 impius

2046 1692 2179 1730 vero
2204 1676 2407 1731 diebus
2436 1677 2705 1731 omnibus
2734 1679 3008 1750 superbit,
3042 1685 3098 1735 et
3137 1679 3215 1734 sic
3244 1681 3417 1735 vitam
3449 1681 3735 1749 terminat,

2048 1770 2108 1819 ut
2129 1767 2200 1820 ab
2218 1767 2466 1821 elatione
2498 1767 2735 1823 minime
2774 1769 3015 1832 recedat,

2122 1878 2142 1903 ι
2179 1856 2245 1909 Et
2266 1872 2543 1911 numerus
2574 1873 2860 1911 annorum
2895 1858 3216 1928 tyrannidis
3247 1858 3390 1927 ejus.
3437 1881 3458 1906 ι
3506 1858 3738 1930 Proprie

2045 1947 2342 2013 tyrannus,
2374 1949 2503 2013 etc.,
2536 1961 2703 2015 usque
2760 1947 2835 2001 ad
2871 1947 3032 2018 cujus
3062 1947 3175 2000 vita
3203 1948 3308 2001 sub
3334 1946 3739 2001 incertitudine

2046 2035 2272 2086 tenetur
2299 2033 2326 2086 Τ

2117 2121 2280 2174 Vzns.
2338 2124 2425 2176 21.
2487 2152 2556 2161 -
2610 2144 2629 2170 σι
2691 2123 2922 2177 Sonitus
2969 2123 3205 2177 terroris
3253 2140 3497 2193 semper.
3556 2123 3741 2195 (Ibid.)

2048 2209 2225 2263 Prava
2270 2225 2431 2263 mens
2484 2226 2712 2281 semper
2770 2211 2830 2266 in
2881 2212 3170 2265 laboribus
3226 2216 3331 2280 est,
3395 2213 3541 2267 sicut
3589 2213 3743 2267 bona

2047 2313 2273 2368 semper
2310 2298 2655 2369 tranquilla:
2690 2300 2825 2370 quia
2854 2306 2953 2353 aut
3005 2300 3242 2354 molitur
3276 2302 3422 2354 mala
3464 2317 3595 2371 quas
3650 2302 3742 2355 in-

2045 2384 2212 2453 ferat,
2243 2391 2343 2440 aut
2374 2389 2598 2451 metuit,
2635 2404 2706 2442 ne
2739 2388 2847 2442 sibi
2883 2390 3003 2443 haec
3035 2390 3103 2443 ab
3135 2390 3262 2443 aliis
3293 2390 3633 2447 inferantur.

2117 2476 2279 2529 Vens.
2310 2478 2398 2529 22.
2431 2506 2501 2516 —-
2533 2498 2553 2525 ‹
2600 2478 2723 2530 Non
2757 2478 2938 2531 credit
2962 2480 3116 2548 quod
3170 2480 3378 2533 reverti
3430 2481 3608 2551 possit
3670 2480 3740 2534 de

2046 2564 2300 2619 tenebris
2345 2565 2445 2619 ad:
2482 2587 2501 2613 ι
2572 2566 2709 2636 quia
2766 2566 2904 2621 dum
2952 2567 3111 2621 feriri
3170 2584 3229 2621 se
3277 2569 3529 2639 undique
3560 2568 3742 2624 credit

2044 2652 2289 2720 insidiis,
2350 2655 2531 2708 salute
2588 2654 2888 2726 desperata
2971 2672 3198 2728 semper
3273 2658 3342 2711 ad
3427 2657 3741 2729 nequitiam

2046 2742 2266 2796 crescit.

2118 2832 2281 2885 Vnns.
2335 2833 2423 2885 23.
2483 2861 2551 2871 —
2613 2853 2633 2880 α
2679 2832 2819 2886 Cum
2864 2849 2923 2887 se
2964 2832 3227 2903 moverit,
3264 2857 3285 2881 ι
3319 2839 3419 2888 etc.
3454 2834 3623 2889 Panis
3651 2835 3744 2889 hic

2045 2918 2398 2989 stipendium
2430 2920 2727 2991 praesentis
2782 2921 2933 2989 vitae,
2998 2928 3128 2991 etc.,
3158 2938 3329 2993 usque
3378 2923 3453 2977 ad
3507 2921 3745 2977 avaritia

308 2988 471 3042 Vgas.
510 2991 592 3043 13.
619 3019 689 3028 —
725 3010 746 3038 ι
777 2988 922 3053 Quid
954 2993 1138 3044 tumet
1167 2993 1363 3043 contra
1392 2991 1573 3043 Deum
1604 2986 1883 3060 spiritus?
1909 3009 1928 3035 ι
1965 3014 2005 3069 C
2044 2986 2225 3063 vic—tus
2259 3009 2357 3062 illa
2386 2986 2722 3062 οδηιεωηίι,

233 3076 583 3148 Plerumque
610 3077 751 3148 justi
802 3078 1087 3149 aliquibus
1132 3077 1567 3133 necessitatibus
1601 3076 1801 3132 afﬂicti
1832 3092 1935 3130 sua

230 3180 413 3236 opera
432 3172 720 3237 coguntur
747 3166 932 3233 fateri,
963 3167 1117 3238 quod
1146 3167 1347 3221 beatus
1385 3167 1492 3221 Job
1522 3166 1752 3231 fecerat,
1780 3165 1933 3236 quod

227 3259 474 3325 putatur
503 3255 673 3310 elatio
698 3272 711 3322 ;
746 3256 843 3310 sed
874 3256 932 3310 in
968 3256 1066 3310 Dei
1096 3256 1331 3310 auribus
1361 3255 1606 3325 superba
1636 3271 1751 3308 non
1779 3258 1933 3323 sunt,

230 3357 364 3412 qua:
393 3341 601 3395 humili
631 3344 802 3398 corde
832 3344 1233 3414 proferuntur;
1267 3348 1325 3397 et
1354 3342 1499 3397 sicut
1527 3342 1714 3413 gravis
1751 3342 1934 3412 culpae

229 3434 316 3482 est
342 3429 453 3483 sibi
480 3446 750 3501 arrogare
778 3433 933 3502 quod
956 3448 1069 3486 non
1119 3437 1223 3497 est,
1274 3432 1354 3486 sic
1399 3433 1741 3503 plerumque
1768 3432 1935 3502 culpa

230 3518 395 3572 nulla
422 3523 508 3572 est
539 3518 583 3573 si
613 3520 909 3574 humiliter
938 3522 1151 3575 bonum
1181 3520 1332 3575 dicat
1356 3520 1509 3590 quod
1543 3524 1647 3574 est.

306 3626 335 3658 α
355 3607 699 3678 Hujusmodi
722 3625 1033 3664 sermones.
1062 3632 1082 3657 ι
1122 3609 1317 3679 (Ibid)
1360 3610 1435 3662 De
1464 3609 1632 3662 bonis
1661 3608 1793 3671 tuis,
1816 3624 1935 3662 non

230 3699 429 3750 tamen
457 3696 561 3751 Job
590 3697 650 3751 in
684 3697 773 3751 his
802 3703 998 3752 contra
1030 3699 1212 3752 Deum
1238 3696 1469 3765 tumuit,
1505 3698 1603 3751 sed
1633 3713 1763 3768 quae
1806 3713 1936 3751 vere

220 3782 444 3837 fecerat
474 3784 773 3839 humiliter
811 3784 992 3851 dixit;
1026 3801 1176 3855 saepe
1223 3784 1365 3854 justi
1395 3789 1452 3839 et
1479 3784 1678 3855 injusti
1734 3785 1935 3839 eadem

221 3873 447 3927 habent
493 3873 687 3940 verba,
723 3879 781 3928 et
810 3874 963 3928 unde
1021 3873 1106 3927 illi
1137 3875 1379 3945 placent,
1432 3873 1492 3927 hi
1521 3874 1840 3941 offendunt,
1876 3877 1938 3927 ut

221 3961 553 4016 Pharisaaus
577 3962 677 4033 qui
717 3979 776 4017 se
827 3962 1102 4033 justificat
1150 3963 1209 4017 in
1254 3978 1427 4032 opere
1457 3962 1607 4033 (Luc.
1640 3965 1826 4030 xvm),
1880 3967 1937 4017 et

226 4048 503 4103 Ezechias
532 4050 628 4121 qui
657 4066 716 4104 se
740 4050 1014 4121 justiﬁcat
1034 4051 1093 4103 in
1121 4050 1468 4121 cogitatione
1527 4050 1632 4120 (IV
1654 4053 1784 4117 Reg.
1815 4052 1933 4121 xx).

300 4155 471 4209 Vens.
510 4157 595 4210 14.
622 4187 692 4196 —-
732 4178 752 4205 ε
776 4156 923 4221 Quid
951 4161 1036 4210 est
1064 4156 1238 4210 homo
1260 4156 1289 4209 ?
1326 4178 1346 4203 ι
1381 4158 1456 4210 Eo
1489 4156 1613 4226 ipso
1663 4157 1817 4228 quod
1850 4157 1933 4211 di-

228 4244 383 4299 citur
441 4245 633 4312 homo,
683 4250 946 4300 terrenus
1001 4245 1343 4315 exprimitur
1397 4250 1453 4300 et
1508 4246 1794 4301 inﬁrmus.
1853 4246 1934 4303 Ab

231 4333 419 4387 humo
443 4332 599 4386 enim
623 4334 937 4405 appellatus
970 4340 1072 4388 est.

316 4442 339 4467 ι
380 4421 448 4474 Et
503 4425 568 4473 ut
606 4421 794 4491 justus
843 4427 1115 4492 appareat
1162 4426 1350 4490 natus,
1404 4444 1424 4471 ι
1484 4426 1592 4476 etc.
1642 4422 1937 4486 Quomodo

2118 3115 2277 3168 Vens.
2302 3115 2390 3169 24.
2422 3142 2495 3154 -
2524 3136 2543 3161 ι
2580 3114 2855 3180 Terrebit,
2885 3137 2904 3163 ι
2950 3119 3054 3170 etc.
3116 3118 3174 3169 ln
3226 3115 3383 3169 omni
3440 3117 3593 3188 quod
3632 3116 3742 3170 ini-

2046 3220 2193 3274 quus
2250 3202 2387 3274 agit,
2448 3208 2577 3269 etc.,
2623 3218 2791 3273 usque
2813 3204 2886 3258 ad
2911 3203 2957 3258 si
3014 3204 3067 3258 ei
3097 3204 3240 3259 forte
3272 3205 3534 3273 defuerit,
3590 3204 3744 3277 quod

2045 3308 2110 3347 ex
2141 3292 2365 3347 fallacia
2394 3297 2669 3363 opponat.

2115 3399 2276 3453 Vnns.
2310 3401 2397 3452 25.
2426 3428 2498 3439 —
2532 3420 2552 3446 ι
2574 3397 2852 3466 Tetendit,
2894 3420 2914 3445 ι
2948 3404 3049 3453 etc.
3072 3399 3263 3471 (Ibid)
3289 3401 3461 3456 modo
3491 3419 3524 3456 a
3551 3401 3745 3454 multis

2045 3485 2237 3556 agitur
2266 3486 2529 3557 singulis.

2117 3594 2278 3649 Vens.
2310 3596 2399 3648 26.
2431 3623 2500 3633 —
2535 3616 2556 3642 «
2621 3594 2902 3659 Cucurrit,
2940 3616 2960 3641 »
3015 3593 3077 3649 id
3133 3598 3218 3650 est
3274 3594 3336 3649 in
3377 3595 3526 3648 malo
3572 3610 3744 3665 opere

2044 3683 2399 3737 obstaculum
2430 3683 2498 3736 de
2531 3682 2867 3736 adversitate
2895 3699 3007 3737 non
3037 3683 3258 3737 habuit.

2122 3793 2142 3819 ι
2177 3773 2242 3825 Et
2265 3770 2469 3841 pingui
2500 3771 2715 3824 cervice
2760 3777 3013 3825 armatus
3046 3777 3147 3825 est.
3187 3792 3208 3819 ι
3266 3770 3501 3841 Pinguis
3558 3771 3743 3824 cervix

2046 3862 2134 3913 est
2171 3859 2446 3927 opulenta
2466 3858 2733 3929 superbia
2764 3858 3131 3913 afﬂuentibus
3152 3858 3324 3914 rebus
3358 3859 3520 3930 quasi
3548 3859 3744 3914 multis

2046 3946 2313 4002 carnibus
2345 3947 2505 4001 fulta.

2117 4056 2296 4109 Vens.
2328 4057 2418 4122 27,
2449 4084 2519 4095 —
2554 4075 2575 4102 α
2607 4053 2845 4123 Operuit
2872 4053 3077 4108 faciem
3112 4054 3257 4126 ejus.
3290 4076 3310 4103 ι
3348 4054 3571 4109 Faciem
3592 4071 3741 4108 cras-

2046 4144 2234 4198 situdo
2294 4142 2501 4213 operit,
2569 4143 2704 4213 quia
2764 4142 3082 4197 desiderata
3137 4148 3495 4199 terrenarum
3549 4159 3742 4198 rerum

2047 4233 2402 4288 abundantia
2432 4233 2623 4287 oculos
2652 4233 2863 4287 mentis
2882 4232 3112 4304 premit.

2128 4344 2149 4370 cr
2199 4323 2264 4376 Et
2309 4322 2379 4376 de
2436 4322 2708 4376 lateribus
2763 4312 2904 4393 ejus.
2945 4344 2965 4370 ι
3018 4322 3197 4392 (Ιὸἰά.)
3245 4324 3444 4377 Latera
3500 4323 3741 4377 divitum

2053 4416 2185 4465 sunt
2211 4410 2310 4482 qui
2341 4411 2421 4465 eis
2448 4411 2785 4478 adhaerent;
2819 4412 3017 4464 arvina
3047 4412 3116 4465 de
3159 4411 3432 4466 lateribus
3464 4412 3583 4481 ejus
3641 4412 3740 4465 de-

232 4508 395 4563 enim
437 4509 629 4579 justus
657 4518 949 4581 appareat,
979 4510 1079 4582 qui
1110 4511 1179 4565 de
1209 4511 1308 4564 illa
1357 4516 1524 4565 natus
1555 4516 1657 4577 est,
1692 4528 1818 4581 qua:
1847 4510 1940 4564 in-
2048 4500 2279 4571 pendet,
2325 4500 2461 4570 quia
2514 4498 2773 4569 quisquis
2830 4498 3049 4569 potenti
3105 4503 3160 4553 et
3217 4498 3417 4570 iniquo
3466 4500 3737 4565 adhﬂil‘et,

226 4597 475 4667 justitiae
507 4598 860 4669 propinatrix
891 4599 1146 4654 exstitit?
1174 4600 1365 4671 prima
1397 4600 1610 4671 quippe
1669 4600 1790 4654 viro
1847 4599 1935 4653 in-

134 4748 135 4751 η
225 4686 521 4757 justitiam
553 4687 759 4741 mulier
784 4688 1113 4759 propinavit
1142 4689 1201 4743 in
1222 4688 1507 4759 paradiso.

298 4777 468 4830 Vens.
508 4779 590 4829 l5.
622 4805 689 4815 —-
719 4798 739 4823 α
768 4778 832 4830 Et
860 4777 986 4831 coeli
1025 4793 1145 4831 non
1183 4782 1318 4831 sunt
1350 4776 1571 4830 mundi.
1609 4798 1630 4824 ι
1672 4778 1784 4831 Hoc
1813 4792 1931 4831 cas-

218 4863 422 4918 lorum
453 4864 691 4918 nomine
721 4865 974 4935 repetiit,
1000 4866 1155 4935 quod
1187 4870 1518 4919 sanctorum
1551 4865 1933 4936 appellatione

214 4952 499 5024 signavit,
530 4954 628 5023 qui
656 4958 788 5007 ante
819 4954 1139 5009 districtum
1199 4954 1297 5009 Dei
1329 4953 1617 5025 judicium
1666 4971 1769 5008 nec
1813 4954 1924 5026 ipsi

216 5057 350 5096 esse
382 5041 590 5095 mundi
620 5041 693 5095 ad
719 5042 1032 5112 perfectum
1077 5047 1333 5113 possunt.

296 5139 466 5191 Vens.
504 5141 588 5192 16.
617 5166 688 5178 -
713 5161 733 5185 ι
769 5139 990 5202 Quanto
1020 5139 1203 5209 magis
1235 5138 1655 5193 abominabilis.
1685 5160 1704 5185 ι
1726 5138 1926 5208 (Ῑὸίἀ.)

210 5226 478 5291 Quilibet
507 5242 809 5297 perversus
854 5227 1255 5282 abominabilis
1276 5233 1359 5283 est
1400 5232 1637 5299 propter
1676 5226 1927 5280 immun-

209 5316 427 5371 ditiam
450 5315 706 5369 maculae.

2046 4588 2171 4659 ipse
2197 4604 2427 4659 quoque
2480 4587 2549 4641 de
2595 4587 2718 4658 ejus
2755 4588 3016 4658 potentia
3062 4589 3218 4643 velut
3273 4604 3337 4643 ex
3390 4587 3741 4660 pinguedine

2046 4681 2248 4732 tumet.

2118 4784 2278 4837 Vens.
2312 4785 2399 4838 28.
2433 4813 2505 4823 —
2533 4804 2553 4831 ι
2578 4782 2865 4836 Habitavit
2888 4782 2949 4835 in
2979 4781 3317 4837 civitatibus.
3359 4804 3381 4831 ι
3408 4781 3554 4847 Quia
3602 4782 3739 4836 civi-

2043 4875 2189 4925 tasa
2240 4871 2671 4927 conversatione
2730 4870 3153 4925 conviveutinm
3199 4871 3537 4941 appellatur,
3603 4875 3734 4937 etc.,

2040 4974 2208 5028 usque
2226 4961 2301 5013 ad
2350 4960 2662 5015 ostendunt
2718 4962 2917 5031 procul
2971 4961 3144 5015 dubio
3193 4960 3329 5032 quia
3374 4960 3442 5014 de
3495 4959 3735 5014 aedilicio

2040 5048 2170 5103 vitae
2196 5049 2542 5105 ceciderunt.

2110 5138 2293 5192 Vens.
2328 5140 2415 5193 29.
2452 5169 2519 5177 -—
2552 5160 2571 5186 α
2604 5138 2723 5192 Non
2755 5137 3046 5203 ditabitur,
3085 5159 3103 5186 ι
3150 5137 3284 5209 quia
3314 5136 3547 5208 superbi
3577 5136 3735 5208 cogi-

2037 5226 2177 5280 tatio
2210 5226 2281 5281 ab
2334 5226 2582 5281 auctoris
2603 5227 2690 5279 sui
2717 5227 2901 5297 gratia
2934 5243 3048 5280 non
3072 5226 3507 5281 inliabitabitur.

2113 5337 2133 5363 ι
2172 5316 2283 5369 Nec
2307 5314 2714 5386 perseverabit.
2754 5336 2773 5362 ι
2810 5315 2989 5386 (Ιὺίἀ.)
3020 5318 3096 5369 Ac
3116 5315 3161 5368 si
3194 5314 3374 5369 dicat:
3439 5317 3550 5370 Hoc
3581 5316 3737 5386 quod

298 5426 319 5452 ι
353 5402 602 5468 Inutilis,
640 5426 660 5452 ι
694 5407 930 5475 propter
968 5404 1251 5475 justitiam
1298 5404 1564 5475 perfecte:
1611 5404 1776 5472 vitae;
1825 5404 1925 5476 qui
2035 5404 2246 5459 habere
2277 5404 2519 5471 videtur,
2555 5403 2806 5458 exterius
2840 5403 3064 5471 transit,
3097 5409 3152 5458 et
3180 5403 3321 5459 illud
3343 5405 3500 5475 quod
3550 5409 3736 5458 trans-

216 5516 239 5540 ι
283 5492 485 5547 bibere
512 5492 874 5563 iniquitatem
912 5515 932 5541 ι
976 5493 1203 5562 dicitur,
1237 5492 1371 5564 quia
1401 5493 1554 5564 quod
1581 5491 1820 5560 bibitur,
1852 5493 1922 5547 ad

210 5582 587 5653 glutiendum
618 5597 838 5636 moram
884 5598 1003 5637 non
1033 5583 1223 5638 habet.
1251 5582 1431 5653 Culpa
1468 5597 1606 5652 ergo
1660 5581 1797 5653 quia
1849 5581 1920 5636 ab

2035 5493 2120 5548 ire
2156 5509 2269 5547 non
2289 5497 2529 5564 poterat,
2562 5492 2803 5548 interius
2836 5509 2949 5547 non
2975 5494 3165 5548 habet.

2111 5604 2130 5629 ι
2169 5583 2281 5636 Nec
2321 5582 2511 5636 mittet
2552 5581 2613 5636 in
2671 5590 2906 5652 terram,
2944 5605 2963 5630 ι
3018 5582 3155 5654 quia
3208 5582 3364 5638 velut
3421 5583 3491 5639 ad
3548 5584 3735 5638 levem
