4082 6184
403 297 503 344 799

409 421 632 484 flatum,
665 418 744 473 sic
791 419 862 472 ad
911 422 1131 472 motum
1164 418 1399 472 occultas
1457 419 1755 474 sententias
1812 419 1924 474 vita
1983 422 2105 490 ejus
2145 423 2191 474 Α

408 508 670 574 eruitur;
704 508 812 576 vel,
852 529 871 555 ι
907 507 965 560 in
996 511 1208 560 terram
1263 522 1377 560 non
1433 507 1640 573 mittet,
1702 529 1722 556 ι
1781 513 1914 577 etc.,
1967 509 2102 581 quia

412 614 709 669 nunquam
742 597 812 650 ad
839 601 1067 650 eterna:
1099 596 1228 650 vita:
1253 595 1598 650 desiderium
1629 597 1816 651 cordis
1867 597 1953 652 sui
2003 614 2101 651 co-

408 687 746 757 gitationem
779 687 1016 756 plantat.

482 777 659 829 Vnus.
713 776 798 830 30.
844 805 912 813 —-
957 797 976 822 ι
1019 775 1142 828 Νοη
1207 775 1436 829 recedet
1481 775 1548 828 de
1603 776 1867 829 tenebris.
1907 798 1926 824 ι
1961 776 2104 841 Quia

409 863 561 917 enim
595 864 779 916 lucem
804 862 1043 932 justitize
1066 878 1182 916 non
1211 863 1435 934 quaerit,
1460 864 1528 918 de
1557 863 1810 918 tenebris
1869 881 1979 919 non
2013 882 2101 920 re-

406 951 573 1006 cedit.

484 1064 502 1088 σ
541 1041 749 1095 Bamos
777 1040 921 1111 ejus,
949 1063 969 1088 ι
1006 1044 1111 1095 etc.
1147 1041 1290 1105 Quia
1311 1041 1422 1112 ipsi
1449 1058 1696 1113 quoque,
1731 1042 1831 1113 qui
1861 1043 1913 1098 ei
1966 1059 2101 1097 con-

401 1128 588 1200 juncti
635 1133 785 1192 suut,
848 1128 1088 1183 terrenis
1160 1129 1454 1184 desideriis
1508 1136 1766 1195 aestuant,
1853 1137 1915 1185 ut
1969 1131 2103 1186 boni

410 1216 601 1287 operis
632 1217 878 1270 fructum
912 1232 1026 1270 non
1058 1217 1262 1270 ferant‘
1297 1218 1432 1288 quia
1461 1218 1528 1271 ad
1557 1220 1875 1290 appetenda
1905 1220 2103 1274 inﬁma

405 1320 510 1374 per
541 1303 855 1374 nequitiam
889 1304 1180 1359 anhelant.

482 1414 509 1442 ‹‹
533 1394 602 1446 Et
631 1393 930 1446 auferetur
957 1392 1186 1463 spiritu,
1224 1416 1244 1440 ι
1281 1394 1412 1464 quia
1446 1411 1512 1447 eo
1542 1395 1925 1464 percussionis
1973 1412 2101 1449 sen-

399 1483 642 1538 tentiam
669 1481 926 1552 accipiet,
959 1497 1074 1552 quo
1107 1482 1223 1536 oris
1277 1482 1366 1537 sui
1418 1484 1683 1554 spiritum
1739 1485 1944 1538 timore
2004 1485 2103 1538 Dei

403 1587 521 1626 non
543 1570 859 1639 restringtt.

471 1661 650 1714 Vens.
682 1662 767 1713 31.
799 1690 868 1698 -
893 1681 914 1705 α
958 1660 1078 1712 Νοη
1111 1659 1317 1714 credet.
1357 1683 1375 1707 ι
1411 1659 1553 1724 Quia
1576 1661 1938 1732 eleemosyna
1960 1678 2088 1714 eum

401 1747 706 1801 redimere.
740 1751 827 1801 etc
857 1787 870 1813 ,
903 1763 1072 1816 usque
1107 1748 1182 1801 ad
1214 1747 1350 1818 quia
1404 1764 1517 1802 non
1575 1749 1803 1803 redimit
1841 1750 2090 1804 animam

401 1849 576 1906 quam
607 1851 639 1888 a
665 1833 814 1888 vitiis
839 1851 954 1889 non
985 1837 1311 1907 compescit.

471 1924 648 1978 Vens.
680 1926 767 1978 32.
797 1955 865 1962 —
900 1946 920 1971 α
970 1927 1292 1996 Antequam
1317 1925 1436 1979 dies
1468 1926 1609 1996 ejus.
1644 1949 1664 1975 ι»
1702 1928 1922 1996 (Quae)
1953 1927 2096 1991 Quia

399 2011 609 2082 longos
645 2013 862 2079 animo,
896 2018 1028 2080 etc.,
1085 2029 1254 2083 usque
1285 2015 1360 2068 ad
1414 2012 1850 2087 indisciplinatis
1907 2017 2098 2072 obviat

398 2115 572 2154 mors.

467 2191 644 2244 Vens.
681 2193 767 2245 33.
801 2221 870 2231 —
905 2214 926 2239 ι
962 2192 1156 2246 Manus
1204 2193 1347 2264 ejus,
1375 2193 1444 2248 ab
1480 2193 1639 2248 omni
1688 2193 1840 2249 bona
1896 2210 2096 2266 opera-

395 2280 618 2333 ratione
638 2279 940 2334 siccantur.

472 2385 490 2409 ι
530 2364 792 2418 Laedetur
815 2365 1002 2436 quasi,
1039 2389 1060 2415 ι
1091 2371 1197 2421 etc.
1228 2367 1287 2423 Si
1320 2368 1622 2423 ﬂorentem
1653 2369 1903 2437 vineam,
1959 2375 2091 2440 etc.,

394 2466 563 2520 usque
607 2452 681 2506 ad
730 2453 790 2506 in
841 2459 1035 2509 sancto
1093 2455 1280 2510 studio
1340 2475 1370 2508 a
1426 2457 1615 2511 fructu
1672 2457 1887 2510 alienos
1935 2457 2088 2525 facit,

394 2541 546 2594 unde
573 2541 766 2596 subdit
789 2559 802 2596 :

469 2651 491 2677 ι
527 2629 592 2684 Et
631 2630 794 2701 quasi
843 2631 992 2686 oliva
1053 2633 1380 2704 projiciens.
1420 2656 1441 2681 ι
1480 2634 1637 2689 Oliva
1669 2651 1799 2688 cum
1857 2635 1916 2688 in
1948 2635 2090 2690 ﬂore

392 2723 493 2785 est,
526 2723 654 2788 etc.,
689 2735 856 2788 usque
885 2721 960 2774 ad
991 2725 1052 2776 ut
1085 2727 1374 2794 nequeant
1399 2722 1718 2777 discernere
1750 2740 1865 2795 qua
1893 2724 2089 2779 inten-

391 2807 550 2862 tione
572 2809 713 2880 quid
741 2809 968 2864 faciant.

465 2897 556 2951 Vel
595 2920 614 2946 ι
643 2897 702 2951 in
734 2898 923 2968 primo
949 2898 1108 2953 ﬂore.
1144 2922 1163 2946 ι
1194 2899 1461 2954 Inﬁrmus
1489 2917 1688 2968 regere
1711 2902 1798 2956 vel
1818 2900 2091 2955 inferiora

390 3001 558 3055 agere
582 3001 696 3039 non
727 2985 914 3054 debet,
942 2987 1076 3058 quia
1132 2986 1190 3040 in
1251 2989 1492 3042 terrenis
1548 2989 1765 3043 actibus
1807 2989 2077 3060 frigescit.
2121 2994 2160 3048 C
2270 2992 2430 3044 Vsus.
2461 2993 2514 3044 9.
2549 3020 2611 3031 -
2667 3012 2687 3038 α
2741 2991 2918 3061 Ruga:
2967 3005 3132 3054 mete,
3169 3011 3189 3036 ι

390 3073 508 3138 Vel,
541 3090 668 3126 cum
732 3075 952 3144 placere
985 3075 1138 3130 videt
1192 3092 1320 3146 quas
1357 3077 1492 3148 agit,
1556 3079 1846 3133 ardentius
1887 3079 2082 3133 eadem

387 3161 538 3215 bona
575 3169 864 3232 operatus,
887 3169 944 3218 et
972 3165 1134 3236 quasi
1165 3164 1224 3218 in
1259 3171 1451 3220 sancto
1475 3167 1666 3222 studio
1697 3167 1896 3233 fervet,
1931 3167 2084 3221 unde

390 3255 534 3303 aestu
565 3250 732 3320 perit.

461 3336 621 3390 Vens.
655 3339 741 3390 34.
774 3367 842 3374 -
868 3359 887 3385 σ
938 3340 1319 3410 Cougregatio
1345 3341 1500 3394 enim
1557 3342 1891 3412 hypocrita,
1927 3365 1946 3389 »
1975 3347 2080 3396 etc.

391 3422 755 3494 Congregant
781 3425 1087 3496 hypocrita:
1122 3427 1269 3482 bona
1304 3446 1497 3499 opera,
1529 3431 1623 3484 sed
1672 3447 1870 3485 eorum
1930 3431 2086 3484 steri-

388 3511 558 3564 lisest
589 3513 711 3582 ipsa
757 3515 1144 3586 congregatio,
1183 3517 1316 3586 quia
1366 3535 1468 3588 per
1520 3519 1624 3572 hoc
1675 3520 1826 3590 quod
1885 3524 2082 3591 agunt,

386 3599 639 3655 fructum
702 3602 952 3674 recipere
992 3603 1053 3658 in
1112 3611 1324 3659 aeterna
1377 3607 1752 3663 retributione
1811 3625 1927 3663 non
1983 3626 2085 3680 ap-

392 3695 615 3759 petunt.

465 3799 485 3826 ε
539 3779 603 3833 Et
647 3779 798 3851 ignis
848 3781 1145 3837 devorab?t
1201 3785 1567 3839 tabernacula
1621 3803 1840 3853 eorum,
1894 3810 1912 3834 ιι
1976 3792 2082 3842 etc.

389 3867 646 3938 Corpora
675 3869 735 3924 in
776 3870 982 3941 quibus
1011 3872 1215 3926 anima:
1243 3890 1439 3928 eorum
1497 3875 1773 3942 habitant,
1829 3875 2087 3930 taberna-

388 3957 516 4010 cula
547 3957 684 4012 dicit
717 3975 729 4012 :
763 3976 891 4030 qum
930 3961 1022 4015 hic
1074 3962 1419 4017 desiderium
1454 3964 1660 4033 laudis,
1716 3966 2085 4036 postmodum

389 4051 582 4100 autem
610 4049 1002 4104 concremabit
1031 4050 1178 4120 ignis
1208 4051 1507 4120 gehennae.

464 4157 484 4182 ε
517 4135 922 4191 Tabernacula.
971 4160 991 4185 ι
1041 4139 1322 4208 Cogitatio
1373 4145 1458 4194 est
1512 4141 1965 4208 tabernaculum,
2025 4143 2086 4196 in

388 4238 503 4292 qua
528 4239 690 4276 meus
739 4224 979 4293 habitat,
1013 4243 1182 4296 quam
1217 4234 1386 4281 aestus
1421 4229 1672 4284 avaritiae
1720 4235 1917 4284 vastat.
1965 4231 2082 4296 Vel,

1019 292 1417 347 WALAFRIDI
1457 295 1702 348 S'l‘RABl
1744 296 1948 352 FULD.
1989 297 2158 352 MON.
2205 297 2362 352 OPP.
2417 296 2589 349 PARS
2626 294 2668 347 Ι.
2721 322 2779 334 -
2819 292 3278 348 THEOLOGICA.

3791 302 3889 347 suo

2871 417 3096 472 CAPUT
3117 418 3248 471 XVI.

2285 510 2445 563 Vens.
2477 510 2510 561 '2
2539 538 2607 546 —
2633 529 2652 555 ι
2688 506 2891 561 Audivi
2922 506 3254 576 frequenter
3301 505 3455 559 talia.
3496 528 3516 552 ι
3579 506 3740 559 Electi
3788 507 3887 561 fre-

2215 601 2458 669 quenter
2485 596 2672 650 aliena
2694 596 2846 649 mala
2871 595 3033 666 quasi
3077 610 3180 646 sua
3218 593 3483 660 audiunt,
3518 599 3574 647 et
3600 594 3670 646 ab
3714 593 3795 648 bis
3818 594 3890 648 eis

2213 686 2431 740 crimen
2459 684 2822 756 impingitur,
2871 700 2904 737 a
2961 682 3170 754 quibus
3209 682 3446 736 crimina
3481 682 3726 750 impacta
3765 698 3886 752 per-

2214 779 2531 846 petrantur.

2289 887 2309 913 ι
2359 863 2750 919 Consolatores
2789 861 3017 916 onerosi
3070 877 3270 915 omnes
3299 877 3418 913 vos.
3469 878 3499 910 α
3559 859 3718 914 Pravi
3772 875 3888 913 cum

2211 953 2473 1008 laborare
2523 953 2726 1018 bonos,
2783 956 2912 1018 etc.,
2967 966 3136 1020 usque
3165 950 3239 1004 ad
3281 966 3352 1004 ne
3385 949 3484 1020 qui
3529 948 3708 1002 lenire
3738 949 3892 1003 debet

2213 1041 2473 1095 dolorem
2515 1044 2740 1110 augeat.

2284 1130 2452 1183 Vens.
2487 1132 2539 1183 3.
2564 1159 2631 1168 —-
2667 1151 2687 1176 «
2734 1125 3025 1197 Numquid
3051 1125 3346 1180 habebunt
3371 1125 3545 1178 ﬁnem
3576 1124 3747 1178 verba
3773 1139 3892 1176 ven-

2213 1218 2378 1272 tosa?
2439 1241 2458 1264 ι
2509 1217 2638 1272 Mali
2684 1223 2923 1271 ventosa
2972 1215 3144 1270 verba
3184 1214 3503 1284 proferunt.
3560 1215 3701 1268 Nam
3758 1213 3892 1266 dicta

2213 1323 2434 1372 eorum,
2479 1306 2581 1360 etsi
2636 1304 2985 1376 quandoque
3046 1319 3182 1356 sana
3231 1307 3364 1356 sunt
3415 1317 3517 1372 per
3544 1301 3888 1364 sententiam,

2213 1396 2410 1450 inﬂata
2438 1401 2628 1450 tamen
2661 1399 2793 1448 sunt
2820 1410 2925 1465 per
2955 1393 3282 1446 elationem.

2289 1507 2308 1531 α
2344 1487 2456 1538 Aut
2485 1483 2698 1554 aliquid
2728 1483 2833 1537 tibi
2865 1483 3171 1536 molestum
3197 1486 3283 1534 est
3301 1479 3348 1533 si
3381 1479 3670 1550 loquaris?
3711 1501 3729 1525 ι
3761 1482 3831 1532 Ac
3849 1476 3889 1530 sl

2214 1573 2445 1639 diceret,
2479 1589 2547 1626 eo
2579 1571 2734 1642 quod
2776 1573 2904 1640 plus
2926 1570 3178 1641 loqueris
3207 1585 3320 1640 quo
3351 1585 3383 1621 a
3414 1584 3504 1622 me
3538 1568 3756 1638 aliquid
3785 1584 3889 1621 mo-

2212 1660 2418 1714 lestum
2452 1660 2522 1714 de
2555 1666 2654 1713 tua
2685 1660 2905 1713 actione
2936 1675 3050 1712 non
3082 1658 3265 1712 audis.

2275 1751 2438 1804 Vens.
2469 1751 2522 1803 4.
2550 1779 2615 1789 -
2649 1771 2670 1797 ι
2702 1749 2967 1802 Poteram
2997 1752 3054 1801 et
3083 1763 3189 1818 ego
3224 1744 3434 1798 similia
3461 1745 3633 1798 vestri
3662 1742 3833 1816 loqui.
3868 1767 3885 1788 ι

2205 1839 2410 1892 Narrat
2441 1837 2579 1908 quid
2619 1837 2801 1892 facere
2832 1835 3039 1906 potuit,
3073 1835 3170 1889 sed
3219 1851 3291 1888 ne
3343 1834 3625 1904 justitiam
3660 1833 3886 1891 deserat,

2205 1928 2359 1998 quod
2385 1928 2568 1981 facere
2603 1926 2789 1997 potuit
2819 1925 3086 1979 declinat.

2274 2017 2435 2069 Vens.
2478 2017 2529 2067 5.
2591 2045 2658 2053 —-
2710 2037 2730 2061 ‹
2785 2018 2971 2084 Atque
3019 2012 3237 2066 atinam
3295 2017 3444 2065 esset
3497 2011 3694 2064 anima
3721 2014 3886 2062 vestra

2203 2120 2306 2176 pro
2338 2103 2530 2156 anima
2560 2119 2708 2168 mea,
2749 2125 2768 2149 ›
2798 2103 2862 2156 In
2887 2101 2974 2155 his
2993 2101 3179 2154 verbis
3200 2101 3308 2154 hoc
3337 2104 3698 2154 monstratur
3726 2098 3886 2152 inten-

2203 2190 2358 2256 dere,
2393 2197 2479 2244 etc
2520 2231 2535 2257 ,
2593 2205 2769 2259 usque
2798 2190 2871 2244 ad
2901 2188 3036 2260 quia
3091 2189 3243 2242 mala
3299 2204 3497 2243 eorum
3556 2189 3666 2242 sub
3709 2187 3880 2241 mode-

2200 2284 2324 2333 rata
2346 2279 2670 2350 increparet
2690 2279 3027 2332 invectione.

2272 2371 2434 2423 Vens.
2463 2372 2515 2422 6.
2553 2399 2613 2410 -
2663 2392 2681 2417 ‹
2715 2368 2888 2434 Quasi
2947 2383 3207 2438 parcens.
3259 2389 3280 2414 ι
3326 2368 3466 2421 Nota
3507 2368 3691 2435 quasi,
3742 2365 3879 2435 quia,

2201 2462 2329 2525 etc.,
2393 2474 2563 2528 usque
2613 2459 2688 2512 ad
2751 2456 3070 2528 approbare
3134 2455 3379 2521 videtur,
3437 2462 3495 2509 et
3551 2458 3806 2508 crescunt
3831 2453 3880 2505 in

2201 2547 2549 2617 exemplum.

2273 2636 2434 2690 Vens.
2462 2637 2513 2689 8.
2546 2664 2612 2675 —
2647 2635 2806 2689 Nunc
2837 2638 3028 2688 autem
3066 2632 3352 2704 Oppressit
3390 2647 3482 2686 me
3509 2632 3694 2698 dolor,
3733 2654 3752 2680 ι
3786 2637 3876 2684 etc.

2202 2724 2349 2791 (Ibid
2361 2725 2403 2794 .)
2437 2725 2640 2778 Dolore
2686 2724 2934 2778 Ecclesia
2954 2722 3257 2794 premitur,
3290 2725 3418 2785 etc.,
3451 2736 3626 2791 usque
3657 2720 3731 2774 ad
3755 2735 3880 2791 quos

2198 2811 2353 2866 intus
2385 2813 2583 2879 habet;
2629 2812 2781 2866 unde
2833 2813 2986 2867 beati
3052 2811 3158 2865 viri
3205 2826 3336 2865 voce
3391 2825 3523 2864 mox
3572 2815 3708 2880 apte
3763 2809 3881 2861 sub-

2199 2901 2372 2955 ditur.

3227 2991 3334 3042 etc.
3396 2989 3574 3058 Ruga:
3639 2985 3880 3041 Ecclesiae

2194 3083 2328 3133 sunt
2353 3095 2550 3132 omnes
2580 3077 2681 3149 qui
2710 3077 2770 3132 in
2828 3094 2895 3131 ea
2936 3077 3239 3148 dupliciter
3292 3077 3508 3139 vivunt,
3563 3076 3669 3146 qui
3719 3075 3875 3129 ﬁdem

2192 3168 2424 3222 vocibus
2472 3169 2740 3232 clamant,
2791 3166 3063 3236 operibus
3103 3167 3404 3236 denegant.
3449 3166 3514 3219 Hi
3554 3165 3711 3234 pacis
3745 3169 3876 3217 tem-

2191 3271 2353 3326 pore,
2386 3255 2521 3326 quia
2554 3255 2726 3325 hujus
2775 3254 2973 3308 mundi
3011 3253 3390 3323 potestatibus
3419 3254 3685 3307 eamdem
3719 3253 3877 3307 ﬁdem

2192 3344 2402 3398 honori
2437 3360 2556 3399 esse
2585 3343 2966 3414 conspiciunt,
3001 3343 3198 3397 ﬁdeles
3228 3359 3286 3396 se
3335 3359 3455 3396 esse
3495 3342 3873 3396 mentiuntur:

2194 3433 2292 3487 sed
2355 3449 2484 3487 cum
2548 3433 2852 3487 Ecclesiam
2934 3433 3123 3485 subito
3183 3430 3496 3485 adversitas
3550 3430 3876 3494 turbaverit,

2193 3521 2334 3575 illud
2366 3521 2517 3575 illico
2565 3520 2899 3586 ostendunt,
2945 3521 3095 3591 quod
3129 3521 3186 3574 iu
3245 3520 3466 3590 perﬁda
3537 3526 3733 3574 mente
3762 3535 3878 3574 mo—

2195 3609 2436 3664 liuntur.
2481 3611 2547 3664 Et
2600 3615 2686 3664 est
2741 3625 2973 3664 sensus:
3025 3625 3115 3663 me
3172 3609 3526 3680 insequendo
3567 3609 3875 3678 increpant,

2195 3699 2294 3770 qui
2327 3699 2386 3752 in
2417 3715 2544 3753 meo
2583 3714 2818 3770 corpore
2849 3697 3025 3768 positi
3055 3697 3404 3768 duplicitatis
3459 3713 3574 3751 suae
3613 3697 3872 3752 malitiam

2195 3803 2313 3841 nou
2345 3787 2672 3840 emendant.

2272 3899 2291 3924 ι
2330 3877 2394 3930 Et
2420 3876 2725 3930 suscitatur
2751 3875 3091 3946 falsiloquus
3138 3874 3406 3928 adversus
3450 3874 3678 3943 faciem,
3727 3897 3746 3921 ι
3781 3877 3874 3927 etc.

2195 3965 2393 4035 (Ibid.)
2430 3967 2576 4019 Dum
2620 3964 3019 4035 predicationi
3056 3964 3177 4033 ejus
3252 3968 3446 4034 aperte
3499 3963 3878 4018 contradicere

2196 4074 2312 4112 non
2368 4062 2746 4129 praesumunt,
2816 4058 3063 4112 Ecclesia
3110 4057 3495 4128 falsiloquium
3542 4059 3708 4130 quasi
3764 4061 3879 4128 post

2199 4147 2434 4201 dorsum
2473 4148 2726 4218 patitur;
2761 4148 2857 4202 sed
2890 4164 3020 4202 cum
3053 4146 3286 4200 malitite
3338 4152 3568 4217 tempus
3615 4147 3876 4216 eruperit,

2196 4235 2264 4303 is,
2299 4237 2399 4308 qui
2429 4253 2582 4292 nunc
2629 4242 2893 4291 metuens
2945 4237 3204 4308 derogat,
3261 4236 3332 4290 ad
3384 4235 3878 4292 contradicendum

515 4311 1132 4403 tabernaculumdicit,
1165 4316 1316 4385 quod
1349 4317 1634 4372 consumit
1661 4319 1834 4373 ardor
1863 4320 2072 4374 laudis.
2116 4349 2158 4403 ο
2199 4331 2332 4380 ante
2388 4326 2592 4380 faciem
2639 4325 2832 4380 venit:
2881 4325 3018 4396 quia
3061 4325 3246 4379 verbis
3293 4341 3442 4379 verae
3503 4325 3642 4380 ﬁdei
3684 4323 3878 4394 apertis

392 4399 509 4466 Vel,
541 4415 746 4470 corpus
775 4405 862 4454 est
890 4401 1320 4457 tabernaculum
1343 4405 1570 4472 animm,
1617 4412 1674 4460 et
1712 4407 1810 4477 qui
1858 4407 1948 4461 hic
1993 4423 2080 4461 ar-

390 4487 527 4542 dent
558 4493 768 4550 mente,
802 4489 1084 4544 ardebunt
1113 4507 1281 4545 carne
1310 4492 1542 4564 ignibus
1571 4495 1867 4566 gehennae.

460 4577 624 4630 Vsus.
654 4579 826 4632 35.—
863 4600 882 4624 ε
919 4579 1189 4650 Concepit
1216 4581 1491 4636 dolorem.
1547 4605 1566 4630 ι
1623 4585 1764 4638 Cum
1819 4600 2086 4655 perversa

387 4665 619 4735 cogitat,
654 4664 1020 4737 iniquitatem
1055 4670 1315 4739 parturit,
1355 4687 1483 4725 cum
1545 4672 1771 4742 explere
1827 4675 2082 4745 cmperit,

389 4754 669 4826 concepit.
715 4755 869 4810 Mens
909 4756 1081 4811 etiam
1132 4758 1444 4828 hypocrita:
1495 4777 1793 4832 nunquam
1853 4769 2012 4818 vacat
2054 4782 2086 4818 a

392 4844 565 4909 malo,
618 4843 755 4914 quia
805 4860 933 4913 quae
984 4845 1226 4915 appetit,
1279 4845 1405 4899 aliis
1450 4847 1682 4914 invidet,
1725 4865 1790 4903 ex
1837 4867 2086 4921 quorum

387 4933 656 5003 despectu
701 4931 908 4986 clarior
960 4933 1050 4999 sit,
1095 4933 1250 4988 unde
1299 4939 1354 4988 et
1393 4935 1554 4990 dolos
1603 4943 1768 5007 parat
1817 4942 1882 4993 ut
1931 4941 2088 4994 solus

393 5019 832 5074 aestimationem
866 5020 1072 5090 capiat.

465 5131 485 5156 ε
526 5110 728 5164 Uterus
766 5110 888 5180 ejus
929 5116 1214 5181 prmparat
1280 5111 1463 5181 dolos,
1497 5135 1517 5161 ι
1563 5113 1619 5168 id
1666 5120 1751 5168 est
1795 5132 1984 5178 mens,
2027 5116 2088 5170 in

389 5213 502 5268 qua
522 5196 895 5267 cogitationes
927 5204 1299 5268 generantur,
1335 5201 1610 5272 majorem
1643 5203 1925 5259 malitiam
1955 5221 2087 5260 con-

389 5288 476 5338 tra
504 5285 794 5356 proximos
845 5287 1115 5358 concipit,
1175 5294 1388 5360 quanto
1437 5290 1590 5344 solus
1643 5307 1763 5360 prae
1820 5293 2087 5348 omnibus

388 5371 570 5427 videri
587 5373 951 5428 innocentior
975 5376 1184 5445 quaerit
1212 5394 1224 5431 :
1251 5377 1358 5431 hoc
1377 5376 1532 5446 dicit,
1555 5378 1701 5450 quia
1753 5396 2086 5450 percussum

388 5460 494 5515 Job
522 5477 628 5531 pro
679 5463 964 5534 hypocrisi
991 5467 1232 5534 putavit.

2198 4414 2431 4468 vocibus
2480 4414 2721 4469 obsistit.
2756 4413 2914 4478 Quod
2959 4411 3231 4484 quoniam
3290 4429 3395 4482 per
3423 4412 3747 4483 malignum
3776 4409 3874 4482 spi-

2197 4500 2370 4555 ritum
2407 4502 2492 4565 ﬁt,
2525 4502 2592 4556 ad
2624 4518 2757 4556 eum
2779 4501 3217 4556 describendum
3247 4500 3420 4554 verba
3447 4501 3747 4554 convertit.

2266 4592 2428 4644 Vsus.
2468 4594 2550 4645 lO.
2583 4619 2654 4630 ——
2693 4613 2713 4637 ι
2749 4589 2994 4661 Collegit
3032 4589 3285 4643 furorem
3317 4605 3504 4643 suum.
3544 4610 3565 4635 ι
3604 4587 3875 4646 Diabolus,

2195 4677 2461 4750 princeps
2500 4677 2831 4748 falsiloquii,
2891 4677 3064 4732 habet
3115 4692 3269 4730 nunc
3338 4681 3535 4730 contra
3584 4677 3875 4732 Ecclesiam

2194 4767 2595 4833 furorem,sed
2625 4783 2856 4837 sparsus
2910 4772 3014 4832 est,
3066 4765 3202 4836 quia
3257 4765 3505 4819 occultas
3549 4766 3878 4820 tentationes

2194 4873 2300 4926 per
2334 4856 2599 4927 singulos
2636 4859 2846 4910 movet.
2908 4855 3048 4909 Cum
3098 4869 3229 4907 vero
3277 4858 3474 4908 contra
3503 4871 3633 4909 eam
3667 4859 3878 4921 accepta

2197 4944 2426 4998 licentia
2461 4950 2656 5014 aperte
2687 4943 2950 5006 seevierit,
2989 4943 3238 4996 furorem
3285 4958 3453 4996 suum
3486 4943 3546 4996 in
3577 4959 3705 4997 eam
3734 4941 3874 4995 colli-

2196 5032 2300 5104 git,
2342 5032 2441 5103 qui
2492 5033 2550 5086 in
2583 5033 2706 5103 ejus
2739 5031 3103 5087 afﬂictionem
3152 5035 3273 5085 tota
3303 5047 3361 5086 se
3391 5031 3715 5085 intentione
3749 5047 3875 5084 con—

2197 5121 2443 5192 stringit.
2474 5121 2583 5186 Qui
2634 5126 2833 5175 contra
2883 5137 3010 5174 eam
3067 5120 3335 5174 dentibus
3383 5119 3590 5186 fremit,
3652 5133 3872 5188 eamque

2194 5209 2546 5264 terribilibus
2603 5209 2786 5264 oculis
2837 5208 3114 5275 intuetur,
3175 5208 3312 5279 quia
3339 5224 3443 5278 per
3499 5208 3643 5262 alios
3696 5211 3873 5261 contra

2194 5316 2322 5354 eam
2377 5299 2630 5354 crudelia
2688 5303 2930 5364 exercet,
2991 5303 3047 5352 et
3101 5315 3203 5369 per
3251 5298 3394 5352 alios
3447 5315 3575 5368 quae
3632 5301 3873 5352 exerceat

2196 5387 2477 5460 providet.

2266 5477 2427 5530 Vens.
2491 5479 2572 5531 Η.
2605 5505 2676 5516 -
2736 5499 2756 5522 ι
2805 5477 3164 5546 Aperueruut
3220 5491 3393 5545 super
3441 5490 3531 5529 me
3574 5491 3696 5540 ora,
3727 5496 3745 5518 ι
3775 5477 3864 5524 etc.

2193 5564 2369 5636 (Ibid.
2401 5564 2545 5630 Quia
2572 5580 2674 5620 ora
2714 5581 2818 5620 sua
2863 5564 3093 5636 reprobi
3144 5563 3551 5634 exprobrantes
3598 5561 3866 5633 aperiunt,
