4034 6180
179 285 284 337 801

178 504 453 545 οειωθιιῐίι
488 496 652 544 recta
681 490 814 544 ﬁdei
847 489 1108 542 irrident.

262 602 286 628 α
326 582 731 635 Percusserunt
760 577 1054 633 maxillam
1106 592 1311 630 meam.
1347 598 1369 624 ι
1427 573 1648 630 Maxilla
1692 575 1891 629 Eccle-

178 669 314 735 sia,
348 674 483 723 sunt
508 668 687 722 sancti
729 667 1152 739 pradicatores,
1203 665 1303 736 qui
1353 664 1529 718 vitam
1574 664 1887 717 carnalium

177 760 366 813 verbo
388 758 755 812 correctionis
787 760 1125 811 convertunt
1159 772 1172 808 :
1206 755 1313 807 hoc
1347 753 1573 824 reprobi
1599 754 1891 823 praecipue

178 852 640 917 persequuntur,
681 862 824 916 quos
852 846 991 899 dum
1013 846 1187 898 etiam
1218 849 1441 909 necant,
1478 842 1575 897 illa
1599 859 1692 895 eos
1722 858 1892 906 pana

177 938 377 1003 satiat,
430 953 559 1007 qua
610 942 864 990 mentem
916 935 1175 990 Ecclesia
1211 934 1498 1005 pracipue
1530 932 1767 998 cruciat,
1803 932 1889 985 vel

178 1026 451 1096 castigat.

262 1137 288 1164 ς
336 1115 617 1169 Maxillam
648 1129 857 1167 meam.
912 1134 933 1160 ι
973 1113 1172 1166 Petrus
1221 1117 1303 1164 est
1342 1109 1594 1167 maxilla.
1629 1110 1729 1180 qui
1770 1125 1889 1163 ma-

177 1208 303 1257 ctat
332 1208 389 1256 et
442 1203 765 1256 manducat.
798 1202 1037 1256 Samson
1092 1200 1382 1254 maxillam
1414 1199 1558 1252 asini
1609 1204 1779 1261 tenet,
1839 1204 1895 1252 et

176 1294 383 1346 hostes
414 1291 640 1355 occidit,
704 1290 763 1345 id
823 1295 904 1344 est
956 1290 1213 1344 Christus
1255 1288 1540 1358 simplices
1597 1304 1892 1357 praecones

180 1397 365 1435 manu
387 1380 615 1433 virtutis
648 1385 819 1440 tenet,
873 1384 928 1433 et
958 1395 990 1432 a
1022 1379 1170 1431 vitiis
1200 1379 1453 1431 carnales
1506 1376 1731 1431 occidit.
1784 1378 1892 1431 Ma-

178 1470 325 1522 xilla
368 1470 623 1538 projecta
655 1473 738 1521 est
790 1468 846 1520 in
910 1472 1143 1529 terram,
1192 1482 1369 1536 aquas
1422 1465 1703 1518 effundit:
1758 1464 1893 1536 quia

176 1559 315 1611 data
349 1557 521 1610 morti
554 1573 790 1627 corpora
829 1571 1163 1626 praconuin
1204 1570 1409 1623 magna
1443 1555 1749 1608 ostendunt
1780 1555 1891 1606 mi-

181 1645 403 1698 racula.

256 1734 428 1787 Vnus.
467 1737 548 1788 12.
584 1765 651 1772 —
688 1756 708 1781 ι
735 1732 1024 1786 Conclusit
1048 1748 1140 1785 me
1181 1732 1350 1796 Deus,
1386 1753 1405 1777 ιι
1438 1736 1541 1783 etc.
1572 1730 1892 1784 Electorum

180 1823 435 1892 populus
463 1822 608 1891 apud
650 1822 911 1892 iniquum
970 1821 1372 1874 concluditur:
1434 1835 1559 1871 cum
1611 1819 1733 1887 ejus
1763 1835 1892 1871 caro

182 1910 413 1981 antiqui
469 1910 650 1963 hostis
696 1909 1188 1979 persecutionibus
1250 1908 1641 1978 temporaliter
1705 1907 1889 1961 datur.

192 1999 305 2063 Qui
332 2016 451 2052 non
499 1999 744 2070 spiritui,
775 2000 873 2053 sed
903 1998 1167 2052 manibus
1224 1997 1593 2050 inimicorum
1626 1996 1889 2061 traditur,

191 2086 334 2157 quia
377 2104 492 2157 quo
548 2088 700 2141 hunc
749 2093 938 2139 mente
988 2101 1190 2155 capere
1222 2088 1538 2155 nequeunt,
1598 2100 1666 2137 eo
1696 2088 1893 2138 contra

184 2176 352 2229 illius
383 2176 667 2230 crudelius
689 2176 1073 2229 inardescunt.

257 2264 421 2317 Vens.
487 2266 571 2317 13.
624 2293 693 2304 —
750 2287 770 2311 ι
829 2264 945 2333 Ego
1010 2263 1106 2316 ille
1130 2262 1424 2333 quondam
1477 2262 1802 2331 opulentus.
1867 2283 1887 2308 ι

183 2353 408 2421 (ϐῃεο.)
441 2350 806 2405 Inﬁrmorum
860 2356 1108 2405 mentem
1139 2351 1416 2421 designat,
1466 2350 1602 2420 quia
1632 2351 1768 2403 dum
1795 2350 1891 2404 ad-

188 2458 351 2494 versa
404 2440 715 2510 praevidere
754 2440 1038 2505 nesciunt,
1089 2445 1248 2493 tanto
1297 2440 1377 2492 eis
1423 2438 1687 2508 graviora
1742 2444 1892 2501 sunt,

190 2535 412 2600 quanto
446 2529 514 2583 ab
538 2529 620 2582 eis
652 2529 946 2599 inopinata
983 2530 1321 2582 tolerantur.
1377 2528 1496 2582 Vel.
1552 2527 1610 2581 in
1668 2528 1897 2597 quibus-

191 2618 348 2685 dam,
406 2617 621 2671 eisdem
651 2624 801 2671 retro
833 2618 1155 2671 labentibus
1200 2619 1321 2670 hac
1359 2617 1602 2670 Ecclesia
1658 2617 1892 2686 patitur,

196 2706 301 2776 qui
330 2712 455 2777 post
479 2707 749 2761 doctrina
782 2707 1136 2776 opulentiam
1162 2706 1472 2777 aliquando
1515 2705 1716 2758 subitis
1746 2705 1896 2758 vitiis

201 2800 628 2848 convertuntur.
691 2795 950 2848 «Tenuit
979 2795 1258 2849 cervicem
1315 2810 1521 2848 meam.
1590 2816 1609 2841 ι
1674 2793 1891 2857 Cervix,

199 2882 292 2936 hic
323 2884 594 2937 libertatis
616 2883 963 2937 erectionem
997 2882 1301 2953 signiﬁcat,
1351 2899 1523 2953 quam
1552 2882 1729 2936 hostis
1759 2885 1897 2935 tenet

194 2972 607 3041 persecutionis
629 2977 918 3041 tempore;
977 2993 997 3019 «
1033 2972 1392 3041 constringit,
1432 2993 1451 3018 ι
1506 2972 1642 3025 dum
1675 2970 1890 3024 inﬁrmi
1923 2960 1964 3015 C

193 3076 328 3114 vera
358 3077 487 3131 qua
516 3060 771 3114 sentiunt
798 3060 1111 3130 pradicare
1142 3061 1319 3115 libere
1350 3076 1467 3113 non
1512 3066 1887 3130 prasumunt.

196 3150 313 3216 Vel,
348 3151 626 3203 cervicem
669 3165 832 3202 suam
863 3149 999 3203 dicit
1054 3166 1172 3215 eos,
1222 3149 1321 3220 qui
1376 3149 1433 3202 iu
1490 3148 1739 3202 Ecclesia
1788 3147 1893 3200 sub

192 3237 494 3291 occasione
556 3237 927 3291 defendenda
1000 3237 1359 3291 rectitudinis
1415 3235 1552 3289 vitio
1629 3236 1894 3290 elationis

190 3324 524 3378 deserviunt
556 3340 568 3377 :
601 3339 776 3394 quam
822 3324 1009 3378 hostis
1044 3324 1399 3379 districtione
1447 3340 1565 3378 sua
1618 3340 1892 3396 persecu-

192 3413 371 3466 tionis
410 3412 664 3466 inclinat.

267 3518 295 3547 α
332 3498 398 3551 Et
426 3497 619 3568 posuit
648 3513 737 3551 me
770 3496 934 3567 quasi
977 3496 1035 3550 in
1080 3496 1328 3567 signum.
1364 3519 1389 3545 η
1426 3498 1602 3567 (Ιὸἰά.)
1656 3498 1896 3568 Signum

195 3585 264 3639 ad
323 3586 434 3639 hoc
461 3585 695 3655 ponitur
760 3590 821 3639 ut
877 3585 1214 3655 sagittarum
1271 3586 1574 3640 emissione
1632 3587 1891 3642 feriatur.

197 3674 407 3729 Fidelis
462 3674 654 3745 itaque
685 3675 931 3745 populus
949 3675 1023 3738 ,in
1050 3674 1276 3744 signum
1326 3675 1475 3729 hosti
1505 3691 1607 3729 suo
1638 3675 1895 3747 ponitur,

193 3764 333 3835 quia
384 3778 520 3817 eum
566 3779 793 3833 semper
848 3763 967 3817 suis
1022 3763 1230 3817 ictibus
1286 3764 1534 3833 impetit,
1598 3781 1728 3818 cum
1783 3764 1899 3818 suis

190 3853 695 3925 persecutionibus
721 3852 946 3923 affligit,
978 3852 1128 3905 unde
1154 3852 1457 3921 Apostolus
1493 3869 1505 3905 :
1548 3875 1574 3901 ‹‹
1596 3853 1711 3922 Ipsi
1742 3854 1899 3907 enim

191 3943 375 4006 scitis,
422 3941 665 4012 quodin
707 3941 815 3993 hoc
846 3941 1017 4010 positi
1049 3956 1246 3994 sumus
1291 3942 1338 4009 (Ι
1390 3942 1543 3996 Thes.
1595 3942 1705 4011 ιιι).
1760 3962 1787 3989 ››
1823 3944 1901 3995 Ac

190 4030 237 4083 si
285 4035 491 4099 aperte
517 4029 704 4083 dicat:
748 4029 892 4093 Quid
948 4028 1007 4082 in
1054 4029 1163 4082 hoc
1215 4034 1476 4098 tempore
1507 4029 1745 4082 vulnera
1793 4046 1901 4083 no-

191 4124 312 4172 stra
350 4117 690 4199 miramini?
742 4118 842 4188 qui
870 4117 918 4170 si
948 4123 1160 4171 aeterna
1208 4118 1417 4187 gaudia
1453 4117 1784 4188 quaerimus,
1828 4118 1902 4172 ad

191 4206 303 4260 hoc
334 4206 595 4259 venimus
622 4210 684 4260 ut
710 4206 1003 4259 feriamur.

263 4295 440 4348 Vens.
478 4294 559 4348 14.
589 4324 658 4332 —
711 4313 738 4345 ‹‹
771 4294 1155 4349 Circumdedit
1196 4310 1305 4347 me.
1340 4314 1367 4345 »
1408 4294 1655 4349 Ecclesia
1684 4295 1896 4350 lanceis

194 4382 263 4436 ab
293 4383 465 4436 hoste
497 4399 600 4435 suo
633 4382 1040 4451 circumdatur,
1098 4383 1329 4453 quando
1377 4382 1437 4437 in
1471 4383 1747 4438 membris
1776 4383 1893 4438 suis

194 4470 262 4523 ab
294 4470 705 4540 impugnatore
732 4470 915 4524 calido
966 4470 1348 4525 tentationum
1376 4472 1576 4541 jaculis
1607 4471 1676 4526 ab
1734 4471 1894 4527 omni

192 4562 364 4629 parte
392 4559 711 4629 impetitur.

268 4675 290 4699 ι
334 4650 777 4704 Convulneravit
830 4650 1055 4704 lumbos
1087 4666 1269 4704 meos.
1339 4670 1366 4702 ››
1403 4651 1543 4705 Cum
1596 4652 1775 4706 hostis
1820 4651 1896 4705 ﬁ-

195 4738 390 4793 delem
418 4738 695 4808 populum
728 4737 797 4791 ad
820 4738 1105 4792 luxuriam
1145 4738 1445 4809 pertrahit,
1478 4737 1631 4792 hunc
1651 4740 1711 4792 in
1744 4739 1896 4792 lum-

196 4827 282 4880 bis
313 4826 468 4880 ferit.
506 4847 534 4873 ‹‹
564 4826 987 4880 Convulnerare
1019 4845 1047 4877 η
1096 4831 1288 4880 autem
1320 4826 1549 4892 dicitur,
1580 4826 1718 4897 quia
1748 4826 1899 4898 quod

195 4914 371 4969 nobis
398 4915 546 4967 male
575 4914 853 4985 suggerit,
875 4931 980 4968 nos
1002 4919 1303 4985 sequentes
1335 4930 1396 4968 ex
1427 4915 1664 4985 propria
1695 4916 1897 4968 volun-

192 5008 311 5057 tate
353 5002 679 5073 implemus,
733 5008 788 5057 et
838 5004 999 5075 quasi
1030 5020 1161 5057 cum
1213 5002 1338 5073 ipso
1388 5019 1494 5057 nos
1522 5004 1741 5073 pariter
1770 5003 1899 5058 vul-

198 5107 399 5146 ueram
408 5108 493 5144 αδ.

270 5201 299 5231 «ι
352 5180 476 5233 Non
503 5181 760 5250 pepercit
812 5184 870 5234 et
923 5181 1125 5235 effudit
1175 5180 1237 5234 in
1266 5185 1418 5235 terra
1448 5179 1659 5233 viscera
1688 5196 1837 5234 mea.
1874 5200 1898 5229 ι

197 5268 425 5321 Viscera
460 5268 719 5321 Ecclesia
746 5268 884 5322 dicit
935 5284 1133 5323 eorum
1168 5273 1405 5329 mentes,
1443 5268 1541 5339 qui
1584 5270 1707 5340 ejus
1752 5268 1813 5322 in
1845 5284 1903 5322 se

197 5359 501 5413 continent
555 5358 872 5429 mysteria:
915 5375 1058 5429 quos
1088 5359 1225 5412 dum
1281 5358 1549 5428 antiquus
1596 5356 1776 5411 hostis
1832 5356 1903 5411 ad

198 5448 500 5502 sacularia
541 5447 772 5516 negotia
826 5446 1129 5517 pertraliit,
1186 5446 1308 5515 ejus
1362 5446 1577 5499 viscera
1632 5444 1693 5498 in
1750 5450 1906 5500 terra

198 5536 406 5591 fundit.

1368 275 1619 331 GLOSSA
1657 273 2056 330 ORDINARIA.
2098 303 2165 311 —
2210 275 2334 328 LIB.
2376 273 2516 329 .IOB.

176 419 319 456 cum
353 408 408 457 et
448 418 697 456 errorem
729 399 1037 472 pradicare
1070 414 1190 453 non
1250 401 1532 465 metuunt,
1585 402 1642 451 et
1699 395 1897 467 pradi—
1926 397 1973 449 Α

3594 283 3698 335 802

2086 418 2106 444 ι
2144 396 2265 450 Non
2295 396 2569 467 pepercit.
2600 416 2626 448 ι)
2661 397 2715 451 id
2752 404 2852 463 est,
2888 414 3001 452 non
3036 399 3269 454 destitit.

2073 484 2250 538 Vens.
2316 489 2399 539 15.
2449 514 2521 526 —
2572 506 2599 536 α
2648 486 2907 541 Concidit
2962 503 3070 542 me.
3132 512 3157 537 ››
3213 490 3276 543 In
3312 490 3554 547 infirmis
3592 494 3708 548 suis

2003 573 2267 639 Ecclesia,
2303 581 2432 640 etc.,
2470 590 2639 643 usque
2684 575 2756 628 ad
2802 593 2933 628 cum
2994 578 3161 647 culpa
3209 580 3436 650 culpam
3497 598 3703 636 cumu-

2000 662 2223 716 laverit.

2073 769 2099 799 α
2124 750 2296 803 Irruit
2346 750 2405 804 in
2432 767 2522 804 me
2552 751 2715 821 quasi
2759 751 2937 823 gigas.
2977 774 2995 799 ι
3034 752 3176 816 Quia
3216 754 3493 810 nimirum
3544 758 3709 811 mali-

2000 855 2148 909 gnus
2178 839 2415 909 spiritus
2437 846 2632 895 contra
2658 841 2825 905 hanc,
2876 841 2931 895 id
2978 848 3063 894 est
3119 842 3391 911 animam,
3436 860 3499 898 ex
3536 862 3711 914 prava

2000 930 2414 983 consuetudine
2455 930 2731 984 devictam
2763 931 2923 1000 quasi
2966 947 3124 984 more
3166 932 3414 1001 gigantis
3466 941 3705 1004 pugnat,

2002 1017 2137 1087 quia
2166 1024 2382 1088 quanto
2413 1035 2471 1072 se
2516 1019 2566 1071 ei
2598 1020 2792 1073 anima
2823 1019 3053 1089 subjicit
3083 1020 3351 1085 crebrius,
3390 1026 3546 1075 tanto
3576 1038 3708 1076 eum

2001 1106 2108 1159 sibi
2144 1106 2655 1161 intolerabiliorem
2686 1125 2743 1161 se
2801 1108 2953 1163 facit.
3010 1109 3116 1162 Sed
3178 1108 3318 1180 quia
3366 1111 3707 1182 plerumque

2000 1196 2073 1249 ad
2103 1195 2497 1265 paenitentiam
2516 1198 2688 1264 redit,
2708 1197 2987 1267 sequitur.

2073 1284 2257 1339 Vsus.
2302 1286 2391 1337 16.
2448 1313 2515 1324 -
2548 1304 2574 1334 α
2606 1285 2841 1339 Saccum
2885 1286 3084 1340 consui
3114 1303 3287 1356 super
3318 1293 3527 1341 cutem.
3577 1311 3596 1335 ν
3634 1290 3697 1343 In

2003 1389 2163 1426 sacco
2207 1376 2263 1426 et
2292 1373 2480 1427 cinere
2526 1374 2879 1444 poenitentia,
2936 1374 2996 1427 in
3056 1381 3181 1428 cute
3242 1381 3299 1430 et
3349 1393 3517 1431 carne
3576 1395 3709 1448 pec-

2004 1467 2191 1515 catum
2223 1461 2408 1514 carnis
2456 1461 2814 1532 intelligitur.
2862 1464 3005 1533 Ergo
3061 1464 3221 1533 quasi
3271 1481 3460 1519 saccus
3536 1484 3711 1536 super

2003 1556 2191 1604 cutem
2214 1551 2526 1616 consuitur,
2562 1556 2617 1603 et
2648 1550 2838 1603 cinere
2867 1568 2996 1604 caro
3038 1552 3316 1621 operitur,
3348 1555 3485 1622 quia
3537 1557 3705 1625 culpa

2004 1638 2188 1692 carnis
2210 1654 2313 1709 per
2339 1639 2733 1709 pauitantiam
2762 1640 2993 1709 tegitur,
3041 1656 3109 1694 ne
3147 1640 3204 1693 in
3240 1641 3476 1696 districti
3498 1643 3707 1712 judicis

2007 1727 2267 1780 examine
2300 1729 2367 1781 ad
2396 1727 2675 1780 ultionem
2700 1727 2973 1782 videatur.

2077 1818 2237 1869 Vens.
2273 1818 2353 1869 16.
2402 1840 2422 1863 c
2490 1816 2678 1869 Facies
2736 1832 2861 1869 mea
2916 1817 3192 1872 intumuit
3280 1840 3299 1867 ι
3359 1820 3548 1874 Facies
3603 1823 3703 1875 Ec-

2008 1906 2195 1959 clesia
2222 1909 2377 1972 sunt,
2404 1904 2503 1975 qui
2557 1904 2615 1957 in
2648 1905 2931 1974 regimine
2966 1906 3136 1974 positi
3167 1913 3447 1977 apparent
3510 1909 3702 1978 primi,

2006 2000 2067 2047 ut
2096 2010 2164 2047 ex
2193 2010 2392 2047 eorum
2414 1994 2599 2063 specie
2630 1995 2701 2046 sit
2733 1994 2919 2047 honor
2949 1994 3131 2048 ﬁdelis
3164 1996 3381 2064 populi.
3421 1996 3485 2049 lli
3540 1998 3704 2066 plan-

2004 2086 2147 2154 gunt
2199 2082 2396 2151 culpas
2426 2082 2880 2149 inﬁrmantium;
2917 2083 3015 2137 sed
3042 2084 3179 2137 dum
3230 2084 3381 2138 videt
3429 2086 3703 2155 quosdam

2005 2173 2075 2226 ad
2107 2172 2328 2226 veniam
2362 2172 2568 2235 redire,
2603 2172 2879 2241 quosdam
2928 2188 3059 2225 vero
3090 2173 3148 2225 in
3180 2173 3482 2243 iniquitate
3514 2175 3700 2244 persi-

2004 2266 2171 2327 stere,
2221 2260 2443 2314 occulta
2496 2259 2596 2312 Dei
2637 2258 2853 2328 judicia
2910 2259 3340 2329 obstupescunt,
3401 2279 3529 2332 qua
3585 2278 3704 2315 non

2004 2348 2352 2418 iutelligunt.

2081 2439 2255 2492 Vnus.
2287 2440 2369 2490 17.
2405 2466 2462 2475 ~-
2488 2456 2515 2485 «
2540 2436 2604 2489 Et
2626 2435 2933 2505 palpebra.
2952 2455 2978 2487 »
3003 2435 3295 2506 Palpebra
3319 2438 3705 2507 appellantur,

2005 2528 2139 2598 quia
2164 2526 2234 2580 ad
2264 2524 2618 2595 providenda
2646 2524 2899 2594 plebium
2921 2525 3127 2578 itinera
3148 2525 3415 2593 vigilant;
3443 2526 3542 2579 sed
3573 2542 3703 2580 cum

2006 2616 2222 2669 occulta
2256 2613 2595 2683 Deijudicia
2651 2629 2755 2665 nec
2798 2612 3091 2683 prapositi
3140 2613 3441 2684 vigilantes
3490 2614 3702 2668 intelli-

2007 2708 2169 2774 gunt,
2193 2703 2480 2773 palpebra
2513 2700 2768 2755 Ecclesia
2801 2701 3065 2772 caligant.

2077 2794 2235 2846 Vens
2289 2794 2370 2845 18.
2405 2820 2473 2830 —
2506 2809 2535 2840 ί(
2598 2791 2723 2843 [lac
2771 2806 2973 2859 passus
3004 2806 3149 2842 sum.
3207 2810 3233 2840 »
3268 2793 3312 2843 Α
3340 2790 3524 2843 verbis
3577 2806 3704 2843 cor-

2006 2882 2173 2953 poris.
2204 2885 2331 2945 etc.,
2364 2895 2533 2948 usque
2576 2879 2699 2932 ada
2730 2879 2937 2948 quibus
2970 2879 3248 2932 toleratur
3285 2878 3492 2932 dolor?

2075 2972 2234 3023 Vens.
2267 2972 2348 3022 19.
2375 2998 2440 3006 —
2475 2969 2698 3021 «Terra
2727 2983 2797 3021 ne
2820 2966 3044 3036 operias
3065 2966 3404 3033 sanguinem
3424 2982 3635 3019 meum.
3674 2987 3701 3014 »

2002 3057 2293 3113 Peccantis
2323 3055 2545 3109 homini
2578 3055 2794 3110 dictum
2826 3062 2906 3107 est
2941 3071 2953 3107 :
3018 3078 3037 3103 ι
3071 3057 3243 3109 Terra
3281 3072 3339 3109 es
3406 3060 3461 3109 et
3508 3054 3563 3108 in
3598 3060 3707 3108 ter-

2002 3163 2125 3201 ram
2154 3145 2294 3213 ibis;
2350 3167 2377 3194 ››
2432 3160 2559 3214 qua
2614 3161 2671 3197 se
2702 3149 2855 3197 terra
2893 3144 3290 3214 Redemptoris
3348 3144 3527 3197 nostri
3581 3160 3708 3197 san-

2002 3234 2237 3305 guinem
2290 3247 2407 3285 non
2457 3230 2749 3284 abscondit
2798 3230 2934 3300 quia
2988 3230 3383 3301 unusquisque
3439 3236 3703 3301 peccator

2002 3320 2413 3391 redemptionis
2467 3335 2585 3373 sua
2642 3318 2892 3389 pretium
2962 3334 3213 3385 sumens,
3281 3318 3586 3372 confitetur
3643 3334 3708 3371 ac

2002 3411 2215 3476 laudat,
2252 3413 2307 3463 et
2359 3408 2568 3479 quibus
2622 3407 2771 3460 valet
2821 3406 3097 3475 proximis
3149 3406 3480 3461 innotescit.
3535 3408 3709 3461 Terra

2006 3500 2178 3553 etiam
2207 3496 2552 3566 sanguinem
2579 3494 2702 3565 ejus
2729 3510 2843 3548 non
2875 3494 3104 3565 operuit
3138 3511 3150 3548 :
3186 3495 3323 3565 quia
3370 3498 3562 3549 sancta
3593 3496 3701 3548 Ec-

2006 3587 2174 3642 clesia
2206 3583 2622 3654 redemptionis
2668 3599 2786 3637 sua
2842 3583 3179 3653 mysterium
3210 3584 3270 3637 in
3319 3584 3537 3638 cunctis
3581 3585 3704 3655 jam

2007 3675 2211 3731 mundi
2240 3674 2498 3744 partibus
2528 3672 2878 3743 pradicavit.
2947 3695 2966 3721 c
3022 3674 3215 3743 Neque
3264 3674 3519 3727 inveniat
3564 3675 3623 3726 in
3652 3680 3708 3727 te

2006 3768 2196 3819 locum
2226 3762 2441 3817 latendi
2474 3762 2687 3815 clamor
2718 3776 2901 3814 meus.
2936 3780 2965 3811 η
2985 3761 3174 3831 (Ιὺὶἀ.)
3209 3762 3436 3815 Clamor
3467 3761 3708 3815 Redem-

2009 3853 2189 3926 ptoris
2214 3850 2392 3904 nostri
2425 3857 2509 3903 est
2566 3872 2587 3897 ι
2633 3849 2866 3918 sanguis
2897 3849 3328 3919 redemptionis,
3366 3871 3386 3897 λι
3425 3850 3583 3920 quia
3632 3850 3707 3903 fi-

2010 3942 2230 3999 delibus
2261 3938 2523 4001 sumitur,
2559 3937 2680 4008 qui,
2734 3942 2799 3990 ut
2829 3936 2908 3990 ait
2955 3938 3279 4007 Apostolus,
3342 3937 3565 4003 melius,
3624 3939 3705 3991 lo-

2011 4030 2207 4102 quitur
2234 4043 2408 4098 quam
2439 4025 2670 4091 sanguis
2698 4025 2840 4079 Abel
2873 4046 2884 4078 :
2928 4024 3064 4095 quia
3095 4026 3328 4095 sanguis
3376 4026 3517 4079 Abel
3548 4042 3707 4079 mor-

2011 4127 2127 4175 tem
2160 4114 2465 4173 fratricida
2513 4113 2699 4184 petiit,
2735 4114 2966 4184 sanguis
2999 4114 3223 4168 Domini
3281 4113 3454 4169 vitam
3514 4131 3707 4185 perse-

1927 4243 1969 4296 Ι)
2012 4207 2304 4264 cutoribus
2377 4202 2723 4274 impetravit.
2790 4202 2898 4266 Qui
2972 4203 3189 4257 clamor
3230 4204 3420 4257 locum
3492 4202 3706 4258 latendi

2005 4296 2224 4360 invenit
2274 4294 2335 4347 in
2386 4292 2567 4359 nobis,
2636 4292 2681 4345 si
2748 4292 2903 4363 quod
2959 4308 3118 4346 mens
3193 4292 3450 4360 credidit,
3512 4292 3710 4362 lingua

2001 4390 2168 4444 tacet.

2075 4479 2237 4530 Vens.
2280 4475 2370 4527 20.
2418 4501 2484 4511 —
2525 4492 2545 4518 ι
2600 4471 2739 4525 Ecce
2789 4470 2943 4524 enim
3000 4470 3083 4539 in,
3119 4493 3138 4518 ι
3201 4475 3305 4525 etc.
3364 4469 3543 4524 Testis
3583 4469 3711 4523 Filii

2006 4568 2173 4621 Pater
2195 4567 2297 4627 est,
2322 4566 2384 4614 ut
2412 4559 2471 4612 in
2506 4558 2849 4629 Evangelia:
2889 4580 2909 4606 ι
2946 4559 3011 4612 Et
3053 4558 3151 4628 qui
3203 4557 3356 4612 misit
3388 4574 3479 4612 me
3518 4559 3707 4624 Pater,

2006 4654 2127 4726 ipse
2159 4646 2557 4707 testimonium
2578 4647 2872 4718 perhibuit
2901 4648 2969 4701 de
2998 4663 3109 4700 mc.
3150 4668 3169 4695 ι

2084 4766 2104 4791 «ι
2140 4743 2206 4795 Et
2234 4739 2495 4793 conscius
2544 4752 2726 4790 meus.
2765 4757 2785 4784 ›
2837 4735 2981 4800 Quia
3030 4751 3147 4789 una
3205 4735 3516 4801 voluntate,
3570 4738 3703 4800 etc.,

2008 4846 2177 4900 usque
2204 4828 2279 4882 ad
2324 4827 2424 4881 sed
2454 4825 2581 4880 talis
2604 4824 2905 4879 hominum
2938 4823 3413 4896 reprehensiones
3448 4828 3704 4879 metuere

2010 4935 2127 4974 non
2158 4917 2347 4985 debet,
2375 4914 2528 4969 unde
2559 4914 2840 4968 subditur.

2083 5009 2249 5061 Vens.
2281 5008 2369 5059 21.
2401 5032 2460 5044 —
2502 5025 2523 5052 «
2561 5002 2791 5056 Verbosi
2850 5000 3021 5055 amici
3061 5000 3192 5054 mei.
3232 5022 3251 5047 ι
3312 5001 3451 5054 Cum
3485 4999 3709 5054 verbosi

2011 5096 2180 5151 amici
2213 5098 2366 5161 sunt,
2420 5092 2475 5146 id
2515 5097 2615 5155 est,
2651 5107 2780 5144 cum
2813 5089 2999 5159 etipsi
3044 5089 3320 5159 derogant
3356 5089 3454 5159 qui
3504 5089 3561 5142 in
3594 5088 3706 5143 ﬁde

2013 5184 2323 5247 sociantur,
2374 5180 2445 5234 ad
2494 5180 2676 5232 Deum
2728 5193 2955 5231 necesse
3006 5183 3090 5231 est
3137 5181 3199 5230 ut
3262 5178 3460 5231 oculus
3519 5177 3711 5238 stillet,

2015 5276 2295 5343 quatenus
2323 5274 2519 5323 nostra
2550 5266 2792 5321 intentio
2834 5270 2951 5320 tota
3000 5265 3057 5319 in
3093 5265 3303 5319 amoris
3334 5265 3523 5319 intimi
3554 5282 3709 5320 com-

2014 5358 2326 5432 punctione
2355 5356 2589 5422 defluat,
2641 5362 2698 5409 et
2751 5359 2910 5408 tanto
2958 5369 3018 5408 se
3066 5355 3137 5409 ad
3169 5353 3451 5409 interiora
3503 5355 3708 5425 erigat,

2019 5451 2234 5517 quanto
2264 5461 2368 5515 per
2410 5444 2692 5498 exteriora
2721 5442 3034 5514 opprobria
3076 5442 3230 5497 intus
3251 5443 3435 5498 redire
3462 5444 3707 5513 cogitur.

2089 5535 2258 5587 Vens.
2290 5535 2381 5587 22.
2412 5563 2480 5571 —-
2532 5554 2558 5579 ‹‹
2606 5534 2794 5604 Atque
2824 5531 3071 5601 utinam,
3126 5554 3153 5581 »
3212 5537 3317 5586 etc.
3380 5532 3711 5587 Peccatores
