4082 6184
375 258 479 312 803

1004 252 1400 307 WALAFRIDI
1441 250 1687 306 STRABI
1729 249 1926 303 FULD.
1972 248 2131 303 MON.
2173 248 2324 304 OPP.
2370 247 2564 304 PARS.
2604 248 2646 301 Ι.
2689 277 2758 287 —
2796 247 3260 304 THEOLOGICA.
3762 249 3859 303 804

379 379 613 451 quidem
643 394 767 447 nos,
798 382 929 442 etc.,
964 392 1133 445 usque
1169 376 1243 430 ad
1268 376 1365 429 scd
1396 380 1591 429 tamen
1620 375 1687 429 de
1721 374 1841 445 ejus
1874 373 2065 429 brevi-
2094 365 2157 429 Al
2178 375 2331 445 quod
2389 375 2609 430 dixerat
2631 399 2655 421 ‹‹
2716 374 2981 444 caligavit
3029 375 3099 429 ad
3155 374 3609 445 indignationem
3677 377 3861 431 oculus

374 470 492 522 tate
520 483 579 521 se
608 467 953 521 consolatur.

318 538 331 547 Δ
446 558 623 610 Vens.
656 558 743 610 23.
772 586 839 594 —
871 577 891 604 ι
927 556 1061 609 Ecce
1092 552 1247 607 enim
1291 553 1492 607 breves
1517 553 1655 606 anni
1686 555 2003 607 transeunt.
2037 572 2063 601 »

376 646 555 701 Omne
585 644 735 716 quod
766 643 969 697 transit
1004 643 1173 697 breve
1234 646 1336 708 est,
1385 640 1444 695 in
1490 643 1688 695 mortis
1738 647 1929 695 autem
1980 657 2065 693 sc-

374 735 511 791 mita
563 751 667 805 per
720 750 891 804 quem
934 750 1047 787 non
1094 732 1458 800 revertimur,
1517 732 1900 796 ambulamus,
1952 746 2067 784 non

378 824 526 895 quod
573 822 642 876 ad
673 822 843 875 vitam
875 822 1223 891 resurgendo
1255 837 1370 875 non
1403 821 1777 887 reducamur;
1804 820 1899 873 sed
1932 819 2071 890 quia

375 912 443 966 ad
493 911 713 965 labores
760 911 931 980 hujus
976 910 1105 963 vitae
1163 910 1443 977 mortalis,
1483 909 1570 963 vel
1597 910 1668 964 ad
1717 908 2069 980 acquirenda

372 998 665 1054 laboribus
694 999 931 1071 praemia
956 998 1165 1052 iterum
1190 1014 1305 1052 non
1327 998 1605 1053 venimus.

1008 1140 1231 1195 CAPUT
1271 1142 1432 1196 XVII.

444 1267 603 1320 Vens.
632 1269 680 1320 1.
705 1296 773 1305 —
805 1288 825 1313 ι
861 1265 1103 1335 Spiritus
1149 1281 1312 1319 meus
1341 1264 1749 1319 attenuabitur.
1782 1285 1809 1313 »
1842 1265 2069 1335 (6336.)

374 1358 716 1409 Attenuatur
761 1354 994 1424 spiritus
1026 1355 1337 1407 electorum
1388 1354 1593 1407 timore
1642 1353 1872 1423 judicis,
1925 1358 1979 1406 et
2023 1353 2071 1406 si

373 1460 514 1515 quas
559 1444 617 1497 in
650 1460 709 1497 se
744 1444 999 1497 carnales
1032 1443 1407 1513 cogitationes
1437 1443 1755 1506 inveniunt,
1788 1441 2069 1512 poeniten-

374 1532 466 1585 tia:
518 1531 722 1585 ardore
779 1538 1144 1585 consumunt.
1195 1530 1440 1600 Spiritus
1499 1535 1689 1585 autem
1738 1531 2071 1600 iniquorum

371 1636 475 1690 per
532 1626 815 1673 tumorem
851 1620 1109 1673 elationis
1163 1620 1469 1674 crassescit.
1522 1642 1543 1668 α
1598 1621 1664 1673 Et
1707 1620 1888 1674 solum
1924 1619 2066 1673 mihi

374 1713 631 1779 superest
659 1709 1010 1778 sepulcrum.
1056 1731 1075 1755 ιν
1116 1710 1265 1762 Pene
1317 1713 1608 1762 mortuum
1637 1725 1694 1762 se
1721 1709 2065 1776 considerat,

378 1798 514 1868 quia
545 1797 886 1851 moriturum
918 1812 972 1849 se
1004 1796 1241 1850 minime
1296 1797 1525 1868 ignorat
1580 1798 1729 1851 unde
1760 1797 2020 1868 sequitur
2052 1815 2065 1852 ε

444 1887 607 1940 Vens.
641 1888 694 1940 2.
729 1916 797 1926 —-
829 1907 854 1934 σ
906 1887 1032 1941 Non
1092 1886 1336 1957 peccavi.
1379 1908 1397 1933 ι
1435 1888 1559 1940 Non
1610 1887 1899 1941 intantum
1946 1904 2071 1958 pec-

374 1974 541 2041 cavit,
574 1979 634 2027 ut
662 1975 783 2028 haec
814 1975 1041 2044 ﬂagella
1072 1980 1405 2039 mereretur,
1442 1976 1574 2045 quia
1621 1992 1739 2029 non
1790 1992 1893 2046 pro
1943 1993 2069 2030 cor-

373 2063 614 2133 rigenda
643 2064 828 2133 culpa,
852 2062 948 2116 sed
981 2079 1085 2132 pro
1117 2064 1379 2134 augenda
1418 2064 1603 2134 gratia
1631 2081 1932 2134 percussus
1964 2068 2064 2119 est.

374 2154 495 2219 Vel,
527 2158 716 2223 caput,
750 2152 859 2205 hoc
888 2151 1026 2205 dicit
1077 2152 1174 2222 qui
1207 2152 1326 2205 sine
1383 2153 1568 2223 culpa,
1602 2170 1831 2224 poenam
1861 2156 2065 2226 culpae,

373 2241 432 2296 id
464 2247 566 2308 est,
599 2240 1039 2295 amaritudinem
1064 2241 1343 2310 passionis
1374 2242 1638 2312 suscepit.

442 2332 608 2383 Vens.
647 2334 696 2384 3.
729 2359 796 2370 —
820 2350 846 2379 α
875 2330 1025 2383 Pone
1052 2330 1318 2400 mejuxta
1348 2336 1422 2384 te.
1453 2351 1473 2377 ι
1503 2332 1610 2385 Per
1638 2331 2063 2400 ascensionem;

371 2423 503 2488 post
530 2418 664 2490 quia
691 2418 887 2472 Judasa
928 2424 1213 2472 commota
1256 2424 1339 2472 est
1387 2419 1444 2472 in
1501 2420 1826 2491 discipulos,
1860 2422 2019 2477 addit
2049 2441 2066 2476 :

376 2525 403 2557 α
429 2505 684 2577 Cujusvis
716 2522 934 2560 manus.
988 2528 1008 2554 ι
1054 2507 1199 2571 Quia
1234 2507 1356 2577 jam
1406 2508 1615 2564 frustra
1653 2515 1833 2581 agunt
1870 2517 2069 2566 contra

374 2611 527 2663 eum,
558 2596 658 2666 qui
686 2596 842 2650 sedet
864 2596 925 2649 in
954 2596 1115 2649 caelo.

443 2686 603 2740 Vens.
642 2685 689 2739 4.
723 2716 790 2723 —
819 2706 838 2732 α
893 2684 1000 2739 Cur
1038 2700 1234 2738 eorum
1287 2685 1478 2756 longe.
1544 2707 1565 2735 ι
1599 2686 1656 2742 Si
1686 2687 1841 2741 enim
1893 2688 2067 2743 disci-

370 2772 541 2843 plinas
571 2772 886 2826 custodiam
934 2777 1187 2839 nossent,
1241 2789 1604 2843 nequaquam
1666 2774 2065 2845 Redemptoris

374 2865 654 2931 praecepta
703 2864 1152 2916 contemnerent.
1225 2882 1245 2909 ε
1304 2862 1614 2932 Propterea
1676 2878 1809 2929 non,
1875 2884 1895 2911 »
1955 2867 2062 2915 etc.

2176 479 2359 518 meus.
2396 484 2423 516 »
2461 484 2487 512 «
2524 466 2591 518 Et
2644 463 2917 518 innocens
2971 470 3169 518 contra
3223 464 3577 535 hypocritam
3640 470 3860 522 suscita-

2177 552 2351 608 bitur.
2390 574 2410 601 ι
2441 553 2651 607 Contra
2680 552 3036 622 hypocritam
3070 552 3373 607 suscitatur
3430 555 3707 611 innocens
3735 574 3863 629 per-

2181 643 2375 710 fectus,
2408 643 2637 713 quando
2686 642 2839 697 hunc
2868 658 2995 696 cum
3023 658 3125 696 suo
3180 642 3322 696 ﬂore
3364 647 3695 713 contemnit,
3725 663 3865 700 eum-

2179 747 2289 802 que
2327 730 2688 801 praadicando
2730 748 2858 801 quae
2890 737 3038 785 recta
3067 738 3218 798 sunt,
3283 732 3711 803 despiciendum
3750 752 3859 789 esse

2178 821 2400 874 caeteris
2431 821 2749 874 denuntiat.

2244 908 2405 961 Vens.
2440 910 2489 963 9.
2527 938 2592 946 —
2617 932 2642 953 «ι
2672 908 2737 962 Et
2778 907 3001 963 tenebit
3022 908 3212 979 justus
3258 908 3409 963 viam
3457 926 3639 965 suam.
3680 934 3699 957 η
3732 911 3863 975 Quia

2179 996 2535 1050 considerato
2566 997 2862 1067 hypocrita
2891 997 3027 1051 dum
3069 998 3233 1051 illum
3265 1014 3327 1052 ex
3379 1014 3644 1069 perversa
3674 1001 3864 1054 volun-

2178 1087 2295 1137 tate
2330 1084 2589 1139 obtinere
2622 1102 2689 1139 ea
2720 1102 2848 1156 qua:
2880 1086 3082 1141 mundi
3137 1090 3271 1140 sunt
3326 1087 3601 1156 intuetur,
3659 1089 3775 1159 ipse
3803 1088 3866 1141 ad

2180 1188 2431 1228 amorem
2460 1175 2771 1229 caelestium
2805 1175 3093 1230 robustius
3124 1175 3442 1248 stringitur.
3473 1178 3691 1245 Sciens,
3744 1179 3869 1248 quia

2179 1262 2346 1317 bonis
2375 1263 2672 1319 desideriis
2715 1263 2955 1334 premia
3002 1269 3217 1319 aeterna
3266 1282 3385 1320 non
3436 1266 3867 1322 deeruntzdum

2181 1358 2237 1405 et
2265 1352 2449 1422 pravis
2480 1358 2538 1407 et
2564 1352 2886 1424 duplicibus
2915 1354 3183 1408 cordibus
3212 1354 3366 1409 bona
3396 1357 3738 1427 temporalia
3764 1373 3866 1410 non

2182 1447 2486 1512 negantur.
2523 1465 2544 1491 ι
2581 1444 2647 1496 Et
2677 1443 2906 1497 mundis
2927 1443 3368 1499 manibusaddet
3396 1446 3813 1501 fortitudinem.
3842 1470 3864 1491 ιι

2182 1530 2324 1594 Quia
2373 1530 2571 1585 videns
2614 1548 3013 1602 perversorum
3071 1537 3358 1588 terrenam
3412 1535 3679 1605 gloriam,
3738 1540 3867 1600 etc.,

2182 1634 2350 1688 usque
2365 1620 2438 1672 ad
2466 1636 2594 1690 quas
2618 1620 2726 1675 sibi
2746 1637 2875 1675 cum
2920 1622 3180 1692 reprobis
3226 1623 3553 1677 communia
3613 1640 3732 1678 esse
3766 1639 3869 1676 non

2180 1713 2437 1779 possunt.

2250 1798 2411 1852 Vens.
2445 1799 2526 1851 10.
2558 1829 2626 1838 -
2664 1821 2685 1847 ι
2728 1799 2911 1869 Igitur
2965 1815 3165 1853 omnes
3218 1816 3339 1855 vos.
3371 1824 3395 1847 »
3445 1803 3755 1872 Postquam
3785 1817 3867 1855 ex-

2178 1886 2419 1939 teriores
2447 1892 2749 1957 provectus
2779 1888 3084 1953 malorum,
3112 1888 3391 1943 bonorum
3423 1905 3555 1943 vero
3584 1889 3869 1943 interiores

2177 1974 2389 2042 intulit,
2448 1976 2779 2029 exhortatur
2836 1978 3061 2040 electos,
3120 1982 3184 2031 ut
3247 1982 3677 2045 convertantur,
3732 1978 3871 2032 desc-

2178 2062 2356 2117 rendo
2385 2064 2554 2131 mala,
2588 2068 2644 2117 et
2665 2064 2916 2131 veniant,
2948 2064 3101 2119 bona
3123 2064 3409 2121 faciendo.

2251 2152 2410 2205 Vens.
2443 2156 2531 2208 11.
2572 2184 2639 2191 —
2671 2175 2691 2201 α
2756 2154 2820 2207 Et
2847 2170 2964 2207 non
3021 2154 3081 2207 in
3124 2154 3312 2209 vobis.
3353 2180 3379 2202 ››
3432 2155 3867 2211 Conversioucm

2178 2255 2377 2294 eorum
2408 2239 2737 2295 desiderans
2775 2246 3026 2311 exoptat,
3084 2258 3155 2296 ne
3209 2242 3393 2296 ullum
3446 2242 3773 2313 sapientum
3819 2243 3867 2294 in

2179 2328 2260 2382 eis
2290 2329 2557 2396 inveniat,
2589 2346 2652 2384 ac
2673 2330 2719 2383 si
2750 2330 2938 2385 dicat:
2963 2330 3133 2385 Stulti
3176 2347 3297 2384 esse
3329 2331 3481 2402 apud
3533 2348 3637 2386 vos
3667 2331 3864 2395 discite,

2178 2418 2321 2471 utin
2350 2419 2462 2471 Deo
2490 2435 2618 2472 vere
2648 2436 2767 2473 esse
2801 2420 3086 2490 sapientes
3114 2420 3364 2474 valeatis.

2233 2524 2260 2556 «
2285 2505 2414 2559 Dies
2454 2507 2567 2561 mei
2625 2507 2994 2561 transierunt.
3031 2531 3056 2554 ι»
3093 2531 3118 2553 ‹‹
3172 2507 3318 2575 Dies,
3355 2531 3380 2554 ››
3431 2507 3863 2579 prosperitates:

2184 2616 2203 2640 α
2240 2593 2630 2665 Cogitationes
2659 2612 2757 2650 cor
2779 2599 3129 2666 torquentes,
3165 2620 3191 2642 »
3253 2612 3448 2650 curam
3478 2600 3723 2651 terrenas
3750 2595 3865 2649 feli-

2177 2681 2362 2736 citatis
2392 2683 2562 2738 dicit:
2617 2701 2746 2755 quaa
2805 2690 3019 2755 quanto
3067 2685 3294 2756 gravius
3332 2687 3542 2740 electos
3587 2686 3864 2756 premunt,

2176 2775 2335 2825 tanto
2391 2772 2718 2827 subtiliusa
2765 2774 2961 2845 judice
3016 2774 3267 2828 rationes
3320 2774 3389 2828 de
3432 2774 3574 2844 ipsis
3629 2774 3871 2844 cogitant

2177 2861 2399 2931 exquiri
2429 2861 2519 2915 hae
2552 2863 2928 2934 cogitationes
2978 2879 3108 2918 cum
3154 2864 3278 2934 ipsa
3324 2868 3558 2919 terrena
3617 2862 3871 2917 felicitate

375 2947 482 3013 Qui
538 2947 692 3001 enim
747 2963 848 3018 per
879 2946 1243 3017 disciplinam
1290 2948 1528 3002 minime
1572 2948 1857 3002 custodire
1888 2947 2060 3001 vitam
2102 2963 2143 3019 ο
2176 2949 2547 3019 dissipantur.

374 3035 618 3102 student,
671 3050 896 3104 semper
941 3050 1045 3105 per
1092 3034 1374 3089 desideria
1430 3036 1489 3089 in
1542 3035 1671 3089 imis
1696 3036 1911 3106 jacent,
1960 3051 2065 3089 nec

374 3128 627 3179 mentem
659 3123 727 3177 ad
759 3138 916 3194 spem
948 3124 1192 3178 caslestis
1220 3124 1418 3195 patrie
1449 3123 1701 3194 erigunt.

442 3215 599 3269 Vens.
630 3215 679 3266 5.
716 3243 782 3252 —
819 3234 839 3260 ι
893 3212 1151 3267 Praadam
1204 3212 1527 3282 pollicetur,
1565 3234 1585 3259 ι

373 3301 676 3368 malorum,
736 3300 1030 3355 diabolum
1079 3301 1309 3366 scilicet,
1371 3300 1713 3354 sententiam
1764 3300 2060 3369 convertit,

371 3390 535 3459 cujus
569 3412 589 3437 ι
617 3389 754 3443 socii
788 3412 808 3437 ι
853 3395 990 3443 sunt
1011 3393 1285 3458 apostataa
1306 3387 1520 3458 angeli,
1551 3387 1799 3457 quicum
1832 3405 1898 3441 eo
1920 3388 2061 3442 ceci-

373 3479 598 3533 derunt.
637 3501 658 3526 ι
696 3478 844 3545 Filii,
878 3500 898 3525 ι
937 3482 1076 3531 sunt
1106 3476 1368 3531 homines
1396 3476 1670 3546 perversi,
1717 3475 1817 3546 qui
1847 3476 1915 3529 de
1942 3476 2064 3546 ejus

368 3584 543 3638 prava
570 3567 940 3638 persuasione
963 3568 1023 3620 in
1053 3564 1290 3618 malitias
1318 3564 1657 3634 operatione
1690 3570 2060 3633 generantur.

373 3681 394 3705 ι
421 3657 676 3711 Prmdam
693 3655 869 3727 igitur
898 3654 1065 3709 sociis
1081 3653 1406 3723 pollicetur,
1441 3674 1461 3700 ι
1486 3652 1622 3723 quia
1650 3652 1920 3723 malignis
1946 3652 2063 3724 spi-

365 3745 571 3800 ritibus
601 3744 818 3799 animas
840 3759 1150 3814 pravorum
1181 3741 1469 3812 promittit
1512 3741 1574 3795 in
1598 3741 1714 3795 ﬁne
1739 3743 2060 3812 rapiendas.

445 3858 467 3883 ι
528 3834 687 3890 Oculi
743 3833 993 3886 ﬁliorum
1043 3833 1165 3902 ejus
1243 3831 1529 3885 deﬁcient.
1596 3852 1616 3879 ι
1680 3832 1865 3902 (Ibid)
1924 3831 2067 3895 Quia

368 3923 718 3977 intentiones
746 3921 1070 3986 hominum,
1116 3925 1246 3987 etc.,
1278 3935 1447 3988 usque
1476 3919 1550 3974 ad
1605 3920 1761 3991 quod
1814 3920 2063 3989 doleant,

369 4011 493 4065 sine
514 4009 629 4064 ﬁne
654 4008 968 4079 patiuntur.

440 4100 619 4152 Vens.
674 4101 725 4153 6.
760 4128 828 4136 —
890 4118 911 4145 α
949 4094 1147 4150 Posuit
1193 4111 1302 4149 me.
1343 4117 1363 4143 ι
1429 4094 1626 4151 Omnis
1683 4094 1783 4166 qui
1838 4096 2066 4167 ﬂagetlo

368 4186 711 4257 percutitur,
752 4190 883 4254 etc.,
940 4200 1109 4252 usque
1133 4184 1206 4238 ad
1241 4200 1481 4255 eamque
1512 4200 1740 4255 poenam
1772 4202 1875 4240 suo
1910 4190 2069 4257 optat

372 4274 690 4328 adversario
721 4289 894 4344 quam
910 4274 1162 4328 evenisse
1184 4274 1462 4343 conspicit
1473 4273 1652 4342 justo.

441 4363 601 4417 Vens.
633 4368 682 4417 7.
717 4393 782 4402 -—
820 4384 841 4412 ι
898 4362 1174 4433 Caligavit
1205 4362 1275 4416 ab
1316 4362 1728 4433 indignatione.
1767 4384 1787 4411 ι
1830 4363 1913 4417 Ab
1970 4363 2059 4419 in-

370 4452 703 4523 dignatione
732 4453 930 4507 oculus
968 4452 1194 4522 caligat,
1225 4452 1453 4522 quando
1483 4451 1591 4522 ipsi
1622 4452 1723 4523 qui
1779 4453 1838 4506 in
1883 4454 2062 4508 Eccle-

369 4542 451 4595 sia
478 4542 678 4596 lumen
731 4541 982 4596 veritatis
1041 4540 1271 4606 habent,
1318 4556 1613 4611 perversos
1660 4546 1856 4595 contra
1888 4542 2058 4596 inno-

368 4636 560 4684 centes
581 4631 887 4700 praevalere
921 4630 1281 4700 conspiciunt
1314 4646 1327 4684 :
1362 4629 1497 4700 quia
1525 4630 1594 4684 de
1625 4629 1833 4684 occulti
1858 4630 2062 4700 judicii

370 4718 749 4774 admiratione
798 4718 1101 4772 turbantur
1149 4718 1257 4772 Sed
1305 4732 1436 4771 cum
1466 4717 1608 4787 justi
1664 4718 1731 4773 ad
1792 4718 2063 4789 indigna-

370 4808 590 4863 tionem
613 4808 884 4878 caligant,
928 4806 1144 4861 inﬁrmi
1165 4807 1508 4877 plerumque
1546 4823 1728 4877 usque
1758 4808 1832 4862 ad
1860 4808 2062 4863 intide-

368 4898 589 4951 litatem
628 4901 923 4962 corruunt,
956 4895 1108 4949 unde
1137 4894 1395 4965 sequitur
1426 4911 1438 4949 :
1499 4917 1519 4943 ι
1558 4897 1622 4949 Et
1646 4897 1906 4951 membra
1935 4913 2065 4951 mea

371 4985 534 5056 quasi
559 4986 617 5038 in
652 4984 920 5039 nihilum.
959 5005 980 5033 ι
1017 4984 1399 5038 Membrorum
1446 4984 1679 5039 nomine
1734 4986 2061 5041 teneritudo

371 5072 708 5144 exprimitur
738 5072 1114 5134 inﬁrmorum,
1177 5072 1275 5143 qui
1307 5072 1442 5126 dum
1497 5089 1794 5143 perversos
1836 5074 2061 5145 prospi-

371 5163 527 5218 ciunt
548 5163 774 5230 ﬂorere,
802 5163 987 5232 justos
1022 5162 1279 5229 cruciari,
1314 5162 1463 5216 bona
1490 5178 1547 5216 se
1593 5163 1906 5230 inchoasse,
1938 5181 2062 5234 pas-

372 5250 574 5315 nitent,
637 5256 808 5321 atque
852 5249 931 5303 ita
979 5250 1049 5304 ad
1086 5250 1304 5320 agenda
1353 5251 1504 5304 mala
1562 5251 1729 5306 citius
1768 5254 2060 5321 recedunt,

374 5354 435 5393 ac
466 5339 512 5392 si
560 5355 761 5393 eorum
805 5338 935 5393 vitae
969 5338 1227 5394 nocuerit
1255 5338 1491 5407 bonum,
1549 5341 1700 5411 quod
1754 5341 2062 5397 inchoave-

374 5432 531 5483 runt.

446 5518 606 5571 Vens.
629 5519 682 5571 8.
716 5546 784 5557 —
841 5538 862 5564 ι
925 5516 1403 5587 Stupebuntjusti
1435 5516 1541 5573 sub
1565 5518 1695 5573 hoc.
1748 5540 1775 5570 ιι
1810 5520 1923 5575 Hoc
1980 5525 2065 5577 est

2248 3040 2404 3093 Vsus.
2438 3042 2522 3093 t2.
2555 3070 2625 3079 —
2658 3063 2683 3085 υ
2719 3040 2954 3094 Noctem
2975 3044 3270 3094 verterunt
3298 3039 3360 3094 in
3408 3039 3582 3094 diem.
3621 3061 3644 3089 ι
3708 3038 3870 3091 Dissi-

2173 3132 2321 3197 patae
2351 3127 2724 3197 cogitationes
2761 3149 2781 3176 ι
2818 3133 3045 3183 noctem
3084 3129 3145 3183 in
3174 3128 3327 3183 diem
3355 3148 3382 3181 ››
3434 3133 3689 3193 vertunt,
3747 3126 3871 3198 quia

1631 3216 1735 3265 etc.
1779 3212 1865 3266 Ad
1895 3215 2065 3282 caput
2166 3215 2339 3285 justis
2413 3232 2831 3288 nonnunquam
2869 3218 3117 3289 amplius
3174 3220 3361 3287 placet
3420 3233 3487 3271 ex
3547 3215 3870 3271 adversitate

2173 3305 2324 3359 mala
2358 3306 2604 3376 perpeti,
2659 3322 2834 3377 quam
2859 3323 2924 3361 ex
2969 3308 3344 3378 prosperitate
3386 3310 3633 3361 terrenas
3653 3306 3869 3375 dispen-

2172 3393 2411 3447 sationis
2441 3410 2577 3448 cura
2596 3394 2841 3465 fatigari.

2249 3504 2269 3530 α
2308 3484 2375 3537 Et
2402 3498 2634 3539 rursum
2662 3488 2793 3554 post
2824 3484 3109 3539 tenebras.
3141 3506 3163 3533 ι
3207 3484 3395 3554 (Ιὸἰὰ.)
3457 3485 3575 3539 Lux
3631 3487 3761 3555 post
3793 3486 3868 3535 te-

2172 3570 2377 3624 nebras
2408 3575 2689 3642 speratur,
2721 3576 2848 3641 etc.,
2881 3588 3051 3642 usque
3102 3573 3176 3627 ad
3231 3577 3287 3627 et
3316 3573 3610 3643 justorum
3662 3572 3868 3626 animas

2172 3660 2231 3713 in
2253 3665 2529 3730 perpetua
2548 3662 2668 3731 jam
2698 3662 2829 3716 sede
2858 3662 3178 3717 collocaret.

2245 3749 2406 3804 Vens.
2445 3753 2528 3805 l3.
2562 3781 2631 3790 -—
2664 3774 2691 3797 ‹‹
2722 3750 2778 3806 Si
2808 3751 3154 3806 sustinuero.
3190 3774 3217 3797 »
3246 3750 3471 3806 Priores
3524 3749 3709 3805 sancti
3752 3763 3867 3802 sus-

2173 3836 2357 3891 tinere
2388 3838 2620 3892 adversa
2674 3842 2964 3908 poterant,
3023 3843 3154 3908 etc.,
3212 3854 3382 3909 usque
3426 3838 3501 3893 ad
3540 3838 3604 3893 in
3651 3838 3866 3892 interno

2176 3925 2283 3980 sibi
2314 3926 2575 3997 requiem
2607 3943 2978 3998 praeparasse.

2249 4015 2409 4069 Vens.
2446 4019 2530 4070 M.
2563 4047 2630 4055 -—
2660 4038 2683 4065 ι
2718 4016 3015 4071 Putredini
3063 4015 3203 4071 dixi.
3239 4038 3260 4065 ι»
3318 4015 3715 4083 Putredinem,
3779 4030 3870 4085 pa-

2175 4108 2321 4159 trem
2352 4105 2506 4171 dicit,
2534 4109 2667 4172 etc.,
2728 4122 2897 4176 usque
2937 4106 3012 4162 ad
3056 4111 3121 4161 ut
3161 4106 3326 4178 quasi
3364 4106 3717 4178 quibusdam
3756 4120 3869 4158 ver-

2177 4192 2365 4247 mibus
2418 4193 2496 4247 sic
2554 4193 2828 4266 inquietis
2883 4194 3325 4266 cogitationibus
3384 4195 3445 4249 in
3502 4200 3705 4250 mente
3749 4193 3867 4248 fati-

2101 4304 2147 4359 ι)
2178 4297 2399 4352 gemur.

2272 4372 2437 4426 Vsus.
2499 4374 2582 4427 t5.
2642 4403 2714 4411 —
2745 4396 2770 4420 ‹‹
2838 4372 2944 4427 Ubi
2999 4377 3085 4427 est
3140 4388 3244 4443 ego
3302 4389 3457 4427 nunc
3526 4371 3869 4443 praestolatio

2176 4474 2319 4515 mea.
2345 4479 2373 4509 »
2408 4459 2758 4514 Prasstolatio
2788 4460 3098 4531 justorum,
3158 4460 3453 4528 Christus;
3486 4476 3663 4530 quem
3700 4475 3868 4531 quan-

2170 4547 2355 4617 doque
2386 4552 2691 4602 venturum
2718 4553 3012 4614 noverant,
3046 4549 3138 4602 sed
3172 4549 3365 4602 venire
3408 4548 3576 4602 citius
3641 4564 3862 4621 quaere-

2171 4636 2342 4691 bant:
2404 4638 2554 4690 unde
2611 4637 2703 4690 hic
2771 4637 3020 4705 additur,
3090 4653 3277 4692 nunc:
3324 4660 3349 4683 ‹‹
3410 4638 3475 4691 Et
3540 4637 3868 4708 patientiam

2170 4741 2357 4780 meam
2392 4725 2520 4796 quis
2551 4726 2873 4780 considerat
2900 4726 2927 4780 ?
2958 4750 2984 4773 ι»
3020 4727 3366 4782 Patientiam
3407 4729 3703 4799 justorum
3733 4729 3870 4782 Deus

2170 4814 2527 4880 considerat;
2571 4815 2669 4869 sed
2718 4814 2883 4886 quasi
2936 4832 3055 4869 non
3104 4816 3464 4871 considerare
3524 4817 3755 4883 dicitur,
3807 4814 3870 4869 ad

2171 4907 2370 4957 votum
2402 4903 2669 4957 desiderii
2713 4904 2902 4958 minus
2949 4904 3114 4959 citius
3153 4922 3428 4976 apparere
3461 4911 3558 4961 :et
3596 4906 3658 4960 in
3711 4904 3871 4975 proli-

2170 4992 2332 5047 xiora
2357 4997 2618 5063 tempora
2666 4992 3104 5063 dispensationis
3160 5011 3278 5048 suae
3329 4994 3574 5065 gratiam
3628 4994 3866 5049 differre.

2245 5082 2407 5135 Vens.
2456 5083 2539 5135 t6.
2594 5112 2663 5121 ——-
2699 5104 2719 5129 α
2782 5083 2847 5135 In
2902 5083 3417 5153 profundissimum
3461 5083 3756 5137 infernum
3784 5081 3866 5135 de-

2174 5169 2449 5224 scendent
2498 5170 2692 5224 omnia
2739 5186 2948 5225 mea.»
2991 5174 3137 5226 Ante
3190 5171 3519 5226 mediatoris
3568 5172 3864 5226 adventum

2171 5258 2276 5312 Job
2319 5258 2379 5312 in
2433 5258 2729 5313 infernum
2776 5258 3151 5313 descensurus
3208 5264 3349 5325 erat,
3406 5264 3535 5325 etc.,
3592 5274 3763 5328 uspue
3802 5255 3865 5309 ad

2171 5346 2479 5401 retributio
2509 5347 2697 5401 adhuc
2726 5347 2788 5402 in
2836 5347 2956 5401 sola
2992 5346 3204 5402 inferni
3263 5347 3459 5418 quiete
3516 5348 3696 5417 recipi
3723 5360 3860 5417 pra:-

2174 5435 2506 5490 stolabatur.
2543 5453 2570 5487 α
2622 5438 2868 5491 Putasne
2918 5437 3115 5491 saltem
3165 5436 3275 5491 sibi
3332 5437 3443 5492 erit
3495 5436 3723 5507 requies
3768 5433 3861 5488 ini-

2175 5522 2284 5577 hi?
2318 5547 2342 5569 ››
2374 5524 2735 5579 Pensandum
2767 5529 2851 5580 est
2880 5525 3009 5596 quis
3039 5529 3296 5581 nostrum
3328 5526 3397 5581 de
3420 5525 3615 5597 requie
3645 5534 3861 5579 securus
