4034 6180
166 237 268 288 805

1342 237 1596 292 GLOSSA
1636 239 2038 294 ORDINARIA.
2078 268 2151 280 —
2194 241 2316 293 LIB.
2357 241 2497 296 JOB.
3563 249 3666 300 806

165 358 268 412 sit:
306 359 353 412 si
388 358 456 411 de
505 375 570 412 ea
601 359 850 428 trepidat
877 362 932 413 et
963 359 1079 424 ille,
1133 361 1297 430 cujus
1330 360 1552 416 virtutis
1578 363 1868 432 praeconia
1903 364 1950 416 Α
1982 363 2044 415 In
2075 367 2223 415 terra
2263 363 2463 432 pedica
2487 363 2874 430 absconditur,
2906 381 3033 418 cum
3093 367 3264 436 culpa
3300 368 3404 421 sub
3445 369 3685 422 terrenis

164 452 215 500 et
247 448 373 518 ipse
401 448 575 518 judex
608 449 709 519 qui
740 449 1007 518 percutit,
1036 449 1265 503 clamat.

801 591 1027 645 CAPUT
1058 591 1238 645 XVIII.

231 715 403 767 Vnus.
429 717 482 766 2.
516 743 586 753 —
644 735 665 762 ι
698 715 884 784 Usque
917 716 988 768 ad
1045 731 1216 785 quem
1248 714 1422 769 ﬁnem
1476 716 1648 770 verba
1681 717 1868 786 jacta-

164 803 323 856 bitis.
361 822 388 852 ι)
428 804 638 866 (GM-26.,
669 806 725 856 in
753 804 882 869 Job,
928 805 964 857 l.
1000 803 1135 873 xiv.)
1169 806 1403 858 Beatum
1446 805 1548 858 Job
1581 805 1639 858 in
1673 823 1873 876 super-

166 893 324 946 biam
385 892 588 945 astruit
641 892 914 961 erupisse,
971 909 1142 962 quem
1177 894 1389 945 fatetur
1439 894 1608 947 verba
1633 894 1871 962 jactare.

167 1000 192 1031 ιι
236 980 504 1050 Intellige
536 980 725 1049 prius.
760 1002 786 1028 ››
821 980 1020 1050 Signat
1043 986 1257 1050 quanta
1290 980 1532 1036 elatione
1563 986 1873 1044 tumuerat,

163 1070 263 1140 qui
288 1070 396 1123 Job
428 1069 586 1139 loqui
618 1069 771 1140 quod
805 1085 921 1122 non
943 1069 1310 1138 intelligeret,
1345 1072 1602 1140 putabat.

229 1160 404 1212 Vens.
475 1162 526 1212 3.
560 1189 628 1197 -
661 1177 688 1208 (ἰ
743 1158 926 1222 Quare
987 1158 1238 1228 reputati
1271 1175 1484 1213 sumus.
1523 1181 1549 1208 »
1601 1161 1874 1214 Humana:

163 1247 382 1300 mentis
413 1252 497 1300 est
547 1248 867 1317 proprium,
924 1247 1032 1300 hoc
1084 1247 1190 1300 sibi
1231 1247 1355 1300 ﬁeri
1386 1248 1681 1317 suspicari,
1725 1248 1874 1318 quod

165 1337 326 1390 facit.
381 1335 702 1389 Arbitratur
741 1337 893 1389 enim
927 1352 983 1389 se
1040 1335 1273 1404 despici,
1326 1336 1425 1405 qui
1473 1335 1656 1388 bonos
1687 1334 1872 1405 despi-

165 1442 296 1478 cere
362 1425 685 1478 consuevit:
756 1430 813 1477 et
861 1441 924 1478 ex
1007 1424 1329 1493 suspicione
1389 1429 1749 1493 contemptus
1803 1423 1874 1476 ad

167 1515 632 1584 indignationem
655 1514 901 1583 prosilit,
937 1518 991 1565 et
1021 1512 1397 1566 contumelias
1427 1512 1654 1582 ingerit.

234 1605 403 1656 Vens.
440 1605 497 1656 4.
539 1632 593 1643 -
643 1624 663 1650 ι
729 1602 875 1666 Quid
928 1601 1118 1671 perdis
1179 1601 1431 1653 animam
1489 1608 1728 1654 tuam.»
1763 1602 1871 1654 Re-

167 1692 341 1761 probi
401 1693 587 1745 zelum
644 1690 1020 1756 rectitudinis,
1081 1691 1166 1743 vel
1218 1689 1572 1759 spiritualem
1631 1691 1872 1759 gratiam

168 1786 382 1834 sanctae
443 1779 886 1849 praedicationis,
944 1778 1225 1832 insaniam
1285 1779 1494 1831 furoris
1555 1779 1873 1832 aestimant:

169 1886 284 1939 quo
317 1869 509 1939 perire
545 1868 802 1921 ﬁdelium
860 1867 1080 1921 animas
1119 1867 1487 1921 arbitrantur.
1518 1890 1543 1916 ιι
1605 1868 1878 1938 Nunquid

171 1963 412 2028 propter
441 1961 496 2010 te
527 1957 957 2026 derelinquetur
993 1961 1160 2010 terra.
1202 1979 1221 2003 ι·
1263 1956 1508 2009 Ecclesia
1552 1956 1709 2020 dicit,
1745 1961 1875 2019 etc.,

170 2063 341 2115 usque
367 2047 442 2100 ad
474 2046 624 2099 unde
649 2046 749 2098 iste
774 2045 1016 2115 flagellis
1040 2045 1143 2099 Job
1168 2044 1426 2111 insultat,
1464 2045 1616 2098 unde
1648 2045 1874 2098 subdit:

244 2137 408 2189 Vens.
581 2165 648 2173 -—
681 2155 707 2183 ‹‹
753 2135 952 2188 Nonne
1007 2135 1103 2187 lux
1153 2133 1320 2202 impii
1375 2133 1789 2203 exstinguetur.
1850 2154 1876 2182 »

172 2227 287 2279 Hoc
319 2224 430 2279 dici
458 2225 526 2278 de
588 2224 767 2294 impio
799 2229 948 2277 recte
978 2222 1186 2293 potuit,
1240 2227 1438 2276 contra
1471 2228 1729 2276 sanctum
1760 2239 1877 2276 non

170 2314 405 2367 debuit:
467 2313 659 2366 Lucem
710 2312 1148 2382 prosperitatem
1194 2311 1492 2380 praesentis
1542 2311 1672 2364 vita:
1722 2311 1876 2365 dicit.

171 2402 277 2456 Sed
307 2402 404 2455 lux
457 2401 622 2470 impii
674 2400 1072 2467 exstinguitur,
1103 2401 1236 2470 quia
1284 2399 1538 2468 fugitiva:
1585 2399 1713 2451 vita:
1744 2415 1879 2467 pro-

173 2491 436 2560 speritas,
503 2506 632 2542 cum
693 2491 815 2559 ipsa
868 2489 1300 2542 terminatur.»
1384 2488 1495 2540 Nec
1554 2487 1882 2557 splendebit

173 2580 408 2632 ﬂamma
441 2578 592 2647 ignis
623 2579 764 2648 ejus.
801 2596 830 2630 n
872 2579 1072 2647 Ignem
1114 2577 1550 2630 dicitfervorem
1581 2581 1879 2645 tempora—

178 2669 322 2720 lium
355 2667 792 2728 desideriorum,
826 2667 988 2736 cujus
1019 2666 1252 2719 ﬁamma
1313 2668 1395 2718 est
1445 2664 1634 2729 decor,
1659 2665 1745 2717 vel
1777 2680 1879 2733 po-

181 2763 358 2810 testas
387 2757 632 2810 exterior
662 2773 789 2826 quze
822 2756 891 2810 de
921 2756 1146 2808 interno
1179 2754 1302 2824 ejus
1337 2752 1538 2806 ardore
1568 2751 1830 2823 procedit
1862 2769 1878 2803 :

187 2845 288 2898 sed
318 2861 428 2898 non
457 2845 797 2914 splendebit,
832 2844 966 2914 quia
997 2844 1058 2898 in
1106 2843 1196 2897 die
1251 2840 1438 2895 exitus
1481 2842 1671 2895 omnis
1720 2844 1879 2894 exte-

185 2933 303 2987 rior
329 2933 495 2986 decor
524 2933 902 2987 subtrahitur.

259 3023 414 3075 Vens.
446 3025 494 3076 6.
532 3053 598 3060 —
654 3040 681 3072 α
717 3023 831 3074 Lux
863 3019 1293 3074 obtenebrescet
1323 3019 1382 3072 in
1428 3016 1816 3071 tabernaculo.
1852 3033 1880 3065 ι)

179 3110 505 3180 Aliquando
554 3109 842 3162 tristitiam
872 3108 1155 3173 tenebras,
1189 3109 1374 3160 lucem
1407 3106 1682 3187 gai'lium
1735 3101 1883 3156 acci—

175 3199 389 3269 pimus.
456 3199 570 3251 Lux
603 3213 737 3267 ergo
773 3197 830 3249 in
885 3197 1250 3250 tabernaculo
1302 3195 1466 3264 impii
1520 3191 1880 3257 tenebrescit,

174 3289 313 3359 quia
345 3288 405 3341 in
437 3289 559 3357 ejus
590 3286 935 3340 conscientia
967 3285 1242 3354 gaudium
1289 3283 1445 3355 quod
1476 3283 1544 3336 de
1595 3286 1881 3351 tempora-

175 3378 330 3430 libus
391 3376 601 3436 fuerat,
640 3374 846 3429 deﬁcit.
885 3394 910 3423 ι)
971 3374 1036 3426 Et
1067 3375 1301 3426 lucerna
1340 3388 1467 3442 quae
1525 3387 1694 3440 super
1751 3385 1884 3423 eum

177 3470 266 3517 est
291 3465 709 3533 exstinguetur.
745 3485 771 3514 ››
805 3464 1056 3516 Lucerna
1103 3464 1296 3515 lumen
1327 3461 1386 3514 in
1428 3465 1572 3514 testa
1603 3466 1705 3524 est,
1753 3465 1882 3525 etc.,

176 3569 350 3622 usque
375 3553 450 3606 ad
503 3553 639 3624 quia
696 3552 1031 3623 iniquorum
1085 3556 1338 3604 mentem
1394 3553 1620 3603 terrena
1667 3548 1877 3618 gaudia

179 3642 506 3714 possident.

251 3732 420 3784 Vens.
487 3734 538 3783 7.
560 3759 630 3767 —
662 3746 690 3779 «
722 3728 1102 3781 Arctabuntur
1136 3742 1362 3796 gressus
1409 3723 1656 3788 virtutis,
1713 3728 1820 3778 etc.
1853 3741 1880 3772 ι)

174 3820 328 3884 Quia
351 3818 501 3871 vires
542 3817 775 3871 malitiae
802 3818 943 3886 ejus,
979 3832 1126 3887 quas
1178 3831 1332 3868 nunc
1361 3818 1599 3876 exercet,
1632 3817 1883 3882 postmo-

175 3911 323 3965 dum
378 3923 547 3978 pcena
601 3906 972 3975 constringet.
1025 3922 1050 3954 »
1106 3905 1170 3956 Et
1225 3901 1609 3972 praecipitabit
1655 3916 1807 3953 eum.
1856 3920 1883 3950 ››

175 4000 378 4053 Habet
416 4011 566 4049 nunc
619 3995 920 4048 consilium
972 3993 1205 4062 iniquus
1248 3990 1554 4061 praesentia
1596 3994 1884 4060 appetere,

179 4094 296 4141 etc.
318 4128 332 4152 ,
361 4101 529 4154 usque
561 4084 634 4137 ad
656 4083 805 4154 quod
832 4082 1099 4152 exprimit
1127 4097 1257 4134 cum
1289 4079 1603 4150 subjungit.

259 4177 437 4230 Vrsas.
465 4179 517 4228 8.
549 4204 618 4213 —
645 4195 666 4222 ι
726 4172 971 4226 Immisit
1026 4170 1178 4224 enim
1216 4171 1274 4223 in
1303 4175 1440 4222 rete.
1475 4187 1500 4219 »
1547 4166 1744 4236 Hbid.)
1780 4165 1890 4231 Qui

1983 448 2296 502 commodis
2346 450 2681 514 occultatur,
2733 457 3016 519 quatenus
3073 452 3246 505 homo
3298 453 3507 515 videat,
3541 453 3682 522 quid

1982 538 2381 607 concupiscere
2413 538 2618 603 valeat,
2671 543 2724 590 et
2766 544 2953 592 tamen
2989 557 3354 610 nequaquam
3386 542 3593 604 videat,
3627 542 3686 596 in

1983 644 2097 697 quo
2125 628 2307 697 culpae
2340 629 2542 696 laqueo
2565 627 2772 696 pedem
2805 635 3001 697 ponat.
3042 652 3060 676 α
3087 632 3149 682 Et
3171 631 3432 700 decipula
3462 632 3632 684 illius.
3661 654 3680 679 ι)

1983 718 2245 770 Intuetur
2302 716 2456 769 enim
2497 716 2672 769 hostis
2718 733 2904 769 mores
2962 719 3236 787 cujusque
3284 719 3374 772 cui
3406 719 3543 773 vitio
3574 721 3687 773 sint

1981 802 2319 872 propinqui,
2384 810 2439 857 et
2497 805 2590 858 illa
2653 806 2898 875 opponit
2960 813 3092 859 ante
3148 808 3372 872 faciem,
3433 808 3502 860 ad
3554 825 3682 878 quae

1985 892 2239 959 agnoscit
2276 891 2499 945 facilius
2544 892 2808 947 inclinari
2873 900 3143 960 mentem,
3221 902 3281 948 ut
3345 896 3568 950 blandis
3619 913 3684 950 ac

1982 979 2131 1032 laetis
2173 981 2431 1034 moribus
2470 982 2782 1047 luxuriam,
2837 985 3053 1052 asperis
3101 983 3387 1037 mentibus
3435 984 3578 1038 iram
3629 991 3684 1038 et

1983 1069 2337 1137 superbiam.
2370 1069 2451 1122 Ibi
2481 1085 2618 1139 ergo
2652 1070 2974 1139 decipulam
3005 1072 3184 1140 ponit,
3219 1071 3313 1124 ubi
3353 1089 3473 1126 esse
3507 1073 3684 1128 semi-

1983 1161 2101 1210 tam
2130 1158 2337 1210 mentis
2365 1158 2680 1228 conspicit:
2708 1160 2843 1228 quia
2870 1159 2986 1212 illic
3018 1160 3338 1230 periculum
3391 1162 3680 1231 deceptio-

1985 1246 2072 1298 nis
2104 1246 2325 1313 inserit,
2360 1248 2458 1300 ubi
2497 1247 2648 1300 viam
2680 1263 2802 1300 esse
2832 1247 3115 1301 invenerit
3141 1248 3479 1320 propinquae
3525 1250 3682 1319 cogi-

1985 1334 2239 1388 tationis.

2061 1424 2217 1476 Vens.
2274 1427 2356 1477 ll.
2392 1455 2460 1462 —
2497 1446 2515 1471 «
2576 1424 2836 1494 Undique
2902 1426 3212 1479 terrebunt.
3256 1447 3276 1472 ιι
3333 1426 3474 1489 Quia
3529 1443 3680 1496 saepe

1985 1510 2196 1564 idcirco
2230 1512 2473 1583 quisque
2514 1514 2696 1567 bonus
2729 1531 2849 1567 esse
2907 1515 3129 1582 metuit,
3184 1531 3253 1568 ne
3298 1515 3405 1568 hoc
3437 1534 3465 1567 a
3497 1517 3683 1586 parvis

1988 1600 2256 1670 patiatur,
2291 1602 2442 1671 quod
2474 1619 2532 1654 se
2558 1601 2724 1655 bonis
2747 1602 2947 1655 fecisse
2976 1603 3394 1657 reminiscitur:
3430 1605 3682 1674 dumque

1987 1690 2094 1741 hoc
2119 1690 2237 1757 pati
2266 1690 2417 1758 quod
2449 1689 2581 1742 facit
2612 1689 2836 1756 metuit,
2873 1690 3123 1761 undique
3145 1690 3397 1756 territus,
3431 1693 3682 1761 undique

1983 1782 2278 1846 suspectus
2300 1777 2360 1830 in
2407 1777 2555 1831 bono
2589 1794 2761 1847 opere
2795 1795 3052 1847 gressum
3089 1779 3292 1848 perdit.

2057 1866 2214 1918 Vens.
2258 1867 2341 1918 l2.
2387 1896 2454 1903 —
2517 1888 2537 1913 ι
2598 1871 2942 1920 Attenuetur
3000 1868 3167 1920 fame.
3222 1889 3240 1914 ν
3297 1867 3437 1921 Caro
3493 1873 3686 1922 nostra

1985 1953 2291 2006 inﬁrmitas
2322 1958 2426 2006 est.
2489 1955 2683 2008 Robur
2734 1961 2948 2019 autem,
2983 1956 3172 2009 anima
3207 1956 3520 2021 rationalis,
3557 1973 3686 2026 quae

1985 2040 2044 2094 in
2095 2042 2494 2111 expugnandis
2545 2043 2694 2094 vitiis
2745 2043 3004 2097 resistere
3048 2061 3150 2114 per
3197 2045 3476 2098 rationem
3519 2045 3685 2099 valet.

1987 2129 2124 2192 Qum
2147 2130 2296 2182 fame
2329 2134 2678 2199 attenuatur,
2711 2148 2840 2184 cum
2874 2133 3034 2185 nulla
3092 2133 3303 2186 interni
3350 2134 3460 2187 cibi
3516 2134 3688 2188 refec-

1989 2219 2144 2272 tione
2184 2219 2454 2288 pascitur.
2513 2242 2532 2267 ιι
2591 2221 2651 2272 Et
2695 2219 2888 2273 inedia
2943 2221 3174 2275 invadat
3221 2227 3404 2275 costas
3458 2223 3630 2276 illius.
3664 2246 3682 2269 ιν

1987 2308 2164 2360 Costa:
2216 2312 2352 2361 sunt
2400 2323 2598 2360 sensus
2655 2308 2856 2371 animi,
2899 2309 2996 2378 qui
3059 2311 3300 2363 latentes
3364 2318 3425 2363 ut
3473 2312 3685 2365 viscera

1988 2395 2361 2466 cogitationes
2391 2396 2677 2449 muniunt.
2733 2397 2928 2449 Inedia
2976 2397 3193 2451 invadit
3251 2398 3435 2468 iniqui
3485 2404 3686 2467 costas,

1987 2485 2122 2554 quia
2146 2485 2324 2538 fames
2377 2485 2602 2538 interna
2634 2501 2833 2538 sensus
2866 2487 3074 2539 mentis
3105 2490 3392 2554 extenuat,
3426 2493 3486 2540 ut
3533 2488 3691 2557 cogi-

1989 2574 2236 2628 tationes
2267 2591 2396 2628 suas
2429 2574 2582 2628 intus
2623 2574 2952 2628 nullatenus
2983 2581 3204 2645 regant,
3264 2577 3359 2631 sed
3409 2578 3474 2630 ad
3535 2583 3688 2630 exte-

1987 2663 2143 2716 riora
2177 2668 2456 2733 vagcntur
2486 2679 2616 2733 qua:
2650 2669 2872 2734 petunt.

2065 2776 2084 2799 α
2125 2754 2365 2806 Devoret
2409 2753 2894 2822 pulchritudinem
2942 2753 3085 2807 cutis
3110 2754 3231 2823 ejus
3281 2759 3337 2808 et
3387 2760 3687 2808 consumat

1987 2840 2221 2894 brachia
2266 2841 2437 2895 illius.
2474 2841 2680 2912 (Idem)
2727 2863 2747 2888 ι
2801 2842 3170 2896 Pulchritudo
3217 2844 3360 2897 cutis
3393 2850 3475 2897 est
3505 2845 3689 2914 gloria

1914 2942 1955 2996 ί]
1991 2929 2322 2999 temporalis
2353 2929 2637 2982 exterior:
2672 2945 2775 2998 per
2808 2930 3034 2984 brachia
3087 2948 3262 3001 opera
3292 2932 3687 3003 designantur.

1991 3019 2226 3071 Mortem
2259 3022 2557 3086 peccatum
2590 3017 2745 3082 dicit,
2774 3017 2926 3085 quod
2949 3019 3201 3072 animam
3230 3021 3452 3074 occidit.

2066 3107 2224 3159 Vens.
2257 3109 2339 3159 l3.
2373 3135 2440 3143 -—
2480 3127 2500 3153 «
2536 3105 2927 3174 Primogenita
2956 3122 3129 3160 mors.
3167 3129 3185 3154 ι
3235 3108 3514 3179 Superbia
3562 3127 3690 3181 qua:

1994 3199 2079 3248 est
2106 3193 2335 3247 initium
2364 3193 2551 3247 omnis
2595 3195 2830 3264 peccati.
2869 3197 3358 3252 Pulchritudinem
3384 3216 3522 3268 ergo
3545 3201 3691 3253 cutis

1995 3283 2120 3353 ejus
2177 3287 2234 3336 et
2287 3283 2524 3336 brachia
2579 3282 2733 3335 illius
2779 3283 3166 3354 primogenita
3214 3301 3366 3339 mors
3420 3288 3688 3340 devorat:

1997 3390 2111 3443 qua
2148 3371 2336 3442 iniqui
2376 3372 2620 3443 gloriam
2654 3372 2741 3426 vel
2795 3374 3179 3442 Operationem
3241 3375 3508 3445 superbia
3559 3393 3694 3446 sup-

1994 3463 2237 3532 plantat.
2263 3462 2454 3516 Potuit
2484 3461 2638 3514 enim
2668 3461 2802 3515 etin
2832 3462 2937 3515 hac
2967 3463 3082 3517 vita
3110 3465 3395 3534 gloriosus
3427 3465 3691 3532 existere,

1996 3551 2042 3604 si
2074 3551 2352 3621 superbus
2375 3551 2611 3604 minime
2644 3551 2861 3605 fuisset.

2068 3640 2228 3692 Vens.
2262 3640 2342 3693 14.
2377 3671 2445 3678 —
2481 3662 2500 3686 «
2528 3640 2818 3694 Avellatur
2847 3641 2915 3694 de
2945 3641 3313 3695 tabernaculo
3345 3659 3447 3697 suo
3489 3644 3696 3698 ﬁducia

1997 3727 2139 3798 ejus.
2181 3749 2200 3774 ι
2237 3727 2444 3796 (Idem)
2477 3729 2554 3780 De
2585 3729 2954 3782 tabernaculo
2982 3730 3192 3783 ﬁducia
3239 3732 3362 3800 ejus
3409 3734 3690 3799 evellitur,

1997 3816 2228 3885 quando
2260 3831 2557 3885 perversus
2613 3817 2713 3885 qui
2743 3817 2922 3869 multa
2956 3817 3014 3869 in
3064 3819 3168 3871 hac
3219 3820 3328 3872 vita
3379 3828 3695 3889 paraverat,

1998 3904 2302 3974 repentina
2333 3908 2516 3956 morte
2575 3903 2905 3974 dissipatur.
2943 3928 2962 3953 ε
3002 3907 3066 3958 Et
3119 3907 3291 3959 calcet
3343 3923 3516 3977 super
3562 3926 3693 3963 eum

1999 3994 2163 4064 quasi
2201 4008 2296 4047 rex
2357 3993 2644 4047 interitus.
2677 4015 2696 4042 ρ
2760 3994 2902 4056 Quia
2958 3995 3049 4048 hic
3104 3996 3191 4048 vel
3234 3997 3384 4049 vitiis
3413 3998 3697 4066 premitur

1999 4099 2128 4152 quae
2165 4080 2232 4134 ad
2267 4081 2565 4134 interitum
2592 4082 2848 4147 trahunt,
2898 4084 2984 4135 vel
3038 4085 3236 4139 mortis
3287 4090 3566 4157 tempore,
3596 4104 3696 4156 po-

1999 4170 2188 4225 testati
2221 4168 2585 4224 daemouiacaa
2633 4171 2987 4240 subjugatur.

184 4265 373 4336 pedes
418 4264 479 4316 in
531 4267 648 4315 rete
696 4261 890 4327 mittit,
941 4276 1059 4314 non
1109 4275 1240 4313 cum
1282 4257 1543 4322 voluerit,
1580 4233 1749 4326 ejicit.
1802 4256 1892 4310 Sic
1929 4233 1972 4287 Β
2073 4261 2233 4312 Vens.
2277 4262 2357 4312 15.
2392 4289 2460 4297 —
2487 4282 2505 4306 ι
2541 4233 2896 4313 Habiteiitvin
2928 4261 3312 4316 tabernaculo.
3353 4287 3372 4311 ν
3405 4264 3465 4317 Id
3497 4270 3600 4333 est,
3636 4265 3696 4319 in

185 4355 292 4425 qui
322 4353 386 4405 in
442 4349 686 4421 peccatis
741 4365 798 4402 se
848 4346 1060 4418 dejicit,
1120 4362 1239 4400 non
1277 4362 1411 4399 mox
1441 4360 1570 4398 cum
1626 4343 1890 4406 voluerit,

183 4441 400 4512 surgit.

260 4554 284 4580 ι
332 4531 402 4582 Et
431 4528 491 4581 in
544 4525 783 4580 maculis
839 4525 960 4595 ejus
1013 4524 1286 4579 ambulat.
1349 4546 1374 4570 n
1439 4521 1632 4591 (Ibid.)
1682 4519 1791 4584 Qui
1833 4519 1892 4572 in

179 4618 436 4675 maculis
491 4615 627 4671 retis
667 4613 940 4680 ambulat,
989 4628 1218 4683 gressus
1247 4628 1380 4665 suos
1413 4610 1758 4664 ambulando
1791 4608 1896 4662 im-

178 4711 402 4780 plicat:
440 4711 653 4760 etcum
687 4720 742 4756 se
789 4702 1055 4772 expedire.
1089 4702 1158 4755 ad
1209 4699 1624 4755 ambulandum
1668 4699 1893 4766 nititur,

179 4817 254 4853 ne
291 4796 555 4851 ambulet
586 4793 892 4861 obligatur.

261 4888 428 4939 Vens.
463 4887 514 4937 9.
537 4912 608 4923 —
638 4902 665 4929 α
723 4879 1034 4935 Tenebitur
1087 4877 1285 4948 planta
1332 4876 1510 4944 illius,
1537 4897 1565 4925 ››
1610 4880 1717 4930 etc.
1751 4874 1896 4939 Quia

175 4974 462 5031 videlicet
510 4972 821 5041 stringetur
870 4968 999 5022 ﬁnis
1047 4967 1108 5020 in
1134 4971 1384 5037 peccato.
1414 4985 1440 5016 »
1477 4966 1544 5019 Et
1574 4965 1900 5019 exardescet

176 5070 396 5120 contra
427 5077 579 5117 eum.
623 5082 644 5108 ι
675 5059 818 5123 Quia
841 5075 953 5128 quo
973 5073 1031 5110 se
1065 5056 1228 5109 malis
1250 5055 1561 5124 obligatum
1586 5059 1808 5124 pensat,
1831 5069 1897 5108 eo

178 5156 258 5209 de
294 5169 402 5206 suo
440 5151 627 5204 reditu
674 5150 974 5219 desperat;
1004 5150 1058 5200 et
1087 5145 1213 5214 ipsa
1267 5144 1664 5214 desperatione
1711 5143 1898 5197 acrius

178 5243 259 5297 ad
316 5239 491 5308 hujus
564 5236 767 5291 mundi
813 5233 1298 5304 concupiscentiae
1366 5237 1588 5286 aestuat.
1651 5232 1718 5284 In
1775 5232 1898 5301 ejus

180 5331 393 5386 animo
425 5332 621 5382 contra
651 5341 783 5379 eum
814 5324 934 5378 sitis
981 5322 1312 5389 exardescit,
1350 5321 1485 5392 quia
1515 5320 1612 5392 qui
1634 5337 1898 5390 perverse

181 5423 338 5492 egit,
367 5423 429 5472 ut
460 5415 782 5488 perversius
811 5417 942 5484 agat
961 5411 1308 5465 accenditur.

260 5510 433 5562 Vens.
495 5509 579 5559 10.
630 5534 698 5544 -
750 5525 778 5551 ι(
825 5502 1173 5557 Abscondita
1202 5499 1374 5555 estin
1425 5504 1649 5555 terra.»
1710 5498 1898 5570 (Ibid)

2003 4353 2193 4402 mente
2225 4348 2346 4417 ejus
2376 4352 2647 4417 apostatze
2681 4349 2870 4418 angeli
2902 4366 3005 4419 per
3044 4352 3413 4419 cogitationes
3466 4355 3698 4424 nequis-

2003 4439 2174 4491 simas
2205 4444 2630 4503 conversentur,
2683 4438 2803 4508 ejus
2834 4438 3093 4492 videlicet
3123 4441 3280 4505 socii,
3335 4442 3433 4512 qui
3488 4443 3697 4498 idcirco

1997 4527 2119 4597 jam
2141 4542 2256 4578 non
2279 4530 2382 4591 est,
2415 4525 2551 4595 quia
2580 4543 2613 4579 a
2638 4543 2862 4580 summa
2893 4528 3137 4581 essentia
3164 4531 3411 4583 recessit.

2080 4639 2100 4664 ι
2135 4617 2485 4686 Aspergatur
2513 4615 2572 4667 in
2611 4616 3000 4670 tabernaculo.
3036 4638 3056 4664 ι
3090 4617 3282 4687 (Ibid.)
3317 4620 3378 4672 In
3430 4622 3694 4676 taberna-

2005 4704 2132 4757 culo
2165 4703 2370 4773 iniqui,
2426 4702 2668 4772 sulphur
2723 4704 3059 4773 aspergitur,
3113 4707 3335 4775 quoties
3382 4709 3565 4762 carnis
3597 4711 3696 4764 de-

2005 4792 2231 4846 lectatio
2263 4793 2323 4844 in
2359 4793 2481 4861 ejus
2510 4797 2700 4845 mente
2732 4793 3080 4847 dominatur.
3132 4797 3236 4848 Per
3271 4796 3512 4866 sulphur
3541 4799 3696 4851 enim

2005 4881 2174 4935 faitor
2221 4881 2404 4933 carnis
2452 4881 2742 4950 accipitur.
2807 4882 2877 4935 Et
2932 4883 3067 4952 quia
3098 4885 3226 4936 talis
3265 4884 3326 4936 in
3376 4886 3526 4939 malo
3559 4903 3697 4955 per-

2004 4973 2200 5021 manet
2228 4968 2381 5022 unde
2433 4985 2535 5022 nec
2564 4970 2812 5022 fructum
2844 4970 2984 5023 boni
3013 4970 3197 5025 facere
3251 4978 3454 5042 potest,
3503 4974 3693 5028 addit:

2079 5057 2236 5111 Vens.
2275 5061 2357 5110 16.
2406 5089 2473 5096 ——
2521 5079 2540 5104 ι
2597 5059 2869 5111 Deorsum
2929 5060 3114 5113 radice
3178 5062 3300 5131 ejus
3331 5062 3634 5120 siccentur.
3676 5088 3694 5110 η

2006 5145 2112 5197 Per
2136 5166 2156 5191 ι
2197 5144 2427 5210 radices,
2463 5167 2482 5191 ι
2515 5145 2892 5215 cogitationes
2918 5147 3246 5216 accipimus,
3275 5153 3402 5216 etc.,
3438 5166 3605 5220 usque
3629 5153 3702 5205 ad

2006 5233 2141 5302 quia
2169 5232 2355 5286 omnis
2385 5234 2506 5298 ejus
2527 5234 2783 5303 operatio
2815 5251 3062 5305 superno
3088 5236 3305 5305 judicio
3346 5239 3509 5308 quasi
3548 5239 3700 5293 nihi-

2008 5322 2128 5375 lum
2158 5322 2487 5392 deputatur.

2079 5412 2235 5464 Vens.
2275 5415 2358 5465 l7.
2387 5441 2456 5449 ——
2491 5434 2511 5460 α
2545 5412 2817 5467 Memoria
2847 5417 3059 5485 pereat.
3101 5437 3121 5463 ι
3150 5416 3344 5487 (Ibid)
3373 5418 3703 5472 Memoriam

2008 5515 2167 5553 suam
2198 5499 2432 5570 iniquus
2464 5501 2522 5554 in
2552 5506 2704 5556 terra
2738 5507 2984 5558 statuere
3014 5511 3274 5573 conatur,
3301 5523 3431 5562 cum
3463 5509 3704 5577 gloriam
