4082 6184
379 263 481 315 807

993 262 1386 317 WALAFRIDI
1426 261 1670 316 STRABI
1713 261 1908 315 FULD.
1953 260 2122 316 MON.
2170 261 2323 315 OPP.
2370 261 2542 315 PARS
2584 261 2624 314 Ι.
2666 289 2734 297 —
2774 258 3229 314 THEOLOGICA.

3767 263 3865 314 808

378 382 564 436 laudis
593 398 711 436 suas
740 381 1044 436 extendere
1077 381 1293 434 nititur.
1330 381 1396 434 Et
1426 396 1635 433 nomen
1659 397 1828 434 suum
1855 381 1916 434 in
1946 383 2065 452 pla-
2107 385 2152 436 A
2181 381 2345 450 erigi,
2379 380 2644 435 timentes
2693 379 2852 434 vobis
2881 380 3185 435 deteriora.
3229 381 3413 434 Bonus
3438 379 3594 435 enim
3625 381 3780 451 prius
3808 383 3866 437 in

378 472 486 525 teis
499 471 774 526 celebrari
808 471 1039 542 gaudet,
1071 485 1200 524 cum
1225 469 1398 538 longe
1425 469 1651 540 lateque
1682 470 2074 539 operationem

379 577 498 615 sua:
525 560 843 631 iniquitatis
880 559 1150 614 extendit.

452 649 679 719 (Gneo)
701 648 883 719 Caput
914 648 1242 718 iniquorum
1276 646 1541 701 diabolus
1565 652 1686 701 est:
1721 647 1839 718 ipse
1861 648 2075 718 quippe

377 737 437 792 in
461 737 680 792 ultimis
708 737 1070 807 temporibus
1099 735 1242 790 illud
1271 752 1366 789 vas
1394 735 1734 806 perditionis
1763 736 2072 806 ingressus,

379 826 528 898 quod
586 825 965 879 Antichristus
1037 825 1350 894 vocabitur,
1447 823 1547 894 qui
1645 841 1854 879 nomen
1906 842 2075 880 suum

379 915 550 984 longe
587 915 811 984 lateque
841 913 1162 968 diffundere
1191 913 1513 967 conabitur.

451 1004 638 1058 Vens.
676 1005 758 1057 18.
792 1033 858 1041 —
891 1025 912 1050 ι
968 1003 1218 1072 Expellct
1247 1018 1379 1056 eum
1409 1003 1477 1056 de
1511 1003 1652 1056 luce.
1683 1024 1702 1048 ι
1750 1002 1826 1055 De
1856 1001 1982 1055 luce
2002 1002 2075 1057 ad

377 1091 642 1146 tenebras
677 1091 924 1155 ducitur,
955 1107 1086 1144 cum
1118 1091 1188 1145 de
1229 1091 1446 1145 honore
1494 1089 1625 1144 vitae
1655 1090 1951 1160 praesentis
2002 1091 2072 1146 ad

379 1179 660 1250 supplicia
689 1183 903 1234 (eterna
931 1179 1258 1233 damnatur.
1303 1179 1392 1233 Sic
1448 1179 1518 1233 de
1564 1195 1920 1250 unoquoque
1968 1180 2074 1234 ini-

378 1286 492 1340 quo
524 1269 801 1340 loquitur,
830 1276 892 1322 ut
918 1269 987 1322 ad
1029 1275 1217 1340 caput,
1268 1268 1324 1322 id
1357 1274 1440 1322 est
1487 1268 1783 1322 diabolum
1823 1274 2076 1324 vertatur

378 1360 477 1429 qui
503 1360 560 1413 in
591 1359 934 1413 Antichristo
966 1375 1176 1412 nomen
1211 1358 1498 1424 extendet,
1531 1359 1686 1429 quod
1728 1375 1879 1412 nunc
1935 1359 2073 1413 mali

376 1448 695 1502 imitantur.
731 1469 750 1496 ι
789 1449 854 1501 Et
887 1447 955 1501 de
987 1447 1122 1500 orbe
1174 1447 1496 1516 transferet,
1549 1470 1569 1494 ι
1635 1453 1740 1502 etc.
1801 1449 1942 1501 Cum
1975 1465 2070 1501 sn-

375 1553 555 1607 perno
608 1541 919 1606 apparente
963 1536 1155 1604 judice
1203 1535 1274 1588 de
1332 1535 1437 1588 hoc
1506 1536 1723 1589 mundo
1771 1535 1843 1589 ad
1874 1552 2072 1606 poenas

375 1622 731 1687 transfertur,
770 1637 900 1693 quae
951 1621 1136 1675 omnis
1166 1627 1222 1674 et
1250 1621 1318 1674 de
1348 1621 1531 1691 Capite
1561 1623 1845 1674 malorum
1901 1622 2070 1676 Anti-

375 1711 585 1766 christo
609 1719 846 1782 possunt
875 1710 1073 1780 accipi.

448 1811 632 1863 Vens.
671 1812 753 1862 l9.
791 1839 856 1847 —
901 1831 920 1856 ε
975 1809 1096 1861 Non
1128 1807 1236 1861 erit
1277 1823 1492 1872 semen,
1526 1811 1633 1862 etc.
1669 1829 1690 1855 ι
1746 1808 1892 1872 Quia
1952 1825 2067 1863 om-

373 1913 475 1951 nes
499 1896 706 1966 iniqui,
741 1894 840 1965 qui
869 1895 938 1948 de
985 1895 1109 1964 ejus
1139 1893 1504 1965 persuasione
1555 1895 1614 1948 in
1667 1896 1857 1966 parvis
1891 1895 2067 1950 actio-

373 1985 542 2038 nibus
575 1984 694 2037 nati
738 1988 915 2047 sunt,-
945 1999 1074 2036 cum
1119 1983 1318 2037 eodem
1380 2000 1482 2036 suo
1532 1984 1716 2054 capite
1766 1984 2066 2040 ferientur.

373 2073 516 2138 Quia
563 2073 683 2126 haec
739 2072 807 2126 de
850 2071 1198 2126 Antichristo
1252 2071 1584 2143 accipienda
1638 2077 1790 2140 sunt,
1846 2073 1905 2128 in
1960 2073 2068 2128 hoc

375 2161 559 2232 aperit
584 2161 722 2215 dum
745 2159 917 2214 dicit:

448 2251 632 2305 Vens.
663 2251 750 2303 20.
777 2280 844 2287 —
870 2271 890 2297 ι
916 2249 976 2302 In
1028 2249 1119 2303 die
1147 2250 1269 2320 ejus
1298 2250 1629 2319 stupebunt.
1666 2272 1686 2298 ι
1716 2250 1859 2314 Quia
1910 2255 2070 2306 tanta

373 2344 508 2392 tunc
566 2340 728 2408 signa
799 2338 1318 2406 demonstraturus,
1395 2343 1520 2406 etc.,
1598 2355 1767 2408 usque
1822 2341 1896 2394 ad
1954 2358 2070 2395 me-

370 2430 538 2481 tuunt
567 2431 852 2480 tormenta
893 2443 1023 2497 quae
1056 2427 1310 2480 vincunt.
1369 2449 1389 2475 ι
1447 2427 1514 2480 Et
1569 2427 1787 2497 primos
1837 2428 2070 2483 invadet

369 2516 593 2580 horror,
635 2537 654 2562 ι
686 2515 742 2568 id
773 2521 876 2581 est,
905 2516 1078 2570 corda
1117 2515 1431 2569 electorum
1487 2531 1696 2584 pavore
1751 2516 2063 2572 ferientur:

370 2605 520 2658 unde
563 2604 835 2675 scriptum
893 2609 979 2657 est
1011 2620 1024 2657 :
1061 2626 1081 2652 ι
1118 2604 1201 2658 Ita
1232 2607 1294 2657 ut
1323 2603 1384 2656 in
1415 2619 1669 2658 errorem
1702 2606 2063 2674 inducantur,

368 2693 416 2746 si
446 2693 571 2747 fieri
597 2698 800 2764 potest,
836 2692 1011 2746 etiam
1061 2691 1224 2746 electi
1263 2693 1492 2760 (Matth.
1530 2696 1696 2764 xxiv),
1726 2717 1746 2742 »
1784 2711 1896 2750 non
1945 2696 2068 2768 qui-

367 2782 496 2836 dem
524 2781 727 2847 casnri,
761 2782 855 2835 sed
890 2781 1228 2852 trepidaturi
1263 2797 1327 2835 ex
1357 2797 1548 2836 carne.

441 2871 621 2924 Vens.
662 2873 843 2924 21.—
870 2892 890 2917 ι
931 2871 1057 2923 Hec
1085 2874 1219 2924 sunt
1268 2885 1406 2942 ergo
1467 2871 1856 2926 tabernacula.
1895 2895 1914 2921 ι
1986 2875 2061 2928 De

2185 487 2262 537 se,
2296 475 2494 542 postea
2524 471 2584 524 in
2613 471 2755 524 alios
2786 470 3044 542 erigitur.

2257 560 2418 614 Vens.
2453 561 2504 621 5,
2560 588 2633 600 -
2667 581 2694 608 ‹‹
2752 563 2824 614 At
2869 576 2965 613 vos
3007 564 3203 614 contra
3255 576 3345 614 me
3399 559 3704 630 erigimini.
3744 585 3762 608 ι
3812 563 3866 616 ld

2185 654 2288 713 est,
2369 649 2746 719 vosmetipsos
2796 648 3216 718 redarguendos
3288 648 3636 720 relinquitis,
3685 655 3740 704 et
3783 669 3868 706 me

2183 735 2455 791 districtis
2519 737 2818 790 sententiis
2886 737 3266 808 increpatis.»
3332 739 3397 792 Et
3446 739 3678 809 arguitis
3704 756 3814 793 me.
3840 764 3864 788 »

2182 825 2326 889 Quia
2387 826 2487 896 qui
2537 842 2670 880 eum
2721 828 2939 896 justum
2997 831 3127 880 ante
3176 827 3404 897 ﬂagella
3458 833 3752 894 noverant,
3785 829 3868 883 in-

2174 913 2397 983 justum
2427 929 2548 968 esse
2573 931 2640 968 ex
2670 915 2794 986 ipsa
2834 914 2955 985 jam
2999 930 3100 968 sua
3130 915 3495 985 percussione
3518 915 3866 986 judicabant.

2256 1003 2418 1056 Vens.
2471 1006 2522 1058 6.
2582 1033 2650 1043 —
2703 1025 2726 1052 ι
2787 1003 3003 1058 Saltem
3063 1019 3214 1057 nunc
3253 1002 3574 1074 intelligite.
3621 1005 3731 1059 Hoc
3761 1005 3868 1059 Do-

2181 1092 2370 1146 minus
2421 1093 2488 1147 de
2553 1093 2651 1146 illo
2681 1093 2901 1147 dixerat
2948 1091 3302 1165 (commovisti
3324 1108 3407 1147 me
3462 1092 3724 1148 adversus
3757 1111 3868 1148 eum

2179 1182 2414 1253 frustra)
2446 1183 2602 1253 quod
2632 1183 2752 1253 ipse
2784 1181 2853 1236 de
2884 1199 2943 1236 se
2995 1181 3223 1238 asserit:
3259 1183 3395 1254 quia
3444 1199 3560 1237 non
3592 1200 3758 1254 aequo
3781 1186 3868 1255 ju-

2180 1269 2326 1324 dicio
2347 1287 2380 1324 a
2401 1271 2644 1326 Domino
2666 1271 2738 1327 sit
2759 1271 3021 1326 afﬂictus.
3047 1271 3105 1328 Si
3125 1271 3280 1326 enim
3305 1271 3416 1326 vita
3435 1273 3556 1342 ejus
3577 1277 3634 1326 et
3652 1272 3873 1344 ﬂagella

2180 1365 2513 1429 pensantur,
2560 1376 2678 1414 non
2725 1376 2889 1430 aequo
2913 1359 3133 1430 judicio
3166 1359 3392 1414 videtur
3421 1360 3708 1415 afﬂictus:
3743 1362 3870 1432 quia

2178 1463 2313 1500 vero
2371 1448 2574 1502 merita
2624 1449 2745 1519 ejus
2792 1466 2857 1502 ex
2905 1449 3147 1520 ﬂagellis
3197 1449 3527 1515 cumulavit,
3587 1451 3732 1504 Deus
3761 1466 3869 1504 non

2180 1535 2393 1606 injusto
2425 1537 2643 1607 judicio
2701 1537 2806 1592 Job
2855 1537 3075 1592 afﬂixit.
3109 1560 3135 1586 ‹‹
3165 1537 3308 1602 Quia
3361 1539 3506 1592 Deus
3545 1556 3664 1593 non
3713 1555 3870 1611 sequo

2175 1624 2413 1694 judicio.
2439 1647 2465 1674 ››
2501 1625 2884 1680 Astruendum
2935 1625 3115 1694 igitur
3163 1631 3267 1691 est,
3303 1627 3454 1695 quod
3487 1631 3542 1680 et
3570 1628 3720 1682 Deus
3749 1644 3870 1681 cum

2176 1713 2281 1766 Job
2315 1719 2462 1767 recte
2489 1713 2626 1784 egit,
2660 1717 2716 1768 et
2745 1717 2940 1768 tamen
2970 1730 3081 1768 non
3105 1713 3400 1780 mentitur,
3436 1713 3536 1785 qui
3567 1730 3684 1768 non
3716 1731 3870 1787 aeque

2178 1801 2303 1856 fieri
2335 1801 2516 1856 dicit:
2580 1801 2838 1874 alioquin
2896 1803 3155 1857 diabolus
3221 1802 3352 1857 vicit
3402 1803 3482 1873 (in
3514 1820 3580 1858 eo
3622 1804 3779 1875 quod
3807 1805 3871 1858 de

2178 1890 2331 1944 beati
2388 1891 2494 1944 viri
2539 1891 2705 1962 culpa
2754 1892 3118 1962 promiserat)
3178 1908 3352 1962 quem
3406 1893 3553 1946 Deus
3600 1893 3866 1947 laudavit.

2180 1981 2296 2034 Hoc
2316 1996 2431 2034 non
2459 1980 2648 2042 elatio,
2675 1981 2771 2034 sed
2801 1981 2968 2035 dolor
2995 1981 3245 2035 extorsit.
3297 1982 3487 2036 Bonus
3509 1982 3552 2036 si
3579 1983 3638 2036 in
3673 1982 3868 2036 humili

2178 2073 2392 2134 mente,
2447 2069 2707 2138 exigente
2757 2085 2926 2124 causa
2987 2070 3074 2124 vel
3115 2069 3334 2139 dolore,
3367 2070 3515 2125 bona
3537 2071 3607 2126 de
3637 2088 3700 2126 se
3721 2072 3866 2135 dicit,

2175 2174 2291 2212 non
2313 2163 2524 2228 peccat.
2560 2177 2587 2209 α
2607 2159 2672 2212 Et
2687 2158 2930 2229 ﬂagellis
2951 2159 3069 2213 suis
3091 2175 3181 2212 me
3195 2158 3454 2214 cinxerit.
3479 2182 3506 2207 ››
3544 2161 3691 2215 Cum
3723 2164 3863 2215 tanta

2178 2263 2281 2301 nos
2341 2246 2570 2301 afﬂictio
2633 2247 2920 2318 deprimit,
2976 2252 3039 2302 ut
3086 2247 3298 2302 nullius
3346 2248 3430 2302 rei
3483 2249 3864 2304 consolatione

2176 2336 2466 2404 respirare
2521 2337 2748 2389 animus
2787 2336 2983 2407 possit,
3019 2352 3134 2390 non
3186 2338 3308 2406 jam
3364 2337 3609 2406 ﬂagellis
3659 2340 3863 2392 solum-

2175 2425 2349 2478 modo
2380 2425 2638 2490 ferimur,
2689 2426 2787 2479 sed
2819 2425 2992 2479 etiam
3025 2425 3332 2494 cingimur,
3376 2426 3512 2496 quia
3549 2428 3861 2482 tribulatio-
3943 2421 3948 2426 ’

2176 2528 2318 2568 num
2356 2513 2589 2567 verbere
2621 2529 2685 2567 ex
2725 2514 2884 2567 omni
2912 2517 3070 2584 parte
3099 2514 3536 2569 circumdamur.

2247 2603 2409 2656 Vens.
2435 2606 2484 2655 7.
2520 2633 2587 2641 —
2627 2623 2650 2650 ι
2696 2603 2834 2656 Ecce
2871 2603 3129 2657 clamabo
3173 2603 3286 2656 vim
3344 2603 3588 2674 patiens.
3616 2625 3643 2657 io
3687 2605 3864 2674 (Ibid)

2178 2691 2327 2744 Deus
2373 2690 2512 2760 quid
2555 2689 2722 2744 nobis
2753 2690 3119 2760 profuturum
3149 2690 3223 2744 sit
3273 2691 3476 2757 sciens,
3509 2697 3645 2760 etc.,
3700 2709 3858 2762 usque

2175 2778 2250 2832 ad
2279 2777 2378 2849 qui
2408 2793 2511 2830 nec
2541 2778 2994 2848 agendaqueunt
3026 2779 3368 2833 discernere.

2247 2867 2406 2921 Vens.
2430 2869 2481 2921 8.
2515 2896 2582 2906 —
2615 2888 2642 2914 «
2672 2866 2946 2921 Semitam
2997 2883 3182 2921 meam
3227 2867 3647 2939 circumsepsit,
3701 2875 3803 2925 etc.
3836 2893 3860 2918 ιι

366 2957 472 3012 hoc
493 2958 633 3012 illud
667 2959 862 3013 retulit
908 2959 1063 3030 quod
1119 2959 1364 3027 dixerat,
1395 2967 1524 3026 etc.,
1586 2976 1753 3030 usque
1804 2963 1880 3016 ad
1908 2964 2063 3033 quod
2097 2956 2136 3010 C
2173 2955 2625 3024 Circumseptam
2674 2955 3006 3010 verberibus
3053 2955 3318 3010 semitam
3349 2972 3511 3010 suam
3557 2958 3719 3024 vidit,
3743 2975 3863 3013 cum

367 3052 626 3102 sanctum
654 3047 758 3102 Job
789 3047 1094 3102 credebant
1124 3065 1229 3118 pro
1268 3049 1571 3120 iniquitate
1602 3066 1953 3120 percussum.

1037 3191 1262 3245 CAPUT
1288 3191 1420 3245 XIX.

437 3315 597 3367 Vens.
624 3316 676 3368 '2.
711 3342 780 3351 --
817 3335 837 3361 ι
871 3314 1174 3384 Usquequo
1212 3314 1470 3384 afﬂigitis
1501 3320 1607 3369 etc.
1652 3337 1671 3362 ι
1712 3315 1812 3383 (Gn
1828 3318 1941 3386 ec.)
1972 3321 2065 3372 At-

369 3405 636 3454 teruntur
658 3400 793 3454 boni
822 3401 1186 3454 sermonibus
1219 3402 1576 3472 iniquorum,
1602 3403 1836 3472 quando
1867 3411 2067 3460 contra

305 3537 310 3540 .
368 3504 466 3542 eos
497 3488 583 3542 illi
611 3489 671 3542 in
698 3487 886 3542 verbis
916 3492 1161 3551 tument,
1189 3489 1289 3559 qui
1342 3497 1442 3544 aut
1497 3489 1555 3543 in
1614 3506 1882 3560 perversa
1928 3494 2062 3560 fide,

369 3578 468 3628 aut
500 3573 556 3626 in
588 3571 776 3643 pravis
807 3573 1061 3626 moribus
1078 3577 1291 3641 jacent.

442 3662 604 3716 Vens.
644 3664 694 3716 3.
735 3691 803 3700 —
852 3683 873 3710 ι
921 3663 998 3714 En
1040 3661 1226 3716 decies
1272 3661 1623 3716 confunditis
1670 3680 1780 3717 me.
1823 3686 1843 3712 ι
1881 3664 2064 3737 (Ibid)

369 3750 514 3814 Quia
563 3751 633 3804 ab
689 3751 770 3803 eis
828 3749 1137 3821 quinquies
1193 3751 1614 3822 increpationes
1671 3753 1951 3820 audierat,
2010 3759 2066 3810 et

367 3839 676 3910 quinquies
707 3839 1023 3909 respondit,
1049 3839 1233 3894 decies
1275 3856 1333 3894 se
1385 3840 1647 3911 perhibet
1697 3858 1818 3895 esse
1872 3844 2066 3898 confu-

367 3935 516 3974 sum.
558 3919 700 3983 Quia
731 3918 791 3972 in
822 3935 888 3973 eo
915 3919 1072 3990 quod
1098 3920 1351 3990 graviter
1379 3921 1708 3991 increpatus
1740 3926 1844 3989 est,
1903 3928 1959 3976 et
2003 3925 2064 3977 in

366 4023 433 4061 eo
464 4009 614 4078 quod
647 4008 818 4063 verba
856 4008 1133 4063 doctrinae
1163 4023 1277 4064 oon
1308 4009 1675 4065 audientibus
1725 4011 1879 4080 dicit,
1929 4028 2062 4067 con-

364 4095 649 4150 fusionem
691 4096 948 4166 pertulit,
1002 4098 1062 4150 in
1101 4097 1218 4150 suis
1261 4097 1768 4168 increpationibus,
1820 4099 1956 4170 quia
2000 4101 2063 4155 in

365 4184 448 4238 eis
496 4200 613 4238 non
668 4185 928 4254 proficit;
1009 4185 1069 4239 in
1126 4201 1326 4240 eorum
1373 4186 1880 4258 increpationibus,
1923 4190 2060 4261 quia

367 4273 526 4327 dolet
555 4273 625 4327 de
653 4273 934 4344 pravitate
968 4289 1144 4343 quam
1173 4273 1349 4327 audit.

441 4383 462 4410 ι
503 4363 583 4416 En
640 4361 846 4416 decies.
883 4382 904 4410 ι
944 4361 1146 4432 (Ιὸίἁ.)
1201 4362 1445 4416 Ecclesia
1493 4363 1830 4434 decalogum
1858 4371 2062 4432 servat,

366 4449 459 4503 cui
514 4450 700 4520 iniqui
759 4451 928 4504 toties
982 4449 1380 4504 confusionem
1437 4451 1672 4520 faciunt,
1723 4453 1946 4524 quoties
2003 4456 2063 4508 in

369 4539 486 4592 suis
518 4539 736 4592 actibus
765 4538 970 4592 divinis
999 4538 1230 4592 vocibus
1261 4539 1566 4594 obsistunt.

442 4651 463 4677 κ
505 4628 568 4682 Et
595 4643 712 4681 non
741 4626 1075 4680 erubescitis
1103 4627 1496 4698 opprimentes
1524 4645 1636 4682 me.
1675 4650 1696 4676 ι
1731 4628 1874 4684 Sunt
1923 4647 2064 4685 non-

367 4717 508 4771 nulli
541 4733 687 4788 quos
731 4715 802 4770 ad
859 4716 1305 4788 perpetrandam
1355 4717 1674 4787 nequitiam
1727 4718 1926 4774 oborta
1967 4737 2060 4775 su-

363 4805 481 4859 bito
515 4805 733 4860 malitia
763 4804 987 4872 invitat,
1020 4805 1116 4860 sed
1159 4809 1352 4859 tamen
1409 4806 1666 4861 humana
1722 4809 2063 4864 verecundia

366 4900 610 4950 revocat.

439 4985 599 5038 Vens.
639 4986 693 5039 4.
724 5015 797 5024 -
847 5006 868 5032 «
932 4985 1147 5054 Nempe
1203 4988 1259 5037 et
1306 4983 1352 5038 si
1406 4983 1682 5054 ignoravi.
1749 5007 1770 5033 ι
1811 4985 2064 5040 Scientia

366 5073 766 5128 haereticorum
802 5089 920 5128 non
981 5077 1065 5128 est
1102 5088 1231 5126 cum
1261 5073 1362 5135 eis,
1395 5072 1492 5126 sed
1523 5078 1722 5126 contra
1745 5089 1862 5140 eos,
1923 5075 2061 5130 dum

364 5161 545 5216 inﬂat.
627 5162 736 5217 Sed
790 5161 1052 5217 Ecclesia:
1107 5161 1450 5232 ignorantia,
1484 5161 1641 5232 quod
1697 5179 1902 5217 arcana
1947 5179 2059 5217 non

365 5255 554 5320 potest
584 5255 882 5321 penetrare
908 5266 1038 5304 cum
1083 5266 1150 5303 ea
1203 5254 1306 5314 est,
1339 5250 1474 5320 quia
1503 5265 1608 5319 pro
1669 5265 1755 5315 ea,
1815 5251 1953 5304 dum
2002 5268 2060 5306 se

365 5337 666 5405 humiliat;
729 5341 785 5392 et
849 5337 987 5410 quia
1046 5336 1299 5392 haeretici
1348 5337 1504 5408 quod
1560 5343 1830 5408 quaerunt
1892 5339 2057 5406 scire,

365 5425 535 5479 elatio
565 5431 670 5492 est,
729 5430 795 5480 ut
835 5431 1031 5480 contra
1089 5425 1273 5480 bonos
1325 5425 1476 5479 docti
1508 5425 1782 5491 videatur,
1835 5427 2054 5483 subdit:

365 5529 463 5568 vos
513 5519 710 5569 contra
767 5530 829 5567 ex
890 5531 980 5568 me
1059 5530 1324 5584 percusso
1372 5519 1568 5568 contra
1625 5531 1723 5569 vos
1776 5515 2057 5570 deberetis

2171 3043 2414 3098 transire
2434 3044 2506 3098 ad
2534 3043 2899 3098 securitatem
2930 3043 3187 3114 cupiens,
3219 3045 3460 3100 evadere
3498 3045 3726 3118 ﬂagella
3758 3064 3864 3101 non

2171 3131 2397 3203 potuit:
2431 3138 2488 3186 et
2531 3133 2695 3204 ί,αεὶ
2721 3132 2783 3186 in
2831 3133 2972 3187 calle
3001 3133 3186 3188 cordis
3210 3134 3556 3205 ignorantia:
3604 3137 3864 3192 tenebras

2171 3221 2409 3288 invenit,
2441 3221 2540 3292 qui
2576 3237 2679 3276 cur
2725 3221 2804 3276 ita
2828 3222 3233 3292 ﬂagellaretur,
3285 3229 3592 3293 penetrare
3625 3242 3743 3280 non
3773 3243 3864 3297 po-

2173 3309 2307 3364 tuit.

2244 3398 2403 3451 Vens.
2447 3401 2499 3452 9.
2549 3419 2670 3446 —«
2717 3397 2994 3469 Spoliavit
3031 3415 3122 3453 me
3177 3399 3360 3471 gloria
3409 3416 3555 3456 mea.
3607 3424 3636 3452 »
3700 3403 3863 3457 Plane

2172 3485 2294 3540 haec
2330 3485 2434 3539 Job
2461 3485 2980 3556 conveniunt,etc.,
3021 3503 3190 3556 usque
3225 3488 3300 3542 ad
3323 3489 3533 3560 quibus
3571 3491 3864 3546 ruentibus

2171 3574 2350 3627 latius
2375 3574 2525 3628 cadit
2546 3575 2846 3630 exercitus.

2245 3664 2404 3717 Vens.
2453 3665 2536 3718 10.
2567 3693 2635 3705 -
2671 3685 2698 3712 ‹‹
2731 3665 3018 3720 Destruxit
3081 3681 3172 3720 me
3228 3665 3484 3738 undique
3505 3671 3560 3721 et
3595 3684 3788 3738 pereo,
3815 3673 3864 3722 et

2173 3751 2336 3821 quasi
2386 3753 2590 3806 evulsas
2652 3753 2865 3819 arbori,
2898 3774 2924 3801 ››
2954 3758 3058 3808 etc.
3114 3753 3302 3809 Arbor
3340 3760 3508 3809 vento
3553 3756 3864 3829 impellitur

2172 3845 2235 3894 ut
2273 3839 2574 3895 cadatzsic
2625 3841 2893 3896 inﬁrmus
2952 3841 3124 3897 minis
3155 3843 3224 3897 ad
3283 3843 3628 3914 injustitiam
3682 3846 3850 3900 trahi-

2171 3933 2286 3995 tur,
2322 3934 2380 3983 et
2427 3934 2642 3984 aeterna
2668 3947 2796 4001 qum
2852 3931 3118 4002 sperabat
3171 3932 3568 4004 relinquit;et
3597 3935 3737 4006 quia
3768 3935 3858 3988 ali-

2172 4017 2402 4088 quando
2472 4017 2572 4089 qui
2651 4019 2838 4088 poenis
2909 4020 3142 4076 territus
3213 4021 3496 4092 justitiam
3573 4023 3859 4096 relinquit,

2172 4121 2369 4177 pmnas
2400 4110 2592 4161 tamen
2629 4123 2749 4162 non
2773 4109 2981 4164 evadit.

2246 4195 2408 4250 Vens.
2452 4199 2534 4250 tl.
2560 4224 2633 4235 —
2667 4219 2686 4245 ι
2723 4198 2908 4252 Iratus
2937 4202 3021 4252 est
3048 4203 3244 4253 contra
3273 4215 3385 4254 me.
3427 4222 3446 4248 ι
3474 4201 3582 4266 Qui
3615 4202 3768 4256 enim
3791 4201 3863 4256 ita

2172 4283 2514 4352 percutitur,
2545 4288 2608 4338 ut
2636 4284 2787 4339 vires
2817 4286 2941 4356 ejus
2993 4291 3354 4356 superentur,
3389 4304 3505 4342 non
3539 4289 3696 4345 hunc
3727 4291 3861 4345 Deus

2172 4376 2238 4425 nt
2287 4370 2471 4426 ﬁlium
2519 4389 2622 4444 per
2681 4373 3063 4446 disciplinam,
3123 4376 3219 4430 sed
3249 4381 3313 4431 ut
3341 4376 3562 4432 hostem
3612 4380 3745 4434 ferit
3770 4395 3861 4450 per

2173 4460 2317 4514 iram
2342 4477 2356 4515 :
2388 4461 2541 4515 unde
2571 4467 2628 4516 et
2647 4464 2956 4533 propheta:
2995 4486 3015 4512 ‹
3055 4464 3230 4535 Plaga
3259 4465 3477 4520 inimici
3503 4467 3761 4538 percussi
3788 4473 3858 4533 te,

2171 4549 2542 4619 castigatione
2600 4551 2820 4605 crudeli
2867 4552 3081 4622 (Jerem.
3156 4554 3305 4624 xxx).
3343 4576 3363 4602 ι
3412 4554 3481 4608 Et
3531 4557 3671 4626 quia
3723 4571 3859 4625 saepe

2173 4637 2410 4708 maligni
2457 4639 2688 4709 spiritus
2733 4640 2999 4696 cordibus
3029 4641 3374 4698 afﬂictarum
3397 4643 3578 4699 multa
3608 4645 3858 4706 suadent,

2171 4731 2228 4780 et
2256 4726 2302 4779 si
2331 4726 2472 4796 quid
2498 4727 2632 4782 boni
2651 4733 2738 4783 est
2763 4729 3054 4798 furantur,
3089 4731 3248 4786 addit
3284 4748 3297 4785 :

2244 4815 2399 4870 Vens.
2460 4818 2541 4872 l2.
2603 4840 2624 4866 ι
2687 4817 2870 4873 Simul
2924 4825 3206 4874 venerunt
3262 4820 3532 4876 latrones.
3596 4844 3616 4870 ι
3667 4822 3725 4876 Id
3785 4825 3860 4874 est

2171 4903 2410 4973 maligni
2431 4906 2684 4976 spiritus,
2735 4907 2836 4977 qui
2865 4908 3230 4979 exquirendis
3278 4909 3580 4964 hominum
3613 4909 3859 4964 moribus

2170 4995 2555 5061 occupantur:
2620 4995 2721 5064 qui
2758 4995 2908 5050 viam
2951 4997 3058 5051 sibi
3102 4997 3164 5051 in
3211 4997 3551 5054 afﬂictarum
3608 4998 3856 5054 cordibus

2168 5078 2406 5149 faciunt,
2468 5081 2700 5150 quando
2758 5083 2909 5138 inter
2959 5085 3194 5141 adversa
3237 5103 3368 5157 quae
3423 5088 3670 5142 exterius
3726 5087 3854 5141 tole-

2166 5175 2389 5232 rantur,
2431 5171 2804 5241 cogitationes
2857 5189 3088 5246 quoque
3144 5193 3348 5246 pravas
3393 5177 3702 5232 immittere
3751 5191 3851 5231 non

2169 5257 2468 5312 desistunt.
2551 5281 2572 5307 α
2639 5261 2701 5314 Et
2770 5260 3117 5320 obsederunt
3187 5264 3246 5318 in
3318 5281 3459 5336 gyro
3535 5267 3852 5322 tabernacu-

2167 5343 2309 5410 lum,
2359 5368 2378 5394 ι
2431 5352 2534 5402 etc.
2604 5350 2666 5402 In
2712 5365 2850 5420 gyro
2907 5349 3342 5407 tabernaculum
3396 5354 3676 5420 obsident,
3733 5360 3846 5416 etc.,

2165 5449 2334 5503 usque
2353 5435 2428 5489 ad
2455 5452 2625 5491 omne
2655 5454 2863 5508 corpus
2889 5439 3017 5510 ejus
3041 5440 3325 5496 ulceribus
3353 5448 3413 5496 at
3425 5444 3721 5497 triverunt.

2238 5523 2396 5578 Vens.
2430 5526 2513 5577 l3.
2546 5554 2614 5564 —
2645 5547 2664 5570 ι
2725 5527 2942 5580 Fratres
2972 5543 3130 5583 meos
3181 5529 3368 5600 longe.
3403 5554 3423 5578 ι
3449 5531 3642 5599 (Ibat)
3700 5528 3845 5584 Modo
