4082 6184
228 256 335 307 809

244 472 469 538 fratres,
497 477 554 525 ct
586 471 706 525 noti
764 475 1159 536 recesserunt;
1206 486 1377 539 quem
1436 476 1696 525 tenentes
1753 473 1939 542 legem

234 561 582 631 prophetare
635 564 930 624 noverant,
978 562 1034 611 et
1089 563 1429 627 praesentem
1491 557 1727 611 minime
1782 572 1938 609 reco-

235 649 611 719 gnOSCebant.
660 647 843 702 Judaei
901 645 1115 700 etenim
1165 646 1473 716 propinqui
1521 662 1624 716 per
1685 661 1936 709 carnem,

239 738 437 793 etnoti
492 754 596 808 per
660 738 804 808 legis
860 736 1314 800 instructionem,
1359 735 1521 806 quasi
1578 734 1739 788 obliti
1768 750 1939 805 quem

235 827 426 882 verbis
465 828 609 899 legis
647 844 752 897 per
806 826 979 880 ﬁdem
1043 825 1547 895 prophetaverant,
1592 823 1777 878 verbis
1806 840 1937 894 per-

234 915 777 970 ﬁdiaeincarnatum
845 914 1153 984 negabant,

313 1004 471 1057 Vnus.
506 1006 588 1057 15.
624 1034 690 1043 —-
725 1025 744 1051 α
787 1001 1060 1073 lnquilini
1121 1002 1322 1055 domus
1369 1017 1531 1054 mete.
1572 1023 1590 1047 ι
1644 1001 1705 1054 ld
1740 1005 1823 1054 est
1852 1017 1939 1054 sa-

238 1092 521 1158 cerdotes,
555 1107 801 1161 quorum
861 1090 1023 1160 origo
1078 1089 1134 1143 in
1194 1090 1289 1142 Dei
1349 1090 1576 1142 servitio
1645 1090 1937 1159 deputata,

228 1182 353 1249 jam
382 1196 486 1249 per
516 1179 770 1233 ofﬁcium
794 1179 853 1231 in
888 1177 1216 1232 conditione
1248 1178 1549 1231 tenebatur
1585 1199 1604 1225 α
1633 1177 1878 1232 ancillae.
1913 1200 1933 1224 ι

237 1268 561 1322 Levitarum
607 1268 815 1321 animte
855 1272 990 1321 sunt
1017 1267 1089 1321 ad
1117 1272 1331 1321 secreta
1370 1266 1743 1330 tabernaculi,
1777 1265 1939 1336 quasi

236 1357 309 1410 ad
368 1357 646 1410 interiora
692 1355 939 1410 cubiculi
1024 1355 1363 1409 familiarius
1438 1355 1763 1409 servientes.
1800 1377 1820 1403 ι
1872 1356 1940 1408 Et

236 1445 405 1515 quasi
434 1444 773 1515 peregrinus
796 1444 900 1508 fui,
938 1448 1042 1498 etc.
1086 1466 1107 1491 ι
1140 1444 1282 1508 Quia
1312 1461 1346 1498 a
1376 1460 1669 1515 synagoga
1710 1460 1823 1497 non
1855 1448 1940 1497 est

233 1534 536 1603 cognitus;
592 1533 745 1587 unde
801 1540 857 1587 et
921 1534 1242 1603 propheta:
1290 1556 1310 1581 ι
1364 1533 1534 1596 Quasi
1570 1534 1806 1586 colonus
1849 1533 1937 1585 fu-

232 1628 401 1676 turus
430 1638 488 1676 es
544 1622 603 1675 in
653 1626 823 1688 terra,
870 1627 927 1675 et
964 1622 1127 1692 quasi
1164 1622 1345 1675 viator
1373 1622 1663 1675 declinans
1715 1622 1783 1675 ad
1816 1638 1935 1674 ma-

233 1712 489 1764 nendum
525 1712 660 1779 (Jer.
696 1712 821 1774 xiv).
861 1733 881 1758 ι
918 1711 1021 1774 Qui
1059 1710 1213 1763 enim
1265 1716 1327 1763 ut
1374 1711 1649 1763 Dominus
1703 1710 1934 1763 auditus

232 1815 353 1853 non
384 1805 487 1865 est,
523 1815 639 1852 non
660 1815 953 1869 possessor
978 1799 1123 1867 agri,
1155 1799 1254 1852 sed
1281 1821 1300 1846 «
1325 1799 1560 1851 colonus
1597 1822 1616 1845 ι»
1639 1805 1723 1852 est
1752 1799 1931 1852 credi-

233 1894 365 1941 tus:
407 1911 425 1936 ι
452 1888 1011 1959 Quiquasiviatorad
1026 1887 1376 1941 manendum
1408 1887 1730 1953 declinavit,
1762 1908 1779 1933 υ
1801 1887 1935 1956 quia

235 1994 451 2047 paucos
507 1994 573 2032 ex
609 1978 805 2031 Iudaea
862 1977 1116 2039 abstulit,
1177 1981 1233 2031 et
1274 1977 1345 2031 ad
1405 1977 1762 2031 vocationem
1800 1993 1936 2047 gen-

231 2068 380 2120 tium
413 2082 657 2137 pergens
686 2066 795 2120 iter
826 2070 1078 2135 coeptum
1108 2066 1349 2136 peregit.

307 2157 469 2209 Vens.
507 2160 589 2210 lb’.
624 2187 691 2195 —
736 2178 756 2203 α
792 2154 1029 2209 Servum
1065 2170 1258 2208 meum
1291 2152 1503 2207 vocavi.
1536 2176 1555 2201 ιι
1592 2152 1798 2207 Servus
1845 2155 1937 2208 .Iu-

235 2244 435 2298 daicus
463 2245 713 2315 populus
734 2243 862 2310 fuit,
900 2244 1104 2297 timore
1122 2244 1479 2313 obsequens;
1515 2258 1685 2312 quem
1717 2243 1936 2297 collatis

234 2334 597 2395 muneribus,
632 2333 791 2403 quasi
819 2331 1390 2398 emissisvocibus,ad
1411 2330 1689 2385 seducere
1718 2331 1933 2397 statuit,

228 2423 327 2477 sed
361 2438 479 2475 non
536 2421 853 2491 respondit,
910 2420 1045 2491 quia
1103 2420 1279 2490 digna
1346 2436 1520 2490 opera
1591 2420 1757 2473 donis
1813 2420 1935 2489 ejus

232 2509 477 2564 reddere
549 2508 911 2577 contempsit.
986 2531 1005 2557 ‹
1086 2509 1193 2563 Ore
1255 2508 1490 2579 proprio
1548 2508 1871 2563 decorabat.
1910 2529 1929 2555 ι

235 2596 346 2662 Qui
372 2600 566 2650 autem
592 2596 645 2649 ei
696 2600 780 2649 tot
808 2600 1114 2667 praecepta,
1148 2597 1556 2667 prophetarum
1614 2614 1712 2651 ore
1766 2613 1937 2651 man-

236 2688 527 2747 daveram,
572 2701 669 2739 ore
726 2685 957 2756 proprio
1018 2686 1401 2755 deprecabar:
1461 2685 1595 2755 quia
1653 2685 1713 2739 in
1765 2702 1935 2740 carne

241 2778 610 2837 monstratus,
673 2773 809 2826 dum
868 2772 1139 2827 mandata
1217 2774 1344 2826 vitae
1419 2774 1714 2827 humiliter
1770 2774 1932 2841 dixit,

242 2861 408 2931 quasi
443 2861 866 2931 superbientem
906 2876 1130 2914 servum
1154 2865 1219 2914 ut
1250 2860 1485 2929 veniret,
1519 2861 1754 2930 rogavit.

314 2950 468 3003 Vens.
506 2953 586 3003 l7.
607 2980 671 2988 —-
708 2972 729 2997 ι
763 2949 1012 3002 Halitum
1041 2965 1235 3003 meum
1267 2948 1563 3003 exhorruit
1581 2965 1739 3016 uxor,
1774 2954 1878 3002 etc.
1910 2969 1931 2995 »
1970 2949 2008 3003 C

243 3039 395 3093 Uxor
430 3038 653 3092 Domini
698 3042 829 3101 etc.,
881 3053 1049 3107 usque
1086 3038 1161 3091 ad
1235 3054 1363 3108 quae
1424 3037 1747 3091 carnalibus
1808 3053 1936 3090 sen-

236 3127 402 3181 sibus
468 3127 657 3181 dedita
710 3126 1120 3180 incarnationis
1196 3127 1318 3196 ejus
1397 3126 1732 3196 mysterium
1821 3142 1937 3179 non

234 3217 492 3287 agnovit.

314 3328 337 3353 ι
377 3307 439 3359 Et
480 3303 715 3358 orabam
745 3303 892 3358 ﬁlios
920 3302 1090 3357 uteri.
1136 3325 1157 3351 ι
1198 3304 1431 3356 Uterum
1473 3303 1595 3369 Dei,
1636 3301 1937 3357 consilium

232 3394 366 3463 ejus
415 3393 691 3447 debemus
744 3392 1037 3462 accipere;
1093 3391 1152 3444 in
1209 3407 1324 3460 quo
1378 3395 1507 3444 ante
1556 3391 1764 3444 sazcula
1835 3406 1939 3461 per

228 3481 804 3551 praedestinationem
832 3479 1089 3549 concepti
1120 3495 1339 3540 sumus,
1372 3484 1437 3532 ut
1457 3479 1635 3533 creati
1663 3496 1768 3550 per
1824 3495 1934 3533 sas—

234 3571 369 3624 cula
422 3570 828 3641 producamur.
865 3568 1053 3622 Oravit
1089 3583 1224 3635 ergo
1256 3568 1402 3622 filios
1433 3568 1583 3622 uteri
1613 3568 1741 3622 sui:
1803 3568 1938 3639 quia

235 3676 339 3714 eos
360 3675 506 3725 quos
527 3657 795 3726 condidit,
817 3658 1146 3711 incarnatus
1166 3656 1460 3711 humiliter
1481 3656 1720 3727 rogavit.

310 3748 483 3802 Vnus.
522 3749 605 3801 18.
646 3776 708 3786 —
763 3768 783 3793 α
836 3745 1006 3801 Stulti
1055 3760 1283 3816 quoque
1323 3744 1732 3815 despiciebant,
1765 3747 1871 3797 etc.
1910 3765 1931 3791 ι

230 3835 386 3899 Quia
414 3835 551 3889 dum
584 3832 903 3904 legisperiti
938 3835 1117 3887 Deum
1166 3833 1543 3903 despicerent,
1594 3848 1794 3885 eorum
1848 3832 1936 3885 in-

230 3924 634 3977 credulitatem
674 3922 842 3975 turba
866 3922 1067 3992 populi
1098 3927 1287 3975 secuta
1318 3925 1417 3974 est.
1455 3920 1686 3974 Relictis
1718 3920 1939 3991 sapien-

229 4013 417 4077 tibus,
459 4026 742 4080 pauperes
799 4014 855 4064 et
893 4011 1095 4064 stultos
1134 4013 1367 4063 venerat
1423 4025 1681 4080 quaerere
1712 4028 1728 4061 :
1785 4008 1936 4062 unde

232 4116 375 4154 cum
406 4103 716 4168 augmento
754 4098 963 4152 doloris
1009 4098 1147 4152 dicit
1170 4121 1190 4147 ι
1229 4098 1399 4152 Stulti
1459 4113 1723 4169 quoque;
1759 4118 1779 4144 ι
1833 4113 1937 4167 pro

228 4187 452 4258 quibus
480 4202 615 4256 ergo
647 4186 948 4239 stultitiam
976 4185 1244 4256 suscepit.
1276 4185 1526 4239 Verbum
1548 4201 1678 4238 caro
1698 4185 1932 4251 factum,

229 4274 637 4345 despiciebant
693 4290 802 4328 me.
868 4296 888 4322 ‹
930 4276 996 4327 Et
1048 4291 1179 4328 cum
1240 4274 1310 4328 ad
1360 4274 1440 4328 eis
1492 4274 1871 4328 recessissem.
1908 4296 1929 4322 ι

226 4363 414 4429 Quasi
444 4363 746 4417 accedebat
801 4363 871 4416 ad
916 4379 1011 4416 cor
1057 4364 1407 4435 populorum
1451 4363 1746 4430 Dominus,
1805 4380 1934 4417 cum

224 4454 321 4508 eis
342 4452 622 4506 miracula
646 4452 1098 4507 demonstraret:
1141 4458 1199 4506 et
1227 4451 1389 4522 quasi
1434 4452 1755 4521 recedebat,
1806 4467 1936 4505 cum

222 4543 400 4598 nulla
446 4541 611 4612 signa
659 4540 1003 4608 ostenderet,
1058 4544 1113 4595 ct
1164 4558 1197 4594 a
1241 4540 1531 4595 miraculis
1596 4539 1932 4611 quiescenti,

220 4632 494 4702 praebere
520 4629 694 4683 ﬁdem
721 4629 1015 4682 nolebant.

304 4720 496 4772 Vens.
536 4720 620 4771 19.
649 4747 715 4756 ο-
764 4739 784 4765 ‹
820 4715 1149 4771 Abominati
1196 4719 1331 4769 sunt
1383 4731 1491 4779 me,
1528 4718 1633 4769 etc.
1672 4737 1692 4763 ι
1728 4713 1938 4770 Scriba;

220 4813 289 4861 et
341 4805 485 4876 legis
531 4805 808 4871 doctores,
867 4808 973 4858 etc.
1009 4846 1023 4871 ,
1081 4819 1249 4873 usque
1300 4803 1375 4857 ad
1430 4803 1499 4858 de
1557 4803 1756 4857 eodem
1796 4801 1939 4872 legis

219 4896 535 4949 doctorum
565 4891 767 4945 ordine
800 4892 1063 4962 sequitur
1093 4908 1107 4946 :
1148 4914 1168 4940 ι
1206 4893 1271 4945 Et
1300 4906 1474 4962 quem
1507 4890 1757 4944 maxime
1807 4888 1937 4943 dili-

217 4982 465 5054 gebam.
496 5002 516 5029 ι
546 4980 693 5034 Ordo
722 4979 1041 5045 doctorum,
1094 4979 1193 5050 qui
1233 4979 1391 5050 prius
1420 4978 1481 5032 in
1534 4976 1939 5049 praedicatione

216 5068 513 5133 serviens,
565 5067 815 5120 maxime
845 5066 1226 5137 diligebatur:
1262 5081 1434 5137 quem
1489 5081 1603 5119 non
1655 5066 1838 5119 solum
1869 5063 1938 5117 ad

218 5174 360 5214 non
387 5156 759 5221 credendum,
814 5154 913 5208 sed
946 5170 1130 5225 usque
1161 5154 1231 5208 ad
1263 5153 1726 5225 persequendum
1762 5153 1938 5205 Deum

213 5244 407 5303 turba
438 5248 631 5297 secuta
660 5248 764 5297 est.
810 5244 873 5296 Et
906 5246 1042 5296 tunc
1072 5243 1284 5297 factum
1315 5246 1401 5296 est
1428 5242 1585 5313 quod
1632 5239 1891 5310 sequitur
1923 5255 1935 5292 :

306 5334 475 5388 Vens.
506 5334 595 5385 20.
628 5360 699 5371 —
733 5354 753 5380 α
791 5330 932 5385 Pelli
966 5347 1109 5384 mea:
1157 5329 1531 5400 consumptis.
1570 5351 1590 5377 ι
1625 5331 1692 5382 In
1722 5327 1940 5381 ossibus

214 5424 535 5491 fortitudo,
578 5427 718 5489 etc.,
751 5436 918 5492 usque
960 5421 1035 5477 ad
1062 5420 1341 5493 passionis
1368 5424 1626 5490 tempore
1659 5419 1822 5488 juxta
1880 5432 1940 5469 se

216 5513 515 5572 mulieres
545 5510 783 5565 invenit.

554 5618 829 5681 PATROL.
885 5613 1093 5680 CXIII.

1401 258 1651 313 GLOSSA
1695 258 2099 314 ORDINARIA.
2141 288 2207 297 —-
2251 258 2381 313 LIB.
2420 257 2562 313 JOB.

230 400 375 438 voce
418 382 818 453 Redemptoris
870 381 1088 436 utitur:
1148 381 1218 435 ab
1279 398 1344 435 eo
1395 383 1568 453 longe
1630 383 1760 437 facti
1805 390 1937 438 sunt
1974 386 2012 439 A

3639 260 3744 315 810

2122 404 2149 431 ‹‹
2182 382 2530 438 Carnibus.»
2584 380 2817 449 (GREG.)
2874 379 3011 443 Quae
3065 380 3172 433 ossi
3238 381 3545 449 haeserant,
3606 382 3743 437 dum

2049 470 2331 541 discipuli,
2386 470 2514 522 licet
2570 466 2806 532 intirmi,
2856 466 3111 520 verit-itis
3166 468 3276 522 ﬁde
3333 468 3563 540 populis
3592 486 3745 539 pras-

2047 559 2318 613 dicarent.
2367 560 2430 612 Et
2459 574 2588 611 cum
2634 561 2841 610 sanctas
2874 556 3144 609 mulieres
3174 574 3240 610 ea
3269 574 3398 628 quae
3430 557 3744 611 necessaria

2046 652 2210 700 erant
2233 647 2512 701 exteriora
2531 645 2788 715 corporis
2819 644 3075 698 subsidia
3119 650 3533 716 praepararent,
3581 645 3746 716 quasi

2045 735 2210 806 pellis
2238 742 2395 789 extra
2440 734 2751 789 manebant
2782 732 2840 787 in
2873 749 3133 803 corpore.

2120 862 2145 891 ι)
2180 843 2246 896 Et
2275 841 2562 895 derelicta.
2599 860 2626 891 ι›
2651 842 2859 893 Dentes
2905 838 3146 910 apostoli
3201 843 3373 903 sunt;
3426 840 3577 894 labia
3616 843 3743 895 tan-

2045 929 2343 983 tummodo
2378 929 2526 982 circa
2570 928 2769 981 dentes
2812 926 3011 980 relicta
3061 930 3213 992 sunt,
3266 942 3395 980 cum
3429 927 3499 981 de
3534 942 3600 981 eo
3631 927 3744 982 duo

2045 1022 2173 1087 post
2216 1021 2458 1071 mortem
2515 1015 2636 1085 ejus
2693 1014 3049 1068 ambulantes
3109 1013 3464 1068 confabulari
3510 1015 3744 1085 quidem

2046 1109 2342 1170 noverant,
2376 1104 2473 1158 sed
2502 1103 2815 1174 praedicare
2837 1103 2961 1173 jam
2984 1119 3137 1168 eum,
3167 1107 3267 1157 aut
3320 1102 3581 1157 mordere
3609 1102 3743 1157 inﬁ-

2046 1194 2259 1248 delium
2292 1193 2429 1247 vitia
2458 1192 2871 1247 formidabant.
2910 1191 3014 1246 Sed
3040 1191 3160 1261 jam
3192 1191 3263 1245 ad
3294 1191 3529 1262 propria
3572 1192 3745 1246 verba

2044 1283 2069 1337 J
2077 1282 2149 1336 ob
2189 1281 2519 1335 revertitur.

2123 1392 2143 1418 ε
2179 1369 2617 1423 Tantummodo.
2681 1388 2708 1419 ››
2774 1369 2884 1422 Nec
2934 1367 3194 1421 felicibus
3247 1367 3403 1421 aliud
3461 1370 3545 1421 est
3597 1366 3745 1421 circa

2046 1458 2244 1512 dentes
2275 1474 2447 1528 quam
2478 1457 2660 1511 labia:
2697 1461 2753 1511 et
2783 1457 2862 1510 sic
2890 1461 3047 1526 patet
3074 1457 3183 1510 hoc
3214 1457 3449 1527 mystice
3481 1456 3612 1510 dici.

2118 1565 2279 1617 Vens.
2313 1566 2400 1617 2l.
2430 1592 2496 1600 —
2530 1582 2557 1613 (ι
2598 1561 2946 1616 Miseremini
2982 1561 3117 1616 mei.
3158 1584 3178 1609 ι
3214 1563 3444 1616 Piorum
3500 1567 3585 1617 est
3612 1579 3741 1616 cum

1977 1663 2017 1716 Β
2050 1651 2119 1705 ab
2149 1649 2487 1704 adversariis
2512 1649 2828 1719 patiuntur,
2862 1665 2978 1701 non
3005 1653 3121 1702 tam
3153 1650 3222 1703 ad
3282 1649 3427 1703 iram
3467 1666 3641 1720 quam
3674 1650 3743 1703 ad

2044 1755 2240 1810 preces
2272 1737 2507 1793 moveri.
2536 1739 2769 1790 Tactum
2799 1741 2990 1790 autem
3046 1753 3105 1790 se
3158 1754 3328 1790 manu
3386 1738 3611 1791 Domini
3642 1755 3742 1807 ap-

2044 1829 2235 1899 pellat,
2284 1828 2428 1881 sicut
2484 1826 2604 1897 ipse
2656 1826 2826 1880 Satan
2910 1825 3161 1880 dixerat:
3220 1847 3247 1874 «
3304 1826 3454 1882 Mitte
3508 1842 3742 1881 manum

2044 1921 2299 1982 tuam,et
2327 1922 2501 1985 tange
2524 1932 2587 1968 os
2617 1915 2758 1984 ejus.
2792 1934 2819 1964 »

2118 2024 2274 2076 Vens.
2308 2024 2396 2075 2‘2.
2431 2050 2498 2060 —-
2548 2040 2575 2071 α
2611 2021 2793 2084 Quare
2850 2019 3266 2090 persequimini
3313 2035 3422 2074 me.
3481 2041 3502 2068 ι
3561 2020 3742 2073 Tanto

2047 2112 2195 2166 Deus
2247 2110 2455 2180 justius
2502 2110 2691 2162 aliena
2763 2107 2899 2161 vitia
2976 2109 3242 2178 percutit,
3296 2113 3511 2178 quanto
3568 2108 3624 2161 in
3684 2124 3743 2162 se

2048 2199 2187 2253 nihil
2214 2199 2385 2253 habet
2414 2198 2703 2251 vitiorum.
2756 2198 2819 2249 Et
2848 2202 2934 2250 est
2978 2212 3178 2250 sensus
3211 2213 3224 2250 :
3290 2198 3373 2250 Ita
3405 2214 3494 2250 me
3544 2213 3611 2250 ex
3662 2197 3745 2250 in-

2044 2286 2413 2342 ﬁrmitatibus
2453 2286 2595 2339 meis
2643 2284 2922 2353 aftligitis,
2979 2300 3043 2337 ac
3094 2285 3143 2337 si
3199 2284 3309 2354 ipsi
3358 2301 3514 2338 more
3548 2286 3644 2338 Dei
3675 2286 3744 2339 de

2046 2376 2379 2430 inﬁrmitate
2409 2375 2551 2429 nihil
2574 2373 2848 2428 habeatis.
2887 2393 2915 2423 α
2947 2372 3104 2427 Sicut
3151 2374 3317 2427 Deus.
3356 2395 3382 2423 »
3420 2374 3575 2427 Idem
3613 2389 3743 2428 cum

2049 2468 2163 2519 Deo
2196 2468 2393 2535 agunt,
2444 2463 2579 2535 quia
2618 2464 2723 2516 hoc
2754 2461 2968 2515 faciunt
3001 2461 3154 2532 quod
3182 2462 3327 2515 Deus
3373 2461 3740 2532 omnipotens

2045 2553 2172 2607 ﬁeri
2202 2552 2516 2624 permittit;
2561 2552 2655 2605 sed
2691 2566 2802 2603 non
2838 2550 2989 2604 idem
3014 2550 3248 2603 volunt:
3282 2550 3415 2620 quia
3449 2566 3579 2603 cum
3618 2566 3741 2604 om-

2047 2640 2314 2713 nipotens
2363 2643 2511 2695 Deus
2541 2640 2787 2693 amando
2871 2638 3276 2708 purgationem
3352 2638 3603 2707 exhibet,
3661 2638 3745 2692 in-

2040 2731 2329 2801 justornm
2366 2728 2617 2799 pravitas
2668 2727 2954 2781 saeviendo
3006 2726 3284 2780 malitiam
3326 2731 3565 2780 exercet.
3617 2727 3736 2793 Vel,

2047 2818 2210 2890 quasi
2240 2836 2355 2872 non
2402 2817 2641 2883 inﬁrmi,
2690 2816 2791 2887 qui
2837 2832 2951 2869 non
2984 2815 3257 2870 deberent
3285 2815 3581 2886 increpare
3610 2831 3740 2869 cum

2051 2909 2197 2962 Deus
2227 2907 2490 2978 percutit,
2530 2922 2602 2960 ne
2653 2905 2867 2959 addant
2918 2904 3179 2958 dolorem
3226 2904 3432 2970 dolori,
3466 2904 3565 2958 sed
3597 2919 3740 2957 con-

2047 2996 2238 3049 solari.
2271 2997 2411 3050 Cum
2450 3011 2583 3049 vero
2611 3010 2816 3048 manus
2852 2992 3079 3047 Domini
3108 2998 3306 3058 cessat,
3361 2995 3497 3046 tunc
3553 2992 3742 3063 dignis

2047 3084 2362 3154 increpatio
2391 3088 2577 3154 potest
2624 3082 2770 3136 ﬁeri.
2820 3103 2848 3132 ¢
2890 3082 2957 3136 Et
2984 3082 3053 3135 de
3082 3081 3349 3135 carnibus
3394 3081 3537 3135 meis
3586 3086 3740 3135 satu-

2045 3173 2274 3227 ramini.
2309 3193 2337 3224 η
2370 3172 2625 3236 Quorum
2659 3187 2819 3225 mens
2848 3170 3248 3241 proximorum
3292 3185 3486 3240 pmnas
3540 3169 3734 3236 esurit,

2047 3262 2292 3316 saturari
2339 3261 2537 3315 alienis
2584 3260 2849 3314 carnibus
2913 3258 3137 3329 quaerit.
3215 3259 3333 3324 Vel,
3384 3258 3483 3326 qui
3538 3258 3741 3312 alienae

2044 3351 2178 3405 vitae
2230 3349 2583 3405 detractione
2630 3352 2874 3419 pascunt
2931 3347 3133 3402 alienis
3205 3346 3469 3401 carnibus
3552 3352 3736 3401 statu-

2047 3442 2268 3492 rantur.

2120 3564 2143 3592 ι
2179 3542 2314 3605 Ouis
2346 3541 2490 3596 mihi
2537 3541 2771 3605 tribuat,
2832 3544 2935 3595 etc.
2997 3562 3025 3591 »
3086 3541 3237 3594 Dura
3294 3556 3423 3610 quas
3479 3540 3737 3609 sustinet,

2046 3648 2163 3686 non
2192 3632 2314 3685 vult
2343 3646 2448 3701 per
2476 3629 2769 3683 silentium
2815 3628 2954 3698 tegi,
3008 3628 3104 3682 sed
3150 3628 3411 3698 exemplo
3464 3628 3537 3682 ad
3589 3629 3739 3684 noti-

2046 3721 2187 3774 tiam
2219 3718 2477 3790 pertrahi
2520 3722 2585 3771 ut
2642 3716 2739 3771 alii
2783 3717 2852 3771 ad
2908 3716 3245 3787 patientiam
3285 3716 3511 3771 valeant
3561 3717 3742 3772 zediﬁ-

2046 3824 2179 3862 cari.

2120 3915 2145 3945 α
2175 3894 2312 3960 Quis
2343 3893 2485 3948 mihi
2532 3892 2767 3947 tribuat.
2806 3900 2832 3940 ἡ
2866 3890 3052 3959 (Ιὸίά.)
3104 3893 3234 3945 Haec
3273 3907 3502 3962 quoque
3552 3893 3739 3947 Eccle-

2048 3985 2145 4038 siae
2200 3985 2544 4053 congruunt,
2601 3984 2725 4041 etc.,
2773 3995 2943 4048 usque
2988 3979 3066 4035 ad
3123 3982 3319 4049 postea
3367 3996 3501 4033 vero
3549 3980 3740 4052 ipsum

2047 4073 2257 4127 librum
2290 4071 2346 4124 in
2378 4068 2651 4124 laminam
2691 4067 2913 4138 plumbi
2934 4066 3068 4121 etin
3100 4066 3313 4121 silicem
3344 4067 3564 4125 dividit.

2120 4160 2311 4224 «Quis
2337 4158 2477 4212 mihi
2512 4158 2624 4224 det,
2665 4162 2769 4210 etc.
2808 4177 2828 4204 ι
2869 4158 2975 4209 Per
3006 4155 3217 4225 stylum
3277 4155 3525 4210 ferreum
3578 4156 3740 4212 fortis

2046 4248 2327 4304 sententia
2356 4250 2608 4301 Patrum.
2640 4248 2746 4299 Per
2774 4245 3072 4315 plumbum
3093 4244 3287 4298 Judea:
3318 4245 3569 4316 populus
3607 4261 3740 4316 gra—

2047 4340 2128 4392 vis
2179 4342 2425 4409 peccato.
2465 4338 2572 4389 Per
2623 4334 2837 4388 silicem
2859 4333 3147 4403 gentilitas
3178 4333 3477 4403 ﬁguratur.
3527 4335 3741 4389 Cuncta

2047 4443 2183 4497 ergo
2211 4441 2339 4497 quae
2371 4424 2625 4495 pertulit,
2659 4422 2791 4476 forti
2823 4422 3107 4476 sententia
3158 4423 3391 4475 Patrum
3422 4422 3654 4476 edoctus
3685 4428 3741 4477 et

2044 4516 2253 4569 Iudaeae
2280 4512 2546 4584 populus,
2577 4526 2633 4565 et
2660 4510 2949 4581 gentilitas
2980 4510 3228 4580 agnovit.
3265 4509 3429 4573 Quod
3459 4514 3519 4564 in
3549 4510 3738 4580 plum-

2048 4603 2120 4657 bo
2153 4602 2436 4668 scribitur,
2489 4600 2657 4654 citius
2711 4600 2951 4654 deletur.
2988 4600 3052 4652 In
3101 4598 3254 4652 silice
3311 4598 3541 4652 difﬁcile
3590 4599 3738 4652 scul-

2048 4691 2225 4761 pitur,
2258 4690 2352 4743 sed
2377 4693 2609 4743 manet:
2642 4688 2721 4741 sic
2765 4687 2965 4742 Judaaa
2994 4687 3164 4741 verba
3194 4687 3294 4740 Dei
3344 4689 3454 4741 cito
3504 4688 3739 4759 recepit,

2049 4783 2104 4833 et
2127 4779 2238 4833 cito
2267 4778 2533 4832 deseruit.
2584 4776 2884 4831 Gentilitas
2945 4776 3032 4829 vix
3086 4775 3318 4846 recepit,
3378 4776 3473 4829 sed
3515 4781 3743 4847 recepta

2048 4867 2271 4923 fortiter
2300 4866 2560 4920 servavit.

2120 4975 2279 5027 Vens.
2310 4975 2398 5026 2‘5.
2434 5001 2495 5013 —
2541 4992 2569 5022 (ι
2623 4970 2748 5025 Scio
2781 4968 2931 5024 enim
2977 4969 3133 5040 quod
3164 4969 3531 5040 Redemptor,
3568 4975 3673 5027 etc.
3714 4993 3736 5020 ι

2052 5064 2177 5118 Non
2209 5062 2289 5116 ait
2318 5060 2602 5124 conditor,
2634 5059 2733 5113 sed
2764 5058 3110 5127 Redemptor
3136 5074 3261 5111 eam
3294 5064 3487 5128 aperte
3520 5058 3742 5115 denun-

2049 5152 2217 5216 tians,
2246 5150 2344 5221 qui
2403 5153 2704 5220 postquam
2758 5146 2954 5201 omnia
2999 5146 3229 5211 creavit,
3289 5146 3357 5200 de
3415 5148 3741 5217 captivitate

2050 5239 2313 5310 passione
2366 5254 2467 5291 sua
2521 5253 2625 5290 nos
2683 5235 2945 5289 redemit.
3002 5235 3150 5288 Vivit
3200 5240 3392 5288 autem
3442 5237 3541 5307 qui
3596 5237 3745 5291 inter

2051 5344 2255 5382 manus
2285 5326 2595 5396 impiorum
2622 5322 2903 5378 occubuit.

2127 5436 2154 5463 ‹‹
2185 5417 2249 5468 Et
2278 5413 2338 5466 in
2367 5412 2673 5466 novissimo
2703 5411 2793 5465 die
2839 5410 2907 5464 de
2938 5415 3090 5463 terra
3128 5410 3562 5479 surrectionem,
3613 5417 3744 5479 etc.,

2054 5508 2110 5556 et
2137 5517 2381 5565 rursum,
2415 5504 2520 5553 etc.
2560 5521 2581 5547 ι
2617 5499 2810 5567 (Ιὸίά.)
2870 5498 3015 5562 Quia
3060 5500 3559 5571 resurrectionem,
3613 5508 3743 5569 etc.,

3411 5616 3494 5672 ‘26
