4034 6180
434 277 530 329 811

435 413 606 467 usque
636 397 711 451 ad
736 413 849 468 quo
881 397 1019 450 llore
1073 397 1332 450 sacerdos
1363 414 1482 450 esse
1515 399 1854 466 ostenditur,
1901 401 1999 471 qui
2032 417 2134 470 pro
2165 403 2211 453 Α

433 487 598 540 nobis
627 487 970 557 interpellat.

503 576 668 628 Vens.
703 578 790 628 ‘27.
817 605 882 614 —
922 598 940 621 α
976 574 1156 638 Quem
1211 572 1433 627 visurus
1492 590 1645 641 sum,
1696 580 1801 630 etc.
1844 598 1863 622 ι
1901 577 2126 646 (Gnec.)

435 665 574 719 Caro
604 667 800 716 nostra
852 668 982 732 post
1038 663 1514 716 resurrectionem
1546 665 1744 718 eadem
1797 669 1907 719 erit
1959 671 2014 719 et
2043 665 2128 719 di—

433 769 609 805 versa.
663 752 870 805 Eadem
929 767 1031 821 per
1087 755 1375 815 naturam,
1427 752 1649 806 diversa
1705 770 1809 824 per
1863 755 2123 824 gloriam.

434 840 663 910 Eritque
693 839 984 909 spiritalis,
1020 839 1156 909 quia
1185 839 1638 909 incorruptibilis
1671 846 1727 895 et
1786 843 2126 912 palpabilis:

429 929 565 998 quia
619 945 731 981 non
766 927 990 981 amittet
1021 929 1328 982 essentiam
1377 930 1589 983 veracis
1645 935 1888 984 naturas.
1944 953 1964 980 ι
2013 933 2126 1001 Ego

429 1017 570 1086 ipse,
606 1021 661 1070 et
682 1017 832 1070 oculi
863 1017 975 1070 mei
1025 1017 1387 1086 conspecturi
1446 1023 1597 1085 sunt,
1644 1024 1700 1073 et
1755 1036 1871 1073 non
1922 1020 2063 1073 aliis.
2101 1041 2121 1067 ι

428 1108 699 1176 Expresso
758 1106 974 1160 indicat
1066 1108 1362 1159 veritatem
1441 1096 1906 1162 resurrectionis:
2009 1125 2125 1162 non

428 1194 579 1247 enim
613 1195 756 1246 alius
791 1193 1036 1246 moritur
1065 1197 1118 1245 et
1157 1193 1300 1246 alius
1345 1195 1593 1264 resurgit
1638 1195 1728 1266 (ut
1773 1195 1874 1266 qui
1929 1195 2126 1249 dicunt

426 1281 710 1336 invisibile
740 1285 796 1335 et
825 1281 1194 1350 impalpabile
1235 1298 1441 1353 corpus
1471 1283 1730 1336 futurum
1763 1284 1907 1338 sicut
1946 1285 2123 1355 Euty-

427 1370 586 1423 chius
609 1370 772 1435 dixit)
807 1369 903 1423 sed
947 1369 1100 1422 idem
1128 1370 1268 1440 ipse.

502 1481 521 1506 α
577 1458 845 1528 Reposita
901 1461 984 1510 est
1017 1459 1137 1512 haec
1163 1475 1291 1528 spes
1321 1475 1448 1513 mea
1477 1459 1536 1513 in
1568 1459 1698 1513 sinu
1730 1475 1880 1514 meo.
1907 1479 1935 1511 ιι)
1971 1460 2120 1513 Nihil

424 1562 529 1600 nos
573 1547 781 1600 certius
831 1547 1042 1600 habere
1105 1547 1411 1613 credimus,
1480 1553 1608 1612 etc.,
1643 1563 1812 1618 usque
1867 1548 1941 1601 ad
1970 1549 2121 1602 unde

426 1635 689 1705 protinus
720 1635 912 1688 subdit
935 1650 947 1687 :

497 1725 657 1776 Vens.
706 1725 795 1776 28.
858 1752 920 1761 —
970 1744 989 1771 ι
1027 1723 1212 1786 Quare
1247 1739 1383 1793 ergo
1436 1740 1607 1779 nunc.
1645 1747 1665 1773 ι
1702 1725 1957 1778 Perversi
1988 1724 2120 1795 quia

424 1814 483 1866 in
505 1812 866 1882 linguajusti
899 1813 1316 1865 accusationem
1349 1813 1605 1866 invenire
1635 1819 1932 1884 appetunt,
1965 1814 2121 1867 verbi

425 1901 672 1954 radicem
705 1905 989 1970 quaerunt,
1020 1915 1083 1951 ex
1107 1916 1219 1969 qua
1239 1901 1512 1970 loquendi
1542 1902 1821 1972 originem
1868 1908 2113 1964 sumant,

425 1994 480 2041 et
512 2004 699 2041 ramos
752 1987 1111 2058 loquacitatis
1167 1989 1450 2043 dilatent:
1503 1990 1599 2044 sed
1659 1996 1853 2045 tamen
1893 1996 2120 2045 sanctus

424 2075 511 2128 vir
533 2076 683 2128 mala
712 2092 840 2146 quae
887 2075 1128 2144 fugiant,
1162 2075 1464 2130 miseratus
1494 2079 1760 2133 ostendit.

495 2164 664 2217 Vens.
697 2165 785 2216 26.
827 2193 895 2201 —
930 2185 949 2210 ι
988 2163 1184 2232 Fugite
1207 2179 1364 2233 ergo.
1404 2185 1424 2210 ι
1461 2165 1654 2234 (Ibid)
1691 2166 1912 2220 Faciem
1943 2167 2119 2236 gladii

422 2251 641 2320 fugere,
706 2254 791 2304 est
867 2250 1377 2304 animadversionis
1446 2252 1715 2308 districta:
1774 2255 2116 2310 sententiam

421 2340 580 2410 prius
612 2355 786 2410 quam
817 2345 1110 2409 appareat,
1159 2340 1406 2410 placare.
1442 2362 1462 2388 ι
1503 2342 1565 2394 Et
1619 2342 1812 2396 scitote
1853 2360 1974 2397 esse
2021 2345 2117 2414 ju-

421 2428 658 2482 dicium.
690 2447 719 2479 »
745 2427 942 2482 Omnis
970 2427 1072 2499 qui
1105 2445 1368 2498 perverse
1401 2430 1534 2499 agit,
1590 2446 1656 2485 eo
1695 2430 1820 2502 ipso
1851 2448 1964 2502 quo
2013 2433 2119 2487 hoc

421 2516 682 2588 despicit,
704 2534 824 2572 esse
860 2517 960 2570 Dei
985 2516 1266 2587 judicium
1299 2518 1494 2571 nescit.

1097 2660 1321 2714 CAPUT
1351 2661 1455 2714 ΧΧ.

496 2805 516 2831 ‹
554 2781 768 2837 Idcirco
812 2783 1204 2853 cogitationes.
1279 2806 1299 2830 ι
1337 2783 1533 2852 (Gnee.
1593 2786 1652 2836 in
1703 2784 1868 2850 Job.,
1929 2784 2114 2856 1.xv.)

421 2874 498 2925 Ac
528 2871 575 2925 si
597 2872 776 2926 dicat:
806 2871 942 2942 quia
970 2871 1212 2926 extremi
1238 2871 1440 2941 judicii
1470 2875 1749 2925 terrorem
1793 2873 2112 2940 considero,

1058 275 1450 330 WALAFRIDI
1491 277 1738 331 STRABI
1778 277 1974 332 FULD.
2020 277 2096 334 Μ(

2240 277 2382 334 ΟΡΡ.
2427 278 2601 334 PARS
2643 281 2684 334 ἰ.
2728 310 2793 316 -—
2833 277 3307 334 TllEOLOGICA.

3777 288 3856 340 8|?

2322 403 2479 455 Vens.
2517 407 2568 455 7.
2603 431 2672 442 —
2708 424 2724 450 α
2765 403 2827 454 Et
2857 401 2956 471 qui
2980 417 3111 454 eum
3140 401 3416 467 viderant,
3443 400 3635 456 dicent.
3663 425 3680 451 ι
3708 407 3857 474 abici.)

2242 491 2346 554 Qui
2381 491 2533 543 hunc
2557 490 2770 544 elatum
2802 491 3069 544 viderunt
3101 491 3375 544 exstincto
3415 490 3578 556 dicet,
3631 493 3716 546 Ubi
3762 498 3858 548 est?

2241 579 2374 648 quia
2396 594 2582 648 neque
2614 578 2671 632 in
2707 581 2810 632 hoc
2843 580 3047 632 saeculo
3074 579 3172 633 ubi
3204 581 3382 633 elatus
3412 579 3602 645 fuerat,
3655 589 3858 652 apparet,

2239 682 2425 736 neque
2471 667 2532 721 in
2589 667 2925 720 aeternitatis
2981 668 3199 738 requie,
3276 683 3348 721 ne
3399 684 3510 738 qua
3567 684 3673 721 esse
3738 676 3862 739 puta-

2236 752 2423 807 batur.

2307 843 2466 896 Vens.
2501 844 2551 896 8.
2589 871 2655 882 —
2693 864 2712 889 α
2739 841 2902 894 Velut
2952 840 3242 894 somnium
3299 841 3540 894 avolans.
3581 865 3599 887 ι
3656 843 3758 896 Vita
3781 845 3858 915 hy-

2236 931 2485 1001 pocritae,
2514 935 2644 998 etc.,
2678 945 2845 999 usque
2868 930 2942 983 ad
2973 929 3108 1000 quia
3163 929 3464 983 hominum
3519 930 3717 985 favores
3759 932 3861 987 dor-

2236 1018 2418 1071 miens
2441 1017 2686 1072 videbat.

2305 1107 2463 1158 Vens.
2495 1107 2546 1158 9.
2597 1136 2664 1142 -
2699 1124 2724 1155 (ι
2759 1104 2966 1158 Oculus
3019 1102 3119 1174 qui
3176 1119 3309 1156 eum
3375 1104 3608 1158 viderat.
3645 1127 3662 1152 ι
3726 1107 3861 1160 Locus

2234 1192 2541 1263 hypocritaa
2589 1209 2686 1245 cor
2743 1191 3141 1245 adulantium:
3195 1191 3274 1244 ibi
3328 1191 3541 1262 quippe
3596 1193 3860 1262 requiescit,

2234 1281 2332 1334 ubi
2385 1281 2602 1334 favores
2645 1280 2881 1334 invenit.
2943 1281 3151 1334 Oculus
3203 1296 3340 1350 ergo
3405 1280 3505 1350 qui
3545 1297 3667 1333 eum
3696 1281 3862 1333 viderat

2234 1385 2351 1423 non
2379 1369 2614 1436 videbit,
2648 1370 2785 1440 quia
2821 1370 2881 1422 in
2911 1373 3097 1423 morte
3128 1369 3481 1423 amatoribus
3514 1370 3624 1423 suis
3678 1370 3860 1422 abscon-

2233 1456 2388 1510 ditur
2437 1455 2536 1527 qui
2578 1472 2711 1510 eum
2781 1460 3196 1510 consueverant
3279 1455 3614 1509 admirando
3688 1454 3862 1524 conspi-

2232 1561 2383 1599 cere.

2311 1657 2333 1683 ι
2391 1635 2583 1704 Neque
2643 1633 2796 1687 ultra
2853 1632 3190 1686 intuebitur.
3250 1654 3270 1679 ι
3322 1631 3468 1696 Quia
3524 1631 3719 1701 linguas
3759 1631 3862 1684 adu-

2235 1720 2478 1774 lantium
2511 1722 2662 1774 hunc
2693 1721 2759 1775 ad
2783 1721 3061 1790 judicium
3095 1721 3382 1774 favoribus
3429 1736 3546 1774 non
3583 1723 3861 1790 sequuntur.

2304 1811 2462 1864 Vens.
2506 1813 2584 1863 l0.
2629 1841 2696 1848 —-
2729 1833 2748 1857 ι
2787 1810 2909 1863 Filii
2965 1811 3087 1879 ejus
3158 1813 3493 1874 atterentur,
3542 1831 3562 1857 ι
3619 1815 3710 1862 etc.
3757 1809 3864 1870 Quia

2230 1899 2289 1952 hi
2327 1899 2424 1968 qui
2475 1900 2532 1951 in
2583 1897 2869 1968 hypocrisi
2927 1916 2990 1950 ex
3042 1898 3166 1968 ejus
3225 1897 3550 1951 imitatione
3591 1903 3861 1958 nascuntur,

2229 1987 2366 2041 dum
2414 1987 2668 2042 veritatis
2698 1987 3042 2041 soliditatem
3074 2003 3186 2041 non
3217 1991 3438 2054 tenent,
3464 1987 3524 2040 in
3565 1987 3730 2040 cordis
3771 2001 3861 2054 ege-

2229 2081 2369 2130 state
2401 2076 2692 2130 deﬁciunt.

2300 2166 2459 2218 Vens.
2497 2168 2580 2218 11.
2608 2193 2668 2203 -
2699 2185 2718 2210 α
2756 2163 2893 2217 Ossa
2922 2163 3046 2233 ejus
3075 2162 3492 2233 implebantur.
3531 2186 3550 2210 ε
3577 2162 3856 2216 Adolescen-

2228 2253 2304 2308 tia
2333 2252 2640 2323 hypocritas
2669 2250 2960 2304 inchoatio
2991 2250 3286 2320 pravitatis
3325 2255 3430 2318 est,
3482 2255 3609 2313 etc.,
3647 2248 3857 2319 usquead

2227 2342 2386 2394 omni
2417 2341 2700 2395 soliditate
2729 2339 2956 2393 vacuari
2989 2357 3050 2393 ac
3077 2339 3357 2410 deperire.

2299 2431 2456 2483 Vens.
2495 2433 2579 2483 {2.
2607 2461 2675 2467 —
2709 2452 2728 2477 ι
2761 2429 2902 2483 Cum
2951 2429 3106 2482 enim
3139 2429 3302 2483 dulce
3330 2428 3527 2482 fuerit.
3557 2451 3576 2476 ι
3612 2427 3775 2499 (Ιὸἰᾱ.)
3813 2426 3857 2478 ln

2226 2535 2323 2571 ore
2349 2520 2536 2572 cordis
2565 2517 2750 2571 suavis
2798 2522 2880 2570 est
2936 2517 3227 2588 iniquitas,
3285 2533 3462 2588 quam
3515 2518 3615 2571 sub
3663 2517 3858 2587 tegmine

2223 2606 2448 2661 blandae
2479 2606 2785 2660 locutionis
2817 2606 3022 2678 operit.
3055 2606 3264 2659 Malum
3305 2606 3464 2660 enim
3527 2607 3586 2659 in
3613 2606 3799 2676 lingua,
3819 2607 3858 2655 et

2225 2711 2340 2748 non
2369 2696 2472 2750 sub
2504 2696 2700 2765 lingua
2729 2701 2892 2761 esset,
2938 2695 2985 2749 si
3031 2695 3271 2766 loquens
3314 2694 3610 2766 hypocrita
3636 2693 3858 2749 malitiam

2223 2786 2554 2922 apiarggcet
2609 2867 2691 2922 illi
2722 2872 2777 2922 et
2832 2884 2969 2923 non.
2999 2890 3018 2917 ι
3074 2868 3217 2922 Malo
3265 2868 3424 2939 quod
3475 2868 3658 2939 diligit
3700 2865 3859 2938 parcit,

2164 1680 2204 1734 Β

421 2960 630 3016 idcirco
665 2960 1079 3030 cogitationum
1132 2960 1472 3014 tumultibus
1519 2961 1580 3014 in
1619 2960 1824 3015 timore
1874 2963 2114 3016 confun-
2153 2963 2192 3018 C
2223 2957 2322 3027 qui
2353 2973 2465 3010 non
2520 2956 2627 3010 hoc
2682 2956 3012 3026 pmnitendo
3043 2957 3451 3027 persequitur;
3485 2961 3540 3011 et
3579 2973 3687 3010 non
3734 2955 3861 3008 dere-

425 3049 546 3102 dor.
588 3071 608 3097 ι
646 3051 712 3104 Et
737 3065 900 3102 mens
929 3049 987 3102 in
1048 3050 1268 3102 diversa
1325 3048 1566 3118 rapitur.
1606 3071 1626 3097 ι
1662 3050 1897 3112 Quando
1942 3052 2112 3106 modo

421 3138 572 3191 mala
599 3153 727 3208 quae
761 3154 930 3208 agere
961 3138 1228 3207 neglexit,
1286 3137 1457 3190 modo
1516 3138 1990 3207 reprehensibilia
2052 3141 2111 3194 in

419 3225 626 3294 quibus
657 3230 757 3290 est,
793 3225 960 3278 modo
1009 3231 1163 3278 recta
1219 3241 1344 3294 quae
1387 3224 1496 3277 sibi
1528 3225 1716 3278 adhuc
1748 3226 1942 3280 deesse
1972 3243 2109 3280 con-

420 3311 606 3380 spicit,
654 3311 894 3365 sollicito
952 3327 1159 3381 pavore
1190 3312 1515 3380 perpendit.
1576 3313 1670 3365 Isti
1728 3329 1795 3366 ex
1841 3314 2108 3369 societate

417 3399 520 3451 Job
554 3405 831 3452 noverunt
878 3399 1108 3467 quidem
1159 3404 1310 3452 recte
1340 3399 1548 3461 vivere,
1606 3401 1702 3454 sed
1752 3401 1970 3470 judicia
2010 3405 2110 3458 Dei

420 3487 702 3540 subtiliter
746 3504 988 3556 pensare
1037 3486 1371 3553 nescientes,
1417 3489 1599 3557 justos
1643 3487 1736 3540 hic
1775 3505 1888 3542 non
1945 3507 2108 3561 posse

419 3575 639 3644 percuti
687 3576 942 3629 credunt.
994 3577 1060 3628 Et
1102 3575 1229 3628 ideo
1282 3575 1435 3629 hunc
1488 3575 1756 3646 suspicati
1817 3583 1951 3632 sunt
2001 3579 2108 3633 ini-

419 3679 618 3732 quum,
653 3668 709 3717 et
761 3664 833 3717 ad
883 3663 1337 3734 increpationem
1396 3665 1769 3719 dilabuntur:
1807 3666 1876 3720 ad
1935 3683 2106 3738 quam

419 3757 608 3804 tamen
639 3751 744 3806 sub
776 3752 1021 3823 quadam
1061 3753 1378 3805 reverentia
1409 3753 1776 3808 descendunt.
1817 3755 1971 3809 Unde
2004 3756 2107 3810 iste

417 3839 626 3894 subdit.

486 3930 652 3984 Vens.
687 3931 737 3984 3.
773 3958 838 3970 —
870 3951 889 3976 ι
919 3929 1244 3982 Doctrinam
1276 3945 1409 3999 qua,
1442 3933 1546 3983 etc.
1602 3951 1622 3978 ›
1653 3929 1841 3999 (Ιόἰά.)
1889 3931 2107 3995 Quibus

417 4017 675 4071 moderat
726 4017 1034 4088 przemissis
1077 4021 1180 4070 etc.
1259 4033 1427 4086 usque
1483 4018 1556 4072 ad
1602 4023 1657 4072 et
1715 4019 1824 4072 hoc
1877 4020 2106 4073 invenio

413 4106 566 4176 quod
594 4127 615 4153 ι
651 4106 775 4160 laus
803 4106 1132 4176 impiorum,
1163 4111 1270 4159 etc.
1299 4129 1318 4153 ιο

449 4212 453 4217 '
483 4195 644 4248 Vens.
678 4196 730 4248 4.
763 4225 831 4233 —-
887 4216 907 4241 α
966 4195 1080 4246 Hoc
1138 4194 1253 4246 scio
1311 4212 1339 4246 a
1371 4194 1672 4264 principio.
1702 4214 1730 4244 ι)
1762 4194 1819 4248 Si
1853 4195 2006 4248 enim
2037 4197 2107 4250 ab

409 4282 535 4352 ipso
565 4283 800 4337 humani
832 4283 1057 4352 generis
1110 4286 1308 4335 exortu
1363 4300 1544 4352 usque
1597 4283 1668 4336 ad
1719 4284 1824 4337 hoc
1875 4289 2172 4354 tempusD
2285 4288 2469 4341 Vens.
2526 4288 2608 4339 l5.
2653 4315 2723 4326 —
2771 4307 2791 4332 ι

411 4371 617 4425 mentis
669 4371 860 4424 oculos
915 4371 1192 4437 ducimus,
1228 4386 1398 4424 omne
1459 4371 1610 4441 quod
1657 4370 1810 4424 ﬁniri
1887 4373 2097 4443 potuit,

410 4476 582 4529 quam
623 4459 791 4512 breve
822 4459 1013 4525 fuerit,
1054 4458 1330 4512 videmus.

479 4549 640 4601 Vens.
675 4551 725 4601 5.
758 4577 828 4588 —
870 4569 889 4595 ι
927 4549 992 4601 Et
1043 4548 1318 4616 gaudium
1377 4547 1711 4618 hypocritze.
1757 4571 1776 4595 ι
1817 4549 2099 4604 Gaudium

407 4636 720 4706 hypocrita:
750 4635 808 4688 in
867 4635 1305 4689 similitudinem
1339 4637 1537 4704 puncti
1595 4641 1696 4689 est.
1759 4638 1898 4690 Nam
1954 4638 2100 4692 sicut

406 4725 585 4794 stylus
617 4723 678 4778 in
706 4729 940 4794 puncto,
984 4724 1122 4777 dum
1179 4724 1431 4793 ponitur,
1491 4725 1736 4791 levatur,
1796 4725 1874 4779 sic
1925 4726 2133 4797 hypov

405 4813 542 4866 crita
573 4812 870 4879 praesentis
899 4811 1028 4865 vitze
1061 4813 1287 4866 laudem
1330 4813 1466 4865 dum
1503 4813 1702 4882 tangit,
1735 4814 1963 4868 amittit.

481 4925 499 4948 α
538 4902 614 4957 Ad
647 4901 826 4955 instar
856 4901 1067 4972 puncti,
1104 4924 1124 4949 )
1171 4901 1306 4972 quia
1334 4901 1533 4955 laztitia
1565 4903 1893 4972 pertransit,
1927 4920 2093 4972 poena

403 4994 741 5060 permanet:
796 4993 1032 5060 apparet
1060 4990 1129 5044 ad
1159 4995 1541 5058 momentum,
1576 4990 1828 5061 disparet
1854 4992 1912 5045 in
1956 5008 2094 5061 per-

404 5085 661 5148 pctuum.

475 5171 630 5222 Vens.
665 5171 716 5222 6.
767 5197 836 5207 —
894 5189 913 5215 α
975 5166 1030 5221 Si
1085 5167 1477 5234 ascenderit,»
1528 5167 1585 5222 id
1641 5171 1745 5235 est,
1789 5168 1893 5222 etsi
1926 5168 2092 5222 coele-

400 5262 542 5310 stem
578 5257 753 5310 vitam
787 5272 844 5309 se
876 5271 1043 5325 agere
1074 5256 1324 5319 simulat,
1359 5256 1463 5310 etsi
1516 5257 1876 5310 intellectum
1922 5273 2089 5311 suum

400 5346 645 5398 similem
700 5345 847 5397 veris
889 5344 1356 5414 praedicatoribus
1410 5348 1678 5410 ostentat,
1728 5345 1892 5414 quasi
1950 5349 2090 5398 ster-

397 5433 702 5504 quilinium
733 5438 920 5486 tamen
953 5432 1011 5485 in
1052 5433 1167 5485 ﬁne
1214 5433 1500 5500 perdetur,
1539 5432 1675 5502 quia
1732 5449 1894 5486 mens
1935 5432 2090 5487 illius

393 5539 499 5592 pro
530 5523 798 5574 vitiorum
826 5537 1059 5574 suorum
1091 5522 1286 5574 fcetore
1319 5521 1706 5575 damnabitur.

2222 3045 2448 3116 linquit,
2497 3045 2591 3098 sed
2621 3051 2770 3099 cetat
2802 3045 2861 3098 in
2891 3049 3137 3113 gutture,
3169 3047 3305 3116 quia
3359 3045 3440 3099 sic
3490 3050 3666 3100 servat
3705 3044 3755 3098 in
3796 3060 3862 3096 c0-

2221 3135 2517 3205 gitatione,
2545 3141 2606 3188 ut
2635 3151 2935 3205 nunquam
2965 3135 3217 3204 proferat
3244 3135 3304 3188 in
3332 3151 3490 3189 voce.

2293 3224 2526 3294 (ΒεοΑ.)
2559 3225 2616 3277 Id
2645 3230 2750 3290 est,
2784 3225 2995 3294 palpet,
3015 3224 3169 3278 fovet
3188 3231 3244 3278 et
3263 3224 3448 3278 nutrit
3478 3224 3683 3278 malum
3707 3236 3858 3282 suum,

2220 3315 2275 3365 et
2303 3312 2587 3366 delectans
2619 3329 2675 3367 se
2698 3312 2757 3366 in
2790 3313 2912 3382 illo,
2944 3329 3241 3384 nunquam
3273 3313 3518 3385 pcenitet
3544 3317 3606 3365 ut
3623 3312 3686 3365 ab
3705 3309 3860 3363 endis-

2219 3402 2401 3455 cedat.

2288 3491 2451 3544 Vens.
2489 3492 2571 3544 14.
2607 3522 2674 3529 --
2727 3512 2747 3538 α
2799 3489 2965 3544 Panis
3023 3489 3145 3560 ejus
3191 3490 3251 3543 in
3281 3494 3468 3544 utero.
3515 3513 3534 3538 ι
3569 3491 3860 3556 Plerumque

2216 3579 2511 3650 hypocrita
2542 3596 2688 3649 pane
2729 3579 2871 3633 sacri
2900 3579 3116 3649 eloquii
3156 3578 3371 3632 erudiri
3405 3579 3614 3642 studet,
3673 3591 3772 3630 non
3814 3577 3862 3625 ut

2216 3683 2283 3721 eo
2314 3668 2484 3734 vivat,
2514 3668 2609 3722 sed
2641 3672 2707 3722 ut
2736 3667 2932 3721 doctus
2963 3673 3239 3737 appareat
3265 3683 3279 3733 ;
3332 3667 3430 3721 sed
3464 3667 3600 3722 dum
3637 3663 3859 3720 doctrinae

2216 3756 2472 3822 verbum,
2533 3756 2686 3826 quod
2739 3757 2887 3809 male
2928 3755 3156 3827 quaerit,
3193 3771 3364 3825 prave
3421 3755 3698 3824 intelligit,
3735 3756 3780 3805 et
3817 3750 3858 3802 in

2215 3845 2462 3898 haereses
2495 3845 2708 3898 labitur
2738 3860 2749 3898 :
2775 3845 3054 3913 contingit
3084 3844 3136 3897 ei
3165 3849 3226 3897 ut
3258 3843 3402 3898 sicut
3454 3844 3523 3898 de
3580 3844 3702 3897 felle
3742 3838 3859 3908 aspi-

2216 3934 2375 3998 dum,
2433 3933 2511 3986 sic
2566 3934 2846 3987 moriatur
2903 3934 2970 3987 de
2996 3949 3164 4004 pane.
3197 3933 3303 3987 Sed
3336 3933 3473 4002 quia
3528 3933 3624 3986 Dei
3651 3927 3857 3999 eloquia.

2217 4021 2383 4074 etiam
2422 4020 2468 4074 si
2508 4027 2658 4074 recte
2711 4021 3015 4090 intelligat,
3075 4022 3135 4074 in
3190 4037 3362 4091 opere
3391 4034 3745 4093 nequaquam
3769 4030 3858 4069 ser-

2216 4117 2325 4176 vat,
2353 4109 2408 4162 in
2455 4111 2724 4179 praesenti
2776 4109 2890 4163 vita
2944 4110 3149 4180 perdit,
3197 4115 3259 4164 ut
3290 4111 3507 4164 nesciat
3532 4109 3679 4180 quod
3727 4116 3858 4173 agere

2215 4199 2416 4252 voluit.

2853 4285 3108 4339 Divitias.
3169 4307 3189 4332 ι
3241 4285 3424 4340 Sacra
3468 4285 3600 4356 legis
3655 4297 3765 4353 quae
3799 4279 3853 4333 le-

2211 4376 2398 4446 gendo
2443 4374 2752 4440 devoravit,
2797 4373 3180 4428 obliviscendo
3241 4381 3506 4429 evomet:
3564 4389 3695 4446 quas
3743 4371 3857 4424 Deus

2203 4465 2361 4534 justo
2385 4463 2599 4534 judicio
2630 4463 2698 4516 de
2729 4463 2852 4532 ejus
2882 4462 3163 4516 memoria
3195 4463 3403 4516 evellit.

2287 4572 2306 4598 α
2345 4550 2526 4620 Caput
2570 4549 2854 4618 aspidum.
2901 4569 2921 4596 ι
2958 4548 3156 4619 ([ὁὶιί.)
3206 4550 3369 4620 Aspis
3416 4565 3623 4620 parvus
3651 4552 3725 4601 est
3767 4557 3856 4597 ser-

2207 4655 2368 4710 pens,
2403 4644 2532 4696 etc.,
2560 4652 2728 4705 usque
2749 4637 2822 4690 ad
2847 4637 3002 4690 velut
3028 4655 3093 4690 ex
3114 4637 3311 4707 lingua
3336 4637 3532 4708 vipera
3571 4634 3770 4690 occidit.

2277 4726 2445 4780 Vens.
2475 4729 2560 4778 17.
2585 4756 2651 4764 -
2692 4747 2712 4773 ε
2751 4726 2874 4779 Non
2903 4725 3107 4792 videat
3145 4726 3378 4780 rivulos.
3413 4749 3433 4774 ι
3465 4725 3650 4796 (Ιὸἰά.)
3703 4717 3852 4776 Rivuli

2205 4812 2460 4867 ﬂuminis
2515 4817 2647 4866 sunt
2704 4813 2854 4867 dona
2905 4813 3147 4883 Spiritus
3179 4815 3536 4880 sancti,etc.,
3613 4826 3763 4881 usque
3797 4805 3854 4860 ad

2203 4902 2538 4973 mysterium
2573 4902 2981 4956 incarnationis
3012 4901 3216 4956 Christi
3241 4903 3541 4974 signiﬁcat.

2273 4991 2454 5045 Vens.
2494 4993 2575 5045 18.
2599 5019 2671 5031 -
2701 5013 2722 5039 α
2758 4992 2900 5044 Luet
2928 5006 3057 5060 qum
3085 4991 3217 5045 fecit
3271 4993 3482 5046 omnia.
3520 5014 3541 5038 ›
3602 4987 3846 5045 Pet-solvet

2203 5079 2358 5132 enim
2385 5079 2445 5132 in
2462 5083 2746 5133 tormento
2789 5095 2854 5132 ea
2893 5095 3022 5149 qua:
3059 5080 3154 5133 hic
3177 5079 3375 5135 illicita
3402 5080 3636 5134 servavit
3664 5073 3844 5132 deside-

2203 5168 2306 5236 ria,
2339 5185 2442 5222 nec
2470 5167 2529 5221 in
2561 5171 2748 5222 morte
2781 5172 3166 5233 consumetur,
3202 5169 3301 5223 sed
3346 5174 3410 5222 ut
3464 5167 3583 5222 sine
3611 5166 3713 5220 ﬁne
3751 5176 3844 5215 cru-

2201 5258 2398 5323 cietur,
2432 5257 2618 5310 vivere
2653 5256 2775 5309 sine
2805 5257 2918 5309 ﬁne
2958 5256 3341 5326 compellitur,
3376 5263 3440 5311 ut
3466 5257 3622 5325 cujus
3647 5253 3747 5306 vita
3773 5247 3840 5301 hic

2200 5351 2428 5400 mortua
2450 5346 2557 5400 fuit
2587 5346 2645 5398 in
2669 5345 2859 5416 culpa,
2895 5344 3011 5398 illic
3063 5345 3187 5415 ejus
3217 5361 3372 5398 mors
3416 5345 3562 5398 vivat
3607 5343 3659 5396 in
3685 5352 3834 5411 poena.

2202 5435 2358 5488 Dicat
2385 5451 2540 5505 ergo,
2579 5458 2599 5482 ‹
2634 5435 2753 5488 luet
2782 5449 2911 5504 quae
2942 5432 3075 5487 fecit
3104 5432 3319 5497 omnia,
3359 5455 3378 5479 ι
3416 5449 3516 5486 nec
3540 5437 3716 5485 tamen
3740 5438 3836 5478 con-

2196 5526 2476 5590 sumetur,
2501 5521 2632 5592 quia
2656 5521 2942 5576 cruciatur
3000 5525 3056 5576 et
3102 5537 3220 5575 non
3267 5517 3667 5591 exstinguitur:
3698 5509 3832 5567 mori-
