4082 6184
1276 288 1281 293 ’
1362 318 1612 374 GLOSSA
1652 318 2069 375 ORDINARIA.
2110 351 2181 362 —
2220 321 2346 377 LIB.
2387 321 2529 377 JOB.

191 315 249 366 8t
267 316 295 367 3
1362 318 1612 374 GLOSSA
1652 318 1873 375 ORDIN

2043 363 2069 375 ..
2110 351 2181 362 —
2220 321 2346 377 LIB.
2387 321 2529 377 JOB.
3594 335 3699 390 814

190 443 286 490 tur
314 441 371 491 et
396 436 551 503 vivit,
598 435 789 491 deficit
838 440 895 491 et
947 436 1205 492 subsistit
1237 454 1481 509 semper,
1517 446 1573 495 et
1624 442 1747 496 sine
1778 444 1889 497 line
1920 444 1966 497 A
2075 445 2236 499 Vens.
2295 448 2383 500 27.
2441 476 2511 485 —-
2555 466 2576 495 ι
2636 446 3013 503 Revelabunt:
3066 471 3092 498 »
3146 450 3343 521 (Ιὸἰά.)
3413 452 3549 524 quia
3603 455 3697 509 hic

190 531 291 579 ρει,
2001 548 2104 587 nec
2165 534 2328 587 bonis
2381 551 2482 588 nec
2531 536 2694 589 malis
2748 538 3017 607 pepercit,
3096 556 3227 594 eum
3283 540 3344 595 in
3398 545 3697 599 tremendo

260 615 421 668 Vens.
488 617 567 668 19.
625 636 752 664 —«
808 614 1090 679 Quoniam
1148 615 1585 686 confringens.»
1647 620 1886 672 Domum

188 702 460 773 pauperis
491 703 803 775 confringit
823 709 877 757 et
907 705 1102 769 nudat,
1128 706 1266 775 quia
1293 722 1425 759 eum
1456 723 1626 777 quem
1653 724 1756 777 per
1780 724 1889 778 po—

188 793 430 846 tentiam
476 793 739 859 conterit,
793 793 1109 862 exspoliare
1140 810 1243 864 per
1281 795 1580 849 avaritiam
1610 812 1728 850 non
1757 813 1887 850 eru-

189 883 390 938 bescit.

259 972 420 1025 Vens.
475 973 561 1025 20.
614 1002 684 1010 —
724 990 750 1019 α
801 972 911 1025 Nec
956 975 1040 1024 est
1092 970 1329 1025 satiatus
1360 978 1574 1026 venter.
1610 994 1631 1022 ι
1680 974 1888 1027 Venter

188 1060 404 1131 quippe
436 1059 617 1130 iniqui
643 1059 879 1112 avaritia
910 1064 1011 1124 est,
1048 1063 1104 1111 et
1133 1059 1192 1111 in
1217 1060 1337 1128 ipsa
1394 1061 1684 1130 colligitur
1714 1063 1885 1132 quid-

186 1150 324 1219 quid
365 1164 629 1218 perverso
674 1148 957 1201 desiderio
1004 1148 1260 1216 glutitur.
1325 1149 1523 1219 Liquet
1577 1166 1709 1203 vero
1751 1152 1886 1221 quia

183 1236 429 1291 avaritia
456 1236 788 1290 desideratis
820 1236 989 1290 rebus
1018 1253 1130 1290 non
1180 1238 1584 1308 exstinguitur,
1640 1240 1737 1293 sed
1778 1257 1882 1294 au-

182 1332 392 1396 getur;
449 1342 580 1379 nam
624 1341 783 1379 more
836 1325 987 1394 ignis
1044 1341 1174 1378 cum
1210 1325 1366 1393 ligna
1423 1343 1553 1396 quas
1585 1332 1885 1382 consumat

181 1414 492 1484 acceperit,
548 1412 841 1481 excrescit,
872 1418 929 1467 et
982 1413 1134 1467 unde
1164 1413 1390 1467 videtur
1420 1415 1489 1467 ad
1526 1421 1882 1470 momentum

178 1504 421 1558 ﬂamma
472 1501 795 1572 comprimi,
851 1501 983 1555 inde
1031 1503 1202 1572 paulo
1260 1506 1392 1572 post
1441 1504 1694 1557 cernitur
1738 1505 1882 1559 dila-

178 1593 315 1646 tarL

260 1705 280 1729 ι
321 1683 387 1734 Et
440 1696 566 1734 cum
626 1679 891 1734 habuerit
942 1679 1093 1750 quod
1142 1680 1530 1751 concupierat.
1575 1704 1594 1728 »
1657 1682 1881 1752 Majoris

174 1770 493 1824 iracundias
526 1775 609 1822 est
637 1785 767 1822 cum
820 1770 929 1822 hoc
974 1768 1250 1822 tribuitur
1284 1769 1439 1839 quod
1471 1770 1617 1823 male
1648 1770 1879 1825 deside-

174 1864 361 1923 ratur,
442 1858 577 1929 quia
651 1858 785 1911 inde
833 1858 1135 1928 repentina
1191 1858 1334 1911 ultio
1406 1860 1684 1929 sequitur,
1744 1860 1879 1930 quia

176 1951 289 2003 hoc
347 1963 577 2019 quoque
633 1946 898 2013 obtinuit,
957 1947 1113 2017 quod
1170 1948 1284 2000 Deo
1343 1946 1617 2000 irascente
1666 1963 1876 2001 concu-

173 2037 345 2108 pivit.

251 2128 417 2180 Vens.
477 2127 654 2178 2l.—
686 2145 713 2173 ‹‹
771 2125 896 2178 Non
939 2123 1217 2177 remansit
1272 2124 1341 2178 de
1403 2122 1629 2177 civitate
1681 2124 1872 2192 ejus.»

175 2217 453 2269 Percusso
486 2214 802 2284 hypocrita,
832 2214 899 2267 de
928 2211 1053 2265 cibo
1085 2212 1209 2281 ejus
1256 2210 1399 2264 nihil
1434 2215 1709 2276 remanet,
1741 2211 1875 2281 quia

170 2320 303 2357 cum
339 2304 411 2357 ad
443 2302 720 2374 supplicia
772 2301 1017 2368 ducitur,
1044 2318 1076 2355 a
1124 2299 1340 2354 cunctis
1390 2315 1519 2369 qua:
1550 2299 1877 2369 possederat

170 2392 477 2445 alienatur.

246 2501 274 2527 ‹‹
309 2481 619 2548 Propterea
659 2477 823 2543 nihil,
894 2481 999 2531 etc.
1039 2499 1059 2524 ι
1123 2476 1267 2540 Quia
1327 2476 1397 2529 de
1446 2476 1551 2529 hac
1595 2477 1710 2529 vita
1741 2476 1875 2530 sub-

172 2572 411 2633 tractus,
442 2565 513 2618 ad
534 2564 789 2634 judicem
822 2564 1011 2618 nudus
1042 2564 1215 2618 vadit.

243 2658 410 2709 Vens.
465 2656 555 2708 2’2.
620 2684 689 2693 —
718 2674 746 2702 ‹‹
777 2655 918 2709 Cum
970 2653 1205 2707 satiatus
1234 2652 1428 2718 fuerit,
1479 2653 1806 2707 arctabitur.
1842 2674 1868 2702 η

172 2744 394 2815 (Gai-:6.)
429 2745 570 2799 Cum
628 2744 809 2797 multa
866 2742 1219 2811 congesserit
1271 2746 1560 2809 arctatur;
1609 2740 1874 2796 anxiatur

175 2834 334 2887 enim
365 2832 604 2903 qualiter
625 2831 900 2902 acquisita
928 2830 1227 2885 custodiat.

252 2945 277 2970 ‹‹
307 2922 603 2989 ίΕδίυὸῘὶίῗ,
636 2925 691 2975 et
736 2920 923 2974 omnis
949 2920 1133 2974 dolor.
1168 2942 1195 2968 n
1230 2918 1371 2973 Hinc
1417 2918 1549 2972 inde
1580 2918 1872 2973 insidiato-

2000 622 2280 689 examine,
2309 624 2597 693 justorum
2625 625 2739 678 vita
2769 630 2825 680 et
2876 632 3241 697 peccatorum
3289 631 3503 700 pariter
3532 648 3696 687 accu-

2000 710 2168 765 sabit.

2069 799 2229 852 Vens.
2258 802 2344 853 28.
2386 831 2447 844 σ-
2482 821 2510 849 ‹‹
2540 803 2815 873 Apertum
2862 804 2987 858 erit.
3019 827 3038 853 ι
3076 806 3217 860 Cum
3248 823 3418 862 omne
3448 809 3690 877 malum,

1997 888 2146 956 quod
2180 888 2237 941 in
2272 889 2616 944 conscientia
2647 892 2767 961 ejus
2800 894 3158 960 nascebatur,
3209 882 3550 951 adveniente
3584 899 3691 968 ju-

1997 975 2144 1045 dice,
2180 978 2517 1033 ostenditur.

2069 1084 2095 1115 (ι
2141 1066 2477 1120 Detrahetur
2526 1069 2621 1121 in:
2663 1090 2684 1117 ι
2742 1069 2877 1139 quia
2933 1069 3198 1126 vindicta:
3255 1077 3514 1145 tempore
3561 1091 3692 1146 rap-

1994 1158 2083 1207 tus
2128 1154 2197 1207 ad
2255 1156 2554 1225 supplicia,
2600 1158 2671 1211 ab
2721 1159 2920 1212 aeterni
2969 1160 3179 1228 judicis
3236 1163 3396 1216 vultu
3462 1179 3692 1234 separa-

1994 1246 2105 1296 tur.

2063 1333 2225 1385 Vens.
2267 1335 2354 1386 29.
2411 1363 2479 1374 —
2528 1356 2549 1382 α
2612 1334 2744 1389 Haec
2797 1340 2881 1389 est
2935 1352 3067 1406 pars
3120 1336 3370 1392 hominis
3422 1338 3608 1410 impii.
3660 1358 3689 1391 »

1995 1421 2135 1474 Cum
2167 1420 2319 1474 enim
2353 1422 2452 1475 Dei
2477 1422 2699 1492 justitia
2721 1425 3066 1495 supplicium
3098 1442 3131 1478 a
3153 1427 3410 1497 reprobis
3432 1444 3536 1499 pro
3566 1445 3689 1498 per-

1994 1510 2168 1562 versis
2223 1510 2441 1565 actibus
2498 1512 2692 1582 exigit,
2747 1514 2826 1566 eis
2857 1514 3006 1567 mala
3038 1530 3219 1585 usque
3269 1516 3340 1570 ad
3385 1517 3688 1571 verborum

1993 1598 2434 1653 retributionem
2471 1601 2673 1655 reddit.

2632 1741 2852 1795 CAPUT
2882 1742 3011 1796 XXI.

2060 1866 2218 1918 Vens.
2264 1865 2316 1917 4.
2350 1894 2417 1903 -
2451 1885 2477 1911 ‹‹
2538 1865 2805 1934 Nunquid
2859 1871 3076 1919 contra.

3133 1887 3153 1913 ι
3207 1868 3405 1920 Beatus
3462 1868 3584 1932 Job,
3641 1867 3687 1921 si

1987 1953 2102 2005 Deo
2148 1952 2376 2023 placens
2406 1952 2739 2006 hominibus
2778 1953 3147 2024 disipliceret,
3198 1970 3396 2007 causas
3444 1955 3687 2009 tristitiae

1986 2042 2172 2095 nullas
2224 2041 2490 2106 haberet;
2546 2042 2661 2095 sed
2696 2042 2832 2111 quia
2889 2058 2947 2095 se
2999 2044 3112 2095 Deo
3173 2042 3530 2112 displicuisse
3587 2060 3689 2113 per

1985 2129 2211 2199 flagella
2234 2128 2537 2199 praesentia
2581 2129 2841 2195 credidit,
2865 2145 3073 2199 anceps
3096 2131 3272 2183 factus
3302 2130 3370 2184 de
3406 2135 3538 2183 ante
3565 2135 3687 2183 acta

1982 2218 2117 2285 vita,
2148 2219 2265 2288 jam
2298 2218 2554 2271 animum
2580 2218 2650 2271 ad
2670 2218 2955 2271 tristitiam
2998 2220 3253 2272 vocavit:
3286 2219 3384 2288 qui
3422 2219 3468 2271 si
3498 2220 3692 2287 flagel-

1983 2307 2052 2360 lis
2102 2306 2429 2361 absentibus
2457 2311 2655 2360 contra
2694 2306 2984 2359 hominem
3026 2306 3094 2360 de
3128 2306 3256 2360 vitae
3300 2323 3418 2360 sua:
3466 2307 3685 2362 meritis

1983 2396 2320 2466 disputaret,
2356 2411 2720 2465 nequaquam
2752 2396 3086 2449 contristare
3109 2395 3415 2450 debuisset.

2059 2505 2080 2531 ι
2117 2483 2384 2553 Nunquid
2434 2488 2630 2537 contra
2660 2484 2972 2538 hominem.
3021 2506 3041 2533 ι
3076 2483 3243 2547 Quasi
3276 2485 3532 2538 nondum
3577 2484 3681 2555 by-

1982 2572 2219 2643 pocrita,
2255 2573 2300 2625 si
2322 2589 2453 2625 cum
2501 2572 2837 2626 hominibus
2887 2574 2955 2626 de
2984 2574 3098 2626 vita
3124 2589 3251 2627 mea
3281 2589 3529 2642 agerem,
3564 2589 3678 2626 non

1981 2661 2277 2716 timerem:
2312 2661 2520 2730 quibus
2572 2661 2617 2713 si
2670 2662 3051 2732 displicerem,
3088 2677 3205 2715 non
3251 2677 3550 2728 curarem;
3582 2662 3679 2715 sed

1983 2750 2119 2821 quia
2176 2765 2302 2803 cum
2356 2751 2488 2816 Deo,
2533 2750 2737 2803 merito
2788 2750 2998 2803 tristor.
3047 2772 3067 2799 α
3104 2751 3212 2804 Vos
3247 2752 3439 2804 autem
3494 2755 3676 2804 atten-

1983 2838 2097 2892 dite
2120 2853 2227 2902 me,
2266 2860 2292 2886 »
2320 2838 2480 2907 quasi
2514 2840 2716 2903 Deum,
2753 2838 2849 2892 sed
2875 2854 2992 2891 non
3020 2854 3118 2891 vos
3147 2838 3344 2892 timeo.

2055 2927 2211 2979 Vens.
2266 2929 2316 2979 ὅ.
2350 2957 2417 2966 -
2453 2948 2474 2973 ι
2508 2926 2814 2992 Attendite,
2844 2948 2864 2974 n
2914 2926 2972 2980 id
3023 2930 3106 2979 est
3147 2926 3502 2981 considerate
3547 2942 3677 2997 qua:

169 3027 263 3064 res
293 3012 520 3073 metuit,
571 3015 700 3076 etc.,
762 3025 930 3078 usque
957 3009 1032 3063 ad
1059 3012 1218 3063 tanto
1275 3008 1498 3062 facilius
1549 3008 1771 3079 rapitur
1792 3008 1861 3062 ad
1902 3017 1943 3072 Ο
1982 3015 2090 3083 egi,
2126 3018 2183 3067 et
2210 3012 2575 3067 admiremini
2607 3014 2666 3068 in
2686 3014 2777 3068 his
2802 3031 2932 3085 quae
2952 3015 3155 3086 patior.

165 3104 544 3155 tormentum.
577 3099 871 3170 Sequitur:

244 3192 403 3243 Vens.
427 3192 515 3242 23.
548 3219 610 3229 -
645 3208 672 3240 cx
718 3188 944 3242 Utinam
987 3186 1295 3256 impleatur
1324 3189 1522 3240 venter
1561 3185 1701 3255 ejus,
1736 3189 1869 3253 etc.,

167 3280 337 3350 pluat
368 3294 541 3348 super
568 3278 731 3331 illum
758 3277 991 3331 bellum.
1023 3299 1042 3323 »
1080 3277 1297 3329 Bellum
1338 3276 1453 3329 Deo
1481 3274 1701 3344 pluere,
1738 3279 1867 3342 etc.,

164 3382 343 3436 usque
372 3366 447 3419 ad
484 3365 787 3435 praevidere
816 3365 1178 3435 contempsit.

247 3458 409 3509 Vens.
469 3456 557 3508 24».
613 3485 682 3493 -
736 3474 763 3504 (ι
805 3454 1005 3524 Fugiet
1060 3468 1240 3507 arma.
1296 3474 1317 3500 ι
1380 3451 1567 3521 (Ιὸἰά.)
1625 3451 1872 3523 Surripit

166 3561 378 3599 avarus
443 3544 628 3598 aliena
696 3543 1018 3615 aliquando,
1080 3548 1208 3608 etc.,
1280 3556 1449 3611 usque
1515 3541 1589 3594 ad
1671 3542 1871 3596 aeterni

158 3633 374 3705 judicii
399 3648 459 3686 se
489 3632 951 3701 percussionibus
983 3636 1111 3685 ante
1142 3631 1321 3701 ponit.
1376 3629 1612 3683 Interim
1652 3634 1865 3683 autem.

243 3724 408 3776 Vens.
466 3724 556 3775 25.
606 3742 725 3770 -ι
781 3720 1011 3775 Gladius
1063 3720 1382 3785 eductus,»
1442 3723 1549 3772 etc.
1609 3718 1869 3789 Iniquus,

158 3821 306 3875 dum
336 3834 517 3889 prava
556 3818 617 3871 in
647 3817 988 3888 cogitatione
1036 3815 1418 3879 machinatur,
1453 3815 1614 3885 quasi
1646 3814 1871 3884 gladius

156 3912 220 3964 in
246 3908 461 3979 vagina
508 3912 607 3961 est.
646 3909 721 3960 De
753 3906 957 3976 vagina
985 3904 1277 3974 egreditur
1301 3903 1438 3958 dum
1471 3902 1869 3974 periniquita—

155 4004 281 4052 tem
340 3997 508 4050 malae
563 3994 908 4065 operationis
958 3994 1243 4063 aperitur;
1277 3992 1511 4045 eductus
1542 3995 1734 4045 autem
1764 4007 1867 4061 per

154 4088 559 4151 seductorem,
608 4084 904 4155 egrediens
961 4098 1095 4135 vero
1153 4097 1255 4151 per
1312 4078 1609 4151 propriam
1668 4080 1868 4133 volun-

293 4190 373 4227 m.

293 4190 373 4227 m.

154 4180 286 4314 tat-ie
305 4263 521 4317 Vadent
552 4267 609 4316 et
636 4260 884 4319 venient,
921 4280 942 4306 ιι
1002 4261 1110 4312 etc.
1146 4256 1379 4326 Maligni
1432 4254 1665 4326 spiritus
1702 4254 1866 4308 bonis

152 4355 462 4410 mentibus
501 4355 655 4419 sunt,
710 4354 842 4417 etc.,
868 4363 1036 4416 usque
1085 4346 1159 4400 ad
1200 4345 1368 4400 elatio
1396 4344 1465 4399 de
1512 4343 1870 4398 continentia

154 4447 533 4512 surrogatur,
555 4444 661 4493 etc.

227 4533 408 4585 Vens.
439 4532 527 4582 ‘26.
560 4558 627 4568 —
656 4548 683 4575 ‹‹
712 4527 922 4582 Omnes
969 4524 1224 4579 tenebrae
1251 4520 1621 4593 [absconditae
1652 4522 1802 4573 sunt.
1835 4541 1862 4567 »

156 4622 311 4675 Nam
354 4618 459 4689 qui
511 4621 713 4670 cuncta
738 4614 908 4668 simul
947 4614 1007 4667 in
1039 4613 1245 4667 effectu
1284 4627 1398 4664 non
1428 4610 1635 4679 explet,
1665 4611 1868 4662 cuncta

154 4724 298 4778 qua:
339 4708 585 4759 noceant
616 4703 673 4755 in
705 4706 897 4755 mente
930 4700 1131 4754 tacitus
1159 4702 1334 4753 tenet.

236 4818 265 4843 ι(
308 4793 613 4848 Devorabit
642 4808 792 4856 eum,
834 4811 855 4839 ι
891 4794 996 4844 etc.
1033 4789 1187 4859 Ignis
1224 4788 1503 4857 gehennae
1551 4785 1650 4857 qui
1680 4783 1868 4838 studio

148 4885 431 4939 humano
462 4897 576 4935 non
626 4878 1004 4946 succenditur,
1054 4877 1150 4931 sed
1181 4880 1402 4930 creatus
1432 4880 1519 4930 est
1545 4893 1578 4929 a
1637 4875 1749 4927 Deo
1790 4872 1863 4925 ab

151 4970 398 5042 origine
417 4968 638 5022 mundi.

235 5082 268 5109 ‹‹
302 5058 610 5131 Affligetur
654 5057 957 5111 relictus.»
1017 5054 1209 5126 Iniqui
1260 5050 1686 5107 tabernaculum
1742 5062 1871 5101 caro

148 5154 271 5215 est,
310 5147 451 5219 quia
480 5146 663 5216 ipsam
696 5147 862 5199 laetus
893 5143 1202 5206 inhabitat,
1234 5157 1364 5196 cum
1394 5156 1507 5211 qua
1548 5138 1668 5208 ejus
1699 5134 1873 5206 spiri-

144 5246 252 5294 tus
316 5235 685 5291 cruciabitur.
752 5234 893 5288 Boni
921 5250 1039 5288 non
1069 5232 1129 5285 in
1183 5246 1352 5285 carne
1392 5228 1667 5299 gaudium
1695 5239 1867 5278 suum

148 5328 419 5397 ponunt,
451 5323 545 5376 sed
568 5322 628 5375 in
658 5322 817 5376 caelo.
880 5321 1128 5376 Relictus
1159 5335 1191 5372 a
1247 5332 1417 5371 carne
1442 5332 1475 5368 a
1500 5330 1613 5385 qua
1662 5313 1875 5366 abstra-

149 5416 349 5475 hitur,
412 5427 587 5481 quam
642 5410 735 5464 hic
793 5410 1022 5474 amavit,
1086 5423 1190 5461 nec
1247 5405 1574 5474 relinquere
1630 5402 1811 5455 voluit
1856 5418 1869 5455 :

150 5511 306 5559 tunc
352 5505 597 5571 propter
621 5503 904 5554 tormenta
934 5498 1260 5569 relinquere
1290 5495 1462 5559 volet,
1496 5492 1592 5546 sed
1625 5507 1739 5545 non
1771 5506 1875 5560 po-

150 5593 325 5648 terit.

2055 3125 2075 3151 ι
2132 3104 2195 3156 Et
2249 3103 2620 3173 superponite
2686 3103 2931 3173 digitum
2982 3104 3068 3157 ori
3128 3106 3334 3170 vestro,
3397 3125 3418 3151 ι
3474 3103 3532 3158 id
3597 3107 3681 3157 est

1978 3190 2253 3244 locutioni
2277 3195 2477 3243 vestrae
2498 3189 2823 3243 discretioni
2847 3191 3123 3244 virtutum
3146 3190 3461 3262 adjungite.

2048 3280 2215 3333 Vens.
2254 3282 2304 3331 6.
2339 3307 2406 3317 —-
2438 3297 2465 3325 «
2522 3279 2588 3331 Et
2636 3293 2743 3347 ego
2798 3279 3026 3349 quando
3056 3278 3390 3332 recordatus
3432 3279 3615 3333 fuero.
3641 3298 3672 3331 ν

1979 3367 2171 3438 (Ibid)
2213 3366 2358 3430 Quia
2396 3370 2626 3420 actuum
2658 3382 2890 3421 suorum
2937 3367 3149 3421 oblitus
3205 3384 3323 3421 non
3364 3370 3505 3434 erat,
3538 3372 3672 3437 etc.,

1976 3471 2145 3525 usque
2186 3456 2260 3509 ad
2289 3460 2488 3509 contra
2519 3455 2642 3525 ejus
2671 3454 2822 3510 dicta
2849 3455 3174 3526 subjungit:

2052 3546 2210 3598 Vens.
2255 3548 2309 3598 7.
2363 3565 2484 3592 -‹‹
2524 3544 2710 3607 Quare
2762 3560 2901 3615 ergo
2942 3544 3105 3616 impii
3152 3546 3366 3599 vivunt.
3404 3568 3425 3593 ι
3474 3544 3675 3600 Suble-

1978 3638 2184 3686 vantur
2211 3632 2547 3698 honoribus,
2582 3632 2978 3687 confortantur
3032 3633 3221 3701 rebus,
3256 3634 3391 3704 quia
3422 3650 3520 3688 eos
3566 3650 3678 3705 pa-

1976 3721 2181 3775 tientia
2212 3721 2405 3775 divina
2424 3722 2655 3776 tolerat.

2054 3828 2081 3857 ‹‹
2114 3807 2539 3877 Confortatique
2598 3806 2830 3873 divitiis,
2873 3827 2899 3855 ››
2928 3811 3060 3875 etc.,
3120 3810 3182 3860 ut
3211 3806 3309 3861 diu
3338 3807 3399 3860 in
3433 3807 3513 3861 eis
3544 3808 3679 3862 sub-

1978 3897 2180 3951 sistere
2210 3896 2646 3967 permittantur;
2700 3896 2795 3949 sed
2860 3894 2994 3965 quia
3024 3898 3159 3947 sunt
3183 3895 3392 3964 quibus
3425 3896 3546 3949 haec
3574 3896 3677 3949 ha-

1976 3986 2114 4040 bere
2146 4001 2314 4055 poena
2370 3987 2474 4046 est,
2508 3983 2644 4053 quia
2681 3982 2937 4037 haeredes
2960 3982 3169 4053 quibus
3192 3982 3315 4036 haec
3346 3982 3679 4053 relinquent

1978 4092 2094 4129 non
2126 4075 2356 4128 habent.
2390 4072 2626 4126 Subdit:

2047 4164 2209 4215 Vens.
2250 4163 2300 4215 8.
2333 4189 2403 4198 —-
2457 4180 2477 4206 ι
2513 4158 2717 4212 Semen
2776 4174 2977 4211 eorum
3031 4162 3351 4228 permanet.
3384 4178 3413 4207 »
3448 4158 3512 4212 In
3561 4173 3667 4211 au-

1976 4253 2270 4319 gmentum
2322 4244 2607 4300 felicitatis
2636 4260 2766 4297 cum
2796 4244 3168 4315 patrimonio
3219 4245 3429 4299 dantur
3484 4245 3673 4299 hmre-

1975 4338 2092 4392 des.

2051 4443 2077 4475 α
2122 4425 2328 4479 Coram
2377 4422 2477 4476 eis.
2516 4443 2535 4469 ι
2588 4422 2665 4474 Ne
2725 4437 2839 4492 qua
2895 4421 3197 4475 necessitas
3249 4422 3451 4476 saltem
3498 4421 3676 4476 oculis

1977 4512 2278 4567 subtrahat
2304 4527 2372 4565 ea
2430 4511 2489 4563 in
2529 4509 2738 4579 quibus
2785 4509 3014 4563 animus
3061 4509 3337 4577 exsultat;
3389 4510 3487 4565 sed
3513 4526 3586 4565 ne
3615 4510 3675 4564 in

1978 4602 2058 4656 eis
2093 4600 2383 4654 sterilibus
2414 4614 2596 4669 genus
2625 4598 3039 4668 exstinguatur,
3079 4597 3263 4652 addit:

2055 4712 2075 4739 ι
2128 4689 2589 4759 Propinquorum
2638 4687 2805 4739 turba
2855 4692 2911 4739 et
2950 4690 3227 4755 nepotum
3279 4686 3339 4739 in
3370 4692 3675 4757 conspectu

1980 4793 2196 4833 eorum.
2235 4796 2262 4828 »
2298 4778 2433 4831 Ecce
2491 4776 2762 4829 dicuntur
2791 4774 2872 4827 eis
2899 4789 3019 4827 esse
3050 4774 3183 4839 vita,
3232 4775 3501 4840 honores,
3534 4775 3675 4829 divi-

1978 4868 2095 4934 tiaa,
2138 4865 2264 4931 filii,
2296 4868 2570 4933 nepotes:
2624 4862 2721 4917 sed
2753 4862 2799 4915 si
2830 4862 2986 4915 intus
3032 4862 3345 4915 domestica
3372 4879 3508 4916 cura
3545 4879 3677 4917 ure-

1979 4962 2088 5025 ret,
2117 4972 2234 5009 non
2260 4958 2409 5008 esset
2429 4953 2559 5006 laala
2586 4952 2707 5005 haec
2728 4949 2981 5014 felicitas,
3018 4951 3171 5003 unde
3204 4949 3425 5004 subdit:

2051 5046 2211 5098 Vens.
2243 5046 2391 5097 9.—
2425 5063 2444 5090 α
2482 5041 2694 5093 Domus
2732 5054 2935 5093 eorum
2987 5054 3199 5091 secura:
3260 5042 3410 5105 sunt,
3471 5044 3528 5093 et
3573 5055 3674 5109 pa-

1982 5137 2141 5198 catae,
2174 5136 2231 5186 et
2277 5146 2391 5184 non
2421 5134 2522 5183 est.
2553 5150 2573 5177 ι
2627 5128 2765 5191 Qum
2817 5126 2971 5181 enim
3026 5132 3171 5180 esset
3214 5127 3558 5197 supradicta,
3594 5127 3673 5182 fe-

1982 5221 2183 5286 licitas,
2210 5218 2257 5272 si
2288 5219 2421 5272 laeta
2476 5233 2595 5271 non
2625 5217 2812 5271 esset?
2841 5215 2899 5270 Si
2928 5214 3082 5268 intus
3112 5231 3405 5286 prospera,
3436 5215 3494 5269 in
3525 5215 3677 5286 agris

1984 5324 2235 5381 quoque.

2062 5420 2082 5446 σι
2131 5398 2234 5451 Bos
2275 5410 2477 5450 eorum
2524 5393 2802 5464 concepit.
2834 5415 2854 5441 ι
2913 5391 3173 5447 Dominis
3214 5409 3456 5463 gregum
3490 5395 3679 5464 prima

1988 5492 2070 5542 est
2100 5484 2357 5550 felicitas,
2396 5487 2526 5549 etc.,
2558 5497 2725 5551 usque
2774 5482 2847 5536 ad
2896 5481 3046 5534 unde
3081 5480 3397 5537 fecunditas
3448 5482 3677 5536 familiae
3746 5514 3749 5515 ν

1989 5574 2283 5629 subditur:
