4082 6184
445 332 549 384 815

444 545 509 594 ut
554 540 773 610 majora
804 539 873 593 ad
920 538 1249 592 habendum
1299 554 1565 591 concessa
1620 544 1773 606 sunt,
1830 538 1910 592 ita
1970 539 2134 592 multi

447 629 770 700 germinent
802 628 871 681 ad
929 625 1386 680 custodiendum.

519 741 546 770 α
580 719 645 771 Et
696 716 938 770 infantes
983 729 1183 771 eorum
1232 715 1518 768 exsultant
1568 714 1869 769 lusibus.»
1926 715 2035 770 Sed
2066 732 2135 769 ne

445 808 608 862 illum
638 806 828 859 lusum
849 806 1017 858 vilem
1046 804 1427 868 crederemus,
1460 803 1566 857 ait:

514 897 673 949 Vens.
736 896 819 948 I2.
850 923 920 935 —
954 915 974 941 ι
1037 894 1255 946 Tenent
1286 896 1624 963 tympanum
1664 896 1720 946 et
1770 892 2069 946 citharam.
2105 911 2133 945 ιο

444 981 617 1047 Quasi
655 998 783 1036 cum
815 980 1033 1035 domini
1073 979 1389 1034 honoribus
1421 984 1477 1033 et
1531 979 1703 1033 rebus
1729 983 1974 1044 tument,
2008 980 2139 1034 sub-

438 1070 576 1143 jecti
604 1070 664 1124 in
691 1069 923 1124 ludicris
947 1068 1161 1122 actibus
1192 1068 1461 1137 gaudent.

516 1160 675 1211 Vens.
738 1160 821 1211 I3.
872 1179 992 1205 -α
1022 1157 1244 1209 Ducunt
1273 1155 1332 1208 in
1387 1155 1553 1208 bonis
1584 1155 1702 1209 dies
1745 1172 1896 1210 suos.
1937 1178 1957 1203 ι
1995 1156 2140 1221 Quia

444 1247 632 1301 omnis
662 1244 957 1315 longitudo
982 1244 1109 1298 vite
1166 1244 1463 1313 presentis
1494 1248 1740 1314 punctus
1769 1260 1891 1298 esse
1929 1261 2139 1316 cogno-

442 1336 632 1398 scitur,
664 1351 793 1388 cum
818 1334 931 1387 ﬁne
960 1332 1320 1386 terminatur.
1376 1331 1668 1403 Quidquid
1700 1331 1853 1385 enim
1895 1332 2136 1386 transire

444 1424 646 1497 potuit,
682 1422 935 1477 subitum
965 1420 1088 1475 fuit.

514 1532 543 1564 α
577 1514 641 1567 Et
676 1512 738 1565 in
794 1514 1008 1580 puncto
1057 1509 1125 1562 ad
1168 1507 1391 1561 inferna
1442 1507 1809 1561 descendunt.
1841 1528 1862 1555 ι
1926 1508 2035 1562 Sed
2067 1508 2106 1561 ﬁ

444 1602 534 1656 nis
567 1605 651 1655 est
680 1600 987 1672 pessimus;
1021 1613 1147 1651 ecce
1178 1613 1292 1667 quo
1337 1596 1630 1661 tendebat,
1681 1596 1815 1666 quia
1837 1597 2136 1666 praesentis

445 1691 576 1745 vite
617 1688 966 1760 prosperitas
1016 1702 1133 1739 non
1184 1690 1267 1738 est
1309 1685 1467 1737 testis
1515 1684 1874 1752 iunocentie,
1917 1685 2053 1755 qnia
2081 1692 2138 1739 et

443 1780 550 1833 hac
596 1777 685 1830 usi
742 1778 1007 1846 pereunt,
1054 1778 1111 1826 et
1165 1772 1436 1842 ﬂagellati
1490 1771 1819 1833 liberantur,
1861 1773 2013 1844 quod
2055 1778 2136 1829 est

445 1872 645 1921 contra
672 1865 884 1917 amicos
912 1862 1036 1917 Job.

517 1956 679 2007 Vens.
730 1953 814 2005 14.
875 1982 943 1989 -
991 1970 1018 2000 α
1074 1949 1181 2013 Qui
1240 1949 1504 2003 dixerunt
1568 1949 1685 2003 Deo
1742 1965 1756 2002 :
1832 1948 2050 2002 Recede
2104 1964 2137 2001 a

446 2042 632 2097 nobis.
667 2063 694 2090 »
717 2038 931 2110 (GREG.)
983 2038 1189 2092 Dicunt
1216 2038 1359 2091 Deo:
1395 2037 1613 2091 Recede
1644 2054 1677 2090 a
1723 2036 1902 2101 nobis,
1949 2036 2047 2106 qui
2082 2035 2135 2090 ei

445 2130 515 2185 ad
548 2146 605 2184 se
662 2128 914 2200 prebere
945 2126 1161 2180 aditum
1210 2130 1494 2194 recusant,
1519 2141 1767 2197 eumque
1814 2124 2004 2195 pravis
2036 2141 2136 2179 ac-

442 2219 595 2274 tibus
626 2217 989 2287 impugnant.

515 2327 543 2359 α
574 2306 880 2362 Scientiam
920 2303 1139 2357 viarum
1174 2307 1422 2358 tuarum.
1453 2323 1481 2354 υ
1529 2303 1628 2357 Via
1659 2303 1759 2357 Dei
1784 2319 1914 2373 pax,
1946 2302 2137 2357 humi-

440 2395 587 2462 litas,
644 2392 920 2465 patientia
987 2398 1106 2447 est:
1168 2408 1299 2462 que
1347 2391 1447 2462 qui
1498 2391 1840 2462 despiciunt,
1902 2390 2128 2445 dicunt:

438 2485 743 2539 Scientiam
773 2482 992 2536 viarum
1020 2486 1251 2535 tuarum
1285 2481 1576 2535 nolumus.

509 2593 672 2646 Vens.
764 2592 844 2644 15.
896 2618 965 2630 -
1028 2610 1049 2637 ‹
1108 2587 1243 2651 Quis
1316 2592 1399 2641 est
1456 2585 1867 2656 Omnipotens?
1914 2606 1941 2635 ››
2022 2589 2129 2641 etc.

442 2698 469 2729 «
498 2678 647 2733 Dixit
666 2677 821 2732 enim
862 2675 1142 2747 insipiens
1181 2676 1239 2729 iu
1269 2676 1438 2729 corde
1473 2692 1605 2729 suo:
1639 2676 1763 2729 Non
1795 2679 1880 2729 est
1909 2676 2076 2728 Deus.
2104 2696 2125 2723 ι

514 2790 535 2816 ι
560 2769 628 2821 Et
678 2766 816 2837 quid
852 2765 1018 2819 nobis
1063 2765 1297 2834 prodest
1345 2764 1391 2817 si
1431 2764 1832 2817 oraverimus?
1861 2785 1889 2812 »
1945 2762 2132 2833 Iniqui

439 2858 540 2929 qui
589 2872 708 2910 non
740 2856 941 2919 Deum,
1001 2854 1099 2907 sed
1152 2853 1435 2907 exteriora
1495 2853 1646 2907 dona
1672 2857 1960 2924 querunt,
1995 2868 2126 2907 cum

439 2945 637 2999 eadem
687 2942 1065 2998 servientibus
1115 2941 1309 2996 deesse
1368 2941 1742 3013 conspiciunt,
1770 2941 1881 3013 ipsi
1920 2941 2131 2996 servire

438 3036 833 3088 contemnunt.

508 3142 670 3194 Vens.
718 3142 800 3193 I6.
828 3167 897 3180 —
933 3159 952 3185 α
990 3137 1391 3191 Verumtamen
1419 3137 1554 3207 quia
1581 3153 1699 3190 non
1744 3140 1893 3190 sunt.
1924 3158 1944 3184 ι
1978 3136 2134 3190 Bona

440 3229 499 3283 in
554 3243 731 3281 manu
784 3227 976 3291 habet,
1032 3226 1130 3295 qui
1184 3225 1548 3294 despiciendo
1606 3224 1967 3295 temporalia,
2027 3225 2131 3279 sub

439 3315 695 3370 dominio
730 3314 937 3366 mentis
960 3314 1189 3381 premit.
1222 3317 1292 3365 At
1321 3313 1581 3382 quisquis
1618 3328 1684 3365 ea
1714 3312 1890 3366 nimie
1921 3312 2130 3383 diligit,

440 3420 498 3457 se
529 3403 711 3471 magis
736 3401 850 3455 illis
880 3416 1053 3471 quam
1085 3401 1207 3470 ipsa
1237 3400 1346 3454 sibi
1366 3401 1656 3470 supponit.

513 3512 541 3540 ‹‹
576 3489 889 3545 Consilium
923 3504 1123 3541 eorum
1175 3489 1364 3557 longe.
1398 3509 1420 3535 ο
1476 3488 1790 3542 Consilium
1820 3488 2132 3560 impiorum

440 3586 526 3634 est
579 3584 866 3633 terrenam
922 3576 1162 3647 gloriam
1194 3592 1474 3646 querere,
1506 3581 1780 3630 eternam
1818 3577 2128 3648 negligere.

438 3668 547 3725 Sed
591 3666 728 3738 quia
756 3665 816 3719 in
862 3665 968 3719 hac
998 3664 1111 3718 vita
1140 3680 1260 3718 non
1291 3664 1557 3718 continue
1587 3671 2019 3736 prosperantur,
2044 3684 2130 3720 se-

437 3756 666 3827 quitur:

508 3865 670 3918 Vens.
711 3865 795 3916 17.
821 3892 893 3901 -
921 3882 950 3910 ‹‹
988 3860 1219 3925 Quoties
1284 3860 1515 3914 lucerna
1577 3859 1888 3931 impiorum
1920 3861 2129 3916 exstin-

438 3955 667 4023 guetur.
705 3971 732 4002 υ
763 3950 923 4020 Sepe
973 3949 1183 4021 impius
1214 3950 1508 4003 lucernam
1566 3966 1726 4003 suam
1761 3950 2012 4005 ﬁliorum
2039 3952 2129 4004 vi-

434 4045 552 4094 tam
600 4038 877 4104 aestimat;
908 4037 1003 4091 sed
1034 4053 1163 4090 cum
1196 4036 1347 4090 filius
1377 4037 1476 4107 qui
1506 4037 1680 4090 nimie
1729 4044 1953 4092 amatur
1987 4038 2127 4092 sub-

436 4129 703 4192 trahitur,
756 4128 989 4180 lucerna
1045 4124 1229 4195 impii,
1291 4142 1420 4194 que
1474 4126 1790 4192 videbatur,
1851 4127 2126 4181 exstincta

436 4222 521 4271 est
543 4234 556 4282 ;
579 4217 657 4270 sic
678 4220 761 4268 est
789 4220 845 4268 et
861 4214 929 4267 de
969 4214 1173 4283 opibus
1206 4218 1376 4283 atque
1409 4213 1744 4268 honoribus.

511 4328 537 4353 ‹‹
568 4307 633 4359 Et
688 4302 1049 4373 superveniet
1077 4302 1158 4355 eis
1184 4300 1504 4357 inundatio.
1543 4324 1563 4349 ι
1596 4303 1897 4357 Inundatio
1928 4304 2119 4374 impiis
2150 4300 2193 4353 Ι)

435 4392 816 4463 superveniet,
846 4406 977 4444 cum
1024 4389 1286 4443 dolorum
1319 4391 1524 4443 tluctus
1563 4407 1628 4444 ex
1659 4391 1850 4462 aliqua
1877 4392 2122 4446 adversi-

433 4487 549 4537 tate
566 4479 881 4551 patiuntur.

511 4592 531 4618 .
566 4571 630 4623 Et
680 4568 904 4622 dolores
961 4565 1197 4631 dividet,
1229 4586 1256 4615 »
1320 4569 1423 4619 etc.
1470 4565 1577 4629 Qui
1606 4571 1849 4620 eternos
1900 4568 2124 4622 dolores

433 4658 614 4730 impio
669 4659 871 4720 servat,
907 4659 964 4708 et
988 4654 1079 4708 hic
1118 4653 1425 4724 aliquando
1455 4655 1579 4724 ejus
1622 4660 1869 4709 mentem
1900 4661 2122 4727 tempo-

431 4748 539 4801 rali
563 4746 757 4800 dolore
786 4744 1206 4797 transverberat
1230 4758 1244 4808 ;
1291 4740 1427 4812 quia
1456 4742 1609 4795 enim
1640 4742 1731 4796 hic
1756 4748 1813 4797 et
1841 4743 1957 4797 illic
2000 4760 2125 4814 per-

431 4836 590 4902 cutit,
645 4833 856 4888 furoris
886 4831 974 4885 sui
1022 4847 1194 4901 super
1250 4830 1496 4900 impium
1538 4830 1759 4885 dolores
1807 4831 2030 4900 dividit,
2060 4837 2127 4886 ut

432 4922 647 4995 duplici
676 4920 1017 4976 contritione
1042 4923 1385 4973 conteratur.

500 5031 664 5083 Vens.
705 5030 788 5082 I8.
846 5056 915 5065 —
944 5048 965 5073 ι
1002 5026 1179 5079 Erunt
1234 5024 1380 5078 sicut
1407 5025 1607 5095 palee.
1646 5047 1668 5073 ι
1705 5025 1849 5090 Quia
1891 5027 1993 5081 ire
2024 5028 2125 5082 Dei

430 5120 566 5172 ﬂatu
598 5116 784 5171 subito
837 5114 1102 5168 levantur
1136 5119 1309 5184 atque
1354 5118 1723 5184 asportantur
1768 5115 1839 5169 ad
1891 5115 2119 5185 ignem:

503 5226 529 5257 ι
563 5207 629 5259 Et
679 5204 825 5258 sicut
877 5202 1067 5256 favilla
1126 5218 1323 5272 quam,
1364 5222 1386 5249 »
1446 5201 1583 5272 quia
1632 5218 1731 5256 eos
1787 5202 1856 5257 ad
1910 5208 2123 5259 eterna

430 5294 709 5365 supplicia
737 5291 906 5347 turbo
936 5291 1167 5361 rapiens
1194 5294 1464 5362 asportet.

500 5400 659 5453 Vens.
714 5400 796 5451 l9.
855 5416 977 5446 -α
1012 5398 1157 5451 Deus
1213 5394 1464 5449 servabit
1517 5394 1649 5449 ﬁliis
1690 5393 1923 5448 illius.»
1979 5394 2124 5459 Quia

430 5486 531 5558 qui
558 5485 812 5556 parentis
837 5484 1202 5557 iniquitatem
1242 5482 1522 5548 imitatur,
1557 5482 1729 5537 etiam
1760 5482 1883 5553 ejus
1912 5482 2121 5538 delicta

430 5574 859 5644 constringitur.

1105 326 1502 383 WALAFRIDI
1539 327 1783 383 STRABI
1817 327 2020 382 FULD.
2047 327 2213 385 ΜΟΝ.
2237 328 2388 385 OPP.
2424 329 2600 385 PARS
2630 330 2670 384 I.
2712 358 2779 367 —
2809 327 3273 384 THEOLOGICA.
3822 333 3912 384 8H3

520 453 678 506 Vens.
708 454 793 505 II.
845 479 915 492 —
949 470 976 500 α
1011 449 1394 518 Egrediuntur
1433 448 1593 519 quasi
1622 465 1842 519 greges.
1871 469 1898 500 »
1935 450 2001 504 Ut
2034 449 2137 503 sic-
2178 452 2222 503 Α

2329 474 2349 499 ι
2384 453 2447 506 Et
2504 467 2632 505 cum
2694 451 3022 505 reddiderit.
3058 474 3085 500 »
3125 451 3311 505 Nescit
3358 450 3511 505 enim
3545 453 3748 520 impius
3785 454 3915 505 mala

2244 556 2373 610 que
2395 540 2544 605 fecit,
2574 539 2683 593 nisi
2710 556 2839 592 cum
2872 539 3066 608 puniri
3100 539 3356 610 ceperit.

2314 629 2477 684 Vens.
2512 629 2600 681 20.
2623 659 2693 667 —
2720 648 2746 678 «
2774 627 3063 682 Videbunt
3079 628 3230 681 oculi
3251 630 3393 699 ejus.
3423 648 3445 675 ι
3472 627 3616 693 Quia
3637 629 3711 682 ita
3732 628 3918 699 iniqui-

2242 722 2355 771 tate
2409 718 2699 783 duruerat,
2736 722 2797 771 ut
2851 733 2952 770 nec
3000 717 3060 771 in
3090 718 3231 786 ipsis
3292 722 3576 771 metueret
3622 716 3771 770 feriri
3802 733 3915 787 que

2244 806 2490 872 amabat,
2527 805 2839 860 dummodo
2879 822 3009 875 que
3040 821 3304 875 perverse
3335 805 3701 876 cogitaverat,
3733 807 3907 875 exple-

2245 899 2358 949 ret:
2392 894 2461 948 de
2492 910 2606 965 qua
2634 892 3013 947 obduratione
3044 893 3441 963 subjungitur:

2318 984 2474 1037 Vens.
2520 985 2613 1037 2t.
2649 1011 2717 1023 —
2750 1003 2776 1029 ‹‹
2809 980 2955 1045 Quid
3010 981 3165 1035 enim
3196 982 3285 1035 ad.
3319 1004 3346 1031 »
3387 982 3510 1036 Non
3555 981 3706 1052 quod
3760 981 3815 1035 in
3844 982 3917 1035 in-

2244 1071 2406 1125 ferno
2461 1087 2573 1124 non
2598 1070 2809 1141 cogitet
2840 1070 2909 1124 de
2939 1070 3215 1140 cognatis,
3260 1076 3391 1136 etc.,
3422 1085 3591 1139 usque
3619 1071 3692 1125 ad
3713 1087 3781 1125 ne
3806 1072 3917 1142 quis

2247 1159 2526 1213 discutere
2558 1162 2884 1227 presumat,
2921 1158 3213 1228 sequitur:

2316 1248 2472 1301 Vens.
2522 1250 2610 1301 22.
2645 1277 2697 1285 -ο
2744 1268 2771 1297 «
2823 1246 3094 1317 Nunquid
3160 1248 3341 1301 Deum
3367 1245 3661 1318 quispiam
3714 1247 3920 1302 docebit

2244 1335 2586 1389 scientiam?
2618 1356 2644 1383 »
2679 1335 2735 1389 id
2763 1340 2847 1388 est
2884 1335 3182 1389 nobiscum
3230 1335 3311 1389 nil
3342 1335 3550 1404 injuste
3575 1335 3715 1406 agit,
3749 1336 3840 1406 qui
3871 1341 3920 1390 et

2245 1424 2603 1478 subtiliorem
2632 1423 2798 1478 nobis
2829 1423 3148 1494 angelicam
3167 1428 3431 1477 naturam
3464 1424 3615 1494 justo
3638 1424 3915 1494 judicavit,

2247 1513 2398 1566 unde
2420 1512 2565 1566 nihil
2588 1517 2766 1567 restat
2786 1513 3085 1583 conqueri.

2314 1603 2477 1655 Vens.
2509 1604 2597 1656 23.
2631 1632 2697 1641 —
2721 1620 2748 1651 «
2782 1602 2892 1654 Iste
2910 1601 3158 1655 moritur
3212 1623 3239 1651 ››
3273 1603 3409 1656 Ecce
3431 1600 3597 1671 ponit
3619 1600 3718 1656 illa
3747 1602 3802 1655 in
3817 1601 3923 1672 qui-

2246 1689 2349 1743 bus
2380 1689 2799 1760 Umnipotentis
2828 1695 3107 1744 secretum
3137 1690 3264 1761 quis
3293 1691 3573 1753 discutiat,
3602 1691 3922 1760 ’querendo

2246 1793 2349 1831 cur
2394 1778 2515 1832 hec
2544 1778 2621 1831 ita
2676 1794 2795 1832 esse
2828 1779 3140 1848 permittat.
3182 1778 3520 1849 Superﬁcies
3572 1779 3780 1833 littere
3805 1780 3921 1834 satis

2246 1871 2402 1936 patet
2430 1882 2534 1936 per
2559 1883 2634 1921 se.
2661 1867 2820 1931 Quod
2854 1871 3043 1920 autem
3076 1866 3249 1921 dicit:

2317 1956 2481 2010 Vens.
2544 1957 2630 2009 24,
2684 1985 2753 1996 -
2808 1956 3032 2009 Viscera
3096 1956 3219 2025 ejus
3269 1956 3438 2025 plena
3486 1960 3620 2009 sunt
3679 1955 3916 2026 adipe.»

2245 2044 2432 2115 Adeps
2479 2044 2692 2116 quippe
2721 2060 2787 2097 ex
2842 2044 3157 2099 abundanti
3183 2044 3308 2098 cibo
3352 2048 3453 2110 est,
3504 2049 3634 2109 etc.,
3667 2044 3915 2114 usquead

2246 2149 2373 2186 ecce
2426 2133 2583 2187 dives
2630 2133 2879 2187 inaniter
2932 2133 3161 2203 gaudet,
3230 2149 3451 2204 pauper
3504 2132 3742 2188 inanius
3792 2132 3915 2187 afﬂi-

2245 2220 2420 2291 gitur.

2315 2309 2479 2363 Vens.
2532 2312 2711 2363 26.-—
2749 2330 2777 2358 ι(
2828 2311 2893 2363 Et
2943 2314 3137 2364 tamen
3182 2308 3350 2364 simul
3404 2308 3462 2362 in
3513 2310 3747 2380 pulvere
3806 2310 3914 2364 dor-

2244 2397 2437 2451 mient.
2480 2420 2500 2446 ι
2539 2398 2731 2468 (Ιὸἱά.)
2762 2398 2900 2463 Que
2932 2415 3065 2453 cura
3096 2399 3165 2452 de
3195 2397 3459 2452 dissimili
3500 2398 3636 2463 vita,
3672 2413 3919 2469 prospera

2241 2486 2329 2540 vel
2359 2486 2613 2556 adversa,
2671 2503 2800 2541 cum
2844 2487 3047 2542 similis
3104 2487 3235 2541 ﬁnis
3265 2487 3324 2540 in
3372 2488 3653 2558 pulvere?
3696 2489 3795 2541 Illa
3821 2487 3918 2539 vita

2241 2573 2563 2641 cogitanda,
2635 2573 2732 2627 ubi
2806 2590 2938 2628 cum
2994 2573 3410 2628 resurrectione
3467 2574 3539 2627 ad
3606 2574 3915 2628 dissimilem

2242 2660 2416 2715 ﬁnem
2439 2663 2789 2732 pervenitur,
2820 2662 2920 2717 ubi
2952 2662 3086 2717 felix
3117 2663 3185 2717 ad
3218 2678 3436 2733 penes,
3470 2660 3719 2717 afﬂictus
3742 2661 3918 2717 transit

2241 2751 2312 2805 ad
2336 2750 2612 2821 requiem.

2316 2861 2342 2887 α
2370 2840 2435 2893 Et
2462 2844 2655 2894 tamen
2703 2839 2873 2894 simul
2904 2839 2962 2893 in
2989 2839 3251 2910 pulvere.
3290 2860 3317 2888 »
3361 2839 3425 2893 Id
3455 2843 3559 2901 est,
3604 2838 3668 2893 in
3698 2838 3917 2892 terrenis

2241 2926 2541 2981 desideriis
2563 2928 2757 2981 oculos
2790 2926 2997 2981 mentis
3021 2928 3310 2981 claudent:

2168 3021 2211 3077 ο
2319 3034 2347 3066 α
2378 3016 2444 3069 Et
2474 3031 2711 3083 vermes,
2740 3036 2765 3065 ιο
2796 3016 2893 3087 qui
2946 3016 3013 3070 de
3060 3031 3249 3081 carne,
3283 3015 3339 3069 id
3392 3020 3477 3068 est
3505 3017 3761 3070 carnales
3786 3030 3918 3069 cura:

2240 3108 2530 3173 premunt,
2588 3104 2739 3175 quod
2800 3120 2913 3157 non
2964 3121 3023 3157 in
3049 3104 3173 3172 Job,
3221 3104 3322 3174 qui
3351 3120 3456 3157 nec
3502 3103 3571 3157 de
3605 3104 3811 3159 habitis
3846 3110 3917 3157 tu-

2241 3192 2408 3261 muit,
2430 3208 2532 3245 nec
2553 3192 2623 3246 de
2654 3192 2876 3246 amissis
2908 3192 3110 3247 anxius
3139 3192 3265 3246 fuit.
3316 3191 3421 3246 Sed
3453 3191 3536 3245 illi
3566 3192 3679 3246 hoc
3710 3198 3917 3264 putant,

2240 3296 2417 3350 quare
2450 3281 2769 3350 subjungit:

2312 3370 2581 3423 Vsas.2‘7.
2631 3398 2703 3410 —
2735 3390 2762 3417 ‹‹
2821 3370 2983 3424 Certe
3033 3368 3170 3423 novi
3227 3367 3599 3438 cogitationes
3649 3374 3915 3422 vestras.»

2239 3456 2419 3521 Quem
2450 3458 2602 3511 enim
2640 3473 2972 3530 percussum
3004 3457 3295 3525 viderunt,
3346 3461 3475 3523 etc.,
3504 3472 3682 3526 usque
3731 3457 3804 3512 ad
3832 3471 3917 3509 nec

2238 3546 2484 3616 perfecte
2516 3546 2586 3599 ad
2610 3552 2824 3599 eterna
2854 3550 3170 3610 transeunt,
3203 3545 3357 3598 unde
3388 3544 3573 3599 addit:

2310 3634 2476 3688 Vens.
2536 3637 2623 3689 29.
2676 3664 2743 3673 —
2784 3654 2812 3683 α
2862 3636 3216 3703 Interrogata
3270 3632 3588 3704 quemlibet
3629 3633 3701 3688 de
3755 3634 3855 3687 via.
3890 3652 3911 3676 ιι

2237 3721 2433 3776 Viator
2460 3721 2670 3776 dicitur
2718 3721 2818 3794 qui
2868 3728 3209 3792 presentem
3240 3722 3437 3788 vitam,
3492 3721 3644 3776 viam
3678 3722 3784 3776 sibi
3812 3736 3917 3775 esse

2238 3812 2293 3863 et
2322 3826 2439 3863 non
2468 3811 2711 3881 patriam
2744 3810 3007 3876 attendit,
3041 3810 3140 3881 qui
3160 3810 3219 3864 in
3250 3810 3552 3864 dilectione
3584 3816 3917 3881 pretereun-

2237 3898 2309 3952 tis
2339 3897 2531 3952 seculi
2552 3915 2648 3951 cor
2677 3899 2854 3968 ﬁgere
2874 3899 3130 3970 despicit,
3156 3899 3251 3953 sed
3274 3902 3489 3952 eterna
3515 3899 3685 3969 petit.

2308 3989 2472 4042 Vens.
2508 3990 2593 4041 3t.
2627 4018 2695 4026 —
2728 4006 2757 4038 α
2786 3987 2923 4052 Quis
2978 3992 3179 4057 arguet
3233 4003 3420 4041 coram
3454 4004 3521 4041 eo
3570 3988 3695 4041 vias
3727 3988 3861 4057 ejus.
3890 4005 3913 4031 ιο

2236 4075 2375 4129 Cum
2406 4075 2476 4129 de
2534 4076 2793 4129 omnium
2825 4076 3106 4129 malorum
3136 4092 3376 4146 corpore
3404 4076 3761 4146 loqueretur,
3795 4079 3911 4133 etc.,

2233 4180 2401 4233 usque
2424 4163 2496 4217 ad
2547 4180 2649 4218 nec
2678 4164 2843 4232 Elias,
2878 4181 2979 4218 nec
3013 4165 3201 4219 Enoch
3239 4164 3357 4218 suis
3406 4164 3648 4228 viribus,
3675 4164 3773 4218 sed
3808 4161 3914 4215 Dei.

2304 4254 2458 4305 Vens.
2492 4254 2578 4306 32.
2604 4283 2672 4291 —
2703 4254 2880 4323 «Ipse
2914 4252 2985 4306 ad
3015 4253 3293 4323 sepulcra.
3326 4274 3354 4301 ››
3393 4254 3506 4307 Hoc
3543 4253 3606 4306 in
3642 4252 3778 4317 vita,
3801 4256 3915 4313 etc.,

2231 4356 2399 4410 usque
2446 4340 2520 4394 ad
2575 4341 2674 4411 qui
2730 4340 2791 4394 in
2852 4358 3161 4411 pravorum
3200 4345 3422 4396 tantum
3464 4341 3741 4396 cordibus
3790 4339 3915 4394 reci-

2230 4429 2438 4501 pietur.

2303 4538 2331 4567 «
2362 4518 2427 4571 Et
2458 4516 2516 4569 in
2547 4516 2831 4587 congerie.
2870 4538 2891 4564 ι
2926 4514 3070 4580 Quia
3100 4516 3158 4571 in
3200 4515 3649 4586 congregatione
3693 4530 3913 4587 peccan-

2229 4605 2375 4659 tium
2438 4605 2660 4659 astutie
2721 4621 2839 4658 sue
2891 4604 3126 4659 insidias
3174 4605 3379 4671 exerit;
3428 4605 3709 4675 quoniam
3739 4608 3911 4657 autem

2231 4694 2397 4749 multi
2429 4699 2561 4747 sunt
2593 4693 2748 4761 mali,
2779 4698 2929 4747 recte
2959 4694 3256 4764 congeries
3285 4694 3689 4748 nominantur.

2304 4784 2467 4837 Vens.
2518 4784 2601 4836 33.
2633 4813 2701 4821 —-
2737 4801 2766 4833 α
2825 4782 3013 4836 Dulcis
3070 4782 3203 4837 fuit.
3243 4800 3274 4835 υ
3320 4781 3586 4853 Cocytus,
3619 4782 3807 4836 luctus
3834 4779 3912 4831 in-

2231 4870 2580 4924 ﬁrmantium
2614 4870 2840 4939 dicitur,
2872 4875 3004 4939 etc.,
3038 4886 3206 4939 usque
3235 4870 3309 4925 ad
3345 4870 3643 4941 signantes
3668 4869 3819 4941 quod
3848 4864 3912 4920 ibi

2231 4959 2304 5013 sit
2333 4960 2516 5013 luctus
2546 4959 2799 5030 iniquus.

2306 5070 2332 5097 ‹‹
2363 5048 2431 5101 Et
2474 5052 2599 5118 post
2627 5064 2685 5103 se
2730 5064 2980 5102 omnem.
3013 5070 3041 5097 »
3086 5047 3271 5119 (Ibid.)
3328 5047 3510 5101 Homo
3559 5046 3814 5101 humana
3839 5059 3911 5096 sa-

2229 5132 2396 5202 piens
2424 5134 2515 5188 hic
2542 5134 2909 5206 intelligitur;
2946 5141 3073 5206 post
3120 5152 3178 5189 se
3208 5150 3437 5189 omnem
3475 5135 3773 5190 hominem
3811 5138 3907 5186 tra-

2230 5220 2337 5290 hit,
2368 5222 2504 5292 quia
2550 5228 2803 5291 cuuctos,
2848 5240 2993 5295 quos
3049 5225 3303 5279 carnales
3331 5223 3639 5287 invenerit,
3673 5223 3779 5277 sub
3809 5233 3905 5274 sua:

2232 5308 2464 5363 ditionis
2512 5310 2719 5381 jugum
2749 5311 2923 5381 rapit:
2955 5311 3054 5383 qui
3085 5317 3141 5366 et
3186 5328 3341 5366 nunc
3395 5311 3737 5383 priusquam
3762 5322 3908 5380 appa-

2232 5402 2374 5459 reat,
2430 5398 2881 5454 innumerabiles
2932 5400 3127 5468 trahit,
3178 5401 3285 5456 etsi
3338 5417 3454 5456 non
3516 5415 3739 5466 omnes,
3791 5394 3904 5470 quia

2231 5486 2397 5539 multi
2427 5503 2459 5539 a
2488 5489 2819 5542 carnalitate
2847 5489 3237 5543 retrahuntur.

2299 5575 2462 5628 Vnus.
2506 5578 2593 5630 34.
2620 5606 2687 5615 ——
2722 5599 2741 5623 ι
2777 5576 3075 5640 Quomodo
3116 5576 3296 5648 igitur
3324 5576 3724 5646 consolamini,
3746 5578 3849 5629 etc.
3880 5589 3902 5619 ι
