4034 6180
225 267 330 316 817

217 569 304 615 est
326 568 388 616 ut
419 563 629 617 electus
655 563 860 619 debeat
886 565 990 618 sub
1025 565 1237 635 ﬂagelli
1265 566 1426 620 freno
1453 568 1705 622 retineri.

296 673 324 699 «
360 652 503 706 Cum
531 653 829 722 responsio
881 659 1084 720 vestra,
1120 675 1147 702 ι
1181 660 1286 708 etc.
1339 657 1480 709 Eum
1521 657 1674 710 enim
1722 673 1921 711 conso-

217 740 328 794 lari
360 757 477 794 non
509 746 798 810 poterant,
847 741 908 796 in
947 740 1061 812 quo
1118 743 1234 796 suis
1289 746 1655 799 sermonibus
1695 746 1921 799 veritati

220 829 604 883 contraibant.
667 831 809 883 Nam
880 847 1010 884 cum
1072 832 1223 886 hunc
1253 832 1612 903 hypocritam
1647 835 1915 899 dicerent,

212 917 493 988 quoniam
554 919 884 972 mentiendo
942 921 1169 990 culpam
1231 923 1661 991 perpetrabant,
1719 923 1918 976 afflicti

206 1006 352 1075 justi
387 1023 617 1077 poenam
681 1007 999 1078 augebant;
1051 1010 1184 1079 quia
1241 1010 1579 1080 diligentem
1623 1012 1914 1066 veritatem

215 1100 452 1166 torquet
479 1098 646 1166 culpa
676 1096 878 1150 alienae.
909 1097 1166 1151 fallacim.

863 1237 1090 1291 CAPUT
1121 1239 1275 1292 XXII.

287 1360 462 1412 Vens.
503 1362 551 1423 1,
580 1362 630 1412 2.
665 1389 731 1399 -
761 1378 786 1409 (ι
840 1360 1229 1430 Respondeas,
1264 1365 1370 1414 etc.
1406 1362 1678 1433 Nunquid
1714 1365 1846 1418 Deo.
1882 1387 1908 1413 ››

215 1450 447 1516 (Gnec.,
478 1451 538 1502 in
588 1449 728 1515 Job.,
760 1451 798 1501 Ι.
859 1451 1000 1518 xvr.)
1033 1450 1140 1514 Qui
1183 1456 1378 1505 contra
1430 1453 1680 1507 veritatis
1743 1455 1914 1509 verba

208 1536 508 1602 deﬁciunt,
542 1537 717 1590 etiam
758 1541 892 1590 nota
935 1539 1233 1608 replicant,
1268 1555 1338 1592 ne
1370 1541 1608 1594 tacendo
1654 1541 1786 1595 victi
1827 1543 1908 1596 vi-

208 1625 492 1688 deantur;
543 1625 691 1678 unde
739 1626 970 1695 Eliphaz
1028 1627 1179 1680 beati
1207 1628 1306 1681 Job
1360 1630 1718 1683 sermonibus
1748 1647 1907 1701 pres—

206 1730 324 1779 sus,
357 1730 424 1768 ea
461 1713 595 1767 dicit
625 1731 751 1784 quas
781 1715 974 1768 nullus
1003 1715 1257 1786 ignorat;
1287 1716 1366 1770 ait
1387 1719 1538 1771 enim
1575 1735 1587 1771 :

281 1822 307 1852 α
336 1802 609 1872 Nunquid
645 1805 756 1856 Deo
812 1805 1170 1874 comparari?
1205 1823 1229 1856 ι
1284 1807 1345 1858 In
1399 1807 1824 1876 comparatione
1857 1813 1912 1861 et

208 1891 363 1944 enim
400 1891 499 1944 Dei
530 1891 787 1953 scientia,
832 1897 965 1958 etc.,
1015 1909 1182 1962 usque
1211 1895 1286 1948 ad
1315 1895 1478 1964 quasi
1512 1895 1910 1951 descendendo

207 1979 527 2049 subjungit.

278 2069 442 2121 Vens.
488 2071 538 2122 3.
575 2098 642 2107 ——
701 2091 726 2116 ‹‹
786 2068 930 2132 Quid
993 2071 1264 2140 prodest?
1305 2095 1331 2120 »
1368 2073 1433 2125 In
1483 2072 1642 2125 omni
1697 2073 1911 2144 quippe

207 2157 366 2227 quod
397 2157 542 2210 bene
565 2157 811 2227 agimus,
851 2163 978 2223 etc.,
1005 2175 1172 2228 usque
1202 2161 1275 2214 ad
1296 2161 1482 2214 adhuc
1512 2162 1774 2232 adjungit
1791 2163 1912 2217 Eli-

211 2244 358 2314 phaz
386 2245 541 2315 quod
575 2245 766 2299 nullus
807 2246 1054 2316 ignorat.

283 2333 441 2386 Vens.
485 2334 544 2387 4.
583 2365 649 2372 -
700 2355 726 2382 «
788 2335 1056 2405 Nunquid
1106 2335 1313 2389 timens
1339 2343 1541 2407 arguet
1577 2338 1668 2392 te?
1703 2362 1721 2385 ο
1777 2339 1913 2403 Quis

205 2421 316 2474 hoc
341 2423 428 2474 vel
459 2421 744 2491 desipiens
801 2422 1027 2489 sentiat,
1061 2424 1210 2493 quod
1263 2425 1407 2477 Deus
1460 2441 1524 2478 ex
1579 2426 1778 2479 timore
1813 2444 1912 2480 nos

209 2515 436 2578 arguat,
498 2515 555 2563 et
585 2527 651 2564 ex
702 2516 857 2564 metu
899 2517 1095 2564 contra
1125 2528 1224 2565 nos
1249 2513 1533 2582 judicium
1565 2531 1732 2568 suum
1775 2532 1911 2585 pro-

210 2598 426 2666 ponat?
459 2619 480 2646 ι
509 2599 778 2669 Nunquid
803 2599 905 2652 tibi
934 2600 1172 2668 arguet?
1237 2622 1260 2648 ι
1293 2601 1399 2664 Qui
1433 2603 1604 2655 verba
1659 2620 1760 2656 sua
1793 2620 1910 2657 me-

213 2684 316 2737 tiri
339 2685 617 2751 nesciunt,
649 2686 720 2739 ad
749 2686 929 2739 otiosa
961 2687 1110 2740 dicta
1165 2688 1517 2744 dilabuntur.

295 2774 447 2826 Vens.
479 2778 529 2828 5.
574 2794 601 2824 ‹‹
649 2776 712 2828 Et
761 2791 877 2828 non
931 2782 1170 2846 propter
1220 2778 1504 2832 malitiam
1562 2783 1718 2833 tuam
1774 2781 1910 2851 plu-

223 2860 443 2913 rimam.
479 2883 499 2908 ι
540 2864 585 2914 Α
611 2862 797 2916 verbis
823 2862 1040 2928 otiosis,
1073 2870 1203 2930 etc.,
1252 2882 1419 2934 usque
1447 2868 1522 2921 ad
1547 2868 1657 2934 ised
1688 2885 1912 2940 semper

219 2947 292 3001 ad
324 2948 604 3003 deteriora
636 2951 959 3005 descendat.
992 2954 1131 3006 Nam
1165 2954 1440 3024 sequitur.

294 3038 450 3091 Vens.
493 3041 541 3091 6.
594 3069 660 3078 -
696 3059 724 3089 (ι
782 3041 1076 3094 Abstulisti
1135 3042 1289 3096 enim
1343 3043 1568 3113 pignus.
1606 3063 1632 3095 ι)
1684 3045 1810 3098 Hmc
1842 3045 1911 3098 ad

213 3125 464 3179 litteram
509 3132 706 3197 aperta
747 3134 896 3196 sunt,
940 3134 1070 3194 etc.,
1111 3147 1280 3200 usque
1309 3132 1382 3184 ad
1428 3133 1514 3185 vel
1573 3133 1718 3186 dona
1743 3133 1911 3203 spiri-

212 3214 393 3268 tualia
433 3217 699 3285 perdunt,
723 3217 820 3286 qui
845 3217 910 3271 ad
945 3222 998 3271 te
1015 3219 1270 3272 veniunt.

288 3305 450 3357 Vens.
485 3308 536 3358 9.
569 3335 636 3345 —
662 3325 688 3354 (ι
717 3307 943 3360 Viduas.
971 3328 996 3352 ››
1021 3308 1230 3361 Dicunt
1255 3307 1510 3362 haeretici
1531 3309 1748 3379 plebes,
1778 3315 1908 3375 etc.,

210 3408 382 3462 usque
413 3394 488 3446 ad
515 3410 618 3464 pro
644 3395 888 3464 peccatis
911 3395 1108 3449 dicunt
1128 3396 1366 3449 retribui
1398 3396 1495 3449 ei?
1547 3399 1610 3451 Et
1649 3398 1757 3452 hoc
1804 3402 1908 3465 est,

217 3504 239 3530 ι
277 3483 587 3552 Propterea
615 3483 998 3536 circumdatus
1030 3500 1089 3537 es
1111 3484 1348 3554 laqueis.
1383 3507 1410 3532 ››

284 3571 448 3624 Vens.
479 3574 560 3624 tl.
595 3602 661 3609 —
696 3591 722 3620 α
768 3573 830 3625 Et
860 3572 1098 3641 putabas
1135 3577 1211 3625 te.
1247 3594 1266 3620 ι
1305 3572 1474 3636 Quasi
1503 3573 1736 3640 diceret,
1779 3579 1909 3641 etc.,

211 3673 384 3727 usque
402 3658 477 3711 ad
505 3657 649 3711 sicut
673 3659 820 3712 unda
852 3675 1024 3729 super
1044 3660 1281 3715 undam.

282 3749 447 3800 Vens.
487 3750 566 3800 l2.
600 3779 666 3786 —
716 3769 742 3794 ‹‹
767 3751 853 3801 An
885 3765 1001 3802 non
1041 3750 1254 3819 cogitas
1285 3750 1434 3820 quod
1478 3751 1645 3806 Deus.
1685 3773 1706 3798 ι
1739 3751 1913 3815 Quasi

208 3853 285 3890 an
320 3836 474 3900 ideo,
508 3841 637 3903 etc.,
682 3852 852 3904 usque
902 3837 976 3890 ad
1014 3837 1151 3908 quia
1206 3839 1378 3892 stulto
1403 3838 1626 3907 judicio
1675 3841 1822 3894 solos
1854 3857 1912 3893 se

209 3925 506 3995 sapientes
536 3931 760 3994 putant.

284 4015 451 4066 Vens.
491 4016 574 4067 15.
607 4043 674 4052 -
731 4035 752 4062 ι
801 4015 1071 4086 Nunquid
1106 4015 1410 4071 semitam?
1455 4038 1483 4064 »
1520 4016 1674 4070 Sicut
1713 4017 1914 4070 semita

211 4102 616 4172 Redemptoris
670 4103 983 4169 humilitas,
1055 4103 1134 4157 ita
1165 4104 1366 4157 semita
1423 4106 1758 4158 saeculorum
1818 4122 1912 4158 su-

209 4191 439 4264 perbia.
492 4193 841 4246 Szeculorum
900 4193 1093 4262 itaque
1135 4193 1397 4246 semitam
1430 4193 1535 4246 viri
1583 4193 1767 4263 iniqui
1800 4195 1913 4247 cal-

208 4286 375 4349 cant,
407 4280 505 4351 qui
537 4297 640 4352 per
669 4281 839 4351 hujus
874 4283 1006 4336 vita:
1036 4281 1390 4336 desideriain
1420 4282 1666 4335 elatione
1691 4298 1912 4351 peram-
1955 4301 1996 4354 ι)

211 4371 444 4424 bulant.

284 4458 458 4511 Vens.
501 4459 584 4510 16.
623 4487 684 4495 -
713 4477 736 4505 ι
770 4457 878 4521 Qui
911 4456 1120 4511 sublati
1153 4462 1286 4510 sunt
1305 4462 1435 4510 ante
1465 4461 1690 4527 tempus
1719 4473 1918 4523 suum;

209 4545 332 4601 nisi
380 4545 532 4615 quod
580 4561 800 4599 omnes.
854 4565 882 4594 ιο
915 4545 1021 4609 Qui
1046 4549 1386 4615 przesentem
1416 4544 1588 4597 vitam
1645 4545 1915 4614 diligunt,

209 4641 351 4700 etc.,
381 4649 548 4703 usque
576 4634 652 4686 ad
690 4639 749 4687 et
780 4637 1032 4687 mutatur
1063 4633 1360 4698 sententia,
1421 4633 1517 4686 sed
1553 4649 1668 4686 non
1722 4633 1916 4686 consi-

210 4724 364 4778 lium
389 4725 689 4775 aeternum.

291 4832 322 4859 ‹‹
354 4812 422 4864 Et
467 4810 673 4863 fluvius
708 4809 984 4863 subvertit
1025 4810 1467 4863 fundamentum
1495 4825 1712 4862 eorum.
1749 4830 1776 4860 ι)
1806 4810 1916 4863 lni-

211 4900 321 4972 qui
352 4915 482 4953 eum
536 4898 842 4968 praesentia
873 4915 992 4951 esse
1023 4899 1260 4968 fugitiva
1290 4914 1406 4951 non
1441 4899 1752 4965 intuentur,
1785 4904 1915 4967 etc.,

212 5004 390 5056 usque
414 4987 488 5040 ad
515 4987 650 5058 quia
676 5002 874 5040 cursus
905 4986 1302 5040 mutabilitatis
1354 4992 1564 5040 statum
1605 4987 1664 5039 in
1689 4987 1768 5040 eis
1790 4987 1916 5040 sub-

211 5077 338 5130 ruit
362 5092 646 5146 perversaa
668 5075 1098 5129 constructioni.

289 5166 453 5218 Vens.
506 5167 588 5218 18.
649 5194 718 5204 —
763 5185 790 5212 ‹‹
840 5165 982 5218 Cum
1040 5163 1135 5216 ille
1186 5163 1495 5233 implesset.
1556 5181 1580 5214 υ
1642 5165 1915 5217 Malorum

212 5255 422 5308 domos
477 5253 752 5306 Dominus
825 5253 1044 5322 implet,
1111 5251 1246 5322 quia
1306 5251 1474 5305 etiam
1520 5252 1758 5321 ingratis
1815 5269 1916 5304 sua

211 5344 370 5397 dona
404 5358 519 5394 non
549 5341 777 5409 dengat.

294 5451 318 5479 α
344 5431 597 5493 Quorum
649 5429 930 5483 sententia
961 5429 1178 5498 procul.
1225 5450 1251 5476 ››
1286 5431 1395 5482 Hoc
1421 5429 1592 5482 etiam
1624 5429 1748 5495 Job,
1782 5434 1915 5498 etc.,

211 5532 388 5586 usque
413 5517 488 5570 ad
518 5522 675 5586 optat
701 5533 822 5570 esse
854 5518 1134 5570 malorum
1167 5516 1477 5569 dissimilis.

1386 268 1639 324 GLOSSA
1676 270 2078 325 ORDINABIA.
2118 299 2190 311 —
2229 271 2358 324 LIB.
2407 271 2554 325 JOB.

222 389 503 452 Quoniam
558 389 606 442 si
664 387 898 460 iniquus
941 389 1001 443 in
1059 390 1164 443 hac
1204 389 1318 444 vita
1373 391 1726 461 permittitur
1787 409 1925 463 pro-
1961 395 2006 446 Α
2111 395 2268 448 Vens.
2298 397 2380 447 l9.
2415 422 2482 432 —
2526 414 2547 440 ι
2577 391 2861 446 Videbunt
2889 392 3056 463 justi,

220 475 463 545 sperari,
518 477 671 546 quod
703 476 772 530 de
811 477 1154 530 Antichristo
1215 483 1505 532 ostensum
1562 485 1665 546 est,
1701 496 1924 535 necesse

3629 274 3734 326 818

3104 414 3132 442 ››
3189 391 3518 462 iniquorum
3550 392 3732 446 inter-

2032 481 2197 536 itum.

2104 590 2128 622 ι
2167 573 2230 626 Et
2290 571 2655 625 laztabuntur.
2701 594 2727 620 ιι
2760 572 2900 625 Cum
2961 570 3214 624 districto
3258 569 3441 638 judici
3478 571 3732 640 perfecta

2024 659 2146 728 jam
2185 660 2484 713 securitate
2513 659 2866 714 inhazserint.
2916 660 3074 712 Nunc
3099 658 3253 712 enim
3285 659 3560 728 reprohos
3592 675 3728 729 pro-

2030 749 2281 818 spiciunt
2311 755 2367 802 et
2398 754 2656 819 gemunt.

2100 857 2256 909 Vens.
2291 858 2378 908 20.
2413 887 2480 894 —
2516 875 2542 905 (ι
2585 857 2784 909 Nonne
2835 855 3069 909 succisa.
3123 877 3148 902 »
3209 855 3306 909 Hic
3338 855 3522 926 iniqui
3555 857 3727 909 erecti

2027 950 2181 1007 sunt,
2236 951 2366 1009 etc.,
2397 960 2566 1012 usque
2608 944 2682 996 ad
2710 946 2798 998 vel
2840 961 2874 997 a
2929 949 3242 1014 conspectu
3273 944 3480 1013 judicis
3510 945 3580 998 ad
3626 961 3725 1014 ge-

2025 1033 2276 1086 hennam
2309 1034 2733 1102 pertrahuntur.

2099 1141 2125 1170 α
2160 1122 2221 1174 Et
2267 1121 2538 1191 reliquias
2567 1138 2767 1174 eorum
2817 1121 3126 1175 devoravit.
3173 1141 3198 1168 »
3253 1121 3395 1185 Quia
3445 1125 3501 1174 et
3555 1121 3601 1174 si
3633 1120 3725 1174 hic

2025 1225 2257 1263 carnem
2287 1210 2640 1280 relinquant,
2686 1210 2744 1263 in
2789 1210 3208 1264 resurrectione
3240 1209 3537 1280 recipient,
3572 1215 3636 1264 ut
3662 1210 3723 1264 in

2023 1312 2194 1350 carne
2218 1299 2454 1351 ardeant
2483 1299 2539 1351 iu
2565 1315 2676 1369 qua
2702 1304 3100 1369 peccaverunt.

2095 1403 2254 1456 Vens.
2299 1407 2386 1457 2t.
2418 1435 2485 1442 —-
2519 1424 2544 1453 «
2570 1404 2874 1475 Acquiesce
2916 1405 3109 1474 igitur.
3145 1424 3172 1454 »
3217 1405 3393 1474 Culpa
3441 1402 3724 1472 superbiae.

2021 1495 2125 1558 est,
2172 1492 2371 1545 docere
2428 1493 2747 1557 meliorem,
2809 1494 2960 1563 quod
3011 1509 3162 1562 saepe
3217 1492 3469 1546 haeretici
3508 1491 3725 1546 faciunt

2019 1580 2336 1634 catholicis.

1944 1672 1982 1725 Β
2094 1670 2252 1722 Vens.
2290 1672 2378 1723 23.
2411 1699 2479 1709 —
2513 1692 2536 1718 α
2586 1670 2641 1724 Si
2686 1686 2943 1723 reversus
2990 1670 3179 1723 fuerit.
3223 1691 3249 1718 »
3303 1669 3446 1733 Quia
3491 1668 3718 1738 ajusti-

2022 1758 2115 1811 tiae
2147 1758 2526 1812 aadificatione
2548 1760 2863 1812 destructus
2894 1775 2970 1812 es.

2097 1867 2124 1894 ‹‹
2159 1847 2224 1899 Et
2244 1847 2410 1914 longe
2453 1847 2643 1901 facies.
2685 1869 2711 1896 »
2746 1848 2961 1916 Corpus
2991 1846 3197 1899 anima?
3229 1845 3506 1915 accipitur
3525 1846 3715 1899 taber-

2024 1935 2290 1987 naculum
2342 1940 2398 1988 et
2449 1951 2610 1988 mens
2662 1935 3093 2006 cogitationum.
3149 1935 3213 1986 Et
3251 1938 3335 1986 est
3382 1949 3580 1987 sensus
3614 1951 3626 1987 :
3660 1934 3717 1988 Si

2022 2022 2090 2076 ad
2121 2024 2296 2075 Deum
2322 2028 2450 2092 post
2491 2027 2677 2076 errata
2726 2022 3042 2086 revertaris,
3080 2022 3137 2075 in
3185 2021 3525 2092 cogitatione
3555 2027 3611 2076 et
3656 2022 3716 2076 in

2022 2126 2201 2179 opere
2234 2110 2630 2164 mundaberis.

2093 2216 2254 2269 Vens.
2289 2217 2376 2268 24.
2432 2245 2500 2256 -
2535 2238 2555 2264 ι
2594 2215 2760 2271 Dabit
2806 2232 2910 2286 pro
2943 2221 3113 2269 terra.
3168 2239 3194 2264 »
3226 2219 3334 2270 Per
3372 2222 3584 2270 terram
3621 2216 3712 2270 in-

2024 2304 2262 2356 firmitas
2293 2304 2551 2370 actionis,
2584 2321 2686 2375 per
2717 2305 2931 2358 silicem
2973 2305 3246 2358 fortitudo
3288 2305 3566 2374 signatur,
3613 2322 3716 2374 per

2023 2397 2304 2445 torrentes
2353 2409 2555 2446 aureos
2600 2394 2858 2446 doctrina
2898 2393 3114 2446 intima:
3168 2393 3458 2447 claritatis.
3516 2394 3599 2447 Ad
3657 2411 3715 2446 se

2023 2496 2159 2550 ergo
2191 2481 2476 2534 conversis
2499 2498 2602 2550 pro
2628 2487 2777 2536 terra
2811 2482 2908 2535 dat
2942 2481 3205 2535 «silicem
3240 2503 3265 2530 »
3326 2482 3546 2536 robusti
3576 2497 3713 2552 ope-

2021 2568 2119 2633 ris,
2153 2574 2208 2622 et
2241 2585 2390 2639 «pro
2421 2570 2576 2623 silice
2607 2575 2891 2623 torrentes
2922 2586 3145 2622 aureos.
3185 2592 3205 2616 ι

2098 2678 2124 2704 ‹‹
2159 2659 2286 2711 Pro.
2322 2676 2346 2710 ι
2375 2658 2516 2721 Quia
2547 2673 2651 2728 pro
2684 2658 2917 2711 robusto
2949 2673 3117 2728 opere
3147 2657 3469 2711 doctrinam
3517 2655 3714 2710 multi-

2022 2746 2194 2816 plicat
2222 2746 2668 2816 praedicationis.

2094 2836 2299 2905 (ΒευΑ.)
2351 2836 2466 2889 Hoc
2514 2835 2668 2902 dicit,
2709 2835 2863 2905 quod
2895 2834 2941 2887 si
2992 2834 3301 2905 propitiato
3359 2834 3466 2887 sibi
3516 2834 3713 2888 Domi-

1945 2959 1985 3012 Β
2021 2941 2118 2990 no,
2150 2930 2291 2990 etc.,
2323 2940 2492 2993 usque
2522 2925 2596 2977 ad
2621 2928 2753 2977 sunt
2795 2929 3099 2993 argentum
3136 2923 3266 2993 igne
3307 2922 3711 2976 examinatum.

2093 3031 2254 3084 Vens.
2312 3033 2400 3083 25.
2459 3061 2526 3068 —
2599 3051 2626 3077 ‹‹
2701 3029 2934 3100 Eritque
2996 3029 3369 3100 Omnipotens
3408 3033 3622 3083 contra.
3690 3053 3710 3077 ι

2023 3119 2204 3187 (Ιὸἰά.)
2236 3118 2398 3188 Saepe
2450 3133 2578 3170 cum
2623 3117 2793 3169 sacris
2851 3116 3094 3186 eloquiis
3144 3115 3515 3181 intendimus,
3552 3115 3715 3169 mali-

2022 3223 2270 3277 gnorum
2303 3205 2610 3276 spirituum
2640 3204 2876 3259 insidias
2907 3208 3155 3273 graviter
3180 3205 3505 3258 toleremus.
3542 3206 3607 3258 Et
3636 3211 3719 3258 est

2022 3312 2220 3350 sensus
2253 3296 2425 3349 :dum
2469 3294 2750 3363 malignos
2797 3293 3028 3362 spiritus
3060 3296 3166 3346 ate
3208 3291 3505 3361 repulerit,
3536 3291 3716 3345 divini

2020 3385 2080 3438 in
2112 3389 2167 3438 te
2198 3383 2410 3454 eloquii
2437 3384 2714 3436 talentum
2744 3381 2996 3435 lucidum
3029 3385 3323 3433 excrescet.

2091 3475 2253 3527 Vens.
2308 3476 2395 3526 26.
2457 3503 2528 3510 —
2579 3493 2597 3518 ι
2631 3473 2788 3524 Tunc
2829 3486 3021 3539 super.
3056 3492 3082 3517 ››
3124 3471 3308 3538 Super
3333 3468 3711 3538 Omnipoten-

2018 3567 2135 3616 tem
2167 3561 2386 3615 deliciis
2432 3560 2669 3613 affluere
2691 3564 2776 3612 est
2804 3558 2864 3611 in
2895 3575 3089 3612 amore
3119 3558 3272 3611 illius
3322 3557 3505 3627 epulis
3539 3574 3713 3610 sacra:

2018 3651 2319 3720 Scriptura:
2341 3649 2553 3702 satiari.

2096 3761 2123 3788 ‹‹
2151 3741 2215 3792 Et
2243 3737 2488 3791 elevabis
2531 3737 2597 3790 ad
2633 3738 2829 3789 Deum.
2875 3756 2895 3781 ρ
2947 3735 3031 3788 Ad
3065 3736 3242 3788 Deum
3279 3735 3463 3787 levare
3494 3734 3715 3801 faciem,

2021 3830 2103 3879 est
2135 3841 2231 3878 cor
2260 3826 2330 3878 ad
2361 3824 2630 3877 sublimia
2661 3822 3057 3890 investiganda
3083 3823 3360 3876 attollere.

2088 3913 2246 3965 Vens.
2281 3916 2369 3965 27.
2403 3941 2472 3948 —
2524 3933 2550 3958 ‹‹
2601 3912 2665 3963 Et
2694 3915 2821 3963 vota
2850 3914 2949 3962 tua
2997 3910 3218 3962 reddes.
3255 3928 3281 3958 ι)
3315 3909 3424 3972 Qui
3457 3914 3583 3962 vota
3617 3924 3717 3961 vo-

2022 4003 2118 4067 vit,
2153 4001 2246 4054 sed
2288 4016 2392 4070 pro
2426 3999 2759 4052 infirmitate
2814 3999 3028 4050 solvere
3067 4014 3179 4050 non
3207 3997 3372 4062 valet,
3406 4001 3460 4050 et
3490 4013 3554 4050 ex
3589 4014 3715 4068 pec-

2022 4088 2132 4141 cati
2179 4104 2349 4158 pcena
2387 4087 2490 4140 hoc
2515 4087 2726 4157 agitur,
2772 4092 2836 4139 ut
2860 4086 3074 4138 volenti
3125 4087 3337 4139 bonum
3379 4102 3542 4155 posse
3583 4086 3716 4140 sub-

2025 4177 2283 4231 trahatur
2316 4193 2330 4230 :
2363 4192 2493 4230 cum
2543 4191 2672 4228 vero
2704 4191 2790 4239 ea,
2822 4191 2950 4245 qua:
2999 4174 3242 4240 obsistit,
3276 4175 3443 4239 culpa
3472 4173 3717 4243 detergi-

2025 4271 2136 4328 tur,
2169 4266 2232 4318 ﬁt
2253 4265 2515 4335 protinus
2538 4269 2600 4318 ut
2628 4269 2820 4318 votum
2850 4265 3195 4334 possibilitas
3221 4269 3510 4334 sequatur.

2099 4355 2267 4407 Vens.
2301 4357 2388 4407 28.
2452 4375 2473 4400 ε
2541 4355 2842 4407 Decerncs.
2913 4374 2939 4401 »
2975 4355 3085 4406 Res
3135 4351 3463 4405 decernitur
3509 4353 3565 4403 et
3614 4367 3716 4403 ve-

2027 4442 2128 4506 nit,
2190 4459 2317 4496 cum
2366 4440 2566 4506 virtus,
2627 4457 2755 4512 quin
2804 4458 2868 4494 ex
2922 4441 3203 4495 desiderio
3258 4439 3564 4510 appetitur,
3601 4439 3716 4491 lar-

2026 4530 2214 4599 giente
2248 4528 2488 4582 Domino
2528 4529 2701 4582 etiam
2733 4545 2836 4598 per
2863 4530 3124 4582 effectum
3149 4531 3540 4598 prosperatur.

2090 4637 2116 4663 «
2151 4619 2212 4669 Et
2241 4617 2456 4669 veniet.
2502 4637 2528 4667 ι)
2568 4617 2778 4670 Eadem
2814 4618 3158 4687 promittunt
3183 4616 3436 4669 haeretici
3468 4614 3716 4681 afflictis,

2025 4705 2070 4757 si
2106 4721 2202 4758 eos
2242 4711 2579 4776 sequantur.

2096 4811 2122 4843 α
2159 4795 2222 4846 Et
2246 4793 2304 4846 in
2334 4793 2458 4846 viis.
2490 4813 2516 4842 η
2551 4795 2612 4846 In
2652 4793 2756 4846 viis
2780 4793 3281 4863 justorumlumen
3313 4793 3606 4862 splendere
3639 4797 3724 4845 est

2023 4897 2126 4951 per
2158 4882 2301 4934 mira
2345 4897 2518 4951 opera
2569 4881 2843 4934 virtutum
2887 4880 3047 4950 signa
3077 4897 3193 4933 suae
3225 4880 3496 4933 claritatis
3527 4897 3720 4952 asper-

2023 4987 2172 5040 gere.

2095 5077 2255 5130 Vens.
2306 5078 2394 5130 29.
2429 5105 2498 5116 -—
2540 5075 2646 5139 Qui
2701 5075 2856 5128 enim
2914 5074 3295 5128 humilitatus.
3356 5093 3382 5124 ρ
3451 5074 3592 5138 Quia
3622 5075 3719 5145 qui

2023 5181 2080 5218 se
2110 5164 2382 5218 humiliat
2446 5164 2805 5218 exaltabitur.

2099 5275 2119 5301 ι
2152 5254 2211 5306 Et
2239 5253 2357 5322 qui.
2387 5272 2413 5302 ι)
2439 5253 2729 5316 Quantum
2764 5267 2862 5321 per
2911 5251 3302 5304 membrorum
3335 5250 3722 5304 ministerium

2025 5341 2375 5411 deprehendi
2408 5345 2610 5410 potest,
2635 5341 2822 5410 prima
2851 5340 3098 5393 ostensio
3127 5340 3414 5410 superbiae
3437 5339 3494 5392 iu
3548 5340 3724 5392 oculis

2024 5445 2146 5482 esse
2179 5429 2345 5482 solet.

2092 5518 2245 5570 Vens.
2282 5519 2369 5569 30.
2401 5545 2469 5556 —
2532 5537 2558 5565 (ι
2593 5517 2913 5572 Salvabitur
2941 5518 3232 5572 innocens.
3274 5539 3292 5564 ι
3319 5517 3462 5580 Quia
3493 5517 3723 5588 quando
