4082 6184
377 293 482 345 819

994 284 1386 340 WALAFRIDI
1423 281 1672 339 STRABI
1712 279 1915 337 FULD.
1960 280 2122 336 MON.
2165 281 2313 338 OPP.
2356 279 2531 334 PARS
2569 279 2609 331 1.
2651 305 2720 314 -
2759 273 3214 330 THEOLOGICA.
3754 274 3846 324 8‘20

380 411 476 467 hic
526 409 787 483 pervenit
825 408 1008 480 gratia
1057 412 1119 462 ut
1160 406 1435 461 innocens
1465 405 1585 470 fiat,
1617 418 1748 459 cum
1802 403 1871 458 ad
1920 403 2074 474 judi-

2257 421 2414 474 Vens.
2452 420 2537 472 l2.
2572 447 2636 456 -
2669 434 2698 466 «
2728 416 2797 468 Et
2823 415 2880 468 in
2911 412 3038 467 sinu
3065 427 3193 467 meo
3238 410 3525 465 abscondi.
3558 430 3584 460 ι)
3627 411 3686 464 In
3735 410 3843 464 sinu

379 500 530 555 cium
568 499 814 568 ducitur,
845 515 910 552 ex
938 495 1143 550 merito
1160 498 1579 549 remuneratur.

1022 639 1244 694 CAPUT
1291 636 1472 691 XXIII.

456 766 613 820 Vens.
644 767 694 820 1.
728 793 797 804 -
832 784 859 811 ‹‹
893 761 1260 831 Respondens
1316 765 1506 814 autem
1540 758 1645 813 .Iob
1674 758 1815 812 dixit
1849 774 1862 813 :
1919 759 2078 812 Nunc

381 867 610 923 quoque
637 849 696 904 in
739 850 1139 904 amaritudine.
1177 869 1204 900 11
1239 847 1451 918 (Gneo.)
1485 848 1636 901 Mens
1672 846 1813 917 justi
1833 846 1892 900 in
1926 862 2080 900 ama»

381 939 632 993 ritudine
689 943 774 991 est
809 952 1056 1006 semper,
1090 941 1219 1001 etc.,
1269 950 1440 1004 usque
1493 934 1566 988 ad
1611 935 1711 1006 qui
1738 951 1840 1005 per
1886 935 2078 988 dulces

381 1041 675 1080 sermones
705 1025 975 1079 seducere
1007 1029 1293 1095 quaerunt.

451 1115 616 1169 Vens.
665 1118 719 1167 2.
778 1144 847 1153 -——
909 1133 937 1162 «
997 1113 1064 1166 Et
1111 1129 1317 1166 manus
1372 1113 1576 1183 plagae.
1646 1134 1672 1161 ››
1731 1113 1929 1166 Manus
1976 1129 2078 1165 au-

379 1208 495 1258 tem
559 1203 738 1273 plagae
797 1205 882 1255 est
910 1201 1183 1255 fortitudo
1239 1199 1644 1270 percussionis,
1677 1200 1774 1254 sed
1831 1200 1968 1270 quia
2012 1215 2080 1253 ex

379 1291 837 1356 adversitatibus,
875 1289 1015 1360 justi
1043 1290 1170 1360 plus
1219 1289 1420 1343 sitiunt
1447 1289 1648 1342 faciem
1695 1289 1961 1355 auctoris,
1993 1305 2078 1341 se-

379 1381 576 1452 quitur
608 1396 623 1434 :

449 1471 610 1524 Vens.
661 1471 740 1523 3..
770 1498 839 1506 —
881 1488 905 1516 ι
969 1465 1105 1530 Quis
1161 1465 1304 1520 mibi
1360 1465 1594 1520 tribuat.
1638 1486 1664 1518 ››
1701 1465 1892 1530 Electi,
1950 1482 2080 1520 cum

380 1563 582 1612 contra
627 1560 824 1611 votum
875 1555 1145 1626 quaelibet
1199 1554 1291 1625 agi
1323 1554 1702 1624 conspiciunt,
1756 1555 1826 1609 ad
1860 1555 2080 1608 occulta

382 1647 484 1702 Dei
506 1645 728 1717 judicia
759 1649 1080 1710 recurrunt,
1111 1647 1174 1697 ut
1203 1642 1264 1696 in
1293 1643 1374 1696 eis
1401 1643 1630 1696 videant
1683 1642 1818 1713 quia
1862 1642 2080 1696 inordi-

385 1741 520 1790 nate
548 1735 706 1789 intus
733 1749 848 1787 non
879 1731 1223 1802 disponitur,
1249 1731 1406 1802 quod
1434 1731 1756 1786 inordinate
1777 1731 1916 1786 foris
1945 1747 2072 1785 cur-
2105 1749 2147 1805 Β

381 1841 508 1880 rere
533 1823 776 1878 videtur.
812 1823 878 1876 Et
903 1821 1010 1874 hoc
1039 1824 1144 1884 est,
1176 1820 1332 1891 quod
1352 1820 1580 1875 subdit:

455 1934 478 1962 ι
515 1911 807 1966 Inveniam
845 1909 1028 1964 illum.
1083 1929 1105 1958 ι
1156 1909 1225 1962 Ut
1249 1913 1336 1962 est
1390 1924 1404 1963 :
1464 1908 1620 1978 quod
1668 1907 1839 1963 modo
1893 1908 2083 1966 differt

383 2002 556 2068 Deus,
587 2003 652 2054 ut
679 1999 811 2068 plus
841 1997 1215 2052 desideretur.

455 2111 478 2139 ι
511 2090 578 2143 Et
608 2087 832 2141 veniam
870 2102 1052 2157 usque
1099 2086 1170 2140 ad
1203 2084 1415 2139 solium
1456 2086 1598 2156 ejus.
1636 2105 1664 2137 ι)
1698 2085 1918 2140 Solium
1949 2091 2085 2141 sunt

383 2177 593 2248 angeli,
641 2180 770 2241 etc.,
801 2190 970 2244 usque
989 2174 1062 2228 ad
1090 2174 1228 2229 dum
1255 2173 1495 2228 meliora
1541 2173 1848 2246 disponere
1901 2176 2083 2229 Deum

385 2267 597 2334 vident,
640 2264 789 2318 unde
823 2279 836 2316 :

457 2373 485 2404 α
518 2355 735 2408 Ponam
766 2367 960 2406 coram
990 2352 1105 2406 Deo
1129 2350 1435 2422 judicium.
1470 2372 1491 2398 ι
1547 2351 1747 2406 Coram
1780 2353 1894 2406 Deo
1919 2351 2082 2420 judi-

383 2441 536 2496 cium
583 2456 820 2511 ponere,
852 2444 984 2506 etc.,
1013 2455 1182 2510 usque
1233 2440 1308 2493 ad
1339 2440 1591 2494 occultus
1639 2455 1790 2494 nunc
1835 2445 1890 2494 et
1946 2439 2083 2494 taci-

384 2533 476 2583 tus
523 2527 701 2599 judex
753 2542 927 2598 quam
978 2525 1251 2580 terribilis
1303 2530 1428 2596 post
1470 2530 1759 2597 appareat,
1821 2525 2085 2582 conside-

387 2631 534 2670 rare.

449 2705 612 2759 Vens.
669 2704 724 2758 4.
775 2733 846 2742 —
905 2723 933 2753 ‹‹
983 2702 1056 2757 Os
1109 2717 1304 2756 meum
1361 2701 1618 2773 replebo.
1670 2721 1698 2755 ν
1757 2701 1902 2767 Quia
1949 2703 2085 2758 dum

386 2808 629 2848 examen
671 2791 880 2862 judicis
947 2795 1146 2845 contra
1195 2807 1252 2844 se
1301 2791 1746 2862 contemplatur,
1799 2807 1992 2846 amare
2029 2808 2087 2846 se

384 2881 738 2954 poenitentia:
768 2879 1088 2934 invectione
1119 2879 1498 2950 persequitur.

455 2971 612 3025 Vens.
657 2973 706 3023 5.
742 2999 808 3008 -
843 2969 912 3022 Ut
955 2968 1131 3022 sciam
1161 2967 1336 3022 verba
1365 2983 1516 3038 quae,
1546 2985 1574 3019 ιο
1616 2972 1722 3021 etc.
1757 2967 1898 3022 Cum
1930 2967 2085 3022 enim

384 3058 580 3130 culpas
625 3057 955 3129 paenitendo
1008 3033 1431 3127 persequimur,
1482 3055 1623 3127 quid
1675 3056 1841 3110 nobis
1903 3057 1972 3111 de
2004 3057 2086 3111 eis
2124 3033 2165 3088 Ο

377 3149 553 3220 judex
590 3147 645 3200 in
693 3162 795 3200 suo
831 3145 1089 3200 examine
1119 3145 1304 3200 dicere
1338 3145 1520 3215 possit
1563 3144 1908 3213 invenimus,
1937 3147 2090 3218 quod

387 3236 586 3298 nescit,
620 3235 757 3306 quia
783 3234 931 3288 mala
961 3250 1061 3286 sua
1088 3233 1350 3304 negligit.

460 3325 622 3377 Vens.
651 3326 704 3377 6.
749 3353 817 3361 -
859 3341 886 3372 ‹‹
921 3322 1056 3375 Nolo
1106 3322 1289 3376 multa
1317 3319 1657 3376 fortitudine
1687 3321 2015 3376 contendat.
2057 3339 2086 3372 n

390 3411 527 3476 Quis
569 3415 723 3464 enlm
756 3408 817 3462 in
867 3408 1128 3462 examine
1165 3409 1412 3463 inveniri
1451 3409 1642 3480 justus
1667 3408 1872 3475 valeat,
1905 3407 1952 3462 si
2001 3422 2089 3462 se-

389 3499 640 3553 cundum
671 3514 789 3551 suae
821 3497 1172 3551 fortitudinis
1202 3498 1554 3568 majestatem
1583 3497 1756 3551 vitam
1785 3497 2090 3550 hominum

389 3584 656 3641 discutiat
697 3586 848 3639 Deus
885 3600 900 3638 :
957 3584 1273 3654 quamlibet
1327 3585 1481 3639 enim
1516 3585 1706 3654 justus
1745 3583 1793 3637 si
1837 3583 2090 3639 districte

387 3674 695 3746 judicatur,
742 3673 894 3727 mole
939 3673 1350 3742 magnitudinis
1399 3673 1702 3744 premitur,
1755 3672 1906 3727 unde
1955 3673 2090 3727 sub-

393 3761 476 3817 dit
508 3777 521 3815 :

469 3870 489 3897 ι
526 3848 638 3902 Nec
659 3847 1091 3918 magnitudinis.
1123 3868 1150 3900 »
1192 3848 1360 3913 Quasi
1405 3848 1659 3904 diceret:
1696 3849 1754 3905 Si
1776 3850 2089 3904 secundum

390 3935 787 3991 fortitudinem
849 3953 1008 3991 suam
1076 3952 1300 3991 mecum
1331 3937 1719 4005 contenderet,
1780 3939 1932 3993 mole
1989 3955 2092 3993 sua

391 4041 484 4079 me
518 4029 825 4095 premeret.
866 4027 934 4079 Et
977 4033 1133 4088 nota,
1165 4024 1298 4096 quia
1331 4026 1466 4080 dum
1497 4026 1897 4082 fortitudinem
1926 4028 2088 4098 vitat,

397 4114 794 4168 infirmitatem
825 4113 1237 4168 incarnationis
1277 4119 1454 4184 optat,
1487 4115 1638 4169 unde
1670 4115 1862 4170 subdit
1896 4133 1909 4170 :

463 4204 624 4258 Vens.
660 4207 714 4256 7.
747 4232 817 4242 -
858 4222 885 4252 (ι
918 4205 1201 4273 Proponat
1240 4204 1590 4272 aequitatem.
1625 4225 1652 4252 »
1680 4205 1953 4258 Mediator
1991 4204 2092 4259 Dei

394 4297 452 4346 et
488 4291 814 4357 hominum,
843 4296 968 4357 etc.,
1010 4307 1179 4359 usque
1219 4291 1294 4345 ad
1337 4291 1714 4346 absolutionis
1760 4309 1904 4348 mea:
1928 4294 2084 4364 judi-
2113 4316 2157 4370 ο

393 4379 546 4434 cium
566 4379 742 4433 victor
767 4379 1080 4432 excludam.

460 4470 621 4522 Vens.
649 4471 700 4522 8.
732 4497 802 4507 —
849 4487 878 4518 «
909 4466 967 4521 Si
999 4467 1068 4521 ad
1100 4466 1398 4520 orientem.
1445 4489 1473 4517 »
1499 4467 1687 4540 (Ibid.)
1719 4472 1797 4523 Ac
1824 4469 1870 4523 si
1891 4470 2042 4525 dicat
2073 4488 2086 4525 :

395 4556 603 4611 Filium
629 4555 1009 4622 incarnatum,
1035 4559 1161 4621 etc.,
1191 4571 1359 4625 usque
1384 4556 1457 4610 ad
1481 4557 1587 4612 Sed
1617 4573 1721 4612 nec
1754 4558 1816 4612 in
1841 4558 1928 4612 bis
1960 4575 2088 4614 om-

393 4645 563 4700 nibus
592 4645 760 4715 plene
788 4660 847 4698 se
875 4643 1069 4698 anima
1096 4644 1401 4714 cognoscit,
1436 4645 1588 4699 unde
1623 4662 1636 4700 :

468 4735 632 4788 Vens.
679 4733 760 4788 10.
790 4762 858 4772 -
893 4754 921 4782 ‹‹
952 4734 1078 4804 Ipse
1111 4749 1246 4787 vero
1276 4733 1378 4787 scit
1404 4734 1573 4788 viam.
1630 4757 1656 4783 »
1701 4734 1760 4788 Id
1786 4739 1869 4789 est
1898 4735 2090 4790 videre

395 4839 510 4878 non
547 4823 707 4878 valeo
737 4821 1022 4876 videntem
1045 4837 1155 4877 me.

470 4934 493 4962 ι
532 4912 602 4966 Et
646 4910 910 4982 probavit
941 4930 968 4962 ››
1017 4913 1142 4965 Non
1171 4912 1350 4965 elatus
1399 4915 1692 4982 comparat
1715 4927 1773 4966 se
1803 4927 1964 4973 auro,
1995 4911 2093 4966 sed

396 5017 499 5054 sua
536 4999 835 5054 humiliter
864 4999 1198 5066 considerat,
1247 5000 1400 5070 quod
1457 5000 1591 5054 licet
1620 4999 1776 5054 omni
1798 5001 1969 5069 justo.
2026 5000 2092 5052 Et

395 5088 500 5143 hoc
527 5092 611 5143 est
655 5104 669 5142 :
709 5109 730 5138 ι
793 5089 856 5142 Et
885 5089 1064 5160 proba
1109 5104 1201 5142 me
1237 5088 1402 5159 quasi
1431 5104 1656 5143 aurum.
1696 5111 1716 5136 ι»
1779 5089 2089 5143 Exustione

395 5177 550 5231 enim
612 5176 1019 5243 tribulationis,
1091 5177 1508 5231 subtrahuntur
1561 5176 1714 5244 vitia,
1769 5181 1824 5230 et
1876 5192 2089 5246 augen-

395 5269 490 5319 tur
510 5263 734 5320 merita.

470 5354 630 5408 Vens.
662 5356 746 5408 11.
797 5382 860 5392 -
909 5373 931 5402 ε
990 5352 1239 5424 Vestigia
1287 5353 1410 5422 ejus
1458 5357 1680 5407 secutus
1711 5356 1818 5408 est.
1883 5374 1910 5401 η
1950 5353 2086 5407 Bea-

394 5445 486 5496 tus
512 5441 616 5496 Job
645 5441 702 5494 in
724 5440 915 5495 futura
936 5441 1290 5512 operatione,
1317 5445 1446 5508 etc.,
1491 5457 1661 5512 usque
1707 5441 1781 5495 ad
1825 5441 1986 5512 quasi
2017 5442 2090 5497 ad

395 5529 722 5599 exemplum
754 5529 862 5584 sibi
892 5529 1249 5601 propositum
1281 5530 1542 5585 recurrit.

2186 508 2372 563 cordis
2403 508 2578 561 verba
2602 506 2721 560 oris
2773 504 2896 574 ejus
2949 501 3367 570 abscondimus,
3416 499 3682 571 quoniam
3713 515 3850 552 man-

2187 597 2318 651 data
2360 597 2482 667 ejus
2513 611 2629 649 non
2659 591 3009 656 transitorie,
3042 590 3141 645 sed
3170 590 3463 660 implenda
3512 605 3675 660 Opere
3718 588 3852 640 audi-

2187 702 2336 752 mus,
2370 684 2492 739 etsi
2525 683 2691 737 verbi
2725 682 2780 733 in
2816 695 2986 750 opere
3018 678 3323 749 prodeunt,
3380 677 3559 730 latent
3593 680 3772 729 tamen
3798 675 3848 728 in

2186 775 2373 829 corde.
2437 773 2494 828 Si
2527 772 2684 826 intus
2731 787 2848 824 non
2898 769 3152 822 elevatur
3221 767 3464 832 animus,
3515 766 3611 820 sed
3651 764 3695 818 si
3745 765 3851 817 laus

2186 869 2346 918 extra
2402 861 2696 934 quaeritur,
2731 864 2868 914 tunc
2907 873 3094 912 sermo
3145 855 3243 910 Dei
3266 855 3327 908 in
3356 855 3486 908 sinu
3530 870 3642 908 non
3696 853 3855 907 occul-

2188 958 2358 1007 tatur.

2257 1042 2416 1094 Vens.
2459 1041 2542 1093 13.
2577 1065 2645 1080 -—
2680 1056 2708 1088 α
2743 1038 2868 1106 Ipse
2921 1034 3075 1088 enim
3106 1033 3259 1087 solus
3288 1036 3393 1086 est.
3431 1055 3450 1079 υ
3488 1030 3857 1100 Principaliler

2187 1135 2246 1184 et
2275 1125 2732 1182 immutabiliter.
2765 1125 2931 1178 Solus
2988 1123 3142 1176 enim
3196 1137 3298 1192 per
3327 1137 3385 1174 se
3416 1125 3522 1187 est,
3557 1119 3655 1190 qui
3689 1117 3859 1171 omnia

2190 1218 2325 1288 agit,
2353 1217 2412 1270 in
2439 1214 2648 1286 quibus
2677 1219 2765 1267 est
2787 1213 2910 1284 ipse
2940 1210 3252 1277 timendus,
3283 1225 3397 1263 non
3441 1225 3569 1279 qua:
3601 1207 3852 1279 patimur.

2192 1309 2269 1361 De
2285 1305 2446 1376 cujus
2478 1301 2944 1356 immutabilitate
2971 1299 3163 1354 subdit
3196 1315 3209 1352 :

2263 1413 2290 1444 α
2325 1395 2388 1447 Et
2416 1407 2586 1446 nemo
2612 1395 2886 1444 avertere.
2924 1408 2950 1440 1)
2983 1389 3127 1453 Quia
3170 1388 3343 1442 semel
3375 1386 3486 1440 ﬁxa
3509 1383 3726 1455 judicia
3754 1400 3860 1436 mu-

2188 1483 2298 1538 tari
2329 1495 2692 1552 nequaquam
2720 1483 2981 1550 possunt.

2265 1591 2293 1620 «
2317 1572 2383 1624 Et
2411 1569 2605 1623 anima
2652 1569 2794 1633 eius.
2829 1587 2856 1617 »
2907 1568 2972 1620 Et
3001 1565 3126 1636 ipsa
3153 1564 3235 1618 vis
3284 1580 3398 1636 qua
3451 1567 3655 1617 cuncta
3701 1561 3866 1630 ἀίει)οο

2189 1664 2296 1728 nit,
2321 1658 2514 1713 anima
2542 1657 2696 1711 illius
2721 1656 3060 1727 appellatur.

2261 1749 2422 1802 Vens.
2451 1748 2534 1802 14.
2569 1775 2641 1787 -
2691 1766 2718 1794 «
2753 1745 2894 1800 Cum
2925 1742 3251 1815 expleverit.
3303 1764 3324 1791 ι
3357 1741 3553 1811 Explet
3582 1740 3640 1794 in
3671 1755 3756 1792 me
3785 1754 3866 1791 vo-

2190 1839 2470 1893 luntatem
2501 1851 2683 1902 suam,
2727 1835 2861 1906 quia
2891 1834 3087 1887 multis
3117 1848 3209 1886 me
3239 1829 3708 1902 percussionibus
3740 1826 3868 1880 affli-

2191 1927 2291 1998 git.
2319 1925 2430 1980 Sed
2463 1944 2489 1975 α
2519 1923 2702 1978 multa
2730 1923 2941 1976 similia
2969 1926 3177 1993 praesto
3203 1925 3339 1974 sunt
3367 1919 3438 1984 ei,
3487 1937 3514 1972 ιι
3561 1915 3697 1988 quia
3735 1914 3778 1967 si
3799 1913 3868 1967 fe-

2191 2014 2306 2067 rire
2333 2013 2566 2084 cogitat,
2599 2012 2786 2066 adhuc
2815 2011 3126 2078 invenitur,
3157 2009 3256 2063 ubi
3287 2009 3454 2079 plaga
3482 2011 3717 2059 crescat.

2263 2103 2424 2155 Vens.
2473 2104 2564 2156 15.
2621 2130 2690 2140 -
2721 2120 2748 2149 ς
2793 2101 2857 2153 Et
2903 2099 3110 2153 idcirco
3159 2114 3192 2151 a
3229 2097 3396 2150 facie.
3434 2116 3461 2144 >
3516 2090 3867 2148 Rectitndinis

2191 2206 2403 2262 pavore
2447 2188 2788 2254 concutitur,
2812 2203 2940 2241 cum
2985 2205 3042 2241 se
3076 2186 3365 2240 reddentis
3397 2183 3712 2238 rationibus
3756 2196 3866 2234 con-

2193 2278 2362 2350 spicit
2386 2293 2504 2331 non
2537 2293 2658 2331 esse
2679 2276 2969 2343 idoneum,
3004 2275 3050 2328 si
3079 2273 3331 2328 districte
3365 2271 3679 2342 judicetur.

2260 2369 2419 2421 Vens.
2459 2369 2540 2421 16.
2574 2397 2642 2405 -
2665 2386 2692 2416 «
2733 2366 2880 2419 Deus
2921 2363 3183 2417 mollivit.
3218 2382 3246 2410 s
3281 2361 3560 2414 Virtutem
3591 2374 3728 2430 ergo
3773 2371 3870 2409 sua:

2193 2455 2544 2512 fortitudinis
2573 2471 2691 2509 non
2723 2453 2851 2520 sibi,
2883 2453 2978 2507 sed
3011 2451 3231 2505 auctori
3256 2449 3483 2504 tribuit.

2266 2567 2293 2595 «
2329 2543 2699 2600 Conturbavit
2734 2558 2848 2596 me.
2904 2562 2931 2590 »
2966 2543 3272 2612 Nunquam
3321 2554 3516 2592 secura
3549 2540 3687 2591 sunt
3727 2535 3875 2588 corda

2188 2634 2502 2704 justorum,
2558 2632 2655 2686 sed
2704 2632 2933 2686 turbata
2988 2629 3196 2684 timore
3221 2627 3450 2699 judicis,
3507 2643 3642 2696 qua:
3705 2630 3875 2678 tamen

2197 2722 2566 2777 consolantur
2587 2721 2750 2775 donis
2771 2737 2900 2791 qua:
2923 2722 3284 2789 acceperunt,
3311 2716 3462 2771 unde
3497 2733 3508 2769 :
3536 2737 3565 2764 ‹‹
3584 2717 3708 2768 Non
3732 2712 3868 2766 enim

2195 2809 2362 2881 perii.
2410 2829 2437 2862 »
2474 2809 2720 2879 Flagella
2741 2808 3028 2879 justorum
3061 2806 3146 2858 vel
3182 2803 3471 2876 prseterita
3500 2806 3768 2874 purgant,
3801 2799 3877 2850 vel

2194 2899 2389 2952 futura
2417 2903 2651 2968 peccata
2699 2900 2982 2963 avertunt,
3015 2894 3168 2966 quod
3199 2909 3313 2948 non
3345 2893 3402 2946 in
3433 2892 3560 2956 Job,
3598 2891 3695 2946 sed
3718 2888 3880 2942 virtus

2197 2992 2458 3056 augetur.

2270 3076 2430 3129 Vens.
2471 3077 2552 3128 1'7.
2586 3104 2653 3114 —
2689 3095 2716 3123 «
2743 3074 2866 3128 Non
2896 3072 3068 3126 enim.
3099 3092 3126 3121 »
3161 3071 3259 3125 Ille
3279 3069 3339 3124 in
3369 3069 3602 3141 ﬂagello
3632 3067 3841 3139 positus
3862 3083 3890 3120 a

2195 3165 2376 3218 salute
2425 3163 2680 3233 corporis
2733 3168 2969 3233 propter
3027 3160 3402 3214 imminentes
3424 3159 3694 3212 tenebras
3723 3156 3880 3228 perit,

2197 3253 2299 3324 qui
2338 3269 2442 3324 pro
2482 3251 2789 3306 transactis
2809 3249 3150 3322 percutitur,
3199 3253 3263 3302 ut
3301 3266 3334 3302 a
3359 3247 3566 3302 futuris
3606 3243 3884 3318 suppliciis

2196 3340 2601 3396 abscondatur.

2829 3462 3054 3517 CAPUT
3082 3461 3260 3516 XXIV.

2268 3589 2426 3643 Vens.
2463 3591 2513 3643 1.
2539 3617 2609 3629 -
2659 3606 2688 3637 ες
2733 3586 2839 3650 Qui
2896 3591 3107 3640 autem.
3163 3605 3186 3634 ι
3223 3584 3366 3649 Quia
3395 3583 3500 3638 etsi
3547 3583 3676 3654 jam
3708 3599 3805 3654 per
3831 3581 3887 3635 li-

2196 3677 2324 3732 dem
2356 3677 2536 3731 Deum
2577 3675 2856 3737 novimus,
2893 3675 3141 3746 qualiter
3169 3678 3364 3728 tamen
3422 3673 3470 3726 si
3511 3673 3639 3742 ejus
3672 3671 3884 3726 aeterni-

2196 3770 2282 3820 tas
2327 3765 2449 3819 sine
2499 3765 2792 3835 praeterito
2837 3765 2926 3818 vel
2975 3763 3168 3818 futuro
3215 3779 3330 3816 non
3361 3763 3643 3816 videmus.
3701 3763 3886 3816 Beatus

2194 3853 2296 3908 Job
2327 3869 2399 3907 ne
2420 3853 2550 3924 plus
2579 3853 2762 3922 sapiat
2786 3868 2960 3923 quam
3007 3855 3234 3921 oportet
3278 3866 3498 3921 sapere,
3541 3850 3669 3904 dies
3716 3847 3888 3904 Domi-

2195 3941 2257 3995 ni
2297 3958 2414 3996 non
2444 3957 2608 4012 posse
2633 3940 3041 4011 comprehendi
3091 3939 3417 4005 testiﬁcans,
3470 3938 3539 3992 ad
3589 3937 3888 3992 lueretico-

2197 4045 2327 4084 rum
2359 4047 2493 4084 mox
2539 4029 2873 4100 superbiam
2927 4034 3252 4098 respectum
3306 4026 3517 4081 mentis
3546 4026 3829 4081 convertit
3874 4039 3886 4076 :

2199 4118 2299 4189 qui
2321 4119 2432 4172 alta
2459 4135 2656 4189 sapere
2685 4122 2986 4188 appetunt,
3022 4117 3091 4171 de
3123 4116 3331 4187 quibus
3362 4115 3648 4186 sequitur.

2270 4207 2430 4260 Vens.
2461 4209 2514 4260 2.
2544 4236 2612 4246 —
2647 4227 2669 4255 ι
2711 4205 2822 4259 Alii
2881 4205 3178 4259 terminos.
3234 4225 3261 4252 »
3293 4204 3465 4268 Quos,
3499 4204 3750 4258 aliorum
3795 4217 3884 4256 no-

2197 4293 2373 4362 mine,
2407 4299 2538 4363 etc.,
2569 4310 2737 4364 usque
2765 4295 2840 4348 ad
2876 4298 2933 4348 et
2979 4291 3254 4348 doctrinis
3273 4291 3555 4362 pestiferis
3589 4293 3664 4346 ad
3685 4290 3889 4346 interli-

2201 4384 2467 4438 ciendum
2499 4384 2780 4437 nutriunt.

2271 4473 2430 4526 Vens.
2467 4473 2518 4526 3.
2548 4500 2621 4512 —
2651 4491 2678 4521 α
2710 4469 2950 4524 Asinum
2976 4469 3352 4540 pupillorum.
3391 4489 3412 4517 ι
3444 4467 3704 4538 Pupillos
3743 4468 3886 4532 dicit,

2198 4559 2425 4625 electos,
2460 4562 2593 4628 etc.,
2633 4573 2802 4628 usque
2830 4557 2904 4611 ad
2931 4573 2964 4610 a
3002 4556 3322 4610 ministerio
3377 4556 3668 4611 bonorum
3710 4557 3887 4627 repel-

2197 4649 2342 4703 lunt.

2270 4758 2298 4786 «
2360 4739 2425 4791 Et
2475 4736 2852 4791 abstulerunt.
2913 4756 2940 4788 »
2973 4737 3153 4791 Vidua
3189 4735 3395 4791 dicitur
3439 4735 3710 4802 Ecclesia,
3766 4738 3886 4800 etc.,

2196 4840 2365 4894 usque
2412 4825 2486 4880 ad
2537 4829 2601 4879 ut
2646 4840 2855 4880 eorum
2913 4825 3084 4879 etiam
3139 4839 3408 4895 sequaces
3446 4825 3699 4892 trahant,
3744 4823 3887 4878 unde

2198 4913 2388 4968 subdit
2409 4930 2422 4966 :

2269 5001 2428 5055 Vens.
2477 5000 2531 5056 4.
2577 5030 2645 5040 -
2698 5017 2726 5052 α
2785 4999 3200 5055 Subverterunt
3258 5014 3597 5070 pauperum.
3662 5021 3690 5050 ›
3747 5000 3884 5054 Non—

2196 5104 2496 5160 nunquam
2535 5089 2597 5142 hi
2649 5088 2748 5160 qui
2793 5088 3074 5143 mansueti
3123 5091 3292 5158 atque
3324 5086 3568 5141 humiles
3597 5087 3879 5149 videntur,

2196 5178 2241 5232 si
2276 5194 2499 5232 servare
2553 5177 2955 5232 discretionem
2985 5176 3264 5244 nesciunt,
3316 5174 3590 5246 exemplis
3642 5176 3881 5230 aliorum

2196 5266 2428 5321 cadunt.

2271 5355 2427 5406 Vens.
2463 5357 2514 5406 5.
2549 5384 2617 5392 —
2649 5374 2676 5402 α
2723 5353 2833 5408 Alii
2865 5353 3027 5424 quasi
3067 5353 3290 5424 onagri.
3325 5373 3353 5402 »
3402 5353 3547 5407 Sunt
3573 5351 3734 5406 enim
3780 5351 3878 5405 lue-

2197 5442 2358 5496 retici
2389 5442 2490 5513 qui
2533 5441 2760 5512 populis
2797 5442 3095 5496 admisceri
3122 5441 3434 5512 refugiunt,
3463 5439 3582 5511 sed:
3601 5453 3878 5495 secessum

2196 5530 2329 5585 vitae
2365 5531 2685 5586 secretioris
2714 5535 2919 5602 petunt
2957 5536 3013 5587 et
3047 5547 3113 5586 eo
3139 5530 3383 5602 amplius
3420 5535 3578 5602 peste
3606 5546 3728 5584 sua:
3750 5543 3876 5600 per—
