4034 6180
400 330 504 383 823

403 536 671 592 astutiam
694 537 954 606 potentes
980 532 1153 603 hujus
1186 529 1383 583 mundi
1408 529 1577 600 rapit.

479 644 507 676 ‹‹
540 627 609 679 Et
638 639 769 677 cum
798 620 1039 676 steterit.
1075 640 1102 670 ››
1139 620 1260 673 Stat
1290 619 1347 671 in
1378 618 1487 672 hoc
1536 616 1754 671 mundo
1802 632 2104 687 perversus

406 713 763 787 praedicator,
815 725 1113 781 quousque
1160 714 1389 762 terreno
1432 707 1569 760 vivit
1624 706 1685 760 in
1717 722 1976 777 corpore,
2006 704 2103 758 sed

407 804 534 857 vitae
555 818 671 855 suae
702 799 931 854 credere
960 798 1171 865 renuit,
1197 798 1333 868 quia
1363 797 1431 850 de
1466 797 1576 849 Deo
1607 811 1738 849 vera
1762 809 2105 865 cognoscere

412 889 749 947 contemnit.

488 1000 516 1026 ‹‹
548 975 709 1031 Oculi
742 980 933 1029 autem
958 974 1099 1044 ejus.
1134 996 1161 1022 »
1192 970 1407 1043 (Gai-:6.)
1438 973 1495 1023 in
1515 971 1668 1036 Job.,
1703 970 1739 1023 l.
1772 971 1946 1039 xvii.)
1978 967 2107 1021 Vias

412 1083 542 1120 suas
570 1070 831 1136 peccator
862 1064 1136 1127 intuetur,
1171 1062 1302 1131 quia
1346 1061 1465 1113 sola
1513 1060 1783 1128 cogitare,
1835 1058 1952 1111 sola
1985 1072 2106 1110 cer-

411 1172 551 1210 nere
613 1154 836 1216 nititur,
902 1168 1032 1223 quae
1089 1149 1197 1203 sibi
1258 1150 1326 1203 ad
1380 1148 1747 1202 commodum
1793 1145 2107 1216 temporale

415 1245 821 1313 suifragentur.

486 1334 648 1385 Vsus.
682 1334 769 1384 24.
799 1360 867 1367 —
925 1352 945 1377 ι
1006 1327 1222 1381 Elevati
1265 1329 1396 1379 sunt
1429 1324 1499 1378 ad
1552 1323 1859 1377 modicum.
1902 1345 1922 1369 ι»
1959 1322 2106 1375 Sub-

417 1419 618 1473 sistere
652 1418 807 1473 enim
838 1420 1156 1489 nequeunt,
1190 1415 1291 1486 qui
1331 1414 1401 1467 ab
1453 1417 1666 1466 aaterna
1704 1410 1987 1465 soliditate
2017 1410 2109 1463 di-

416 1508 707 1562 viduntur.

492 1617 519 1645 ‹‹
542 1597 610 1649 Et
636 1593 1097 1649 humiliabuntur
1118 1592 1261 1645 sicut
1289 1590 1501 1645 omnia.
1544 1609 1573 1639 ι)
1606 1589 1812 1644 Omnia
1854 1587 2110 1658 profecto

1001 324 1393 379 WALAFRIDI
1431 322 1676 378 STRABI
1720 321 1914 376 FULD.
1959 320 2115 374 MON.
2159 318 2316 374 OPP.
2362 320 2534 374 PARS
2582 320 2624 374 l.
2667 348 2736 357 ——
2775 318 3231 373 THEOLOGICA.
3758 327 3837 378 8‘23

402 466 521 503 sua;
551 446 843 520 pravitatis
873 445 1049 500 fortes
1083 442 1352 509 detrahit,
1409 458 1540 495 cum
1596 457 1701 513 per
1755 440 1843 495 sui
1892 439 2102 495 erroris
2138 440 2183 494 Δ

2845 474 3073 529 CAPUT
3104 475 3283 529 XXVI.

2287 618 2449 670 Vens.
2516 621 2561 670 l.
2612 648 2679 655 —
2710 639 2737 666 ‹‹
2771 618 3142 688 Respondens
3196 622 3386 672 autem
3445 620 3563 673 Job.
3616 640 3640 671 ν
3686 623 3840 676 Finitis

2218 704 2531 759 amicorum
2562 705 2769 768 verbis,
2810 705 2931 769 jam
2972 705 3031 759 in
3081 706 3352 760 extremis
3405 707 3526 772 Job,
3574 713 3740 761 contra
3769 727 3840 765 eos

2216 792 2437 846 acutius
2459 791 2662 863 surgit,
2690 800 2753 846 ut
2784 811 2903 845 mus
2938 796 3021 845 cst
3049 793 3268 864 peritis,
3304 794 3362 847 in
3393 795 3726 849 conclusione
3756 798 3843 850 for~

2217 882 2366 936 tiora
2397 897 2643 935 servare.

2291 969 2477 1037 (Ibid.)
2514 992 2541 1018 ‹‹
2569 970 2743 1039 Cujus
2768 970 3043 1041 adjutor?
3075 971 3346 1042 Nunquid
3377 971 3676 1025 imbecillis.
3705 994 3726 1020 ››
3752 972 3843 1025 Ad-

2210 1060 2411 1131 juvare
2442 1060 2790 1113 imbecillem
2819 1059 3111 1113 cbaritatis
3138 1065 3221 1113 est
3254 1077 3267 1125 ;
3301 1060 3563 1129 adjuvare
3612 1064 3844 1130 potentem

2216 1150 2378 1214 velle,
2412 1148 2674 1202 elationis
2705 1153 2803 1201 est.
2838 1150 2904 1202 Et
2924 1153 3009 1201 est
3038 1165 3236 1201 sensus
3265 1168 3276 1201 :
3341 1149 3477 1202 dum
3525 1166 3646 1201 eum
3692 1149 3847 1218 juvare

2216 1237 2490 1302 intendis,
2540 1237 2645 1291 sub
2708 1236 2869 1306 cujus
2924 1237 3321 1307 magnitudine
3375 1237 3847 1306 succumbis:quod

2218 1323 2502 1394 impendis
2534 1323 2800 1378 solatium
2830 1324 2898 1378 de
2940 1325 3326 1378 ostentatione
3375 1329 3479 1392 est,
3536 1341 3641 1378 non
3678 1324 3737 1378 de
3760 1325 3849 1394 pie-

2217 1416 2352 1467 tate.

2290 1501 2466 1555 Vens.
2496 1504 2548 1556 3.
2573 1531 2640 1541 —
2668 1519 2695 1552 α
2730 1500 2831 1555 Cui
2862 1501 3085 1555 dedisti.
3124 1523 3149 1550 ι»
3180 1500 3363 1571 (Ιὸίἀ.)
3420 1499 3715 1555 Consilium
3753 1499 3855 1553 dare

2221 1590 2395 1643 stulto
2455 1589 2746 1643 charitatis
2808 1595 2910 1656 est,
2967 1590 3272 1644 consilium
3322 1590 3461 1644 dare
3510 1589 3615 1660 ipsi
3663 1588 3857 1658 sapienti

418 1688 663 1738 terrena.
720 1684 785 1737 Et
841 1686 926 1735 est
975 1697 1205 1734 sensus:
1255 1679 1416 1734 Stare
1466 1678 1625 1732 nullo
1664 1676 1835 1730 modo
1870 1680 2107 1746 queunt,
2149 1727 2192 1783 B
2221 1678 2608 1749 perversitatis
2629 1683 2731 1744 est,
2763 1679 2917 1732 unde
2944 1679 3239 1750 sequitur:

421 1772 560 1844 quia
584 1772 709 1843 ipsa
746 1786 975 1842 quoque
1025 1768 1257 1839 fugiunt
1289 1767 1497 1839 quibus
1551 1765 1911 1819 innituntur:
1944 1764 2109 1817 dum-

422 1876 534 1931 que
564 1858 903 1927 temporalia
932 1856 1203 1927 diligunt,
1234 1872 1364 1909 cum
1402 1855 1492 1909 his
1517 1858 1571 1908 et
1602 1853 1877 1925 temporis
1896 1852 2116 1907 volubi-

421 1950 583 2003 litate
605 1951 966 2019 percurrunt.

497 2057 527 2089 α
548 2038 619 2091 Et
647 2036 790 2089 sicut
816 2034 1173 2088 summitates
1221 2032 1528 2104 spicarum,
1558 2053 1586 2079 ››
1650 2035 1756 2085 etc.
1817 2029 2113 2101 Spicarum

423 2125 781 2180 summitates
810 2123 994 2177 arista:
1024 2126 1176 2188 sunt,
1208 2126 1338 2190 etc.,
1390 2136 1557 2190 usque
1615 2120 1689 2173 ad
1734 2119 1952 2173 tritura
1980 2119 2115 2173 ulti-

423 2231 534 2270 mae
564 2213 902 2268 fortitudine
935 2211 1241 2281 frangitur,
1282 2215 1338 2264 et
1367 2225 1545 2280 grana
1574 2214 1871 2280 apparent.

495 2305 657 2358 Vnus.
689 2305 776 2356 25.
809 2331 877 2340 —-
910 2320 939 2352 α
970 2299 1131 2365 Quod
1162 2299 1208 2352 si
1262 2315 1377 2352 non
1425 2302 1510 2352 est
1550 2296 1649 2365 ita,
1684 2316 1711 2347 »
1764 2301 1871 2351 etc.
1932 2297 2117 2368 (Ibid.)

424 2392 633 2447 Sensus
663 2392 778 2445 est:
816 2390 898 2443 Ita
927 2393 1060 2442 sunt
1092 2392 1291 2441 cuncta
1314 2391 1375 2441 ut
1398 2385 1628 2456 protuli,
1663 2388 1792 2451 etc.,
1850 2400 2020 2454 usque
2045 2385 2120 2439 ad

425 2496 543 2534 non
568 2482 654 2533 est
678 2478 916 2548 dignum
935 2481 1150 2530 tamem
1181 2481 1295 2529 uta
1325 2474 1513 2545 pravis
1523 2472 1831 2544 judicetur.

500 2567 684 2632 «Quis
716 2582 809 2621 me
849 2569 1037 2636 potest
1080 2580 1320 2634 arguere
1352 2579 1471 2616 csse
1516 2563 1841 2616 mentitum.
1878 2583 1905 2611 ››
1950 2562 2120 2626 Quasi

424 2657 670 2713 diceret:
710 2656 848 2720 Quae
882 2655 1109 2724 loquor,
1141 2668 1356 2722 ponere
1388 2656 1518 2704 ante
1537 2650 1795 2720 judicem
1826 2667 1943 2705 non
1962 2652 2121 2705 vale-

425 2748 519 2813 tis,
580 2744 717 2817 quia
752 2744 876 2814 ejus
929 2742 1086 2797 vobis
1142 2740 1344 2795 faciem
1395 2743 1695 2809 peccantes
1750 2737 2117 2793 absconditis.

426 2834 608 2888 Verba
630 2831 851 2887 fallacia
880 2834 1012 2884 ante
1038 2831 1220 2884 Deum
1254 2827 1434 2899 ponit,
1465 2828 1563 2899 qui
1593 2844 1658 2881 ea
1691 2827 1845 2898 apud
1891 2843 1950 2880 se
1981 2842 2122 2879 con-

426 2928 620 2993 spectu
650 2920 900 2975 veritatis
933 2918 1242 2983 examinat,
1273 2915 1389 2988 qui,
1414 2915 1790 2971 consideratio
1807 2915 2009 2969 intimo
2032 2914 2125 2984 ju-

426 3012 568 3081 dice,
597 3009 878 3065 exteriora
900 3012 1124 3079 pensat.

1072 3147 1298 3203 CAPUT
1336 3147 1485 3201 XXV.

502 3277 661 3330 Vens.
702 3279 749 3329 l.
801 3305 868 3313 ——
921 3293 948 3323 «
996 3271 1371 3343 Respondens
1411 3274 1622 3336 autem,
1674 3287 1702 3320 ι)
1759 3271 1865 3322 etc.
1917 3268 2120 3339 (Ibid.)

431 3363 575 3427 Quia
611 3362 717 3418 Job
749 3361 932 3414 multa
961 3360 1122 3425 dixit,
1156 3363 1286 3426 etc.,
1317 3373 1485 3425 usque
1513 3356 1587 3410 ad
1637 3371 1764 3426 qua:
1809 3355 1939 3425 jure
1973 3356 2122 3426 ejus-

433 3454 565 3506 dem
601 3448 874 3519 potentia:
907 3448 1135 3517 quando
1170 3450 1379 3513 careat,
1409 3444 1630 3498 nescit?

504 3541 679 3593 Vnus.
714 3540 767 3591 2.
798 3568 863 3575 ——
893 3557 919 3583 ι(
945 3536 1051 3599 Qui
1103 3534 1235 3588 facit
1287 3533 1673 3587 concordiam.
1709 3552 1737 3584 ι)
1780 3535 1839 3586 In
1888 3548 2122 3587 concor-

434 3628 585 3682 diam
617 3630 1045 3695 componuntur
1069 3640 1318 3688 summa,
1345 3628 1477 3687 etc.,
1525 3637 1694 3691 usque
1736 3623 1811 3676 ad
1841 3622 1992 3693 quod
2023 3622 2123 3675 ob-

434 3718 617 3770 tinere
648 3733 762 3770 non
792 3715 979 3768 valent
1012 3728 1307 3783 nunquam
1336 3709 1556 3765 volunt.

503 3807 663 3860 Vens.
698 3808 750 3860 3.
783 3834 852 3842 —-
878 3825 905 3853 ‹‹
936 3802 1206 3873 Nunquid
1238 3806 1339 3855 est.
1373 3822 1400 3849 »
1464 3802 1526 3855 In
1571 3800 1891 3870 cognitione
1924 3799 2126 3854 huma-

433 3911 506 3948 na
553 3892 915 3964 superiorum
967 3905 1240 3944 numerus
1290 3888 1595 3958 spirituum
1652 3903 1764 3941 non
1827 3892 1930 3953 est,
1991 3887 2124 3957 quia

433 3989 646 4055 quanta
695 3983 769 4035 sit
812 3980 924 4034 illic
966 3977 1284 4049 frequentia
1343 3976 1638 4029 invisibilis
1689 3975 1984 4044 exercitus,
2016 3991 2123 4029 ne-

432 4073 573 4127 scit:
597 4071 697 4143 qui
725 4070 935 4124 milites
961 4068 1247 4129 dicuntur,
1279 4066 1415 4137 quia
1464 4065 1753 4118 decertant
1799 4069 1998 4118 contra
2028 4080 2121 4117 ae-

430 4176 556 4214 reas
586 4162 912 4229 potestates,
947 4172 1060 4209 non
1100 4154 1314 4217 labore,
1359 4152 1454 4206 sed
1503 4152 1764 4221 imperio.

503 4266 531 4297 u
568 4248 633 4301 Et
661 4262 849 4316 super.
885 4264 913 4295 ››
948 4242 1089 4307 Quia
1119 4240 1367 4295 militum
1398 4241 1733 4294 corumdem
1764 4239 1879 4293 sive
1910 4240 2115 4295 electo-

431 4352 560 4389 rum
581 4335 760 4389 virtus
790 4349 906 4387 non
961 4329 1210 4400 propriis
1270 4327 1504 4395 viribus,
1544 4329 1641 4382 sed
1688 4344 1950 4398 superna:
1983 4346 2113 4401 gra-

431 4424 527 4478 tiae
559 4423 846 4477 infusione
874 4420 1212 4475 roboratur:
1247 4433 1377 4488 quin
1407 4416 1537 4469 siin
1580 4418 1751 4471 corde
1780 4422 1973 4472 nostro
2003 4435 2121 4473 non

431 4517 710 4584 surgeret,
730 4510 986 4581 profecto
1016 4523 1178 4562 mens
1228 4509 1419 4559 nostra
1448 4504 1509 4558 in
1552 4505 1800 4559 tenebris
1839 4512 2115 4575 maneret,

430 4602 580 4655 unde
605 4599 797 4653 subdit
820 4614 834 4651 :

500 4690 661 4743 Vens.
703 4689 755 4742 4.
780 4717 847 4726 ——
883 4707 904 4733 ι
939 4684 1208 4755 Nunquid
1231 4683 1551 4753 justiticari.
1586 4703 1615 4734 »
1643 4683 1786 4748 Quia
1840 4700 1944 4755 per
1992 4701 2117 4738 mu-

430 4777 632 4831 lierem
672 4776 855 4846 culpae
885 4774 1171 4828 subditam
1204 4772 1457 4826 nascitur
1481 4773 1677 4840 homo,
1712 4778 1908 4827 reatus
1944 4772 2118 4844 primi

426 4864 728 4918 inﬁrmitas
748 4864 809 4917 in
830 4863 987 4935 prole
1009 4867 1382 4932 propagatur.

501 4954 681 5008 Vnus.
727 4957 776 5007 5.
809 4981 881 4994 —
929 4974 949 4999 ι
992 4953 1125 5005 Ecce
1170 4951 1345 5004 enim.
1400 4973 1420 4998 ι
1459 4952 1565 5004 Per
1601 4951 1799 5005 lunam
1849 4950 2114 5017 Ecclesia,

427 5058 530 5112 per
559 5042 749 5096 stellas
784 5040 1139 5112 singulorum
1166 5039 1311 5093 bene
1340 5038 1653 5093 viventium
1715 5039 1920 5093 animas
1976 5040 2117 5093 desi-

429 5136 718 5201 gnantur:
768 5130 868 5201 qui
907 5130 1102 5201 culpas
1149 5129 1414 5200 subigere
1470 5129 1719 5198 perfecte
1768 5128 2114 5182 desiderant.

428 5220 536 5274 Sed
566 5234 861 5289 quousque
883 5217 1249 5287 corruptione
1303 5216 1488 5270 carnis
1546 5216 1963 5286 astringuntur,
1996 5216 2116 5286 ejus

426 5307 666 5360 vinculis
696 5306 969 5376 ligantur,
1015 5310 1287 5376 «quanto
1328 5305 1512 5375 magis
1570 5304 1742 5358 homo
1782 5303 2054 5375 putredo!
2089 5326 2111 5355 ιι

498 5396 663 5449 Vnus.
697 5398 755 5449 6.
793 5426 860 5433 —
892 5414 921 5445 ς(
951 5396 1017 5449 Et
1034 5392 1206 5462 ﬁlius,
1230 5416 1257 5442 ››
1284 5411 1347 5448 ac
1376 5392 1423 5447 si
1453 5393 1621 5460 dicat,
1656 5398 1786 5459 etc.,
1835 5409 2003 5463 usque
2040 5394 2117 5447 ad

426 5482 571 5537 sicut
590 5500 658 5538 ex
694 5484 926 5538 homine
956 5482 1108 5537 ﬁlius
1129 5483 1402 5553 hominis,
1452 5483 1532 5537 ita
1580 5501 1648 5537 ex
1684 5484 1987 5554 putredine
2015 5500 2115 5538 na-

425 5572 601 5628 scitur
629 5571 856 5626 vermis.

2298 1788 2325 1814 ‹‹
2354 1768 2423 1819 Et
2442 1767 2825 1837 prudentiam,
2862 1786 2888 1817 ι)
2923 1772 3027 1821 etc.
3061 1768 3256 1822 Omnis
3290 1768 3388 1839 qui
3412 1766 3701 1839 prudentia
3746 1770 3860 1818 recta

2222 1858 2326 1920 est,
2360 1855 2609 1925 plurima
2639 1872 2753 1909 non
2786 1860 2904 1909 est:
2956 1856 3092 1927 quia
3121 1872 3237 1909 non
3267 1857 3396 1927 plus
3451 1855 3657 1926 appetit
3708 1868 3857 1925 sapere

2222 1960 2392 2014 quam
2427 1947 2650 2013 oportet
2678 1960 2897 2014 sapere.

2299 2052 2325 2080 «
2351 2031 2685 2085 Plurimam.
2715 2053 2736 2079 ι
2764 2032 2919 2085 Ultra
2950 2031 3211 2097 modum,
3261 2036 3325 2085 ut
3363 2032 3464 2103 qui
3511 2047 3625 2101 pra:
3666 2029 3771 2083 aliis
3805 2030 3858 2082 vi-

2223 2119 2345 2174 deri
2396 2124 2677 2189 appetunt
2732 2119 3033 2185 doctiores,
3094 2121 3247 2174 unde
3301 2120 3367 2174 ﬁt
3425 2126 3491 2175 ut
3556 2118 3855 2173 immoderati

2224 2209 2393 2263 etiam
2427 2209 2580 2262 fatua
2602 2209 2933 2279 loquantur,
2969 2208 3125 2262 unde
3155 2225 3415 2262 excessus
3439 2207 3734 2279 prudentia:
3765 2205 3855 2258 sub-

2225 2296 2410 2351 ditur:

2296 2386 2470 2440 Vsus.
2500 2385 2534 2438 4
2588 2416 2656 2423 -
2691 2406 2719 2433 ‹‹
2748 2385 2927 2449 Quem
2969 2386 3189 2440 docere.
3226 2406 3254 2433 »
3283 2385 3643 2455 Spiramento
3672 2384 3861 2435 vivimus

2226 2472 2347 2527 sine
2378 2490 2490 2544 quo
2512 2489 2627 2528 non
2657 2473 2929 2543 sapimus,
2966 2474 3060 2528 sed
3085 2490 3189 2543 per
3238 2474 3422 2544 quod.
3483 2474 3589 2538 Qui
3632 2488 3755 2543 ergo
3794 2471 3862 2525 dat

2226 2561 2422 2628 vitam,
2452 2562 2547 2615 dat
2576 2566 2631 2615 et
2650 2562 3009 2632 sapientiam.

2302 2670 2329 2701 «
2360 2651 2807 2721 Spiramentum.
2844 2650 3024 2721 (Auc.)
3058 2673 3085 2699 ››
3117 2650 3275 2705 Sicut
3330 2667 3451 2705 non
3482 2665 3757 2723 possumus
3780 2662 3863 2701 non

2230 2740 2300 2793 de
2328 2745 2523 2793 nostra
2560 2744 2781 2805 natura,
2843 2744 2976 2803 etc.,
3035 2754 3202 2807 usque
3239 2740 3312 2793 ad
3366 2740 3504 2809 quia
3560 2755 3668 2793 non
3696 2742 3865 2790 creatus

2230 2832 2508 2883 creatum.

2307 2938 2335 2964 «
2366 2917 2564 2970 Nonne
2597 2931 2728 2968 eum
2768 2914 2887 2985 qui.
2923 2938 2949 2963 ››
2983 2916 3168 2985 (Ibid)
3204 2916 3442 2970 Baldath
3496 2916 3626 2987 quia
3662 2914 3750 2968 Job
3788 2914 3869 2965 ﬂa-

2154 3004 2195 3060 C
2235 3005 2531 3075 gellatum,
2566 3011 2696 3071 etc.,
2728 3019 2895 3073 usque
2928 3004 3002 3057 ad
3027 3020 3131 3074 per
3164 3004 3481 3058 sententias
3530 3001 3775 3075 expandit
3813 2999 3871 3053 di-

2233 3108 2399 3146 cens:

2306 3204 2333 3231 ‹
2370 3183 2505 3235 Ecce
2543 3180 2806 3251 gigantes
2850 3185 3091 3251 gemunt
3134 3181 3237 3235 sub
3272 3180 3482 3252 'aquis.
3534 3200 3558 3231 υ
3620 3183 3873 3250 Postquam

2232 3270 2508 3339 repressit
2554 3274 2841 3323 tumorem
2888 3269 3187 3339 sapientiae
3216 3275 3350 3337 etc.,
3382 3285 3555 3338 usque
3582 3270 3651 3323 ad
3693 3284 3789 3339 quo
3832 3266 3874 3319 in

2231 3361 2413 3413 altum
2446 3374 2503 3412 se
2530 3358 2720 3428 erigit.

2302 3449 2481 3501 Vnus.
2517 3450 2565 3500 5.
2593 3477 2655 3486 —
2691 3467 2719 3495 «
2738 3446 2913 3517 thui
2932 3446 3191 3501 habitant
3217 3463 3369 3501 cum.
3393 3466 3422 3498 ι)
3448 3447 3659 3502 Pariter
3684 3446 3874 3517 gemunt

2230 3536 2291 3590 hi
2320 3536 2421 3606 qui
2447 3536 2655 3589 talibus
2693 3535 3006 3603 sociantur,
3029 3536 3165 3606 quia
3199 3536 3309 3605 ipsi
3340 3536 3511 3589 etiam
3567 3535 3758 3589 laboris
3802 3547 3871 3583 eo-

2231 3640 2359 3677 rum
2390 3624 2829 3694 participatione
2856 3624 3295 3694 deprimuutur;
3326 3632 3381 3678 et
3419 3625 3560 3696 quia
3597 3623 3875 3678 desiderata.

2232 3713 2593 3767 celsitudines
2624 3713 2744 3765 sine
2790 3714 3034 3783 peccatis
3078 3718 3373 3783 nequeunt
3418 3709 3797 3773 administrari,
3838 3714 3878 3761 et

2232 3802 2448 3856 malum
2479 3801 2629 3872 quod
2661 3802 2853 3871 agitur
2873 3802 3081 3855 divina!
3110 3802 3209 3856 ira:
3243 3818 3358 3855 non
3399 3801 3769 3856 absconditur.

2304 3891 2473 3944 Vens.
2510 3893 2558 3943 6.
2604 3920 2673 3929 --
2730 3909 2757 3940 ‹‹
2821 3890 3017 3943 Nudus
3083 3895 3166 3943 est
3206 3890 3484 3944 infernus.
3547 3913 3573 3939 ››
3628 3886 3814 3944 Inferni
3837 3888 3877 3936 et

2233 3977 2572 4049 perditionis
2610 3978 2844 4032 nomine
2867 3978 3161 4033 diabolum
3199 3983 3254 4033 et
3305 3981 3492 4033 omnis
3544 3973 3874 4034 damnationis

2234 4067 2357 4137 ejus
2386 4066 2565 4120 socios
2595 4067 2880 4137 designat.

2304 4158 2463 4211 Vens.
2493 4161 2543 4211 7.
2567 4188 2635 4195 -
2671 4157 2829 4221 «Qui
2859 4158 3126 4211 extendit.
3173 4179 3201 4207 »
3239 4158 3430 4229 (Ibid.)
3478 4155 3759 4229 Aquilonis
3796 4167 3875 4205 no-

2234 4245 2387 4298 mine
2410 4244 2669 4300 diabolus
2699 4246 3039 4315 appellatur,
3063 4246 3162 4315 qui
3188 4252 3253 4300 ut
3277 4247 3532 4316 corporis
3557 4247 3752 4316 frigore
3776 4255 3872 4311 gen-

2231 4334 2377 4388 tium
2410 4333 2581 4387 corda
2629 4334 3061 4405 constringeret,
3120 4334 3295 4388 dixit:
3347 4334 3565 4389 Sedebo
3617 4334 3673 4387 in
3719 4334 3870 4384 monte

2228 4421 2557 4476 testamenti
2590 4421 2651 4475 in
2699 4423 2874 4476 latere
2936 4423 3240 4492 aquilonis.
3284 4423 3393 4487 Qui
3449 4439 3621 4494 super
3673 4431 3869 4474 vacuum

2229 4510 2571 4577 extenditur,
2605 4511 2742 4582 quia
2780 4511 2878 4565 illa
2916 4511 3085 4565 corda
3116 4512 3365 4581 possidet
3394 4528 3525 4582 quae
3554 4510 3719 4565 divini
3747 4522 3870 4561 amo-

2228 4599 2307 4653 ris
2336 4598 2518 4669 gratia
2548 4616 2661 4652 non
2693 4598 3070 4669 possidentur.

2306 4711 2325 4736 α
2365 4689 2429 4741 Et
2466 4687 2742 4758 appendit
2762 4692 2993 4741 terram.
3038 4710 3064 4736 n
3089 4688 3278 4758 (Ibid.)
3309 4689 3499 4742 Terra:
3530 4685 3747 4751 nomine
3794 4681 3869 4732 Ec-

2229 4775 2396 4829 clesia
2422 4776 2756 4846 designattr,
2792 4779 2920 4842 etc.,
2946 4791 3115 4844 usque
3144 4777 3218 4829 ad
3242 4797 3268 4825 ‹‹
3296 4776 3505 4831 Omnes
3540 4780 3723 4844 gentes
3753 4770 3871 4822 velut

2229 4864 2475 4918 nihilum
2504 4869 2560 4918 et
2599 4865 2769 4918 inane
2796 4869 3075 4934 reputatae
3106 4868 3254 4918 sunt.
3287 4883 3314 4915 ι)

2299 4954 2456 5007 Vnus.
2486 4957 2537 5007 8.
2572 4984 2640 4993 —
2683 4975 2704 5002 ι
2757 4953 2865 5017 Qui
2899 4953 3058 5023 ligat.
3089 4974 3117 5003 »
3177 4954 3368 5023 (Ibid.)
3426 4952 3590 5008 Initia
3634 4942 3870 5004 nascentis

2228 5041 2486 5097 Ecclesia:
2516 5046 2710 5095 narrat
2728 5041 2941 5108 dicens,
2975 5046 3061 5095 etc
3092 5082 3106 5109 ,
3137 5056 3307 5110 usque
3336 5041 3410 5095 ad
3440 5041 3508 5094 de
3540 5034 3867 5093 immensitate

2227 5130 2352 5200 ejus
2373 5129 2663 5183 auditores
2692 5128 3106 5199 opprimerent.

2295 5221 2456 5273 Vsus.
2485 5221 2535 5272 9.
2560 5249 2629 5257 —
2664 5238 2691 5267 «
2723 5217 2831 5282 Qui
2862 5222 3018 5272 tenet
3047 5218 3288 5272 vultum.
3323 5239 3351 5267 »
3390 5218 3451 5272 In
3480 5216 3635 5270 vultu
3658 5206 3861 5281 cognitio

2226 5307 2668 5362 demonstratur.
2716 5306 2856 5361 Solii
2878 5323 3013 5376 ergo
3044 5307 3166 5376 ejus
3197 5307 3385 5361 vultus
3416 5310 3654 5369 tenetur,
3704 5297 3816 5370 quia
3837 5309 3861 5345 a

2225 5398 2389 5452 nobis
2421 5398 2477 5450 in
2512 5398 2617 5451 hac
2654 5398 2767 5451 vita
2802 5397 2966 5467 regni
2998 5398 3119 5467 ejus
3149 5397 3333 5467 gloria
3381 5413 3497 5451 non
3524 5390 3854 5464 cognoscitur.

2224 5486 2406 5555 Super
2435 5486 2586 5555 quod
2631 5466 2889 5555 expandii
2926 5466 3135 5539 nebula
3160 5466 3419 5554 dicitur,
3474 5484 3608 5555 quia
3634 5476 3851 5535 sicutest,

2222 5573 2321 5627 illa
2350 5573 2593 5628 cmlestis
2615 5573 2800 5643 gloria
2821 5589 2938 5628 non
2968 5573 3207 5629 videtur.
