4082 6184
261 319 367 369 8‘25

336 460 360 481 «ι
402 436 635 489 Vultum
685 434 830 489 solii.
874 456 893 481 ι

260 524 470 596 angeli,
498 524 599 595 qui
634 524 807 578 modo
848 540 965 577 non
1022 525 1188 593 plene
1238 528 1476 593 possunt
1539 523 1806 593 cognosci
1835 540 1848 588 ;
1876 524 1961 576 vel

259 631 366 668 nos
391 614 520 685 ipsi,
555 630 801 684 quorum
818 615 1023 681 vultus,
1043 614 1099 667 id
1129 618 1213 666 est
1238 612 1492 677 scientia,
1520 612 1791 681 progredi
1823 628 1961 681 pro-

256 702 489 756 hibetur
521 702 586 755 ad
619 702 816 755 altiora
844 718 855 755 :
882 718 1053 773 super
1077 719 1220 773 quos
1276 702 1502 768 nebula,
1544 701 1602 754 in
1631 702 1841 772 quibus
1865 717 1961 754 oc—

256 792 410 843 culta
440 792 621 845 exerit
647 790 886 860 judicia,
921 791 1071 844 unde
1104 791 1328 845 subdit:

355 879 511 931 Vens.
568 880 649 931 10.
702 908 768 917 -
806 902 828 923 «ι
878 879 1213 932 Terminum
1273 877 1649 932 circumdedit
1721 876 1956 947 aquis.»

254 966 400 1029 Quia
477 964 717 1019 humani
816 967 1041 1036 generis
1113 966 1407 1020 scientiam
1483 966 1832 1033 moderatur,
1901 970 1962 1019 ut

255 1072 559 1125 quousque
635 1055 1051 1109 vicissitudines
1144 1055 1551 1109 alternantium
1636 1060 1958 1125 temporum

253 1149 571 1209 transeunt,
605 1144 852 1214 perfecte
896 1144 965 1198 ad
994 1144 1381 1214 cognitionem
1433 1141 1706 1197 claritatis
1739 1142 1958 1195 intimae

252 1251 373 1287 non
398 1232 751 1303 pertingant.

326 1324 485 1375 Vens.
514 1325 597 1375 11.
640 1351 708 1359 --
744 1344 763 1370 ι
790 1321 1106 1375 Columnae.
1143 1340 1169 1371 ι)
1218 1319 1407 1390 (Gneo.
1458 1319 1622 1390 MAG.)
1668 1320 1959 1374 Columnae

251 1412 381 1465 coeli
411 1416 629 1464 sanctos
655 1411 910 1481 angelos,
944 1410 1031 1463 vel
1063 1425 1319 1463 summos
1378 1408 1639 1462 Ecclesia:
1677 1408 1959 1478 praedica-

251 1506 405 1554 tores
437 1500 708 1569 appellat.

324 1591 482 1642 Vens.
520 1591 601 1641 l2.
649 1619 717 1625 —-
769 1611 793 1632 «
856 1587 920 1640 Iu
962 1586 1379 1640 fortitudine.»
1440 1585 1636 1655 (Ibid)
1696 1584 1838 1649 Quia
1870 1586 1955 1639 in-

249 1683 483 1730 carnato
518 1675 756 1729 Domino
811 1674 1196 1728 discordantia
1230 1673 1290 1726 in
1337 1672 1581 1726 Ecclesia
1629 1673 1799 1727 corda
1829 1690 1958 1727 con-

251 1764 503 1818 corditer
531 1764 787 1817 credunt.

330 1875 349 1900 ι
387 1854 452 1905 Et
480 1852 783 1922 prudentia
810 1852 949 1922 ejus.
1002 1874 1023 1899 ιι
1060 1850 1388 1917 Prudentia,
1438 1867 1554 1905 non
1586 1851 1794 1904 virtute
1826 1867 1961 1921 pcr—

250 1957 447 1995 cussus
472 1947 555 1993 est
581 1940 850 2011 antiquus
876 1940 1079 2008 hostis,
1134 1940 1268 2010 quia
1298 1940 1435 1993 dum
1490 1940 1757 1993 audacter
1822 1939 1959 1993 olim

250 2029 563 2094 Christum,
596 2029 654 2083 in
678 2046 791 2100 quo
817 2029 923 2083 sibi
948 2029 1091 2082 nihil
1118 2029 1518 2100 {competebat,
1569 2028 1806 2098 appetit,
1832 2029 1960 2098 jure

249 2119 571 2183 hominem,
606 2134 778 2188 quem
835 2123 892 2172 et
942 2117 1094 2187 juste
1145 2118 1397 2182 tenebat,
1457 2118 1664 2170 amisit.
1714 2117 1819 2170 Sed
1851 2118 1958 2171 Do-

250 2207 413 2260 mino
445 2206 650 2274 occiso,
697 2222 827 2276 quae
879 2204 1272 2275 praedicatoris
1317 2204 1500 2273 gloria
1546 2204 1618 2258 sit
1672 2211 1958 2273 secutura,

248 2295 514 2365 sequitur
538 2311 550 2347 :

328 2384 495 2435 Vens.
531 2386 612 2437 l3.
645 2411 717 2422 —
757 2400 783 2430 ‹‹
831 2380 1076 2452 Spiritus
1107 2381 1230 2451 ejus
1256 2380 1482 2434 ornavit
1536 2381 1727 2434 cmlos.
1768 2403 1787 2427 υ
1819 2380 1961 2444 Quia

248 2471 656 2542 praedicatores
686 2470 797 2523 nisi
856 2469 1134 2540 promissa
1176 2469 1446 2523 Paracleti
1499 2468 1650 2521 dona
1708 2468 1962 2538 suscipe-

248 2565 403 2621 rent,
432 2560 590 2613 nullo
612 2558 963 2612 fortitudinis
994 2558 1197 2611 decore
1230 2558 1585 2611 claruissent.

338 2671 356 2695 ‹
397 2650 463 2701 Et
514 2648 915 2701 obstetricante
950 2664 1123 2700 manu
1174 2647 1318 2717 ejus.
1353 2672 1378 2692 υ
1439 2646 1725 2715 Antiquus
1762 2646 1958 2711 hostis,

261 2736 365 2807 qui
394 2736 615 2790 homini
646 2753 745 2790 ore
776 2736 993 2789 colubri
1023 2737 1246 2790 locutus
1277 2740 1381 2799 est,
1416 2734 1515 2806 qui
1556 2740 1846 2788 tortuosus
1874 2735 1959 2788 di-

259 2826 429 2891 citur,
469 2825 602 2895 quia
655 2824 716 2876 in
764 2824 1014 2877 veritatis
1075 2823 1411 2877 rectitudine
1470 2840 1584 2877 non
1635 2824 1829 2891 stetit;
1871 2824 1962 2877 hic

261 2914 667 2967 obstetricante
701 2930 875 2967 manu
927 2912 1153 2966 Domini
1180 2912 1390 2981 ejectus
1422 2919 1506 2966 est
1564 2913 1633 2965 ab
1694 2913 1955 2967 Ecclesia.

255 3004 324 3056 In
358 3001 556 3071 paucis
586 3006 779 3055 autem
811 3001 1104 3055 sententiis
1141 3000 1315 3070 primi
1355 3001 1631 3054 adventus
1684 3001 1962 3054 Dominici
1993 3002 2032 3055 C

253 3090 523 3144 ordinem
554 3091 767 3158 retulit,
802 3091 899 3145 sed
933 3092 1247 3144 secundum
1296 3090 1487 3145 subdit
1515 3090 1677 3144 valde
1732 3107 1850 3143 esse
1880 3091 1959 3144 ti-

256 3179 557 3233 mendum.

329 3269 489 3321 Vens.
530 3270 610 3323 14.
642 3298 710 3306 —-
736 3290 762 3315 «
799 3268 859 3320 Et
888 3283 1009 3320 esse
1037 3267 1160 3321 haec
1196 3283 1263 3321 ex
1294 3272 1453 3337 parte
1482 3268 1630 3320 dicta
1659 3272 1794 3320 sunt
1840 3268 1963 3322 via-

253 3372 410 3409 rum.
447 3376 474 3407 »
514 3355 699 3425 (Ibid.)
736 3356 964 3408 Viarum
998 3355 1252 3419 nomine,
1306 3360 1447 3421 etc.,
1481 3371 1649 3424 usque
1707 3357 1781 3409 ad
1812 3359 1966 3411 velut

252 3444 446 3498 teuuit
474 3449 635 3515 gutta
670 3445 907 3514 superni
938 3444 1179 3514 liquoris
1202 3444 1273 3496 ad
1290 3461 1394 3497 nos
1445 3450 1693 3498 emanat.

329 3555 357 3581 ‹‹
395 3535 614 3587 Etcum
648 3534 739 3586 vix
774 3550 1029 3602 parvam.
1060 3551 1089 3585 »
1122 3536 1197 3586 Ac
1221 3532 1265 3585 si
1292 3532 1475 3587 dicat:
1510 3533 1567 3587 Si
1620 3534 1966 3588 humilitatis

254 3622 412 3675 illius
457 3622 799 3675 admiranda
858 3622 948 3675 vix
1004 3622 1262 3687 ferimus,
1301 3621 1616 3675 terribilem
1659 3624 1968 3678 adventum

255 3710 574 3778 majestatis
607 3710 731 3780 ejus
787 3727 900 3781 qua
930 3710 1135 3763 virtute
1184 3710 1558 3763 tolerabimus
1584 3710 1613 3762 ?

913 3799 1140 3853 CAPUT
1210 3800 1409 3853 XXVII.

330 3886 494 3940 Vens.
532 3890 579 3940 1.
615 3918 683 3926 —-
716 3910 738 3937 σι
773 3887 1010 3942 Addidit
1038 3904 1284 3958 quoque,
1304 3910 1329 3933 α»
1360 3891 1466 3941 etc.
1521 3887 1710 3953 (Gneo.
1736 3888 1793 3939 in
1826 3886 1965 3949 Job.,

254 3975 511 4044 1.xvut.)
578 3976 821 4030 Ecclesia
877 3977 1100 4030 duobus
1162 3976 1346 4030 modis
1399 3976 1619 4045 patitur
1678 3993 1870 4030 amara
1899 3977 1970 4030 ab

254 4064 526 4118 hostibus
560 4082 572 4118 :
608 4066 694 4119 vel
726 4066 933 4132 verbis,
962 4065 1051 4119 ubi
1075 4066 1502 4135 exerceturejus
1531 4065 1847 4135 sapientia;
1882 4065 1970 4119 vel

260 4153 495 4223 gladiis,
528 4154 625 4206 ubi
652 4155 927 4224 probatur
958 4153 1255 4223 patientia.
1294 4155 1452 4207 Nunc
1484 4154 1551 4207 de
1588 4170 1653 4206 ea
1711 4170 1970 4223 persecu-

260 4242 427 4294 tione
460 4242 537 4294 ait
566 4242 660 4295 ubi
692 4242 988 4296 lacessitur
1019 4242 1172 4295 falsis
1206 4242 1631 4295 assertionibus.

339 4325 501 4377 Vens.
535 4327 589 4378 2.
624 4354 691 4363 —
725 4348 749 4370 ‹‹
790 4325 935 4378 Vivit
995 4327 1159 4378 Deus.
1200 4348 1218 4372 ι
1271 4326 1413 4379 Sunt
1470 4325 1569 4394 qui
1607 4325 1839 4378 adversa
1870 4341 1969 4395 pa-

261 4412 495 4476 tientes,
536 4415 713 4467 Deum
746 4431 866 4467 esse
899 4431 1013 4467 non
1043 4414 1283 4468 credunt
1316 4431 1328 4467 :
1364 4414 1621 4467 nonnulli
1646 4415 1823 4467 Deum
1851 4430 1971 4466 esse

260 4502 575 4567 aestimant,
604 4502 701 4555 sed
749 4518 837 4555 res
891 4503 1172 4555 humanas
1222 4502 1459 4555 minime
1492 4517 1709 4555 curare.
1763 4502 1872 4555 Iste
1911 4502 1972 4555 in

258 4594 402 4659 typo
432 4590 694 4643 Ecclesia:
752 4589 969 4659 positus
1019 4590 1077 4641 in
1136 4590 1470 4655 afflictione,
1515 4595 1577 4642 ut
1644 4591 1825 4643 Deum
1851 4605 1971 4642 esse

256 4678 559 4743 fateretur,
577 4678 657 4731 ait
688 4695 701 4731 :
746 4700 765 4725 ι
802 4678 947 4731 Vivit
981 4680 1148 4732 Deus.
1186 4700 1205 4726 ι
1258 4679 1327 4732 Ut
1372 4695 1506 4732 vero
1575 4696 1662 4731 res
1691 4680 1971 4733 luu‘uanas

254 4782 465 4819 curare
496 4784 627 4820 eum
657 4767 1004 4837 perhiberet,
1055 4767 1282 4821 subdit:
1325 4789 1345 4815 «
1399 4768 1508 4832 Qui
1555 4768 1970 4839 abstulitjudi-

253 4854 418 4909 cium
453 4871 666 4922 meum,
702 4877 722 4902 ι
750 4860 861 4909 etc.

338 4944 497 4997 Vens.
525 4946 577 4998 4.
614 4974 683 4983 —
729 4966 749 4991 ε
800 4945 921 4998 Non
974 4944 1288 5015 loquentur
1334 4944 1483 4999 labia
1518 4961 1662 4999 mea.
1698 4967 1718 4991 ι
1782 4944 1966 5013 (Ibid)

252 5032 409 5095 Quia
438 5033 598 5103 prius
627 5032 1017 5103 iniquitatem,
1070 5038 1199 5100 etc.,
1232 5049 1401 5103 usque
1448 5035 1522 5087 ad
1566 5034 1825 5088 meditari
1849 5039 1968 5088 stu-

252 5119 440 5175 diosae
471 5120 785 5190 pravitatis.

338 5209 494 5262 Vens.
532 5211 581 5261 5.
617 5238 685 5249 —-
717 5231 736 5257 ε
798 5209 957 5264 Absit
986 5226 1019 5263 a
1046 5225 1160 5263 me.
1196 5232 1215 5257 ι
1281 5209 1425 5274 Quia
1473 5209 1610 5264 dicit
1661 5209 1966 5264 Salomon:

260 5321 285 5347 ι
322 5297 723 5367 Quijustiﬁcat
756 5298 1021 5370 impium,
1074 5304 1131 5353 et
1170 5299 1269 5370 qui
1326 5300 1671 5354 condemnat
1724 5300 1967 5369 justum,

250 5390 509 5456 uterque
567 5387 965 5443 abominabilis
1020 5393 1104 5442 est
1151 5393 1284 5442 ante
1330 5391 1531 5444 Deum.
1572 5411 1591 5437 ι
1656 5390 1719 5443 Et
1750 5389 1856 5443 hoc
1887 5395 1970 5443 est

258 5498 286 5523 α
328 5474 547 5527 Absita
596 5492 707 5530 me.
749 5498 769 5524 ι
805 5476 889 5530 Ab
948 5477 1281 5532 innocentia
1336 5477 1490 5533 enim
1544 5478 1854 5543 recederet,
1924 5477 1969 5531 si

252 5563 425 5617 bona
449 5562 520 5617 de
548 5562 660 5617 illis
689 5565 852 5619 malis
879 5564 1211 5621 estimaret.

1435 314 1688 369 GLOSSA
1731 315 2134 371 0RDINARIA.
2176 347 2243 355 —
2286 318 2410 371 LIB.
2453 316 2591 371 JOB.

954 435 1169 489 Solium
1220 439 1304 488 est
1359 434 1625 504 majestas
1691 434 1832 505 ejus,
1870 435 1955 490 vel
1994 436 2039 489 A

3667 318 3769 370 826

2167 438 2325 491 Vens.
2387 441 2436 489 6.
2494 464 2561 475 ——
2613 457 2633 482 ιι
2712 433 3185 489 Justiticationem
3237 451 3446 490 meam.
3508 458 3527 484 ι
3574 437 3763 505 (Ibid)

2072 526 2325 595 Coeptam
2352 524 2821 595 justiﬁcationem
2856 524 3163 589 desereret,
3198 523 3245 575 si
3295 523 3355 576 in
3408 522 3767 593 peccantium

2072 614 2300 668 laudem
2324 614 2653 667 declinaret.
2688 614 2837 665 Bene
2876 612 2947 665 ab
2976 611 3177 665 alienis
3222 612 3463 677 absistit,
3494 612 3592 682 qui
3612 611 3773 681 prius

2070 719 2129 755 se
2151 720 2183 755 a
2213 703 2458 773 propriis
2487 701 2768 755 custodit:
2804 700 2984 771 quasi,
3020 700 3145 753 ideo
3186 700 3254 753 de
3312 700 3391 753 eis
3435 716 3669 771 peccare
3700 700 3770 753 ti-

2070 807 2223 857 meo,
2258 792 2389 862 quia
2422 806 2536 844 non
2568 789 2936 859 reprehendit
2970 805 3056 842 me
3087 806 3187 842 cor
3218 805 3430 843 meum.

2157 903 2177 929 ι
2214 882 2407 950 Neque
2440 880 2594 932 enim
2624 878 2992 948 reprehendit
3052 894 3142 931 me
3184 893 3283 931 cor
3316 893 3528 931 meum.
3568 899 3588 924 ι
3618 879 3695 930 Ac
3722 877 3767 930 si

2070 969 2235 1034 dicat,
2270 973 2400 1034 etc.,
2428 984 2594 1036 usque
2615 967 2689 1021 ad
2719 966 2938 1019 fortiter
2960 971 3148 1019 tamen
3180 965 3513 1035 cogitationi
3543 965 3767 1019 restitit.

2148 1058 2307 1111 Vens.
2342 1062 2394 1110 7.
2426 1086 2492 1094 -—
2530 1078 2549 1103 ι
2586 1056 2740 1109 Sicut
2795 1054 3007 1124 impius
3039 1054 3307 1107 inimicus
3358 1071 3538 1107 meus.
3574 1052 3772 1123 (Ibid.)

2070 1146 2305 1216 Impius,
2363 1143 2614 1198 infidelis
2664 1143 2891 1208 dicitur,
2946 1148 3075 1211 etc.,
3129 1159 3300 1212 usque
3344 1143 3418 1196 ad
3465 1142 3565 1213 qui
3627 1141 3770 1195 mihi

2069 1250 2242 1303 opere
2263 1249 2380 1287 non
2410 1233 2730 1287 concordat.

2136 1323 2298 1375 Vens.
2332 1324 2384 1375 8.
2409 1351 2477 1360 —
2514 1344 2533 1369 ι
2571 1322 2707 1385 Quae
2735 1325 2820 1374 est
2853 1321 3008 1374 enim
3057 1336 3185 1391 spes
3228 1318 3563 1390 hypocrisis.
3606 1340 3626 1366 ι
3660 1318 3771 1388 Hy-

2067 1409 2303 1480 pocrita,
2365 1409 2464 1480 qui
2531 1408 2724 1462 Latine
2780 1408 2990 1462 dicitur
3041 1408 3362 1474 simulator,
3404 1411 3511 1461 est
3568 1424 3771 1460 avarus

2068 1502 2283 1567 raptor,
2316 1497 2415 1568 qui
2439 1497 2576 1551 dum
2601 1496 2796 1566 inique
2828 1513 3000 1567 agens
3032 1496 3318 1549 desiderat
3374 1496 3442 1549 de
3478 1495 3772 1549 sanctitate

2068 1586 2350 1653 venerari,
2386 1584 2615 1639 laudem
2646 1585 2772 1638 vitas
2802 1585 2952 1656 rapit
2976 1585 3196 1639 aliena‘.

2144 1676 2302 1728 Vens.
2340 1678 2391 1727 9.
2423 1702 2494 1715 —
2530 1697 2549 1722 ι
2585 1674 2852 1743 Nunquid
2886 1675 3033 1727 Deus
3065 1671 3308 1727 audiet?
3344 1693 3363 1719 ι
3422 1670 3565 1736 Quia
3592 1672 3651 1726 in
3675 1672 3773 1742 ju-

2072 1763 2217 1817 dicio
2250 1762 2567 1816 remedium
2628 1762 2689 1814 in
2737 1762 2982 1815 clamore
3013 1778 3131 1814 non
3185 1759 3421 1826 invenit,
3466 1760 3566 1831 qui
3622 1777 3775 1814 nunc

2071 1858 2299 1921 tempus
2325 1866 2644 1920 congruum
2669 1850 2932 1903 clamoris
2962 1849 3169 1919 perdit.
3205 1851 3281 1903 De
3303 1849 3465 1919 cujus
3496 1849 3773 1920 pravitate

2072 1939 2479 2009 subjungitur:

2138 2030 2305 2083 Vens.
2340 2031 2429 2082 10.
2466 2059 2533 2066 ——
2569 2049 2588 2075 ι
2652 2029 2764 2081 Aut
2807 2026 3017 2096 poterit
3072 2026 3131 2079 in
3191 2026 3594 2096 Omnipotente
3621 2027 3774 2080 dele-

2070 2118 2278 2171 ctari»
2336 2116 2444 2180 Qui
2501 2120 2859 2170 terrenarum
2918 2131 3111 2169 rerum
3172 2131 3362 2168 amore
3410 2115 3672 2183 vincitur,
3715 2115 3775 2169 in

2071 2209 2185 2261 Deo
2218 2207 2546 2260 nullatenus
2579 2206 2891 2259 delectatur
2919 2222 2932 2258 :

2146 2317 2165 2343 α
2198 2297 2261 2348 Et
2287 2295 2550 2348 invocare
2583 2295 2763 2347 Deum
2796 2294 2855 2347 in
2881 2292 3058 2347 omni.
3106 2313 3126 2339 ι
3161 2293 3406 2346 Tantum
3452 2294 3632 2346 Deum
3664 2293 3773 2362 hy-

2068 2384 2287 2454 pocrita
2320 2388 2457 2436 tunc
2485 2384 2733 2450 invocat,
2792 2397 2922 2435 cum
2974 2381 3125 2434 hunc
3175 2384 3534 2434 terrenarum
3581 2396 3773 2434 rerum

2069 2472 2363 2527 tribulatio
2392 2472 2700 2543 augustiat.

2140 2564 2306 2615 Vens.
2352 2565 2434 2615 ll.
2499 2592 2564 2599 —
2615 2581 2635 2607 ι
2698 2558 2920 2613 Docebo
2973 2574 3071 2611 vos
3116 2574 3222 2627 per
3277 2572 3548 2609 manus.»
3581 2556 3775 2609 Manus

2072 2650 2170 2704 Dei
2200 2656 2434 2703 vocatur
2464 2649 2659 2715 Filius,
2692 2652 2822 2714 etc.,
2858 2662 3028 2715 usque
3076 2646 3150 2699 ad
3201 2651 3495 2715 peccatum
3536 2650 3620 2697 est
3670 2644 3773 2697 illi.

2142 2739 2307 2790 Vens.
2347 2737 2427 2790 14.
2463 2767 2523 2774 -
2565 2757 2591 2783 ‹‹
2614 2734 2670 2789 Si
2704 2734 3066 2804 multiplicati
3109 2733 3340 2787 fuerint.
3382 2755 3400 2778 υ
3458 2733 3644 2801 (Ibid.)
3671 2732 3780 2797 Qui

2072 2825 2477 2880 hwreticorum
2509 2829 2857 2895 generantur
2885 2822 3315 2893 praedicatione,
3363 2822 3587 2875 venturi
3620 2822 3777 2891 judi-

2073 2914 2145 2967 cii
2178 2913 2462 2967 sententia
2494 2912 2797 2967 feriuntur.

2144 3003 2211 3055 Et
2277 3006 2533 3071 nepotes.
2573 3022 2593 3047 ι
2662 3001 2908 3070 Nepotes
2976 2998 3376 3053 bzereticorum
3432 3001 3584 3066 sunt,
3643 3003 3775 3064 etc.,

2072 3106 2241 3159 usque
2270 3090 2343 3143 ad
2375 3090 2683 3143 nonnullos
2714 3088 2773 3142 in
2805 3087 3024 3141 malitia
3095 3088 3415 3158 pertinaces
3479 3086 3779 3158 relinquit.

2078 3179 2348 3249 Sequitur
2380 3195 2394 3232 :

2150 3270 2305 3321 Vens.
2342 3269 2425 3321 15.
2462 3297 2528 3305 --
2561 3289 2579 3314 ε
2639 3265 2748 3330 Qui
2796 3264 3005 3336 reliqui
3062 3265 3291 3319 fuerint.
3330 3288 3351 3313 ι
3413 3267 3485 3319 Ex
3524 3281 3590 3318 eo
3617 3263 3779 3318 vide-

2074 3358 2205 3411 licet
2228 3355 2627 3412 haareticorum
2658 3356 2873 3424 populo
2924 3353 3180 3407 derelicti
3210 3352 3558 3423 sepeliantur
3586 3352 3645 3404 in
3693 3351 3780 3404 in-

2074 3446 2267 3511 teritu,
2302 3446 2437 3516 quia
2478 3444 2616 3496 dum
2673 3443 2745 3495 ad
2802 3443 2988 3495 lucem
3042 3441 3291 3495 veritatis
3350 3457 3465 3495 non
3521 3440 3779 3505 redeunt,

2076 3532 2457 3604 intelligentia
2484 3537 2710 3585 terrena
2737 3529 3159 3600 deprimuntur.

2154 3646 2173 3671 ι
2205 3624 2269 3676 Et
2300 3621 2485 3674 viduas
2524 3618 2678 3672 illius
2701 3634 2812 3672 non
2837 3618 3162 3688 plorabunt.
3204 3639 3223 3666 ι
3252 3618 3461 3671 Viduas
3493 3616 3631 3671 dicit
3658 3618 3782 3687 ple-

2076 3711 2176 3765 bes
2210 3710 2492 3779 subjectas
2524 3711 2706 3760 morte
2766 3706 3020 3759 haeretici
3080 3706 3377 3759 destitutas
3411 3723 3423 3759 :
3457 3722 3587 3775 quae
3645 3705 3782 3759 dum

2079 3799 2417 3869 praedicator
2448 3796 2655 3850 erroris
2686 3795 2756 3848 ad
2787 3801 3002 3848 aeterna
3032 3794 3309 3864 supplicia
3362 3794 3604 3864 rapitur,
3632 3810 3785 3864 saepe

2079 3888 2146 3940 ad
2172 3884 2513 3955 cognitionis
2535 3899 2683 3936 verae
2710 3882 2954 3952 gratiam
2980 3886 3366 3935 revertuntur.

2150 3976 2314 4026 Vens.
2346 3976 2430 4025 16.
2471 4001 2539 4011 -
2594 3994 2613 4019 α
2678 3970 2735 4024 Si
2765 3970 3224 4040 comportaverit.
3255 3990 3275 4017 ι
3330 3969 3511 4039 (Ibid.)
3554 3971 3779 4039 Argen-

2081 4070 2224 4129 tum,
2280 4061 2336 4115 id
2392 4064 2478 4113 est
2529 4059 2824 4129 eloquium
2882 4056 3305 4121 haereticorum,
3353 4062 3676 4127 etc.,usque
3709 4060 3784 4112 ad

2082 4168 2255 4205 sacras
2285 4149 2593 4219 Scripturae
2620 4151 2934 4200 contexunt
2972 4144 3323 4198 testimonia.

2153 4242 2310 4294 Vens.
2351 4243 2433 4292 17.
2470 4267 2531 4277 -
2571 4259 2590 4283 ι
2619 4235 2972 4305 Prteparabit
3002 4234 3257 4305 quidem.
3297 4254 3317 4281 ι
3362 4232 3507 4297 Quia
3532 4232 3616 4286 vir
3637 4237 3786 4287 recta

2080 4331 2191 4384 tide
2224 4331 2444 4400 plenus,
2492 4328 2817 4395 Scripturaa,
2851 4341 2981 4395 qua:
3038 4322 3343 4377 haereticus
3391 4322 3577 4388 affert,
3634 4322 3787 4375 testi-

2082 4419 2273 4473 monia
2301 4416 2537 4487 colligit,
2562 4421 2619 4469 et
2648 4414 2858 4468 erroris
2888 4412 3263 4484 pertinaciam
3294 4411 3427 4465 inde
3482 4410 3784 4475 convincit,

2081 4514 2139 4562 ut
2166 4507 2336 4561 David
2359 4506 2577 4560 Goliam
2610 4503 2801 4573 gladio
2832 4520 2933 4556 suo
2951 4502 3172 4556 occidit.

2156 4619 2175 4643 ε
2208 4598 2271 4649 Et
2326 4598 2630 4665 argentum
2686 4592 2962 4645 innocens
3016 4589 3245 4643 dividet.
3285 4611 3306 4637 ι
3372 4591 3651 4643 Innocens
3694 4604 3785 4641 ar-

2080 4690 2317 4754 gentum
2357 4682 2629 4743 dividere,
2691 4686 2821 4749 etc.,
2874 4695 3041 4747 usque
3083 4678 3158 4732 ad
3214 4678 3352 4748 quia
3411 4678 3498 4731 illi
3549 4677 3789 4731 miscent

2079 4774 2219 4827 falsa
2248 4772 2416 4825 veris.

2149 4862 2312 4914 Vens.
2346 4862 2429 4913 18.
2484 4888 2542 4898 -
2604 4880 2623 4905 α
2686 4855 2999 4912 ,λΕάἰίὶοεινὶὶ
3054 4854 3197 4907 sicut
3252 4854 3407 4908 tinea
3464 4854 3718 4908 domum.
3760 4876 3780 4902 ι

2079 4948 2269 5018 (lbid.)
2300 4947 2474 5001 Tinea
2503 4946 2740 5000 domum
2787 4942 2893 4997 sibi
2925 4942 3347 5012 corrumpendo
3394 4942 3675 4997 aedificat:
3708 4942 3788 4996 sic

2079 5042 2136 5090 et
2165 5035 2464 5089 hmreticus
2494 5035 2683 5087 locum
2726 5029 2984 5101 perﬁdia;
3038 5046 3155 5082 suae
3193 5029 3424 5083 nonnisi
3483 5030 3541 5082 in
3576 5030 3785 5083 menti—

2076 5125 2200 5188 bus,
2237 5139 2377 5194 quas
2408 5119 2745 5189 corrumpit,
2783 5118 2936 5172 facit.

2152 5235 2175 5256 η
2213 5212 2276 5264 Et
2330 5208 2475 5261 sicut
2529 5212 2737 5260 custos.
2780 5229 2798 5252 ι
2855 5204 3266 5258 Umbraculum
3308 5204 3578 5271 custodis,
3638 5208 3783 5272 etc.,

2075 5314 2244 5368 usque
2272 5297 2345 5351 ad
2374 5310 2559 5349 sermo
2585 5292 2843 5363 erigitur,
2879 5308 3008 5345 cum
3039 5290 3325 5345 subditur.

2147 5389 2309 5440 Vens.
2352 5388 2433 5439 l9.
2487 5412 2553 5423 —
2580 5404 2600 5430 ε
2638 5381 2802 5435 Dives
2849 5396 2980 5433 cum
3016 5378 3329 5433 dormierit.
3384 5398 3413 5431 ιο
3438 5381 3658 5436 Dormit
3687 5380 3781 5436 di-

2077 5492 2172 5529 ves
2203 5479 2260 5527 et
2314 5473 2504 5527 oculos
2535 5470 2739 5539 aperit,
2800 5468 2935 5539 quia
2963 5484 3091 5521 cum
3143 5484 3313 5522 carne
3368 5470 3610 5524 moritur
3661 5469 3786 5537 ejus

2079 5562 2272 5617 anima
2314 5561 2505 5616 videre
2560 5558 2804 5630 cogitur,
2854 5557 3008 5628 quod
3059 5556 3360 5625 providere
3415 5558 3780 5629 contempsit.
