4082 6184
371 278 475 329 827
1033 274 1423 329 WALAFRIDI
1465 276 1712 330 STRABI
1754 275 1956 331 FULD.
2001 275 2168 332 ΜΟΝ.
2207 276 2360 330 ΟΡΡ.
2405 272 2582 328 PARS
2621 274 2663 327 Ι.
2705 300 2774 310 —-
2812 270 3270 327 THEOLOGICA.
3760 277 3855 327 828

437 399 600 452 Vens.
638 398 728 452 20.
760 428 824 436 —
863 418 890 447 «
931 397 1334 467 Apprehendet
1387 413 1538 452 eum.
1580 419 1601 446 ι
1655 402 1874 468 Agente
1905 414 2069 452 nam-
2097 400 2141 452 A
2179 396 2467 468 Sapphiri,
2501 395 2705 450 coloris
2730 393 2872 448 aerii
2903 399 3056 448 sunt.
3109 395 3176 448 Et
3221 393 3330 447 hoc
3361 392 3516 456 dicit.
3569 394 3703 466 quia
3729 411 3859 448 nun-

364 503 477 558 que
503 486 720 557 inopia,
756 486 908 558 apud
939 486 1152 540 inferos
1195 502 1375 556 usque
1421 487 1490 540 ad
1524 486 1764 542 minima
1818 488 2064 558 petenda

363 577 519 631 dives
537 577 743 630 ardens
796 576 1127 645 compulsus
1176 579 1280 640 est,
1334 575 1433 645 qui
1464 575 1555 629 hic
1605 583 1810 646 agente
1841 577 2063 631 tenacia

363 680 548 735 usque
578 664 644 718 ad
680 663 919 717 minima
948 663 1210 732 neganda
1237 663 1516 732 pervenit.

441 773 467 800 α
520 753 689 806 Nocte
735 752 1023 822 opprimet
1077 767 1230 804 eum.
1277 773 1303 799 ››
1369 753 1601 806 Noctem
1669 752 2063 808 absconditum

364 844 592 910 tempus
655 837 941 908 repentini
989 838 1170 892 exitus
1230 840 1500 909 appellat,
1568 841 1919 911 tempestatis
1959 858 2062 896 uo-

365 928 520 982 mine
545 927 746 998 judicii
777 927 1064 982 turbinem
1097 927 1377 997 designat.

435 1017 602 1071 Vens.
639 1018 804 1070 ‘21.—
857 1038 883 1064 ‹‹
921 1017 1104 1070 Tollet
1157 1032 1290 1070 eum
1329 1022 1549 1070 ventus.
1583 1038 1604 1065 ο
1656 1019 1868 1072 Ventus
1891 1034 2064 1072 urens

362 1105 650 1176 malignus
678 1105 912 1176 spiritus
943 1110 1196 1173 vocatur,
1237 1105 1337 1176 qui
1368 1123 1496 1159 eum
1549 1123 1721 1177 quem
1755 1123 1909 1161 nunc
1939 1123 2062 1160 suc-

361 1193 618 1248 cenderit
647 1197 778 1262 igne
801 1210 1080 1263 perversae
1133 1195 1624 1265 concupiscentiae,
1668 1195 1785 1266 agit
1815 1201 2066 1265 postmo-

362 1283 500 1338 dum
531 1283 604 1337 ad
633 1283 893 1336 flammas
920 1283 1216 1354 gehennae.

437 1391 464 1418 «
493 1371 558 1424 Et
585 1371 739 1424 velut
770 1369 934 1424 turbo
964 1370 1214 1440 rapiet.»
1251 1372 1427 1424 Locus
1465 1387 1864 1442 perversorum
1915 1377 2064 1426 tem-

365 1459 580 1530 poralis
606 1459 735 1513 vitae
765 1458 1080 1513 delectatio.

434 1549 600 1602 Vens.
635 1550 723 1602 22.
755 1577 828 1588 —
851 1568 878 1597 ‹‹
915 1549 982 1602 Et
1010 1547 1198 1603 mittet
1229 1564 1401 1618 super
1432 1565 1583 1602 eum.
1617 1568 1644 1601 ››
1701 1551 2064 1605 Peccatorem

361 1635 511 1690 Deus
569 1637 794 1708 quoties
866 1636 1124 1690 feriendo
1185 1637 1440 1707 corrigit,
1500 1638 1569 1692 ad
1603 1639 1712 1692 hoc
1769 1638 2060 1709 ﬂagellum

361 1724 589 1792 emittit,
631 1730 696 1779 ut
723 1731 937 1795 parcat.
963 1724 1127 1795 [Cum
1174 1742 1308 1780 vero
1343 1727 1466 1796 ejus
1518 1727 1689 1781 vitam
1744 1728 1804 1781 in
1831 1734 2063 1798 peccato

359 1818 798 1882 permanentem
844 1812 1102 1867 feriendo
1132 1812 1440 1882 concludit,
1487 1813 1782 1884 flagellum
1835 1815 2064 1884 emittit,

360 1901 459 1954 sed
489 1916 854 1970 nequaquam
881 1899 1080 1970 parcit.

437 2012 459 2037 ι
492 1990 573 2042 De
604 2005 776 2042 manu
799 1989 941 2058 ejus.
979 2010 1001 2037 ι
1057 1988 1200 2054 Quia
1240 2006 1444 2043 manus
1501 1992 1756 2061 operatio
1787 1990 2064 2063 intelligi-

359 2080 473 2142 tur,
508 2077 577 2130 de
600 2093 775 2130 manu
808 2077 1059 2147 percussi
1087 2077 1253 2149 fugit,
1287 2077 1388 2148 qui
1421 2079 1557 2132 dum
1581 2080 1738 2150 pravi
1769 2081 2065 2136 interitum

361 2165 656 2235 conspicit,
705 2165 836 2219 vias"
869 2166 1164 2236 pravitatis
1197 2167 1491 2238 relinquit,
1552 2170 1701 2223 unde
1757 2171 2061 2241 sequitur:

435 2255 596 2308 Vaas.
630 2257 722 2309 23.
762 2285 832 2294 —
864 2279 890 2300 «
931 2253 1185 2326 Stringet
1214 2271 1386 2326 super
1413 2273 1569 2310 eum.
1608 2279 1627 2306 ι
1672 2259 1866 2312 Manus
1891 2259 2064 2314 strin-

360 2357 516 2412 gere,
547 2347 632 2396 est
683 2341 814 2396 vitae
858 2359 1033 2414 opera
1082 2343 1141 2397 in
1192 2343 1533 2399 rectitudine
1591 2347 1952 2411 conﬁrmare,
2003 2349 2066 2402 in

356 2430 542 2485 aliena
569 2447 741 2502 poena
769 2431 1179 2503 conspiciendo
1209 2432 1348 2504 quid
1373 2433 1592 2487 timeat.

996 2573 1219 2628 CAPUT
1248 2575 1476 2629 XXVIII.

429 2697 592 2751 Vens.
630 2701 677 2751 1.
739 2727 805 2736 -
841 2717 868 2745 ‹‹
905 2697 1086 2752 Habet
1139 2703 1442 2769 argentum
1494 2716 1766 2755 venarum
1829 2717 2063 2755 suarum

357 2784 660 2856 principia.
697 2806 719 2834 ι
752 2785 972 2857 (ΕΒΚΘ.)
1021 2788 1326 2858 Postquam
1358 2789 1679 2858 potentium
1734 2806 1931 2860 poenas
1962 2807 2062 2844 su-

353 2872 684 2942 perborum,
718 2879 847 2940 etc.,
881 2890 1049 2947 usque
1071 2875 1145 2929 ad
1177 2881 1238 2929 ut
1273 2878 1428 2931 nulla
1459 2893 1750 2932 sacrorum
1780 2879 2062 2934 librorum

332 2961 696 3016 .auctoritate
726 2962 1062 3017 solidentur.

429 3068 459 3101 α
509 3051 579 3104 Et
607 3067 746 3106 auro
799 3053 954 3106 locus
1008 3056 1108 3107 est.
1139 3074 1166 3101 ››
1221 3053 1335 3107 Hoc
1390 3054 1512 3108 loco
1589 3055 1850 3122 hmritici,
1921 3060 2050 3125 etc.,

354 3153 524 3206 usque
552 3140 626 3193 ad
648 3139 806 3209 prius
836 3140 931 3194 hic
963 3141 1166 3196 arserit
1183 3141 1243 3194 in
1268 3142 1496 3196 officina
1527 3143 1840 3198 charitatis.

431 3227 588 3282 Vens.
621 3231 674 3281 2.
724 3257 795 3268 —
829 3250 850 3278 ι
904 3230 1137 3284 Ferrum
1187 3231 1255 3284 de
1311 3237 1464 3285 terra
1513 3233 1764 3288 tollitur.
1808 3255 1828 3280 ι
1864 3233 2058 3288 Solent

352 3313 608 3369 haeretici
633 3316 703 3370 de
720 3317 950 3387 justitia
978 3318 1234 3388 gloriari,
1273 3325 1330 3374 et
1385 3322 1692 3375 catholicos
1725 3322 1899 3376 fuisse
1951 3323 2060 3377 ini-

2170 500 2345 555 quam
2373 484 2443 538 de
2471 483 2670 538 Iudaea
2701 482 2907 536 animae
2937 486 3167 547 sanctae,
3204 498 3332 553 quae
3385 483 3663 535 caelestem
3694 481 3855 535 vitam

2170 573 2475 640 ducerent,
2511 573 2816 626 defuerunt
2847 587 2859 624 :

2247 684 2267 710 α
2306 663 2382 716 Et-
2401 663 2584 732 glesz
2614 661 2790 715 illius.
2840 683 2860 708 »
2896 659 3098 715 Glebas
3125 659 3260 714 dicit
3289 658 3650 712 collectiones
3679 658 3856 729 singu-

2170 751 2358 804 lorum
2387 750 2678 817 ordinum,
2709 753 2840 818 etc.,
2904 764 3072 818 usque
3109 748 3184 801 ad
3212 747 3317 802 Sed
3367 764 3469 801 cur
3498 747 3646 801 bona
3680 746 3853 818 perdi-

2171 838 2274 904 dit,
2299 839 2560 909 sequitur
2590 854 2604 892 :

2240 929 2402 981 Vens.
2437 933 2488 981 7.
2530 958 2598 966 —
2630 949 2650 976 ι
2705 925 2979 980 Semitam
3020 924 3320 994 ignoravit.
3360 947 3380 972 ι
3419 926 3532 978 Hoc
3589 925 3709 978 loco
3755 923 3861 977 avis

2170 1017 2404 1072 nomine
2460 1017 2557 1071 ille
2630 1015 2908 1087 signatur,
2965 1020 3096 1082 etc.,
3157 1030 3322 1084 usque
3377 1014 3455 1067 ad
3519 1013 3862 1068 considerare

2170 1105 2377 1161 noluit.

2245 1217 2272 1244 «
2330 1195 2440 1248 Nec
2494 1193 2734 1247 intuitus
2784 1197 2870 1246 est
2925 1192 3207 1246 oculus.»
3267 1191 3615 1261 Redemptor
3686 1193 3864 1244 noster

2170 1283 2432 1349 vulturis,
2461 1286 2592 1343 etc.,
2637 1298 2806 1351 usque
2853 1281 2931 1336 ad
2961 1282 3030 1335 de
3058 1280 3264 1352 quibus
3295 1279 3558 1334 subditur
3590 1296 3604 1332 :

2243 1373 2401 1426 Vens.
2445 1373 2497 1424 8.
2561 1399 2628 1411 —
2663 1393 2684 1419 ι
2751 1371 2873 1424 Νοη
2927 1370 3287 1423 calcaverunt
3316 1385 3441 1422 eam
3498 1367 3604 1420 lilii
3635 1367 3861 1422 iustitio-

2170 1475 2320 1514 rum.
2362 1481 2383 1507 ι
2418 1458 2715 1513 Institores
2740 1463 2872 1511 sunt
2930 1457 3031 1528 qui
3087 1457 3383 1527 spirituale
3443 1456 3739 1526 negotium
3774 1472 3862 1525 ge-

2171 1553 2324 1614 runt,
2383 1553 2512 1615 etc.,
2572 1562 2740 1616 usque
2771 1547 2845 1600 ad
2895 1545 3225 1600 institorum
3283 1544 3452 1611 ﬁlios,
3514 1549 3766 1615 pastores
3817 1548 3866 1597 et

2172 1637 2448 1692 doctores.

2254 1748 2281 1774 «
2306 1727 2416 1780 Nec
2445 1723 2812 1796 pertransivit
2841 1740 2944 1794 per
2972 1739 3098 1776 eam
3128 1723 3329 1777 leaena.
3366 1743 3386 1769 ι
3442 1721 3644 1774 Leaena
3672 1719 3866 1773 dicitur

2177 1815 2438 1881 Ecclesia,
2475 1813 2612 1884 quia
2657 1813 2806 1867 male
2840 1811 3094 1866 viventes
3146 1811 3208 1864 in
3255 1810 3408 1864 vitiis
3447 1827 3544 1864 ore
3603 1809 3866 1880 praedica-

2174 1903 2347 1957 tionis
2375 1908 2584 1956 sancta:
2627 1901 2916 1967 interﬁcit,
2949 1900 3102 1955 unde
3151 1902 3318 1954 Petro
3351 1898 3598 1954 dicitur:
3637 1900 3809 1954 Macta
3828 1903 3870 1951 et

2173 1992 2463 2047 manduca.
2518 1991 2763 2045 Ecclesia
2813 1990 3009 2061 itaque
3065 2005 3169 2059 per
3196 1989 3452 2043 Iudaeam
3506 1987 3755 2052 transiit,
3783 1987 3869 2040 sed

2173 2097 2290 2134 non
2322 2079 2684 2152 pertransiit:
2721 2079 2856 2149 quia
2888 2095 2952 2132 ex
2983 2079 3082 2132 illa
3113 2093 3324 2147 paucos
3354 2077 3422 2131 ad
3464 2076 3641 2130 ﬁdem
3673 2075 3868 2144 rapuit,

2173 2169 2268 2221 sed
2303 2175 2497 2221 tamen
2556 2167 2850 2221 inﬁdelem
2911 2167 3188 2237 populum
3225 2182 3258 2219 a
3301 2165 3539 2236 perlidia
3619 2163 3865 2218 funditus

2174 2273 2288 2310 non
2330 2255 2620 2310 exstinxit.
2648 2256 2757 2310 Sed
2787 2273 2818 2309 a
2847 2255 3057 2310 Iudaeis
3087 2256 3338 2324 repulsa,
3387 2254 3524 2323 quid
3561 2253 3740 2306 fecit?

2242 2346 2410 2401 Vens.
2440 2349 2493 2400 9.
2527 2375 2588 2384 —
2623 2366 2643 2394 ι
2679 2344 2764 2398 Ad
2790 2344 3005 2398 silicem
3035 2343 3292 2398 extendit
3332 2358 3569 2396 manum
3630 2357 3805 2393 suam.
3838 2364 3856 2384 η

2171 2431 2314 2497 Quia
2342 2433 2415 2487 ad
2447 2432 2717 2487 duritiam
2747 2432 3005 2503 gentium
3037 2430 3333 2486 brachium
3359 2446 3477 2484 sum
3526 2427 3861 2500 praedicatio.

2169 2522 2261 2577 nis
2295 2522 2473 2576 misit.

2247 2633 2269 2661 ιι
2305 2610 2595 2666 Subvertit
2631 2626 2664 2663 a
2694 2608 2979 2663 radicibus
3002 2611 3243 2662 montes.
3283 2629 3302 2655 ι
3342 2606 3602 2673 Radices,
3661 2605 3859 2676 cogita-

2171 2700 2358 2754 tiones
2387 2698 2604 2752 intima:
2633 2698 3018 2768 superborum
3049 2713 3061 2749 :
3096 2700 3319 2749 montes
3345 2711 3378 2748 a
3409 2693 3700 2748 radicibus
3745 2697 3866 2746 sunt

2171 2787 2374 2856 eversi,
2405 2787 2541 2858 quia
2569 2785 2762 2840 saeculi
2809 2791 3118 2856 potestates
3142 2785 3212 2839 ad
3257 2783 3562 2838 colendum
3598 2784 3773 2837 Deum
3802 2781 3864 2834 ab

2170 2877 2374 2931 intima
2397 2875 2742 2946 cogitatione
2761 2875 3108 2928 ceciderunt.

2091 2972 2132 3028 C
2241 2975 2403 3028 Vens.
2442 2974 2523 3027 10.
2559 3003 2627 3012 -
2663 2995 2683 3022 ι
2713 2973 2774 3026 In
2796 2971 2973 3043 petris
3001 2970 3150 3024 rivos
3189 2969 3415 3035 excidit,
3449 2991 3476 3017 ››
3521 2973 3632 3022 etc.
3687 2967 3863 3037 (Ib-id.)

2175 3063 2232 3117 id
2263 3067 2348 3117 est
2375 3062 2436 3116 in
2467 3061 2627 3116 duris
2680 3061 2940 3133 gentium
2971 3059 3238 3115 cordibus
3270 3058 3472 3113 fluvios
3511 3057 3867 3128 praedicatio-

2166 3151 2254 3206 nis
2279 3150 2524 3222 aperuit.

2241 3261 2261 3287 ι
2298 3239 2367 3292 Et
2423 3254 2594 3292 omne
2648 3237 2967 3308 pretiosum
3018 3236 3163 3290 vidit
3211 3234 3409 3291 oculus
3467 3234 3610 3304 ejus.
3643 3256 3663 3283 ι
3725 3232 3868 3287 Vidit

2167 3327 2316 3380 Deus
2357 3326 2697 3396 pretiosum,
2749 3315 2878 3379 cum
2913 3325 3228 3379 humanam
3287 3323 3537 3377 animam
3570 3323 3644 3377 de
3685 3339 3744 3376 se
3772 3321 3863 3374 ab-

354 3419 500 3473 quos
526 3405 920 3461 criminantur.
957 3408 1164 3462 Contra
1193 3424 1335 3479 quos
1389 3425 1490 3480 per
1522 3410 1801 3464 humilem
1832 3410 2055 3465 confes-
2161 3416 2373 3486 jectam
2403 3415 2696 3486 sapientia
2745 3414 2943 3485 gratia:
3000 3430 3117 3467 sua).
3176 3412 3557 3466 illustratione
3599 3409 3860 3482 respexit.

355 3492 575 3547 sionem
633 3495 880 3548 dicitur:
918 3517 939 3544 ι
979 3497 1214 3550 Ferrum
1276 3498 1344 3551 de
1375 3503 1527 3551 terra
1579 3499 1816 3553 tollitur.
1856 3520 1882 3551 »
1916 3500 2059 3564 Quia

355 3580 621 3635 fortiores
641 3582 1075 3653 viri,aterrena,
1101 3601 1275 3655 quam
1295 3585 1450 3655 prius
1475 3591 1804 3654 tenuerunt,
1836 3588 2058 3642 actione

357 3675 712 3740 separantur,
747 3675 803 3725 et
831 3679 1292 3744 propugnatores
1329 3677 1589 3730 Ecclesiae
1614 3679 1781 3732 ﬁunt.

433 3778 456 3806 ι
487 3759 555 3813 Et
597 3759 742 3829 lapis
777 3762 1014 3817 solutus.
1047 3780 1078 3815 λ)
1121 3762 1265 3826 Quia
1303 3780 1402 3817 cor
1450 3765 1680 3833 durum,
1727 3771 1816 3821 etc
1845 3808 1860 3836 ,
1888 3782 2059 3838 usque

355 3843 429 3898 ad
456 3849 512 3898 et
539 3861 644 3915 per
673 3847 1139 3916 praedicationem
1169 3865 1411 3903 sonorus
1434 3851 1557 3905 ﬁat.

429 3933 591 3988 Vens.
629 3937 680 3988 3.
711 3964 779 3975 -
814 3957 840 3984 «
871 3937 1117 4007 Tempus
1147 3938 1340 4009 posuit
1368 3940 1638 3995 tenebris.
1674 3961 1697 3990 ι
1729 3941 1920 4012 Iniqui
1977 3941 2058 3996 vi-

354 4020 561 4076 delicet
588 4024 845 4090 modum,
880 4042 993 4095 quo
1025 4027 1209 4097 iniqui
1239 4044 1360 4081 esse
1389 4029 1683 4083 desistant.

435 4133 454 4158 ι
494 4112 557 4165 Et
578 4113 997 4169 universorum.
1034 4136 1060 4164 ››
1115 4115 1259 4178 Quia
1305 4117 1564 4170 intuetur
1609 4119 1921 4172 electorum
1944 4123 2052 4173 ter-

358 4199 600 4264 minum,
654 4205 784 4270 etc.,
817 4217 984 4270 usque
1036 4204 1111 4256 ad
1161 4206 1315 4274 quod
1373 4206 1668 4280 obduratae
1715 4207 1970 4278 perﬁdiae
2000 4223 2058 4262 se

357 4287 607 4342 tenebris
638 4295 892 4343 cmearet.

433 4399 454 4425 α
492 4378 763 4448 Lapidem
795 4394 1026 4450 quoque
1058 4379 1334 4449 caliginis.
1371 4404 1390 4430 ι
1429 4382 1682 4452 Populus
1727 4385 2058 4439 Judzeorum

357 4466 600 4537 perﬁdia
622 4466 819 4534 durus,
853 4472 983 4533 etc.,
1036 4484 1206 4538 usque
1233 4469 1307 4524 ad
1353 4471 1476 4542 ejus
1529 4472 1590 4526 in
1638 4489 1696 4527 se
1747 4473 2061 4545 imaginem

363 4554 658 4624 expressit.

430 4644 590 4697 Vens.
645 4643 698 4697 4.
755 4674 826 4682 —
861 4666 880 4692 ε
947 4644 1171 4700 Dividet
1221 4651 1496 4702 torrensa
1544 4649 1840 4720 populo.»
1888 4649 2059 4721 (Ibid)

357 4731 652 4785 Torrentis
704 4734 895 4785 autem
954 4733 1208 4802 nomine,
1261 4739 1390 4801 etc.,
1469 4751 1637 4805 usque
1688 4738 1763 4792 ad
1827 4739 2061 4794 nomine

357 4820 628 4874 torrentis
680 4824 864 4890 potest
919 4819 1179 4891 irrigatio
1232 4829 1442 4879 sanctas
1492 4826 1916 4894 praedicationis
1967 4828 2061 4882 in-

358 4907 562 4978 telligi.

436 5018 456 5045 ι
487 4998 594 5051 Eos
622 5013 765 5069 quos
815 4997 1047 5065 oblitus,
1079 5020 1100 5047 ι
1136 4999 1193 5053 id
1233 5005 1316 5054 est
1352 5001 1598 5069 Iudaeos,
1630 5007 1761 5069 etc.,
1802 5019 1969 5073 usque
1988 5005 2062 5059 ad

359 5084 491 5154 quia
522 5085 708 5140 verbis
735 5086 864 5140 vitae
896 5088 964 5140 ad
995 5103 1092 5141 cor
1115 5089 1260 5142 viam
1289 5090 1545 5159 prazbere
1600 5091 1926 5146 noluerunt.

428 5175 588 5228 Vens.
623 5178 680 5229 5.
715 5206 780 5214 —
807 5196 834 5223 «
884 5176 1058 5229 Terra
1103 5178 1171 5231 de
1219 5194 1332 5249 qua
1393 5178 1700 5233 oriebatur.
1731 5204 1755 5226 ιο
1791 5179 1934 5243 Quia
1961 5182 2059 5236 Ju-

361 5261 480 5314 dma
503 5267 557 5316 et
593 5262 754 5332 prius
808 5263 1012 5319 habuit
1073 5265 1261 5337 legem
1316 5283 1445 5337 qua:
1497 5267 1777 5336 reﬁceret,
1826 5273 1882 5323 et
1929 5275 2062 5340 post

356 5349 492 5402 visis
522 5351 812 5405 miraculis
863 5353 1282 5425 Redemptoris,
1342 5355 1613 5411 invidiam
1651 5372 1778 5428 qua
1828 5373 2058 5411 concre-

359 5442 558 5491 maret.

433 5527 590 5580 Vens.
625 5531 674 5582 6.
711 5559 777 5567 —
808 5554 832 5576 α
867 5531 1043 5585 Locus
1075 5532 1331 5603 sapphiri
1361 5533 1582 5605 lapides
1631 5534 1775 5606 ejus.
1811 5556 1832 5584 ι
1868 5534 2058 5604 (Ibid)

2240 3505 2404 3557 Vens.
2434 3507 2519 3558 11.
2549 3533 2617 3546 —
2656 3526 2676 3552 ‹
2734 3503 3024 3558 Profunda
3078 3518 3386 3573 quoque“:
3443 3500 3736 3554 Profunda
3764 3500 3862 3552 flu-

2168 3592 2392 3646 viorum
2441 3597 2727 3646 scrutatur
2771 3591 3065 3658 Dominus,
3108 3594 3235 3657 etc.,
3287 3589 3557 3658 usquead
3612 3593 3669 3643 et
3719 3588 3866 3642 nullo

2166 3683 2372 3737 merito
2404 3689 2596 3737 nostro
2621 3681 2900 3753 sapientia
2930 3680 3030 3735 Dei
3059 3679 3215 3734 venit
3239 3680 3306 3732 ad
3340 3695 3464 3732 nos.

2240 3773 2398 3826 Vens.
2433 3774 2516 3826 13.
2564 3801 2618 3810 —-
2654 3790 2682 3822 «
2729 3771 2840 3824 Nec
2899 3767 3191 3823 invenitur
3221 3767 3281 3820 in
3341 3772 3510 3820 terra.
3550 3787 3570 3814 ι
3621 3768 3864 3829 Terram,

2166 3860 2481 3915 humanam
2506 3860 2759 3914 animam
2807 3858 2962 3914 dicit.
2998 3859 3125 3911 Hazc
3155 3855 3432 3926 sapientia
3461 3855 3520 3908 in
3550 3859 3711 3909 terra
3756 3871 3869 3909 sua-

2168 3948 2313 4002 viter
2360 3948 2673 4002 viventium
2726 3946 2975 4001 inveniri
3024 3962 3139 3999 non
3177 3949 3384 4015 potest,
3426 3942 3562 4014 quia
3621 3941 3870 4014 quisquis

2169 4037 2356 4092 adhuc
2386 4037 2557 4107 hujus
2583 4036 2715 4090 vita:
2772 4034 3165 4104 voluptatibus
3195 4033 3472 4104 pascitur,
3535 4031 3610 4084 ab
3649 4037 3869 4086 aeterna:

2171 4125 2465 4196 sapientiae
2495 4125 2782 4179 intellectu
2817 4127 3132 4194 separatur.

2240 4215 2404 4268 Vens.
2465 4214 2548 4267 14.
2608 4235 2628 4261 ι
2667 4212 2918 4283 Abyssus
2973 4208 3127 4264 dicit.
3169 4230 3189 4257 ι
3243 4208 3493 4278 Abyssus
3544 4208 3683 4263 dicit
3708 4205 3867 4262 corda

2099 4301 2494 4379 Dhominum,
2529 4308 2659 4368 etc.,
2722 4315 2890 4369 usque
2947 4299 3022 4353 ad
3077 4313 3207 4369 qum
3257 4297 3430 4351 stulta
3484 4297 3640 4366 apud
3698 4299 3866 4351 Deum

2170 4391 2322 4457 dicit,
2357 4391 2570 4461 iniquis
2599 4389 2896 4460 operibus.

2246 4503 2268 4530 ι
2301 4480 2448 4534 Mare
2494 4479 2748 4549 loquitur
2780 4494 2792 4531 :
2827 4493 2964 4543 non,
2993 4497 3012 4524 ι
3039 4474 3432 4546 inquietorum
3463 4477 3708 4540 mentes,
3742 4477 3864 4536 etc.,

2169 4579 2339 4632 usque
2362 4564 2437 4618 ad
2467 4563 2561 4617 sed
2589 4578 2693 4633 per
2721 4561 3088 4631 semetipsam
3121 4559 3360 4613 veniret.
3393 4557 3665 4628 Sequitur
3692 4573 3705 4611 :

2244 4655 2525 4707 Vnus.15.
2568 4672 2689 4698 -‹‹
2735 4651 2857 4704 Non
2912 4649 3142 4703 dabitur
3198 4663 3403 4701 aurum
3460 4645 3721 4700 obrizum
3775 4659 3868 4716 pro

2172 4756 2257 4796 ea.
2297 4762 2317 4788 ι
2377 4743 2598 4794 Aurum
2651 4738 2910 4793 obrizum
2968 4737 3148 4791 sancti
3192 4735 3382 4806 angeli
3443 4740 3864 4806 nuncupantur,

2171 4834 2300 4894 etc.,
2331 4844 2499 4898 usque
2520 4828 2594 4882 ad
2624 4827 2720 4882 sed
2754 4843 2872 4881 non
2901 4826 3022 4879 sine
3043 4824 3306 4894 contagio
3338 4825 3540 4894 culpae.

2246 4939 2266 4966 ι
2303 4918 2416 4971 Nec
2442 4917 2800 4988 appendetur
2813 4919 3114 4986 argentum
3135 4914 3196 4967 in
3217 4912 3670 4967 commutatione
3685 4913 3822 4982 ejus.
3841 4930 3860 4956 ι

2169 5005 2312 5069 Quia
2341 5009 2456 5059 vita
2506 5006 2794 5074 justorum
2849 5002 3305 5074 praedicantium,
3354 5002 3439 5054 vel
3486 5001 3718 5069 eloquia
3775 4997 3864 5053 Dei

2169 5092 2561 5160 scribentium,
2593 5091 2951 5162 quantalibet
2983 5090 3292 5144 sanctitatis
3331 5089 3453 5143 luce
3493 5090 3727 5159 polleat,
3777 5087 3864 5140 ad-

2168 5188 2402 5237 ventum
2436 5181 2597 5235 nobis
2633 5196 2897 5250 supernae
2952 5179 3248 5250 sapientia:
3279 5194 3382 5246 per
3422 5194 3583 5231 suam
3615 5191 3862 5248 praesen-

2168 5272 2307 5326 tiam
2339 5287 2456 5324 non
2482 5269 2883 5324 communicat.

2233 5361 2394 5414 Vens.
2446 5362 2527 5413 l6.
2560 5387 2624 5398 —-
2665 5379 2686 5406 ι
2725 5359 2851 5412 Non
2881 5356 3209 5411 conferetur
3236 5354 3427 5409 tinctis
3485 5353 3667 5408 Indiae
3709 5355 3855 5407 colo-

2166 5447 2346 5503 ribus.
2407 5469 2430 5498 ι
2487 5450 2595 5502 Per
2656 5447 2874 5501 Indiam
2936 5445 3027 5499 hic
3072 5444 3322 5498 mundus
3366 5443 3664 5512 accipitur,
3732 5447 3850 5504 etc.,

2166 5552 2335 5607 usque
2363 5536 2438 5590 ad
2465 5541 2522 5591 et
2552 5535 2716 5591 vestis
2747 5535 2870 5588 sine
2897 5533 3164 5588 tinctura.
