4082 6184
220 297 329 347 829

299 435 320 461 ι
359 414 469 467 Nec
492 412 669 482 lapidi
699 411 1061 466 sardonicho.
1088 410 1515 466 nSardonichus
1544 417 1711 466 terra:
1734 413 1921 466 rubra:
1961 413 2006 464 Α

224 502 664 556 similitudinem
697 506 875 568 tenet,
907 501 1211 571 sapphirus
1242 516 1467 554 aeream
1499 502 1782 571 speciem:
1823 517 1927 571 per

226 591 636 646 sardonichum
666 606 803 659 ergo
834 589 1122 655 homines,
1157 589 1241 642 vel
1269 596 1456 660 patres
1485 591 1703 643 Veteris
1733 591 1925 643 Testa—

226 679 410 734 menti
453 684 679 733 terrena
739 679 1005 749 quaedam
1068 682 1386 755 sectantes;
1438 694 1542 749 per
1591 678 1927 749 sapphirum

232 770 374 823 Novi
414 767 761 822 Testamenti
782 766 1207 837 praedicatores,
1235 767 1482 821 caalestia
1512 768 1631 821 sola
1668 784 1931 839 quaeren-

230 864 337 920 tes,
378 860 463 911 vel
487 857 675 927 angeli
702 855 1081 925 accipiuntur.

308 947 467 999 Vaas.
512 950 595 998 l7.
630 974 700 985 —
730 965 756 993 ‹‹
787 946 907 998 Non
968 944 1362 1014 adatquabitur
1410 944 1462 997 ei
1514 960 1721 997 aurum
1749 946 1863 998 vel.
1904 967 1923 991 ι

231 1036 444 1105 (ϐλεῖο.)
477 1036 782 1105 Postquam
837 1034 1052 1087 dictum
1106 1038 1209 1099 est,
1271 1039 1399 1099 etc.,
1456 1049 1625 1102 usque
1664 1034 1737 1087 ad
1795 1034 1931 1103 quia

230 1127 495 1176 creatura
522 1129 673 1177 sunt.

309 1232 336 1260 ‹‹
372 1213 483 1265 Nec
512 1211 1019 1265 commutabuntur
1046 1227 1150 1280 pro
1182 1225 1248 1264 ea
1274 1225 1425 1263 vasa.
1460 1230 1487 1259 »
1524 1211 1817 1264 Excelsum
1837 1227 1931 1264 vas

228 1300 380 1367 auri,
411 1306 539 1366 etc.,
562 1316 728 1369 usque
745 1300 817 1353 ad
839 1301 936 1353 sed
972 1299 1277 1353 Dominum
1296 1299 1707 1369 prophetarum
1729 1300 1926 1354 credit.

302 1391 464 1442 Vens.
504 1392 585 1442 l8.
610 1419 681 1427 --
716 1410 742 1435 ‹‹
771 1389 881 1442 Nec
906 1388 1515 1441 commemorabuntur
1544 1389 1602 1440 in
1629 1404 1931 1457 compara-

226 1479 410 1533 tione.
441 1499 463 1526 ι
480 1478 627 1542 Quid
649 1477 804 1530 enim
823 1476 1231 1530 sunthomines
1248 1478 1360 1530 Deo
1376 1477 1737 1546 comparati?
1758 1476 1927 1530 Nihil.

310 1588 338 1616 «ί
364 1568 632 1621 Trahitur
663 1572 857 1620 autem
888 1566 1183 1637 sapientia.
1228 1587 1248 1613 ι
1286 1566 1430 1630 Quia
1468 1582 1599 1620 cum
1628 1567 1699 1619 sit
1729 1565 1931 1619 invisi-

231 1654 386 1721 bilis,
421 1660 550 1721 etc.,
611 1669 779 1722 usque
809 1654 883 1707 ad
907 1676 927 1702 σ
958 1656 1023 1707 Et
1052 1654 1233 1707 nescis
1264 1655 1417 1708 unde
1448 1655 1637 1708 veniat
1690 1659 1789 1708 aut
1815 1670 1929 1725 quo
1968 1694 2009 1748 B

233 1745 422 1798 vadat.
461 1764 486 1795 ι)

309 1834 473 1886 Vnus.
507 1835 590 1886 l9.
642 1862 710 1871 —
744 1852 771 1881 α
826 1833 948 1885 Non
1013 1831 1415 1903 adaequabitur
1466 1832 1517 1885 ei
1572 1832 1849 1902 topazius.
1905 1852 1933 1883 »

235 1924 347 1975 Pro
379 1936 447 1974 eo
479 1920 632 1990 quod
664 1920 823 1973 omni
853 1921 1042 1973 colore
1072 1920 1416 1991 resplendet,
1452 1925 1581 1987 etc.,
1639 1936 1807 1989 usque
1862 1921 1936 1975 ad

235 2010 393 2080 quod
424 2009 669 2063 ostendit
689 2010 823 2064 dum
847 2010 1075 2063 subdit:

309 2099 422 2151 Nec
445 2098 711 2151 tinctura:
742 2098 1159 2152 mundissimae.
1201 2120 1221 2147 ι
1259 2098 1643 2153 Mundissimaa
1668 2096 1935 2150 tinctura:

232 2191 369 2240 sunt
408 2186 509 2256 qui
540 2186 835 2239 humiliter
884 2187 1217 2241 custodiunt
1248 2188 1750 2257 supervenientem
1783 2186 1840 2239 in
1876 2203 1935 2240 se

231 2276 518 2329 virtutum
550 2275 811 2344 gratiam.
854 2276 1035 2329 Tincti
1056 2276 1212 2329 enim
1258 2292 1373 2330 non
1405 2284 1609 2341 essent,
1649 2276 1696 2329 si
1727 2276 1932 2329 sancti-

226 2369 411 2418 tatem
451 2364 792 2417 naturaliter
832 2365 1186 2419 habuissent.

307 2454 474 2507 Vsns.
516 2456 603 2507 20.
638 2482 705 2494 —
740 2472 767 2504 ς(
795 2454 952 2508 Unde
991 2470 1128 2523 ergo
1153 2452 1431 2523 sapientia
1483 2453 1683 2507 venit?
1719 2476 1739 2501 ι
1791 2452 1936 2517 Quia

229 2543 303 2597 ab
325 2542 600 2596 invisibili
632 2548 792 2612 patre
844 2542 1119 2607 nascitur,
1153 2547 1282 2607 etc.,
1317 2556 1485 2609 usque
1531 2541 1605 2594 ad
1637 2562 1664 2589 ‹‹
1716 2546 1772 2594 et
1809 2540 1936 2612 quis

233 2634 325 2684 est
352 2631 510 2683 locus
536 2629 930 2700 intelligentiae
948 2631 976 2683 ‘?
1006 2649 1033 2679 »

310 2721 468 2773 Vaas.
521 2723 611 2774 2t.
673 2750 744 2761 --
784 2740 805 2767 ε
852 2716 1196 2771 Abscomlita
1252 2721 1354 2770 est.
1407 2735 1434 2765 »
1491 2715 1632 2780 Quia
1681 2715 1935 2786 quandiu

238 2808 337 2861 hic
359 2809 581 2875 vivitur,
611 2808 789 2861 videri
824 2810 970 2862 Deus
1000 2823 1103 2877 per
1132 2822 1244 2860 sua:
1274 2810 1493 2859 natura:
1529 2805 1774 2874 speciem
1823 2822 1935 2859 non

239 2901 429 2965 potest
446 2915 457 2961 ;
474 2913 577 2966 per
606 2896 885 2967 imagines
916 2912 1048 2949 vero
1070 2895 1219 2948 visus
1237 2900 1321 2948 est
1337 2894 1493 2954 Mosi.
1518 2894 1688 2947 Iacob
1713 2898 1769 2946 ul.
1789 2893 1933 2946 aliis.

316 3007 338 3034 ε
384 2986 645 3039 Volucres
704 3001 934 3056 quoque
1000 2985 1126 3038 coeli
1164 2984 1311 3037 latet.
1372 3002 1398 3034 »
1462 2982 1652 3052 (Gneo.
1713 2985 1770 3034 in
1816 2983 2006 3047 Job,C

237 3075 283 3127 Ι.
318 3076 459 3142 xrx.)
492 3073 710 3136 Quiain
738 3074 840 3126 hac
865 3088 1032 3125 carne
1063 3071 1420 3141 corruptibili
1453 3069 1767 3134 constituti,
1804 3074 1935 3135 etc.,

234 3178 410 3231 usque
457 3163 531 3215 ad
578 3162 637 3215 in
693 3177 894 3215 eorum
953 3161 1119 3214 dictis
1148 3165 1319 3229 atque
1350 3158 1838 3213 consolationibus
1869 3158 1936 3212 ab

233 3252 411 3321 hujus
440 3251 568 3304 vitae
597 3250 934 3320 fatigatione
959 3248 1260 3317 respirant.

314 3341 472 3393 Vens.
504 3342 682 3393 22.—
733 3360 759 3387 ς(
808 3336 1066 3391 Perditio
1131 3342 1189 3391 et
1242 3352 1395 3390 mors
1444 3336 1730 3403 dixerunt,
1768 3356 1789 3383 ι
1826 3340 1933 3388 etc.

232 3429 428 3497 (Ibid.)
457 3428 601 3493 Quia
658 3427 849 3481 videre
903 3428 1101 3491 Deum,
1163 3426 1269 3479 hoc
1328 3432 1413 3479 est
1460 3426 1613 3495 quod
1676 3425 1930 3478 habere:

233 3517 366 3571 ideo
400 3516 586 3586 iniqui
615 3517 760 3569 hanc
790 3514 1130 3585 sapientiam
1163 3531 1277 3567 non
1300 3514 1511 3577 vident,
1548 3514 1683 3584 quia
1722 3512 1937 3582 repulsi

232 3622 340 3676 per
361 3605 693 3675 superbiam
713 3620 1079 3676 nequaquam
1098 3604 1308 3657 habere
1340 3607 1671 3672 potuerunt.
1704 3603 1935 3655 Famam

232 3699 432 3748 autem
465 3694 586 3765 ejus
625 3693 868 3762 audisse,
925 3699 1010 3748 est
1071 3693 1194 3763 ejus
1251 3692 1566 3763 potentiam
1609 3708 1674 3744 ex
1725 3691 1936 3745 virtute

230 3783 595 3852 cognovisse.

308 3874 476 3926 Vens.
508 3876 595 3927 23.
628 3902 697 3912 —
726 3893 753 3921 «
796 3874 945 3925 Deus
974 3869 1243 3939 intelligit
1276 3870 1443 3925 viam.
1475 3890 1501 3921 »
1540 3872 1618 3923 Ac
1665 3869 1712 3921 si
1763 3869 1932 3938 dicat,

230 3968 373 4029 etc.,
418 3977 588 4029 usque
630 3962 704 4014 ad
748 3961 807 4015 in
839 3960 1055 4015 cunctis
1086 3959 1290 4013 mundi
1340 3959 1596 4029 partibus
1623 3960 1936 4012 electorum

226 4052 426 4105 fuerat
450 4050 620 4104 corda
641 4050 949 4119 repletura.
985 4050 1254 4119 Sequitur
1280 4064 1293 4100 :

308 4140 469 4191 Vens.
504 4139 592 4191 24.
628 4167 698 4177 —
731 4155 758 4188 «
793 4139 910 4206 Ipse
965 4136 1119 4190 enim
1171 4135 1371 4188 mundi
1400 4136 1542 4187 lines
1590 4135 1870 4188 intuetur.
1905 4156 1932 4183 ι

230 4228 544 4297 Respicere
574 4227 671 4280 Dei
693 4231 777 4279 est
807 4225 1026 4294 perdita
1054 4225 1123 4278 ad
1155 4224 1393 4293 gratiam
1428 4224 1760 4276 reformare.

308 4317 477 4370 Vens.
512 4318 598 4368 25.
631 4343 700 4354 —
734 4334 759 4364 (ι
792 4313 899 4377 Qui
938 4312 1069 4366 fecit
1114 4311 1297 4365 ventis
1352 4311 1598 4381 pondus.
1632 4331 1659 4359 ››
1713 4309 1935 4363 Veloci-
1963 4331 2007 4384 Ι)

225 4411 353 4459 tate
384 4409 440 4457 et
465 4402 816 4457 sublimitate
847 4406 1168 4468 ventorum,
1223 4404 1352 4465 etc.,
1408 4415 1575 4468 usque
1601 4399 1673 4453 ad
1694 4399 1937 4470 gloriam

226 4493 511 4565 permista
545 4490 878 4545 inﬁrmitate
918 4495 1261 4559 temperare.

300 4602 327 4631 α
368 4582 439 4633 Et
497 4596 671 4649 aquas
729 4578 1026 4647 appendit,
1087 4598 1115 4628 ι
1174 4582 1279 4631 etc.
1334 4576 1517 4647 (Ιὸίά.)
1557 4578 1746 4645 Aquas
1802 4574 1937 4628 dicit

224 4672 459 4723 mentes
490 4668 703 4737 Spiritu
732 4673 945 4731 sancto,
1004 4672 1134 4733 etc.,
1181 4681 1347 4733 usque
1378 4664 1452 4718 ad
1481 4664 1580 4717 sed
1633 4664 1936 4718 mulierem

222 4756 404 4825 fugit,
439 4756 644 4810 timore
664 4756 974 4826 perculsus.

310 4846 473 4898 Vens.
521 4849 608 4899 26.
669 4876 732 4886 —
767 4864 793 4895 «
826 4844 1063 4908 Quando
1120 4842 1369 4912 ponebat
1405 4840 1615 4911 pluviis
1663 4841 1869 4909 legem.
1909 4862 1930 4888 ι

228 4934 463 5001 Pluvia,
492 4932 929 5003 praedicandum
969 4932 1137 4997 dicta,
1171 4936 1298 4992 etc.,
1354 4944 1523 4997 usque
1569 4928 1643 4982 ad
1673 4945 1802 4998 quae.
1829 4930 1937 4982 hoc

220 5023 392 5093 quod
422 5021 633 5089 sonuit,
669 5037 841 5091 opere
871 5024 1189 5073 conservat.

308 5112 471 5165 Vens.
516 5113 604 5164 27.
650 5140 711 5149 --
774 5110 987 5163 «Tunc
1023 5108 1167 5162 vidit
1242 5106 1423 5171 illam,
1474 5110 1531 5159 et
1583 5105 1866 5159 enarravit
1904 5126 1931 5157 »

213 5203 392 5257 Hanc
420 5199 772 5253 incarnatam
805 5196 1147 5267 sapientiam
1171 5195 1329 5260 vidit,
1361 5194 1418 5248 id
1448 5199 1534 5248 est
1563 5194 1741 5248 videri
1780 5194 1931 5262 fecit,

211 5293 286 5343 et
320 5285 595 5347 enarrari,
639 5302 668 5337 a
714 5282 1186 5353 prmdicatoribus
1226 5280 1585 5353 praepararit,
1619 5285 1676 5335 et
1704 5280 1933 5335 investi-

207 5376 356 5449 gari
378 5376 451 5430 ab
482 5373 839 5427 auditoribus
864 5372 1015 5427 fecit.
1048 5371 1168 5427 Sibi
1197 5370 1411 5442 quippe
1442 5370 1598 5423 illam
1622 5374 1931 5439 praeparat,

207 5463 496 5539 quisquis
524 5462 682 5516 illam
722 5462 867 5517 bene
916 5462 1155 5516 vivendo
1191 5460 1253 5515 in
1279 5458 1369 5514 die
1390 5458 1594 5530 judicii
1620 5458 1930 5529 propitiam

206 5552 449 5611 habere
477 5548 714 5604 curavit.

1395 291 1647 347 GLOSSA
1688 291 2093 347 ORDINARIA.
2135 318 2204 327 -α
2244 290 2371 343 LIB.
2414 288 2552 343 JOlt.

3632 297 3735 348 830

2112 431 2138 459 ‹‹
2173 408 2323 463 Vidit
2344 409 2523 477 illam,
2559 430 2584 457 »
2618 413 2721 462 etc.
2760 408 2929 474 Vidit,
2993 410 3129 480 quia
3186 411 3406 480 species
3440 416 3545 479 est,
3603 421 3734 479 etc.,

2036 514 2203 568 usque
2230 498 2304 551 ad
2336 497 2487 568 quod
2517 497 2588 551 de
2635 497 2735 550 illa
2759 498 2935 551 homo
2967 504 3334 568 cognosceret
3362 498 3423 552 in
3470 516 3549 565 se,
3585 501 3735 554 unde

2036 585 2304 640 subditur
2335 602 2347 639 :

2111 674 2268 728 Vens.
2303 676 2391 727 28.
2423 704 2491 713 —
2540 695 2567 722 α
2614 675 2679 727 Et
2727 673 2871 727 dixit
2920 673 3162 741 homini,
3196 694 3223 726 »
3282 678 3388 729 etc.
3440 676 3585 739 Quia
3629 693 3731 731 na-

2038 764 2228 815 turam
2270 762 2565 831 sapientia:
2609 768 2908 832 penetrare
2960 779 3077 817 non
3127 780 3431 833 possumus
3488 765 3627 835 quid
3667 766 3741 819 sit

2039 849 2099 903 in
2126 867 2216 904 se:
2270 867 2337 904 ex
2384 852 2866 905 condescensione
2903 852 3000 905 Dei
3032 852 3352 907 audivimus
3384 853 3524 924 quid
3577 854 3647 908 sit
3677 854 3737 908 in

2041 939 2222 994 nobis.
2260 941 2516 1011 Namque
2548 941 2694 994 hanc
2747 942 2957 995 habere
3019 947 3239 996 certum
3295 948 3399 1009 est,
3450 958 3624 1012 quem
3665 943 3735 997 ti-

2041 1045 2196 1083 mere
2228 1031 2407 1083 Deum
2438 1030 2721 1083 incertum
2754 1047 2873 1085 non
2901 1035 3003 1085 est.

2114 1120 2311 1172 «Ecce
2371 1120 2542 1172 timor
2603 1118 2831 1172 Domini
2889 1119 3093 1189 ipsa,»
3142 1124 3271 1185 etc.,
3329 1120 3491 1190 quasi
3522 1120 3734 1174 diceret

2039 1206 2096 1261 Si
2136 1208 2318 1261 Deum
2375 1207 2560 1273 times,
2619 1214 2837 1263 constat
2884 1208 3019 1278 quia
3078 1208 3360 1279 sapientia
3416 1209 3619 1278 plenus
3674 1225 3735 1263 es

2041 1312 2168 1364 quae
2201 1296 2354 1366 apud
2385 1296 2677 1351 hominem
2710 1298 2884 1351 timor
2917 1297 3146 1351 Domini
3177 1301 3428 1351 vocatur.
3463 1297 3572 1351 Sed
3599 1297 3734 1368 quia

2041 1385 2133 1438 ille
2162 1401 2291 1439 vere
2320 1386 2431 1439 vim
2468 1386 2644 1439 divini
2679 1386 2901 1440 timoris
2924 1386 3211 1456 intelligit,
3243 1387 3340 1457 qui
3362 1404 3420 1440 se
3452 1387 3522 1441 ab
3556 1387 3739 1440 omni-

2040 1474 2146 1527 bus
2184 1474 2372 1544 pravis
2399 1475 2667 1545 operihus
2697 1475 2960 1542 custodit,
3016 1475 3209 1529 subdit
3241 1492 3253 1529 :
3290 1494 3318 1526 (ι
3378 1476 3443 1530 Et
3472 1476 3738 1530 recedere

2042 1578 2076 1615 a
2107 1563 2256 1616 malo
2311 1563 2715 1634 intelligentia.
2756 1585 2778 1612 ι

2677 1705 2899 1759 CAPUT
2922 1706 3101 1760 XXIX.

2118 1828 2275 1882 Vens.
2312 1832 2359 1882 l.
2396 1858 2461 1868 —
2510 1850 2537 1879 (ι
2586 1828 2817 1884 Addidit
2862 1845 3091 1899 quoque
3146 1829 3270 1895 Joh,
3311 1850 3332 1877 ι
3392 1834 3498 1883 etc.
3554 1828 3738 1899 (Ibid.)

2047 1918 2109 1970 In
2128 1916 2234 1970 hoc
2264 1917 2468 1972 ultimo
2500 1935 2783 1984 sermone,
2821 1923 2947 1983 etc.,
2980 1934 3145 1986 usque
3186 1918 3259 1971 ad
3289 1922 3351 1971 ut
3373 1918 3494 1971 haec
3546 1923 3743 1971 nostra

2047 2006 2255 2060 misera
2288 2013 2546 2078 tempora
2575 2024 2703 2061 cum
2735 2007 2983 2077 suspirio
3017 2007 3316 2073 desideret,
3374 2007 3523 2060 unde
3562 2005 3737 2059 dicit:

2117 2096 2283 2148 Vens.
2321 2099 2370 2148 2.
2407 2124 2474 2135 —
2536 2118 2557 2143 ι
2592 2095 2728 2159 Quis
2768 2095 2909 2149 mihi
2967 2096 3203 2163 tribuat,
3263 2100 3326 2148 ut
3371 2095 3500 2155 sim,
3549 2112 3576 2144 »
3632 2098 3737 2148 etc.

2045 2183 2299 2237 Statutus
2355 2184 2579 2237 dierum
2641 2200 2914 2237 numerus
2968 2200 3190 2237 menses
3263 2189 3552 2248 vocantur,
3608 2188 3740 2249 etc.,

2044 2287 2213 2340 usque
2255 2271 2327 2323 ad
2357 2272 2587 2342 quando
2619 2271 2727 2325 erit
2754 2287 2916 2324 error
2946 2277 3179 2341 apertus
3204 2272 3304 2342 qui
3331 2272 3504 2325 modo
3549 2272 3739 2325 occul-

2044 2364 2137 2415 tus
2163 2366 2265 2415 est.

2119 2449 2395 2503 «Menses
2451 2449 2741 2519 pristinos.
2782 2470 2804 2497 ι
2864 2449 3015 2515 Dies,
3098 2464 3226 2502 cum
3277 2448 3651 2518 colliguntur,
3682 2449 3744 2503 in

2047 2538 2341 2591 mensibus
2393 2538 2851 2604 subtrahuntur;
2881 2538 3015 2609 quia
3067 2538 3324 2600 Ecclesia,
3368 2538 3505 2591 dum
3545 2537 3742 2591 lucen-

2045 2632 2133 2681 tes
2162 2627 2379 2680 animas
2426 2627 2665 2697 colligit,
2710 2628 2771 2681 in
2801 2626 3018 2681 intimis
3048 2627 3362 2681 abscondit.
3423 2626 3540 2692 Vel,
3574 2642 3743 2678 men—

2048 2715 2144 2781 sis,
2178 2731 2282 2786 pro
2316 2715 2663 2785 perfectione
2694 2715 2948 2785 ponitur,
2985 2732 3114 2785 quae
3138 2714 3245 2768 erit
3301 2716 3381 2767 eis
3430 2714 3488 2767 in
3521 2712 3742 2784 requie,

2048 2804 2257 2873 quibus
2288 2800 2439 2856 nunc
2469 2809 2553 2857 est
2596 2803 2657 2856 in
2702 2804 3057 2874 operatione,
3093 2804 3253 2874 cujus
3302 2820 3456 2857 nunc
3500 2802 3743 2856 remini-

2048 2892 2222 2945 scitur
2254 2892 2513 2945 Ecclesia.

2122 3002 2143 3029 ι
2179 2980 2504 3034 Secundum
2533 2980 2672 3046 dies,
2704 3002 2726 3028 ι
2764 2985 2869 3033 etc.
2903 2979 3045 3043 Quia
3096 2995 3153 3032 se
3184 2983 3320 3033 tunc
3352 2978 3411 3032 in
3466 2977 3744 3032 deﬁcien-

2048 3068 2203 3122 tibus
2234 3084 2298 3122 ex
2329 3069 2721 3139 persecutione
2750 3068 3055 3122 aestimabit
3092 3069 3312 3134 cadere,
3345 3083 3472 3138 qua!
3503 3084 3562 3120 se
3591 3082 3745 3121 nunc

2047 3158 2106 3211 in
2128 3157 2248 3210 istis
2275 3157 2506 3227 respicit
2524 3158 2816 3211 custodiri.

2119 3246 2285 3299 Vens.
2320 3248 2370 3299 3.
2402 3276 2470 3285 —
2521 3266 2547 3297 (ι
2602 3245 2839 3309 Quando
2893 3244 3231 3315 splendebat
3283 3244 3535 3310 lucerna,
3572 3257 3594 3291 ι
3633 3246 3740 3297 etc.

2048 3334 2299 3388 Lucerna
2326 3335 2524 3388 lumen
2567 3350 2741 3387 sacrae
2768 3334 3075 3403 Scriptura:
3108 3337 3361 3386 vocatur.
3398 3332 3559 3385 Nunc
3601 3346 3742 3400 ergo

2046 3423 2280 3476 lucerna
2309 3439 2481 3493 super
2530 3428 2699 3492 caput
2761 3424 3016 3476 Ecclesiae
3065 3422 3348 3491 splendet,
3401 3421 3535 3491 quia
3587 3436 3744 3474 sacra

2047 3513 2277 3583 eloquia
2308 3513 2572 3566 tenebras
2602 3517 2808 3565 nostrae
2838 3512 3047 3565 mentis
3072 3511 3371 3565 irradiant.

2119 3620 2146 3652 ι(
2182 3602 2245 3655 Et
2273 3601 2342 3655 ad
2385 3602 2580 3655 lumen
2640 3602 2779 3671 ejus,
2831 3620 2857 3653 »
2939 3607 3044 3654 etc.
3093 3600 3282 3671 (Ibid)
3336 3597 3596 3663 Ecclesia,
3639 3596 3745 3650 etsi

2048 3690 2249 3743 alienae
2281 3689 2649 3761 cogitationis
2679 3691 2895 3743 occulta
2919 3705 3034 3743 non
3063 3692 3347 3758 penetrat,
3394 3686 3530 3756 quia
3582 3684 3744 3755 quasi

2046 3779 2247 3831 faciem
2305 3777 2406 3831 Dei
2452 3794 2570 3831 non
2643 3778 2935 3847 cognoscit
2980 3777 3040 3830 in
3100 3783 3283 3842 nocte,
3342 3775 3506 3845 ponit
3551 3780 3743 3827 tamen

2047 3883 2273 3936 gressus
2301 3866 2440 3920 boni
2494 3866 2683 3935 operis
2739 3865 2955 3919 directo
3006 3865 3225 3918 lumine
3274 3878 3538 3933 supernae
3587 3864 3741 3916 locu-

2047 3953 2237 4007 tionis.

2118 4043 2281 4097 Vzns.
2315 4044 2368 4095 4.
2404 4071 2470 4081 -
2524 4060 2551 4092 α
2582 4040 2737 4095 Sicut
2800 4040 2884 4094 fui
2940 4040 3000 4093 in
3034 4041 3231 4095 diebus
3256 4036 3677 4093 adolescentiae.
3714 4057 3740 4085 »

2049 4131 2258 4184 Adulta
2285 4136 2408 4185 erat
2434 4130 2701 4196 Ecclesia,
2734 4135 2878 4197 etc.,
2910 4145 3078 4198 usque
3112 4130 3186 4182 ad
3241 4143 3369 4181 cum
3402 4142 3504 4199 per
3532 4124 3744 4195 praedi-

2048 4223 2332 4274 cationem
2364 4220 2511 4272 ﬁlios
2543 4234 2742 4289 parere
2772 4235 2891 4272 non
2918 4220 3085 4272 valet.

2124 4330 2145 4356 ε
2182 4310 2421 4372 Quando
2453 4313 2669 4362 secreto
2702 4310 2851 4362 Deus
2882 4314 3003 4361 erat
3031 4308 3091 4361 in
3148 4306 3533 4362 tabernaculo.
3572 4324 3599 4355 »
3638 4306 3741 4357 Ta-

2047 4398 2421 4452 bernaculum
2462 4397 2897 4462 habitationem,
2932 4402 3074 4461 etc.,
3108 4412 3276 4466 usque
3326 4395 3400 4449 ad
3448 4416 3470 4443 σ
3505 4393 3742 4458 Quando

2048 4492 2170 4540 erat
2199 4487 2564 4556 omnipotens
2595 4503 2838 4540 mecum.
2873 4506 2899 4537 ››
2933 4484 3238 4555 Sequitur:

2121 4594 2147 4626 (ί
2184 4576 2248 4629 Et
2276 4576 2334 4629 in
2365 4576 2685 4642 circuitu,»
2735 4581 2841 4629 etc.
2904 4575 3073 4629 Pueri
3137 4577 3429 4639 vocantur,
3477 4572 3577 4643 qui
3626 4587 3741 4625 coe-

2046 4664 2281 4717 lestibus
2313 4664 2595 4717 mandatis
2628 4664 2965 4729 inserviunt,
3001 4663 3100 4733 qui
3129 4678 3281 4716 nunc
3335 4662 3395 4714 in
3437 4660 3739 4714 circumitu

2046 4752 2169 4822 ejus
2200 4755 2351 4815 sunt,
2388 4751 2522 4820 quia
2544 4751 2603 4804 in
2645 4751 2862 4803 cunctis
2888 4752 3003 4804 fere
3047 4749 3314 4819 gentibus
3346 4747 3737 4818 reperiuntur.

2118 4842 2280 4895 Vaas.
2314 4842 2363 4893 6.
2397 4869 2464 4879 ——
2501 4862 2522 4887 ι
2558 4840 2795 4904 Quando
2854 4839 3111 4892 lavabam
3144 4838 3317 4908 pedes
3369 4853 3544 4890 meos.
3578 4857 3606 4885 »
3641 4837 3742 4889 Pe-

2044 4930 2141 4983 des
2169 4927 2429 4981 Ecclesia:
2480 4932 2613 4981 sunt
2653 4928 2989 4981 inferiorum
3020 4942 3258 4996 operum
3310 4924 3580 4992 ministri,
3613 4929 3743 4989 etc.,

2045 5018 2303 5086 usquead
2331 5016 2508 5087 pedes
2531 5022 2666 5069 sunt
2694 5016 2794 5086 qui
2827 5015 3106 5069 exteriora
3146 5015 3491 5069 ministrant.

2120 5126 2147 5153 ‹‹
2181 5107 2245 5159 Et
2273 5111 2434 5176 petra
2464 5104 2739 5158 fundebat
2769 5103 2932 5162 mihi,
2982 5123 3008 5153 ‹‹
3048 5108 3153 5157 etc.
3186 5102 3380 5173 (Ibid.)
3413 5104 3555 5167 Quia
3587 5103 3648 5157 in
3679 5120 3745 5157 ea

2046 5193 2254 5247 Christi
2285 5193 2727 5264 praedicamenta
2757 5192 2975 5244 intima:
3008 5192 3292 5244 unctionis
3339 5196 3629 5246 emanant.
3666 5194 3744 5246 De

2044 5282 2149 5335 hac
2196 5287 2361 5351 petra
2391 5282 2498 5335 rivi
2556 5281 2668 5335 olei
2722 5280 2982 5334 exierunt
3040 5279 3522 5350 evangelistarum
3559 5280 3740 5346 libri;

2043 5370 2128 5423 vel
2160 5369 2310 5424 rivos
2340 5370 2451 5423 olei
2474 5370 2623 5423 dona
2643 5369 2887 5439 Spiritus
2912 5368 3067 5423 dicit.

2120 5460 2279 5512 Vens.
2336 5464 2386 5514 7.
2452 5489 2521 5498 -
2590 5480 2611 5506 ε
2671 5458 2907 5522 Quando
2947 5458 3408 5528 procedebam,»
3471 5461 3573 5511 etc.
3637 5460 3742 5512 Per

2044 5552 2269 5617 portam
2293 5546 2556 5610 civitatis,
2580 5551 2710 5614 etc.,
2738 5563 2907 5616 usque
2930 5547 3005 5603 ad
3060 5547 3216 5618 quod
3242 5552 3299 5602 et
3322 5547 3423 5602 Job
3455 5547 3605 5603 fecit.
