4082 6184
401 294 497 345 831
1028 291 1420 345 WALAFRIDI
1460 292 1703 346 STRAIll
1750 292 1948 347 FULD.
1992 290 2153 345 MON.
2194 288 2346 344 OPP.
2393 288 2568 342 PARS
2607 288 2651 342 Ι.
2694 316 2761 325 -—
2800 284 3256 343 THEOLOGIGA.
3792 290 3887 342 832

478 434 499 461 ι
537 413 605 466 Et
650 412 710 465 iu
765 413 955 483 platea
1007 412 1306 483 parabant,
1355 434 1376 459 ι

402 500 763 555 auctoritatis
796 500 1100 554 latitudine
1131 500 1218 553 sui
1251 500 1562 571 magisterii
1598 502 1824 555 exhibet
1874 502 2108 556 liberta-

411 595 550 645 tem.
589 589 699 653 Qui
728 589 881 643 enim
914 592 1063 643 recta
1095 605 1224 660 qua:
1273 590 1449 642 sentit
1477 590 1704 660 publica
1733 607 1866 644 voce
1896 591 2106 661 prtedi-

404 684 514 744 cat,
575 678 741 749 quasi
798 678 857 731 in
904 678 1095 749 platea
1147 694 1320 748 super
1364 679 1696 733 cathedram
1739 680 1915 747 sedet,
1976 696 2105 734 cum

408 769 565 822 nulla
618 768 688 821 de
745 783 847 820 sua
904 766 1311 836 prmdicatione
1369 768 1594 833 metuit,
1641 770 1832 822 nullus
1881 785 2108 839 pressus

410 854 725 909 terroribus
755 871 812 907 se
835 854 939 908 sub
964 854 1189 908 silentio
1218 855 1539 909 abscondit.

477 943 646 995 Vens.
671 944 723 1003 8,
749 972 815 980 ——
851 964 872 989 ι
900 942 1178 995 Videbant
1207 958 1297 994 me
1337 942 1599 1011 juvenes,
1640 963 1661 990 ι
1708 947 1813 995 etc.
1862 944 2107 996 Iuvenes

409 1030 563 1097 dicit,
597 1032 734 1101 quia
763 1032 920 1085 nulla
951 1031 1176 1085 consilii
1200 1032 1475 1100 gravitate
1516 1032 1831 1086 fulciuntur
1859 1048 1871 1085 :
1920 1048 2103 1097 senes,

401 1136 630 1175 morum
663 1120 1074 1190 grandaevitatc
1110 1125 1380 1174 maturos.
1417 1121 1483 1173 Et
1511 1127 1594 1174 cst
1645 1137 1875 1175 sensus:
1910 1122 2105 1174 Eccle-

402 1209 501 1263 siae
524 1208 777 1279 vigorem
808 1212 866 1261 et
907 1208 1309 1262 rectitudinem
1343 1208 1637 1263 immaturi
1691 1210 2024 1276 formidant,
2050 1214 2105 1263 et

404 1296 695 1367 grandaevi
730 1296 1072 1366 gloriﬁcant.

474 1386 634 1439 Vens.
670 1388 721 1437 9.
763 1413 832 1425 —
866 1406 892 1433 «
934 1385 1228 1455 Principes
1284 1386 1587 1440 cessabunt
1644 1385 1821 1457 loqui.
1856 1404 1882 1437 υ
1937 1384 2101 1439 Prin-

402 1472 554 1543 cipes
604 1474 689 1526 vel
734 1473 906 1527 duces
946 1472 1083 1527 dicit
1136 1474 1420 1528 haeretica:
1477 1475 1771 1544 pravitatis
1819 1479 2097 1528 auctores.

403 1561 470 1613 Et
512 1564 597 1614 est
645 1577 885 1615 sensus:
944 1562 1087 1616 Cum
1131 1562 1444 1631 praedicare
1491 1562 1636 1615 mihi
1693 1561 1923 1632 publica
1964 1577 2101 1616 voce

401 1648 583 1715 licuit,
638 1650 821 1702 omnis
870 1665 984 1715 me,
1035 1649 1135 1720 qui
1184 1650 1410 1703 veritati
1469 1666 1583 1703 non
1632 1649 1742 1704 fuit
1792 1650 2097 1721 subjectus,

402 1736 647 1807 expavit.
693 1736 943 1806 Digitum
981 1737 1068 1790 ori
1098 1743 1517 1807 superponunt,
1550 1738 1687 1792 dum
1744 1738 1901 1791 falsis
1957 1754 2097 1809 que-

1427 421 1531 467 etc.
1584 414 1729 478 Quia
1785 430 1841 467 in
1881 429 2107 483 magna:
2145 414 2192 465 Α
2222 410 2432 465 electos
2487 411 2656 472 mala,
2712 415 2841 479 etc.,
2898 425 3067 480 usque
3121 410 3197 465 ad
3250 416 3384 465 sunt
3441 416 3627 467 tamen
3689 412 3891 467 minora

2216 515 2323 569 pro
2353 498 2669 568 majoribus
2698 499 3099 570 relinquenda.

2294 589 2455 641 Vens.
2522 591 2604 641 l7.
2642 617 2703 627 —
2747 608 2769 634 ι
2808 588 3181 642 Conterebam
3230 587 3430 654 molas,
3458 611 3485 637 ››
3535 593 3642 642 etc.
3675 588 3890 659 Iniquus

2218 675 2429 731 dicitur
2458 676 2755 741 diabolus;
2787 692 2891 747 per
2947 678 3146 745 molas,
3201 677 3435 731 occultas
3480 677 3601 747 ejus
3648 676 3887 742 insidiae;

2216 780 2319 835 per
2348 764 2547 819 dentes
2587 769 2801 835 aperte
2830 766 3013 835 culpas
3059 766 3487 819 demonstratur
3538 766 3869 836 perpetratio

2216 852 2379 907 Prius
2435 870 2573 924 ergo
2632 869 2857 907 necesse
2905 858 2992 907 est
3045 856 3266 909 occulta
3308 855 3676 909 consiliorum
3748 855 3885 909 illius

2218 940 2680 995 machinamenta
2724 941 2987 1012 prodere,
3025 947 3089 995 ut
3117 942 3392 996 auditoris
3424 944 3628 997 nostris
3660 942 3888 997 animam

2213 1028 2275 1082 in
2302 1033 2500 1099 aperto
2534 1029 2727 1098 lapsus
2766 1030 3056 1082 valeamus
3106 1046 3387 1084 revocare.

2288 1118 2445 1171 Vens.
2496 1120 2580 1171 l8.
2608 1147 2677 1157 —
2719 1137 2746 1166 α
2782 1117 3202 1188 Dicebamque:
3260 1119 3326 1171 In
3387 1117 3585 1173 nidulo
3630 1134 3755 1171 meo
3787 1134 3891 1171 mo-

2213 1205 2347 1260 riar.
2387 1225 2414 1256 »
2465 1207 2570 1260 Per
2612 1205 2733 1260 nidi
2767 1222 2981 1260 nomen
3013 1206 3367 1277 exprimitur,
3432 1212 3563 1277 etc.,
3617 1223 3781 1275 usque
3828 1207 3892 1260 ad

2215 1310 2317 1347 nec
2344 1299 2406 1348 ut
2435 1294 2671 1365 quidam
2727 1295 2787 1349 in
2844 1295 3010 1350 initio
3064 1297 3195 1367 plus
3240 1296 3377 1366 agit,
3436 1295 3496 1350 in
3545 1312 3890 1350 consumma-

2214 1382 2371 1437 tione
2402 1382 2613 1436 minus.

2284 1473 2445 1525 Vens.
2511 1475 2589 1526 l9.
2643 1500 2711 1512 —
2770 1490 2797 1522 α
2856 1472 3056 1536 Radix,
3113 1494 3135 1520 ι
3198 1477 3304 1527 etc.
3336 1471 3529 1543 (Ibid.)
3579 1470 3757 1526 Radix
3806 1470 3889 1523 Ec-

2211 1560 2397 1615 clesiae
2420 1560 2749 1615 incarnatus
2770 1561 3046 1624 Christus,
3077 1576 3247 1632 usque
3294 1561 3369 1615 ad
3393 1560 3667 1631 cogitatio
3701 1558 3891 1613 mentis

2213 1648 2489 1719 aperitur.

2288 1760 2310 1787 ι
2339 1739 2403 1792 Et
2432 1754 2527 1791 ros
2556 1737 2900 1806 morabitur,
2934 1756 2960 1790 in
2993 1741 3097 1793 etc.
3152 1736 3406 1793 Subaudi
3464 1734 3747 1799 dicebam,
3774 1738 3888 1797 etc.,

402 1824 538 1878 relis
559 1840 673 1877 non
704 1824 926 1878 ratione
956 1824 1108 1878 vocis
1139 1841 1198 1879 se
1230 1825 1486 1896 reprimi,
1539 1825 1635 1880 sed
1669 1824 1892 1880 virtutis
1924 1842 2099 1880 manu
2206 1842 2375 1898 usque
2403 1828 2477 1881 ad
2507 1832 2569 1882 ut
2596 1827 2758 1897 digni
2810 1827 3009 1893 simus,
3064 1826 3166 1897 qui
3194 1826 3264 1880 de
3320 1824 3686 1880 inferioribus
3732 1822 3883 1877 colli-

406 1910 748 1981 signiﬁcant.

477 2000 643 2052 Vsas.
692 2001 775 2054 lO.
802 2028 874 2039 —
914 2018 943 2049 α
976 2000 1184 2054 Vocem
1238 2017 1397 2055 suam
1460 2001 1805 2056 cohibebant
1834 2003 2029 2057 duces.
2071 2024 2092 2051 ι

406 2086 692 2141 Nimirum
724 2087 805 2153 bi,
844 2088 944 2158 qui
988 2092 1119 2159 post
1174 2106 1231 2143 se
1261 2095 1517 2144 errantes
1571 2093 1817 2161 populos
1870 2093 2099 2146 trahere

402 2181 702 2241 conantur,
736 2181 866 2242 etc.,
927 2192 1093 2246 usque
1122 2178 1196 2231 ad
1224 2178 1359 2232 dum
1393 2188 1657 2249 perversa
1687 2180 1998 2248 insinuant,
2029 2181 2099 2235 ad

402 2262 756 2332 impietatem
797 2264 1103 2320 nutriendo
1133 2268 1494 2321 conﬁrmant.

472 2352 629 2405 Vens.
678 2356 762 2406 11.
823 2384 891 2393 -
954 2374 981 2405 α
1019 2355 1187 2409 Auris
1234 2356 1493 2411 audiens.
1550 2377 1577 2408 n
1634 2357 1717 2411 lbi
1748 2357 1911 2425 dixit,
1962 2358 2102 2429 quid

402 2440 662 2494 exhibuit
690 2457 794 2511 per
823 2443 1162 2506 doctrinam,
1196 2448 1324 2511 etc.,
1370 2461 1538 2513 usque
1567 2447 1640 2500 ad
1677 2446 1777 2517 qui
1824 2448 2102 2519 exemplis

401 2528 533 2582 vitae
563 2528 719 2582 illius
748 2530 893 2585 bene
922 2532 1165 2587 vivendo
1188 2535 1523 2603 respondet.

472 2617 632 2670 Vens.
669 2620 759 2674 l2.
798 2651 863 2658 —
904 2642 926 2669 ι
960 2622 1035 2674 Eo
1071 2621 1224 2693 quod
1255 2623 1585 2676 liberassem
1633 2639 1947 2694 pauperem
2003 2640 2101 2678 vo-

400 2704 756 2761 ciferantem.
794 2730 821 2756 »
860 2710 1107 2764 Ecclesia
1153 2727 1468 2781 pauperem
1517 2712 1926 2767 vociferantem
1955 2713 2102 2768 libe-

402 2799 510 2860 rat,
563 2811 693 2849 cum
752 2799 1039 2868 peccatori
1095 2799 1319 2854 veniam
1375 2801 1725 2871 deprecanti,
1792 2818 1886 2856 eas
1962 2818 2103 2873 quas

402 2884 691 2939 commisit
720 2887 934 2956 culpas,
970 2889 1203 2942 relaxat.

476 2990 504 3022 α
538 2974 602 3027 Et
631 2975 920 3045 pupillum
950 2976 1042 3031 cui
1072 2994 1186 3031 non
1234 2982 1380 3031 esset
1432 2979 1677 3049 adjutor.
1722 2999 1750 3031 »
1815 2978 2103 3050 Pupillum

398 3059 624 3128 liberat,
654 3062 792 3117 dum
823 3065 1237 3138 unusquisque,
1279 3072 1409 3134 etc.,
1441 3084 1609 3137 usque
1657 3069 1731 3122 ad
1779 3067 1902 3122 hazc
1930 3068 2101 3122 etiam

408 3150 652 3204 Ecclesia
681 3157 736 3205 et
762 3155 1133 3224 corporaliter
1159 3156 1390 3210 exhibet
1420 3163 1475 3210 et
1495 3156 1887 3228 spiritualiter.

482 3239 647 3293 Vens.
688 3244 772 3294 13.
803 3272 863 3281 -
910 3262 937 3292 »
971 3245 1292 3298 Benedictio
1320 3245 1578 3315 perituri.
1606 3269 1633 3295 ››
1662 3246 1886 3316 (ΕΒΕϐ.)
1920 3248 2104 3301 Bene-

408 3325 580 3380 dictio
664 3329 906 3399 perituri
958 3348 1131 3401 super
1189 3349 1316 3387 eam
1379 3334 1554 3399 venit,
1604 3351 1735 3388 cum
1794 3335 2106 3405 peccatoris

406 3411 706 3469 interitum
762 3419 1056 3487 praevenit,
1117 3428 1173 3475 et
1242 3422 1448 3475 sanctis
1531 3421 2021 3476 exhortationibus
2073 3438 2106 3475 a

409 3502 599 3571 culpae
621 3503 781 3558 fovea
831 3506 1069 3562 reducit.

482 3610 510 3638 «
545 3591 609 3643 Et
636 3607 733 3645 cor
762 3592 949 3647 viduae
988 3596 1309 3650 consolatus
1333 3613 1485 3651 sum.
1526 3619 1553 3646 »
1586 3598 1844 3668 Magnam
1894 3614 2102 3651 conso-

409 3678 688 3735 lationem
727 3698 827 3736 cor
852 3683 1037 3739 viduae
1096 3686 1352 3756 suscipit,
1414 3687 1642 3757 quando
1674 3687 1859 3741 ﬁdelis
1913 3686 2105 3741 anima

410 3766 473 3821 in
515 3769 702 3823 verbis
751 3772 1012 3827 Ecclesiae
1063 3775 1133 3830 de
1182 3776 1424 3830 adventu
1476 3775 1649 3842 illius,
1728 3775 1963 3847 aliquid,
2014 3775 2105 3830 cui

410 3856 785 3927 spiritualiter
812 3866 898 3915 est
926 3864 1247 3934 conjuncta,
1276 3865 1580 3935 cognoscit.

484 3946 640 4000 Vens.
678 3949 759 4003 14.
794 3980 862 3991 -
892 3972 919 4001 α
953 3953 1179 4007 Justitia
1208 3953 1443 4008 indutus
1474 3971 1619 4009 sum.
1660 3975 1683 4003 ι
1742 3954 1842 4008 Ille
1880 3954 2106 4025 justitia

408 4032 555 4088 sicut
609 4036 947 4093 vestimento
1006 4041 1266 4095 induitur
1324 4046 1455 4106 etc.,
1523 4057 1691 4111 usque
1737 4042 1812 4096 ad
1869 4042 1968 4113 qui
2034 4043 2104 4097 de

406 4119 594 4189 culpa,
628 4137 801 4189 quam
835 4131 1083 4194 superat,
1118 4126 1390 4180 elevatur.

482 4225 507 4259 α
542 4209 608 4261 Et
637 4210 951 4267 diademate
974 4214 1192 4284 judicio
1234 4231 1383 4269 meo.
1422 4237 1444 4264 ι
1476 4216 1765 4269 Justorum
1816 4215 2101 4285 judicium

2206 1932 2431 1987 gamur.

2282 2004 2444 2056 Vens.
2486 2005 2581 2057 20.
2645 2023 2668 2051 ε
2743 2001 2930 2057 Gloria
3002 2017 3131 2056 mea
3180 2017 3408 2072 semper
3459 2000 3885 2054 innovabitur.»

2214 2090 2372 2144 Idem
2395 2089 2559 2161 quasi
2587 2089 2854 2144 amissam
2886 2089 3129 2159 gloriam
3161 2089 3442 2160 deplorat,
3477 2089 3619 2159 quia
3649 2104 3742 2141 eos
3768 2103 3887 2157 quos

2209 2176 2332 2247 ipse
2365 2192 2523 2229 novae
2578 2176 2708 2229 vitae
2752 2176 3001 2231 militare
3033 2176 3296 2244 credidit,
3327 2176 3567 2231 vetustis
3617 2172 3886 2231 desideriis

2213 2265 2425 2318 servire
2457 2263 2765 2334 cognoscit.

2285 2372 2311 2403 (ι
2346 2354 2409 2406 Et
2439 2368 2602 2406 arcus
2659 2368 2840 2406 meus.
2882 2373 2903 2401 ι
2956 2352 3245 2423 Scriptura
3300 2356 3386 2406 est
3440 2368 3626 2419 arcus,
3658 2357 3786 2417 etc.,
3817 2365 3887 2404 us-

2210 2457 2314 2513 que
2341 2442 2416 2495 ad
2444 2441 2599 2512 quod
2630 2440 2804 2495 etiam
2843 2457 2998 2495 nunc
3026 2446 3127 2496 est.

2283 2532 2444 2583 Vnus.
2474 2532 2560 2583 2t.
2594 2558 2663 2570 —
2699 2553 2721 2578 ι
2759 2529 2865 2593 Qui
2900 2545 2992 2584 me
3040 2528 3371 2584 audiebant.
3406 2550 3428 2577 ι
3481 2527 3888 2583 Praeteritorum

2208 2622 2536 2689 temporum
2559 2618 2965 2684 reminiscitur,
3002 2617 3061 2672 in
3092 2618 3302 2689 quibus
3332 2634 3501 2671 omne
3551 2616 3707 2689 quod
3742 2617 3808 2670 ab
3836 2630 3889 2667 ea

2209 2706 2438 2774 dicitur,
2473 2722 2601 2761 cum
2632 2711 2791 2761 metu
2813 2724 2845 2761 a
2870 2707 3136 2761 ﬁdelibus
3165 2706 3399 2761 auditur
3452 2712 3508 2761 et
3554 2703 3888 2761 adversario-

2212 2812 2341 2851 rum
2377 2796 2720 2866 proterviam
2752 2796 3033 2866 deplorat.

2285 2903 2313 2929 ‹‹
2344 2883 2414 2936 Et
2434 2882 2641 2936 intenti
2672 2883 2952 2938 tacebant.
3012 2905 3033 2932 ι
3062 2883 3146 2937 Ad
3176 2882 3476 2937 consilium
3525 2882 3654 2952 ejus
3703 2884 3892 2947 tacent,

2143 2981 2183 3035 ί]
2214 2970 2314 3039 qui
2343 2972 2516 3025 verba
2543 2972 2666 3042 ejus
2700 2988 2817 3025 non
2848 2972 3061 3026 audent
3112 2972 3475 3043 impugnare,
3507 2972 3611 3025 sed
3657 2970 3889 3025 credere.

2286 3059 2446 3114 Vaas.
2483 3062 2572 3114 22.
2603 3089 2672 3099 —
2704 3080 2731 3109 «
2785 3060 2979 3115 Verbis
3026 3060 3167 3114 meis
3211 3060 3439 3114 addere.
3484 3081 3510 3107 ι»
3576 3059 3746 3113 Dictis
3784 3058 3891 3128 ejus

2215 3147 2467 3203 haeretici
2526 3148 2743 3220 aliquid
2794 3149 3005 3203 addere
3044 3154 3423 3219 prmsumunt,
3458 3164 3590 3201 cum
3628 3148 3887 3219 praedica-

2212 3243 2545 3290 mentorum
2594 3236 2999 3291 rectitudinem
3045 3236 3209 3307 quasi
3229 3236 3533 3290 emendare
3565 3235 3889 3289 moliuntur.

2291 3346 2312 3372 ι
2348 3324 2413 3377 Et
2444 3340 2618 3394 super
2639 3323 2767 3378 illos
2796 3325 3065 3379 stillabat.
3099 3344 3126 3375 υ
3162 3326 3223 3378 In
3277 3325 3383 3378 hac
3439 3324 3751 3377 stillatione
3796 3322 3895 3374 elo-

2214 3420 2337 3491 quii
2363 3437 2631 3475 mensura
2659 3420 3086 3492 praedicationis
3132 3421 3295 3491 juxta
3356 3420 3731 3491 capacitatem
3801 3434 3893 3471 au-

2213 3509 2493 3564 dientium
2520 3508 2817 3579 accipitur.

2285 3600 2453 3652 Vens.
2484 3600 2574 3653 23.
2606 3628 2673 3639 —
2724 3617 2752 3649 α
2780 3598 3193 3669 Exspectabant
3231 3612 3324 3652 me
3381 3596 3526 3650 sicut
3572 3596 3842 3667 pluviam.
3871 3610 3893 3641 ι

2214 3686 2394 3741 Verba
2434 3686 2859 3757 praedicationis
2912 3694 3121 3741 sancta:
3169 3686 3317 3739 sicut
3362 3684 3618 3756 pluviam
3678 3684 3897 3738 sustine-

2213 3791 2361 3843 mus,
2395 3791 2524 3828 cum
2572 3791 2705 3828 vera
2768 3774 3096 3829 humilitate
3153 3774 3475 3828 ariditatem
3508 3774 3699 3829 cordis
3729 3768 3890 3826 nostri

2216 3864 2604 3936 agnoscimus,
2633 3870 2699 3918 ut
2728 3869 2866 3934 potu
2905 3870 3113 3918 sancta:
3142 3862 3561 3934 prmdicationis
3584 3863 3890 3933 irrigemur.

2287 3974 2315 4003 α
2344 3954 2411 4007 Et
2430 3969 2492 4007 os
2518 3969 2687 4006 suum
2718 3952 3053 4022 aperiebant
3081 3952 3247 4023 quasi
3292 3952 3363 4007 ad
3393 3950 3670 4005 imbrem.
3707 3973 3728 3999 ι
3769 3947 3892 4013 Quia

2214 4040 2353 4096 dum
2385 4041 2446 4095 in
2473 4046 2727 4095 extrema
2745 4047 2907 4112 parte
2955 4040 3151 4095 seaculi
3180 4040 3352 4094 verba
3388 4045 3604 4094 sanctae
3634 4038 3889 4110 praedica-

2214 4129 2385 4184 tionis
2443 4129 2773 4200 accipimus,
2832 4129 2996 4201 quasi
3052 4128 3123 4183 ad
3196 4128 3441 4183 imbrem
3500 4128 3807 4183 serotinum
3837 4139 3889 4177 os

2214 4218 2398 4273 cordis
2422 4219 2735 4289 aperimus.

409 4296 675 4352 diadema
706 4300 935 4366 dicitur,
963 4302 1096 4372 quia
1118 4320 1223 4373 per
1258 4304 1362 4358 hoc
1395 4320 1511 4358 non
1559 4303 1619 4357 in
1660 4304 1901 4358 terrenis
1957 4308 2013 4357 et
2040 4303 2102 4358 in
2142 4274 2184 4327 Β
2285 4309 2444 4362 Vens.
2474 4308 2561 4362 24.
2593 4337 2663 4346 —-
2686 4328 2709 4356 ι
2743 4306 2800 4362 Si
2831 4306 3064 4378 quando
3098 4305 3357 4361 ridebam
3396 4306 3464 4360 ad
3518 4322 3619 4359 eos
3651 4321 3764 4359 non
3784 4317 3887 4357 cre-

408 4383 676 4452 inﬁrmis,
710 4388 803 4442 sed
856 4406 1082 4444 sursum
1115 4392 1464 4445 remunerati
1492 4392 1926 4462 concupiscunt.

486 4475 781 4529 «Indutus
837 4493 963 4531 sum
1014 4479 1267 4547 judicio:
1323 4500 1350 4532 ιο
1382 4480 1536 4551 quod
1585 4484 1950 4550 comparatur
2006 4495 2105 4534 co-

412 4578 569 4616 ronae
596 4578 724 4633 quae
753 4581 927 4636 supra
959 4568 1213 4636 ponitur,
1245 4568 1382 4639 quia
1409 4568 1467 4622 in
1515 4568 1657 4623 coelo
1696 4568 1904 4639 quierit
1941 4584 2105 4622 coro-

412 4650 560 4717 nari,
594 4668 711 4705 non
746 4652 807 4706 in
842 4660 1009 4709 terra.
1049 4657 1201 4709 Bona
1248 4673 1351 4709 sua
1408 4657 1612 4727 aperit,
1675 4662 1737 4711 ut
1790 4656 1959 4711 amici
1990 4673 2105 4711 non

412 4739 775 4810 increpantes
804 4743 1121 4814 erigantur,
1156 4746 1252 4799 sed
1282 4750 1530 4799 tacentes
1576 4745 1896 4800 imitentur.
1949 4746 2107 4799 Valet

411 4828 585 4883 etiam
625 4832 906 4886 memoria
936 4834 1198 4903 priurum
1236 4840 1434 4889 contra
1482 4835 1941 4905 desperationem
1998 4850 2104 4905 pro

414 4918 903 4991 increpationibus
916 4964 928 4976 .

485 5010 647 5062 Vsus.
682 5014 771 5064 15.
802 5040 871 5051 -
900 5029 925 5060 α
953 5010 1161 5065 Oculus
1218 5011 1299 5065 fui
1330 5027 1479 5065 caeco
1492 5015 1549 5066 et
1570 5028 1667 5082 pes
1688 5011 1911 5077 claudo,
1948 5030 1973 5061 »
1996 5014 2102 5065 etc.

417 5096 619 5151 Beatus
667 5098 823 5152 enim
886 5100 993 5154 Job
1036 5104 1091 5153 et
1138 5100 1220 5154 illi
1278 5117 1380 5170 per
1445 5100 1815 5171 semetipsum
1870 5114 2106 5153 manum

414 5185 763 5253 praebuerat,
807 5192 950 5253 etc.,
1023 5203 1191 5259 usque
1237 5189 1311 5243 ad
1367 5188 1465 5259 qui
1522 5188 1628 5241 sibi
1684 5204 1955 5259 nequam,
2015 5186 2108 5241 cui

415 5271 601 5327 bonus
632 5274 659 5327 ?

487 5362 643 5416 Vnus.
686 5366 769 5418 16.
801 5394 869 5404 -
902 5384 929 5416 α
960 5367 1125 5420 Pater
1164 5382 1319 5419 eram
1362 5382 1704 5437 pauperum.
1745 5386 1771 5414 »
1823 5367 2110 5435 Pauperes

418 5450 570 5503 enim
600 5451 807 5520 spiritu
846 5472 908 5508 ex
941 5456 1063 5523 ejus
1091 5456 1495 5525 praedicatione
1525 5458 1895 5525 generantur.

493 5560 521 5589 ε(
555 5541 619 5595 Et
648 5557 877 5596 causam
898 5534 1072 5612 quam
1100 5544 1444 5598 nesciebam.
1480 5563 1507 5595 η
1554 5543 1799 5598 Ecclesia
1823 5560 1953 5597 cum
2009 5560 2113 5612 per

2213 4398 2443 4453 debant.
2473 4416 2501 4447 ιι
2534 4396 2731 4467 (Gneo.
2764 4399 2824 4450 in
2851 4396 2991 4463 Job”,
3015 4396 3115 4450 lib.
3158 4396 3275 4462 xx.)
3302 4394 3422 4449 Hoc
3471 4394 3614 4449 dicit
3669 4389 3891 4449 Ecclesia

2213 4502 2281 4540 ex
2333 4485 2471 4539 voce
2522 4484 2741 4555 capitis,
2786 4489 2917 4551 etc.,
2964 4499 3134 4553 usque
3198 4484 3273 4538 ad
3318 4483 3697 4537 immoderata
3751 4495 3891 4535 seve-

2213 4574 2351 4627 ritas
2381 4574 2648 4628 odiosum
2683 4573 2901 4627 reddat.

2289 4683 2316 4711 ς
2352 4663 2417 4715 Et
2447 4662 2543 4715 lux
2602 4662 2792 4715 vultus
2838 4660 2955 4715 mei
2998 4677 3113 4715 non
3160 4659 3414 4715 cadebat.
3480 4681 3504 4709 ι
3538 4659 3738 4729 (Ιὸἰά.)
3792 4658 3889 4712 Lux

2214 4750 2404 4806 vultus
2467 4749 2621 4805 beati
2674 4750 2797 4814 Job,
2861 4755 2990 4816 etc.,
3056 4764 3225 4819 usque
3304 4748 3379 4802 ad
3435 4749 3681 4803 Ecclesia
3735 4746 3887 4801 etiam

2214 4841 2365 4895 clara
2396 4839 2668 4910 mysteria
2692 4839 2934 4893 terrenis
2964 4854 3079 4892 non
3109 4837 3398 4909 praedicat.

2286 4929 2445 4982 Vsas.
2478 4931 2567 4982 25.
2603 4959 2670 4966 —
2700 4950 2722 4977 ι
2749 4928 2806 4983 Si
2837 4926 3145 4981 voluissem
3198 4925 3303 4993 ire,
3362 4947 3389 4975 ιι
3456 4928 3563 4979 etc.
3635 4922 3886 4978 Dominus

2215 5020 2423 5071 etcum
2479 5018 2618 5084 vult,
2670 5015 2847 5082 venit,
2910 5021 2968 5070 et
3021 5032 3150 5069 cum
3203 5013 3381 5081 venit,
3438 5012 3660 5084 primus
3713 5011 3882 5066 sedet:

2216 5100 2350 5171 quia
2376 5106 2433 5154 et
2461 5101 2739 5155 adventus
2772 5100 2895 5170 ejus
2924 5099 2987 5153 in
3015 5099 3185 5153 corde
3236 5106 3432 5153 nostro
3458 5098 3740 5167 gratuitus
3794 5097 3881 5155 est,

2216 5196 2274 5244 et
2313 5190 2599 5261 appetitus
2643 5190 2765 5259 ejus
2837 5188 3107 5243 desiderii
3171 5187 3231 5241 in
3300 5186 3647 5256 cogitatione
3713 5188 3881 5238 nostra

2218 5277 2456 5349 aequalis
2484 5277 2703 5332 caeteris
2726 5275 3026 5331 desideriis
3056 5291 3173 5329 non
3203 5280 3304 5328 est.

2291 5388 2318 5415 ιι
2352 5367 2609 5437 Cumque
2659 5366 2938 5430 sederem,
2989 5364 3172 5435 quasi,
3210 5384 3237 5412 ιι
3286 5367 3389 5416 etc.
3454 5362 3517 5416 Et
3547 5361 3732 5414 littera
3773 5353 3881 5410 aedi-

2219 5455 2369 5519 ﬁcat,
2400 5459 2531 5521 etc.,
2558 5470 2726 5523 usque
2754 5454 2829 5508 ad
2868 5452 3170 5518 consolari,
3220 5450 3601 5505 ministerium
3655 5444 3875 5518 pietatis.

2292 5543 2701 5597 «Maarentium
2753 5542 3093 5597 consolator.
3154 5558 3179 5591 ι
3238 5538 3433 5610 (Ιὸἰά.)
3516 5537 3624 5602 Qui
3687 5532 3877 5590 audivit
