4034 6180
171 316 283 367 833

1373 307 1625 362 GLOSSA
1664 306 2069 364 ORDINARIA.
2112 334 2181 346 —
2221 305 2347 360 LIB.
2389 304 2531 360 .IOB.

3579 306 3685 362 834»

168 436 246 489 de
274 434 501 505 justitia
534 433 631 487 Dei
691 435 757 485 ut
803 431 1025 499 timeat,
1078 430 1295 495 audiat,
1354 435 1410 484 et
1440 431 1511 483 de
1564 430 1884 484 misericor-
1921 431 1967 482 Α
1997 428 2137 482 tutis
2184 428 2492 482 mundanas
2543 444 2761 481 cessare
2792 444 2903 481 non
2964 427 3155 493 libeat,
3200 428 3374 483 etiam
3420 430 3465 484 si
3494 431 3683 485 liceat.

169 524 295 591 dia,
331 530 393 577 ut
422 522 690 581 contidnt.
718 525 781 574 ut
823 520 894 572 sit
917 520 1087 573 simul
1150 524 1335 572 metus
1373 524 1429 572 et
1476 535 1622 588 spes.
1658 520 1719 572 In
1751 534 1882 573 arca

168 626 308 663 cum
342 610 555 662 tabulis
606 607 763 675 virga
813 606 981 659 simul
1014 610 1118 672 est,
1176 611 1233 658 et
1262 620 1493 670 manua,
1527 605 1581 658 id
1612 612 1716 668 est,
1748 621 1881 659 cum

2060 518 2219 571 Vens.
2259 518 2311 571 8.
2358 548 2424 556 -—
2477 536 2504 567 η
2533 517 2656 570 Filii
2688 519 2995 569 stultorum
3030 522 3086 570 et
3114 516 3475 586 ignobilium.
3511 538 3538 569 ι)
3575 520 3684 571 Eo-

1990 622 2117 660 rum
2174 605 2275 659 tilii
2334 605 2432 677 qui
2480 606 2713 660 fuerunt
2790 609 2918 671 etc.,
2950 619 3119 673 usque
3175 607 3248 660 ad
3307 608 3408 677 qui
3465 624 3500 661 a
3537 612 3689 661 terra

168 700 414 752 scientia
463 713 636 750 sacrae
684 694 992 765 Scriptura:
1038 694 1097 747 in
1128 698 1378 765 pectore,
1432 694 1691 760 rectoris,
1723 693 1883 763 virga
1988 694 2302 748 viventium
2330 700 2582 749 extorres
2615 694 2748 747 facti
2779 700 2936 748 sunt.

169 785 577 852 districtionis,
610 789 665 839 et
692 799 906 838 manna
928 781 1267 837 dulcedinis.

824 924 1048 979 CAPUT
1092 925 1243 978 XXX.

248 1053 419 1105 Vens.
460 1054 502 1104 l.
535 1078 604 1091 —-
655 1067 683 1099 α
716 1049 878 1102 Nunc
931 1051 1124 1101 autem
1177 1062 1269 1100 me
1292 1045 1569 1114 iuniores.
1606 1068 1634 1096 ι
1669 1048 1884 1117 (Gnec.)

170 1138 446 1194 Iuniores
502 1144 761 1208 tempore
808 1135 1114 1190 Ecclesiam
1168 1135 1433 1199 irrident,
1494 1152 1621 1189 cum
1674 1136 1732 1190 hi
1784 1136 1884 1206 qui

175 1228 249 1282 ab
272 1244 343 1282 ea
374 1227 587 1298 egressi
617 1231 767 1292 sunt,
804 1224 1080 1279 doctrinae
1138 1224 1261 1294 ejus
1316 1224 1484 1278 verba
1541 1224 1881 1295 despiciunt.

255 1341 276 1368 ι
315 1320 572 1383 Quorum
602 1322 794 1388 patres
830 1332 949 1370 non
977 1314 1280 1385 dignabar,
1311 1337 1339 1364 »
1375 1318 1480 1369 etc.
1515 1314 1697 1384 Igitur
1747 1331 1887 1385 grex

178 1407 469 1469 Ecclesiae,
512 1411 643 1470 etc.,
690 1420 860 1473 usque
917 1403 992 1458 ad
1030 1419 1243 1475 eosque
1291 1403 1443 1457 inter
1491 1420 1653 1457 veros
1697 1409 1887 1474 patres

177 1511 491 1549 numerare
522 1492 857 1547 contemnit.

250 1585 419 1637 Vens.
452 1585 499 1636 ‘2.
538 1613 607 1621 —
637 1602 664 1631 «
694 1581 949 1645 Quocum
983 1578 1162 1633 virtus
1209 1594 1485 1632 manuum
1518 1582 1656 1632 erat.
1694 1599 1720 1631 ιι
1762 1580 1886 1634 Vir-

178 1678 277 1726 tus
309 1687 585 1725 manuum
618 1675 703 1723 est
732 1668 1094 1739 magnitudo,
1126 1673 1253 1734 etc.,
1300 1682 1468 1736 usque
1524 1668 1599 1720 ad
1646 1668 1715 1722 de
1749 1686 1884 1739 pro-

180 1761 345 1814 ximo
366 1776 498 1814 vero
533 1758 770 1813 meliora
794 1773 967 1828 quam
998 1758 1067 1811 de
1098 1772 1156 1809 se
1190 1756 1315 1826 ipso
1348 1755 1577 1810 sentire.

260 1851 426 1903 Vens.
456 1852 508 1903 3.
558 1878 625 1887 ——
653 1866 681 1897 α
714 1848 992 1917 Egestate.
1027 1866 1054 1895 ιο
1089 1844 1487 1899 lmmoderatis
1520 1860 1768 1915 namque
1798 1845 1886 1899 lu-

185 1938 349 1991 sibus
386 1936 774 2006 cognitionem
804 1949 1070 2004 supernas
1101 1932 1352 1986 scientia:
1384 1947 1497 2003 quo
1544 1932 1670 2002 plus
1710 1946 1886 2001 appe-

185 2030 341 2089 tunt,
375 2024 503 2095 plus
535 2022 825 2076 amittunt.

263 2132 292 2163 ‹‹
327 2114 391 2166 Et
426 2112 576 2165 fame
603 2110 847 2163 steriles.
898 2128 927 2157 »
960 2107 1104 2171 Quia
1134 2106 1462 2161 desiderant
1513 2106 1677 2171 scire,
1740 2105 1889 2160 unde

185 2202 343 2255 docti
386 2206 443 2254 et
524 2200 790 2268 loquaces
854 2195 984 2263 sint,
1037 2211 1158 2249 non
1225 2195 1483 2249 moribus
1556 2194 1888 2264 compositi;

185 2291 344 2344 unde
401 2289 490 2342 vix
548 2288 830 2341 exteriora
866 2285 1122 2356 capiunt,
1156 2285 1258 2356 qui
1304 2290 1521 2339 secreta
1573 2289 1781 2355 putant
1829 2298 1890 2337 se

189 2382 543 2450 penetrasse.

266 2486 292 2519 ι
336 2466 443 2531 Qui
474 2464 755 2518 rodebant
784 2462 847 2517 in
877 2461 1208 2530 solitudine,
1251 2482 1278 2509 ››
1317 2466 1423 2515 etc.
1476 2461 1739 2515 Haeretici
1792 2459 1893 2532 qui

191 2556 267 2608 ab
324 2553 677 2619 universalis,
738 2557 867 2620 etc.,
922 2566 1090 2619 usque
1144 2550 1219 2604 ad
1270 2551 1552 2605 Lambunt
1600 2566 1734 2604 vero
1792 2548 1895 2621 qui

194 2643 590 2697 blandimento
613 2641 823 2709 linguae
847 2639 1070 2693 tollunt.

276 2749 304 2779 ει
359 2728 696 2799 Squalentes
744 2726 1084 2779 calamitate.
1118 2743 1148 2775 ιο
1206 2724 1541 2779 Calamitate
1584 2729 1640 2778 et
1666 2724 1895 2778 miseria

207 2818 446 2889 squalidi
474 2816 876 2886 perhibentur,
914 2813 1051 2885 quia
1104 2817 1162 2867 et
1206 2828 1428 2867 morum
1480 2818 1613 2866 sunt
1641 2812 1895 2883 pernicie

204 2912 261 2960 et
304 2921 572 2959 sensuum
612 2902 892 2974 pravitate
920 2901 1191 2972 despecti.
1243 2901 1547 2955 Calamitas
1596 2907 1681 2955 est
1732 2901 1898 2971 quasi

199 2994 476 3065 aegritudo
508 3009 520 3047 :
583 2992 814 3046 miseria
844 2995 930 3045 est
964 2990 1121 3044 illius
1149 2989 1518 3060 negligentia,
1579 2990 1730 3043 unde
1763 3005 1893 3059 gra-
1928 3003 1970 3057 ρ

196 3085 321 3137 vior
354 3082 437 3136 tit.
490 3081 694 3136 Nullus
748 3080 1059 3151 squaleret,
1090 3078 1137 3131 si
1184 3078 1243 3132 in
1300 3079 1417 3132 suis
1466 3078 1896 3134 necessitatibus

200 3171 493 3226 miseriam
524 3169 831 3240 voluptatis
857 3184 973 3222 non
1005 3168 1255 3221 adderet.

270 3261 430 3313 Vens.
467 3260 519 3313 4.
574 3287 643 3299 -—-
678 3279 705 3306 ‹‹
740 3258 806 3311 Et
841 3256 1192 3310 mandebant
1226 3254 1451 3321 herbas,
1482 3274 1509 3305 ιο
1543 3260 1648 3309 etc.
1684 3254 1896 3309 Herbas

197 3348 496 3412 mandere,
556 3350 690 3407 etc.,
757 3360 926 3413 usque
969 3343 1044 3398 ad
1102 3344 1200 3397 sed
1260 3343 1634 3397 intentionem
1683 3349 1894 3399 rectam

196 3437 255 3489 in
282 3435 498 3489 eisdem
526 3432 796 3504 operibus
825 3438 1042 3485 tenere.

270 3524 474 3593 (Ibid.)
532 3522 682 3587 Quid
737 3520 891 3575 enim
950 3535 1055 3589 per
1110 3517 1336 3582 herbas,
1408 3523 1542 3589 etc.,
1598 3535 1767 3590 usque
1822 3519 1897 3575 ad

196 3612 478 3685 quoniam
540 3610 645 3665 soli
701 3608 956 3665 avaritia
1011 3606 1357 3675 deserviunt,
1404 3608 1593 3663 radice
1638 3608 1898 3680 juniperi

195 3701 522 3772 replentur,
544 3704 599 3753 et
626 3698 732 3752 hac
763 3701 866 3750 est.

270 3807 302 3839 α
333 3789 402 3841 Et
431 3787 590 3842 radix
614 3785 1041 3856 juniperorum.
1075 3802 1102 3834 υ
1132 3782 1392 3854 Juniperi
1420 3798 1525 3853 pro
1564 3781 1713 3836 foliis
1734 3784 1899 3854 quasi

192 3875 396 3945 spinas
426 3874 663 3939 habent,
695 3877 825 3938 etc.,
849 3886 1021 3939 usque
1056 3870 1133 3924 ad
1177 3870 1277 3940 qui
1308 3871 1648 3941 plerumque
1690 3872 1809 3925 sola
1838 3871 1898 3925 in

194 3963 393 4018 verbis
421 3962 539 4016 suis
568 3960 852 4015 exteriora
878 3960 1034 4013 lucra
1063 3964 1373 4013 sectantur.

275 4052 438 4105 Vens.
473 4054 526 4103 5.
558 4079 627 4088 ——
661 4070 682 4097 ι
718 4048 826 4113 Qui
855 4048 924 4101 de
965 4046 1318 4101 convallibus
1364 4046 1471 4099 ista
1526 4046 1833 4116 rapientes.
1868 4065 1897 4097 ιθ

200 4142 282 4195 De
313 4138 671 4194 convallibus
713 4137 812 4191 illa
839 4136 1095 4208 rapiunt,
1125 4140 1252 4202 etc.,
1288 4150 1456 4204 usque
1480 4136 1555 4190 ad
1578 4136 1901 4190 carnalibus

195 4246 333 4301 quae
361 4229 515 4283 intus
544 4232 836 4298 premunt.

272 4320 439 4372 Vens.
474 4321 526 4372 6.
584 4348 650 4356 —
684 4336 712 4367 α
742 4316 807 4369 In
846 4314 1085 4369 desertis
1143 4314 1406 4369 habitant
1471 4314 1833 4368 torrentium.
1869 4335 1898 4362 »

196 4407 406 4479 (Ibid)
437 4407 765 4460 Inventores
817 4418 1239 4472 perversorum,
1289 4408 1415 4465 etc.,
1469 4417 1639 4471 usque
1667 4403 1742 4457 ad
1770 4406 1904 4457 sunt

198 4502 433 4551 terrena
460 4509 590 4566 quas
622 4492 758 4547 mali
803 4497 1017 4546 amant.

2062 801 2224 854 Vens.
2261 803 2313 854 9.
2366 830 2439 841 —
2499 821 2525 848 ‹‹
2574 801 2733 854 Nunc
2763 800 2822 853 in
2874 816 3074 854 eorum
3120 800 3430 869 canticum,
3489 822 3517 851 ››
3578 807 3685 858 etc.

1994 887 2252 941 Ecclesiae
2301 892 2527 958 tempus
2553 888 2916 957 exprimitur,
2945 904 3058 958 quo
3087 888 3314 957 publice
3346 904 3377 941 a
3426 890 3687 958 reprobis

1995 974 2235 1029 irridetn
2244 992 2293 1031 r.

2065 1083 2091 1112 α
2128 1064 2187 1116 Et
2223 1064 2401 1117 factus
2436 1079 2563 1117 sum
2593 1064 2674 1117 eis
2717 1063 3107 1133 proverbium.
3146 1083 3172 1115 υ
3222 1063 3415 1117 Pravis
3447 1081 3688 1134 prover-

1993 1149 2152 1204 bium
2184 1152 2485 1216 eflicietur,
2522 1152 2655 1223 quia
2684 1168 2814 1205 cum
2859 1151 3039 1205 bonos
3093 1151 3239 1205 mori
3272 1168 3372 1222 per
3402 1155 3687 1205 tormenta

1994 1239 2374 1309 conspiciunt,
2412 1240 2483 1293 ab
2532 1241 2614 1293 eis
2662 1240 3099 1293 similitudinem
3153 1240 3571 1293 maledictionis
3598 1256 3689 1292 su-

1995 1333 2181 1393 munt,
2222 1328 2510 1382 dicentes:
2545 1328 2635 1382 Sic
2665 1327 2852 1381 veniat
2884 1327 2989 1381 tibi
3046 1327 3193 1381 sicut
3243 1328 3327 1381 illi
3383 1327 3686 1389 trucidato,

2068 1415 2235 1469 Vens.
2276 1416 2357 1468 10.
2393 1446 2458 1454 —
2494 1436 2513 1463 ι
2552 1415 2973 1469 Abominantur
3003 1430 3114 1481 me,
3174 1420 3230 1469 et
3260 1415 3430 1483 longe
3461 1414 3691 1485 fugiunt

1997 1516 2030 1554 a
2055 1516 2169 1556 me.
2204 1520 2231 1552 ››
2265 1502 2455 1572 Longe
2484 1504 2553 1556 ab
2588 1503 2830 1555 Ecclesia
2854 1502 3081 1572 fugiunt
3117 1503 3325 1572 iniqui,
3357 1509 3487 1569 etc.,
3520 1518 3691 1571 usque

1995 1591 2073 1644 ad
2101 1590 2202 1643 scit
2234 1592 2383 1644 mala
2415 1608 2516 1644 sua
2540 1591 2781 1661 justitiae
2820 1590 3026 1660 iudicis
3057 1590 3329 1644 tribuere.
3391 1591 3684 1661 Sequitur.

1918 1720 1959 1773 Β
2069 1697 2233 1751 Vens.
2296 1700 2375 1750 ll.
2411 1726 2477 1737 —
2524 1715 2550 1747 α
2601 1698 2933 1750 Pharetram
2983 1697 3137 1749 enim
3187 1713 3348 1750 suam
3379 1698 3689 1766 aperuit.»

2000 1786 2105 1839 Per
2139 1784 2471 1853 pharetram
2530 1785 2815 1838 occultum
2874 1783 3278 1854 Deijudicium
3334 1784 3687 1854 designatur.

1997 1873 2137 1927 Cum
2169 1888 2305 1942 ergo
2341 1872 2616 1927 Dominus
2646 1877 2876 1943 peccata
2898 1872 3069 1935 videt,
3122 1878 3250 1939 etc.,
3284 1887 3454 1941 usque
3485 1873 3560 1926 ad
3590 1874 3688 1927 sed

1996 1960 2057 2013 in
2078 1961 2439 2031 correptione
2472 1962 2650 2014 virtus
2680 1960 2899 2014 consilii
2932 1963 3203 2030 aperitur.

2072 2069 2095 2098 ι
2141 2050 2205 2102 Et
2234 2049 2461 2103 frenum
2490 2050 2683 2119 posuit
2708 2049 2766 2103 in
2798 2066 2860 2102 os
2889 2031 3009 2103 me.
3050 2068 3075 2099 ι)
3129 2049 3321 2103 Sancti
3355 2050 3567 2120 quippe
3598 2050 3696 2103 do-

1998 2142 2202 2204 ctores,
2250 2137 2385 2191 dum
2439 2137 2611 2191 corda
2687 2138 3073 2191 resistentium
3140 2138 3337 2191 relicta
3421 2137 3695 2192 divinitus

1999 2224 2212 2291 vident,
2262 2226 2459 2279 afﬂicti
2516 2232 2927 2296 gementesque
2985 2226 3395 2289 conticescunt,
3476 2244 3546 2281 ne
3605 2228 3697 2280 lo-

2000 2318 2251 2383 quantur
2304 2314 2579 2384 indignis,
2624 2315 2724 2385 qui
2772 2320 2828 2367 et
2879 2314 3187 2368 deteriores
3245 2315 3470 2369 tierent.
3506 2316 3696 2370 Parcit

2002 2402 2167 2456 malis
2198 2403 2458 2468 tacendo,
2510 2403 2718 2474 quibus
2774 2408 2967 2457 tamen
2996 2402 3170 2456 vitam
3230 2420 3394 2457 suam
3450 2420 3553 2475 per
3602 2420 3700 2474 pa-

2005 2491 2262 2545 tientiam
2290 2490 2511 2544 suadet.

2077 2599 2236 2651 Vens.
2274 2600 2361 2652 1‘2.
2390 2627 2463 2638 —
2487 2618 2508 2645 ε
2550 2597 2633 2651 Ad
2677 2598 2966 2651 dexteram
2997 2596 3246 2651 Orientis
3276 2596 3694 2653 calamitates.»

2002 2686 2191 2756 (Ibid)
2221 2686 2563 2756 Redemptor
2593 2691 2786 2739 noster
2835 2686 3035 2740 Oriens
3065 2685 3293 2752 dicitur,
3352 2690 3495 2751 etc.,
3528 2702 3699 2754 usque

2006 2775 2081 2828 ad
2105 2774 2241 2845 quia
2270 2778 2605 2844 erumpente
2638 2774 3034 2843 persecutione
3082 2789 3392 2843 pravorum
3445 2774 3699 2845 impetus

2000 2864 2143 2933 justi
2170 2862 2489 2932 patiuntur.

2081 2972 2108 2999 ‹‹
2144 2951 2317 3005 Pedes
2348 2966 2502 3004 meos
2541 2950 2958 3003 subverterunt.
2996 2970 3018 2998 ι
3050 2951 3158 3003 Per
3212 2950 3384 3020 pedes
3421 2950 3699 3018 Ecclesiae,

2006 3044 2258 3095 extrema
2285 3038 2435 3092 illius
2465 3038 2725 3092 membra
2754 3038 3073 3107 signantur,
3102 3054 3232 3109 quas
3255 3038 3393 3092 dum
3424 3038 3495 3092 ad
3526 3055 3703 3109 opera

2004 3132 2231 3183 terrena
2314 3126 2661 3193 deserviunt,
2740 3131 2898 3180 tanto
2956 3126 3198 3180 celerius
3264 3127 3381 3181 falli
3437 3132 3698 3197 possunt,

2006 3220 2218 3287 quanto
2249 3215 2518 3268 sublimia
2544 3214 2738 3268 minus
2768 3213 3121 3284 intelligunt.

2081 3327 2103 3353 ι
2158 3305 2224 3357 Et
2274 3307 2683 3374 oppresserunt
2738 3303 2902 3373 quasi
2947 3303 3211 3356 ﬂuctibus
3242 3302 3478 3359 semitis.
3516 3324 3539 3351 ι
3574 3304 3695 3358 Ad-

2004 3392 2386 3446 versariorum
2426 3391 2627 3446 semita
2656 3392 2917 3445 ﬂuctibus
2976 3397 3360 3460 comparatur,
3414 3392 3548 3462 quia
3578 3393 3697 3447 vita

2003 3494 2316 3550 pravorum
2338 3478 2603 3532 insolenti
2634 3476 3031 3548 inquietudine
3064 3479 3323 3545 molesta,
3353 3479 3427 3533 ad
3456 3479 3703 3533 obruen-

2006 3569 2138 3623 dam
2169 3571 2254 3638 (ut
2282 3566 2360 3620 ita
2385 3565 2652 3635 dixerim)
2684 3582 2888 3620 navem
2930 3566 3133 3633 cordis,
3188 3567 3351 3639 quasi
3398 3572 3705 3639 tempestas

2008 3654 2283 3711 illabitur.

2080 3762 2246 3818 Vens.
2304 3762 2388 3814 13.
2425 3789 2493 3798 -
2555 3778 2583 3807 α
2630 3758 3058 3829 Dissipaverunt
3108 3759 3317 3813 itinera
3350 3776 3492 3814 mea.
3548 3760 3707 3815 Dicat

2006 3850 2114 3904 hoc
2141 3849 2343 3903 beatus
2376 3848 2480 3901 Job
2510 3847 2580 3901 de
2624 3847 2891 3917 malignis
2922 3847 3246 3917 spiritibus;
3279 3849 3431 3903 dicat
3461 3850 3707 3905 Ecclesia

2008 3937 2076 3990 de
2104 3934 2603 4007 persequentibus,
2637 3936 2739 4005 qui
2784 3935 2907 4005 ejus
2972 3935 3179 3989 itinera
3209 3936 3505 4007 dissipant,
3566 3938 3705 3991 dum

2008 4024 2070 4079 in
2109 4024 2493 4096 quorumdam
2524 4023 2890 4077 inﬁrmorum
2944 4023 3234 4077 mentibus
3267 4025 3521 4079 veritatis
3552 4026 3705 4080 viam

2010 4114 2269 4185 squalida
2299 4112 2663 4183 persuasione
2697 4111 3058 4181 perturbant.

2082 4221 2111 4253 «
2134 4202 2390 4256 Insidiati
2416 4206 2551 4255 sunt
2578 4201 2721 4255 mihi
2747 4206 2803 4255 et
2832 4202 3275 4271 praevaluerunt.
3303 4223 3331 4251 »
3368 4202 3707 4257 Insidiantes

2009 4292 2342 4363 praevalent,
2374 4306 2505 4345 cum
2559 4306 2656 4345 eos
2700 4306 2844 4362 quos
2895 4296 3090 4361 aperte
3121 4291 3191 4344 ad
3234 4292 3450 4345 malum
3477 4292 3705 4347 trahere

2012 4385 2328 4452 nequeunt,
2358 4379 2682 4434 simulando
2706 4380 2855 4434 bona
2886 4385 3240 4449 pervertunt.

2086 4488 2115 4521 ι(
2177 4471 2242 4523 Et
2288 4485 2403 4523 non
2461 4468 2570 4522 fuit
2622 4468 2724 4540 qui
2766 4468 2939 4521 ferret
2968 4468 3261 4523 auxilium.
3297 4488 3325 4521 ››
3360 4471 3705 4541 Plerumque

274 4605 305 4634 α
338 4585 401 4638 Et
452 4557 513 4636 in
570 4580 827 4635 cavernis
872 4586 1061 4635 terrte.
1115 4600 1143 4632 η
1200 4580 1403 4651 (Ιὺὶά.)
1458 4579 1721 4636 Haeretici
1747 4579 1902 4635 enim
2005 4558 2149 4651 Ws“
2178 4557 2558 4651 ‘uibul‘fuon?
2586 4557 2934 4627 deprehenSi
2979 4558 3191 4612 tardari
3232 4574 3469 4651 ξηδηιῗω
3499 4559 3703 4651 δυδῩθ’

197 4671 592 4737 clandestinis,
655 4674 789 4737 etc.,
843 4684 1013 4738 usque
1078 4669 1153 4723 ad
1208 4685 1391 4740 usque
1448 4670 1518 4723 ad
1602 4669 1754 4724 mala
1798 4669 1903 4724 de-

200 4760 453 4816 scendit.

269 4872 295 4900 ι
349 4849 444 4903 Vel
475 4864 647 4919 super
698 4848 971 4919 glaream.
1014 4865 1045 4899 ››
1077 4847 1337 4902 Glaream
1379 4845 1792 4901 munitissimos
1822 4847 1903 4901 la-

199 4938 367 5011 pides
396 4936 661 5002 dicimus,
708 4950 851 5006 quos
908 4950 1059 5005 aqua
1102 4934 1347 4988 ﬂuvialis
1377 4933 1597 4988 trahit:
1649 4934 1905 4989 heretici

198 5042 380 5095 super
406 5026 658 5096 glaream
690 5023 970 5089 habitant,
1020 5024 1153 5094 quia
1182 5024 1309 5077 illas
1355 5023 1658 5078 hominum
1688 5027 1907 5079 mentes

200 5115 460 5170 trahunt-
498 5128 629 5184 quaa
671 5112 831 5167 nulla
860 5111 1183 5165 stabilitatis
1216 5112 1494 5182 gravitate
1553 5112 1896 5168 solidantur.

276 5203 442 5257 Vens.
500 5205 556 5254 7.
588 5230 657 5241 —
712 5218 740 5251 α
776 5200 885 5265 Qui
914 5199 1066 5253 inter
1102 5200 1497 5270 hujuscemodi
1548 5201 1698 5255 laeta.
1734 5224 1753 5249 ι
1792 5202 1902 5255 Νο-

201 5291 364 5346 mine
405 5292 658 5357 sentiam,
710 5294 837 5355 etc.,
895 5303 1064 5357 usque
1110 5288 1185 5343 ad
1234 5289 1383 5343 unde
1425 5293 1483 5343 et
1526 5292 1720 5360 aperte
1768 5288 1904 5343 sub-

196 5379 522 5453 jnngﬂur:

284 5488 313 5519 α
346 5468 413 5522 Et
440 5483 561 5522 esse
593 5466 698 5522 sub
757 5466 1031 5533 sentibus,
1080 5487 1108 5515 »
1160 5469 1267 5520 etc.
1317 5464 1396 5520 De
1446 5464 1617 5519 rebus
1670 5464 1906 5537 quidem

204 5556 627 5629 temporalibus
674 5554 947 5625 gaudent,
980 5559 1111 5621 etc.,
1173 5569 1343 5623 usque
1370 5554 1445 5608 ad
1474 5571 1505 5608 a
1554 5554 1699 5624 jguo
1732 5554 1907 5608 servi-

2012 4646 2221 4701 nientis
2271 4646 2577 4712 aestimant,
2610 4662 2738 4700 cum
2789 4662 2847 4699 se
2877 4647 3349 4716 persequentium
3380 4648 3708 4702 immanitas

2011 4736 2188 4812 paulo.
2211 4735 2438 4805 longius
2498 4734 2828 4806 angustiat;
2888 4738 2946 4789 et
2998 4734 3219 4789 concita
3271 4736 3507 4806 quidem
3569 4742 3704 4791 sunt

2012 4824 2292 4895 ereptoris
2324 4823 2597 4886 remedia,
2638 4824 2733 4878 sed
2774 4823 2938 4877 tarda
2959 4823 3145 4877 dolori
3174 4822 3457 4879 videntur.

2082 4933 2243 4987 Vens.
2305 4932 2388 4986 14.
2424 4962 2490 4970 -
2525 4950 2553 4982 α
2624 4930 2797 4994 Quasi
2826 4935 2997 5001 rupto
3041 4945 3225 4984 muro.
3276 4950 3303 4981 η
3363 4931 3711 5003 Redemptor

2014 5020 2181 5075 nobis
2206 5027 2291 5076 est
2338 5036 2559 5085 murus,
2596 5024 2726 5087 etc.,
2782 5033 2952 5088 usque
3006 5018 3081 5072 ad
3137 5018 3291 5089 quod
3342 5019 3578 5090 quidem
3620 5022 3705 5087 tit,

2014 5110 2149 5182 quia
2178 5109 2348 5163 datur
2377 5126 2408 5163 a
2435 5110 2551 5163 Deo
2583 5112 2832 5178 potestas
2862 5106 3129 5162 inimicis.

2088 5219 2117 5247 ‹(
2146 5199 2209 5252 Et
2228 5201 2424 5267 aperta
2447 5197 2625 5267 janua
2652 5197 2944 5250 irruerunt
2976 5212 3148 5267 super
3176 5211 3288 5250 me.
3339 5216 3369 5249 ιο
3401 5196 3543 5251 Cum
3573 5213 3711 5267 per-

2015 5288 2190 5342 versis
2220 5287 2279 5341 in
2302 5287 2408 5340 hac
2437 5286 2570 5352 vita,
2602 5290 2734 5351 etc.,
2758 5299 2929 5354 usque
2956 5284 3031 5338 ad
3070 5284 3362 5339 destruere
3389 5285 3713 5340 munimina

2016 5375 2149 5431 ﬁdei
2181 5378 2480 5429 conantur.

2089 5482 2118 5514 u
2152 5464 2217 5518 Et
2246 5462 2316 5516 ad
2373 5477 2527 5515 meas
2578 5460 2837 5515 miserias
2888 5461 3140 5516 devoluti
3190 5465 3341 5518 sunt.
3387 5482 3409 5511 ι
3466 5462 3713 5534 Reprobi

2016 5569 2120 5623 per
2157 5567 2307 5617 suas,
2331 5556 2388 5604 et
2416 5550 2486 5605 ad
2519 5554 2739 5604 nostras
2769 5550 3029 5606 miserias
3057 5551 3449 5622 revolvuntur,
3480 5552 3711 5624 quando
