  <div class='ocr_page' id='page_1' title='image "/cluster/home/n/w/nwhite01/storage/ocr_20150623/113/hvd.32044054759782/423.png"; bbox 0 0 4082 6184; ppageno 0'>
   <div class='ocr_carea' id='block_1_1' title="bbox 359 308 462 360">
    <p class='ocr_par' dir='ltr' id='par_1_1' title="bbox 359 308 462 360">
     <span class='ocr_line' id='line_1_1' title="bbox 359 308 462 360; baseline -0.019 -1"><span class='ocrx_word' id='word_1_1' title='bbox 359 308 462 360; x_wconf 80' lang='grc'>835</span> 
     </span>
    </p>
   </div>
   <div class='ocr_carea' id='block_1_2' title="bbox 971 292 3853 354">
    <p class='ocr_par' dir='ltr' id='par_1_2' title="bbox 971 292 3853 354">
     <span class='ocr_line' id='line_1_2' title="bbox 971 292 3853 354; baseline -0.003 -1"><span class='ocrx_word' id='word_1_2' title='bbox 971 298 1362 354; x_wconf 84' lang='lat' dir='ltr'><strong>WALAFRIDI</strong></span> <span class='ocrx_word' id='word_1_3' title='bbox 1401 297 1649 352; x_wconf 81' lang='lat' dir='ltr'>STRABI</span> <span class='ocrx_word' id='word_1_4' title='bbox 1690 296 1884 352; x_wconf 85' lang='lat' dir='ltr'>FULD.</span> <span class='ocrx_word' id='word_1_5' title='bbox 1929 298 2092 352; x_wconf 75' lang='lat' dir='ltr'>MON.</span> <span class='ocrx_word' id='word_1_6' title='bbox 2135 296 2286 351; x_wconf 87' lang='lat' dir='ltr'>OPP.</span> <span class='ocrx_word' id='word_1_7' title='bbox 2330 297 2505 351; x_wconf 82' lang='lat' dir='ltr'>PARS</span> <span class='ocrx_word' id='word_1_8' title='bbox 2543 296 2585 350; x_wconf 92' lang='grc' dir='ltr'>Ι.</span> <span class='ocrx_word' id='word_1_9' title='bbox 2626 324 2696 333; x_wconf 88' lang='grc'><strong>-</strong></span> <span class='ocrx_word' id='word_1_10' title='bbox 2733 292 3190 349; x_wconf 83' lang='lat' dir='ltr'>THEOLOGICA.</span> <span class='ocrx_word' id='word_1_11' title='bbox 3757 294 3853 345; x_wconf 79' lang='lat'>836</span> 
     </span>
    </p>
   </div>
   <div class='ocr_carea' id='block_1_3' title="bbox 359 415 3855 496">
    <p class='ocr_par' dir='ltr' id='par_1_3' title="bbox 359 415 3855 496">
     <span class='ocr_line' id='line_1_3' title="bbox 359 415 3855 496; baseline -0.004 -13"><span class='ocrx_word' id='word_1_12' title='bbox 359 430 427 484; x_wconf 90' lang='lat' dir='ltr'>ad</span> <span class='ocrx_word' id='word_1_13' title='bbox 452 445 518 482; x_wconf 91' lang='lat' dir='ltr'>ea</span> <span class='ocrx_word' id='word_1_14' title='bbox 537 427 709 490; x_wconf 90' lang='lat' dir='ltr'>mala,</span> <span class='ocrx_word' id='word_1_15' title='bbox 731 425 790 479; x_wconf 91' lang='lat' dir='ltr'>in</span> <span class='ocrx_word' id='word_1_16' title='bbox 813 423 1019 496; x_wconf 87' lang='lat' dir='ltr'>quibus</span> <span class='ocrx_word' id='word_1_17' title='bbox 1047 423 1156 493; x_wconf 90' lang='lat' dir='ltr'>ipsi</span> <span class='ocrx_word' id='word_1_18' title='bbox 1187 421 1460 492; x_wconf 74' lang='lat' dir='ltr'>implicati</span> <span class='ocrx_word' id='word_1_19' title='bbox 1490 426 1641 487; x_wconf 88' lang='lat' dir='ltr'>sunt,</span> <span class='ocrx_word' id='word_1_20' title='bbox 1665 421 1840 474; x_wconf 86' lang='lat' dir='ltr'>etiam</span> <span class='ocrx_word' id='word_1_21' title='bbox 1873 437 2051 492; x_wconf 90' lang='lat' dir='ltr'>quos-</span> <span class='ocrx_word' id='word_1_22' title='bbox 2091 424 2137 476; x_wconf 80' lang='grc' dir='ltr'><strong>Α</strong></span> <span class='ocrx_word' id='word_1_23' title='bbox 2171 420 2308 485; x_wconf 83' lang='lat' dir='ltr'>Quae</span> <span class='ocrx_word' id='word_1_24' title='bbox 2340 425 2554 474; x_wconf 67' lang='lat' dir='ltr'>aeterna</span> <span class='ocrx_word' id='word_1_25' title='bbox 2584 417 2795 487; x_wconf 81' lang='lat' dir='ltr'>gaudia</span> <span class='ocrx_word' id='word_1_26' title='bbox 2823 417 3172 485; x_wconf 90' lang='lat' dir='ltr'>desiderans,</span> <span class='ocrx_word' id='word_1_27' title='bbox 3221 416 3319 470; x_wconf 92' lang='lat' dir='ltr'>sed</span> <span class='ocrx_word' id='word_1_28' title='bbox 3350 415 3486 470; x_wconf 89' lang='lat' dir='ltr'>dum</span> <span class='ocrx_word' id='word_1_29' title='bbox 3517 415 3855 470; x_wconf 72' lang='lat' dir='ltr'>differuntur</span> 
     </span>
    </p>
   </div>
   <div class='ocr_carea' id='block_1_4' title="bbox 360 513 1200 572">
    <p class='ocr_par' dir='ltr' id='par_1_4' title="bbox 360 513 1200 572">
     <span class='ocr_line' id='line_1_4' title="bbox 360 513 1200 572; baseline -0.01 0"><span class='ocrx_word' id='word_1_30' title='bbox 360 518 490 572; x_wconf 89' lang='lat' dir='ltr'>dam</span> <span class='ocrx_word' id='word_1_31' title='bbox 521 515 687 569; x_wconf 90' lang='lat' dir='ltr'>nobis</span> <span class='ocrx_word' id='word_1_32' title='bbox 719 513 912 568; x_wconf 90' lang='lat' dir='ltr'>unitos</span> <span class='ocrx_word' id='word_1_33' title='bbox 941 513 1200 566; x_wconf 91' lang='lat' dir='ltr'>trahunt.</span> 
     </span>
    </p>
   </div>
   <div class='ocr_carea' id='block_1_5' title="bbox 439 597 2057 668">
    <p class='ocr_par' dir='ltr' id='par_1_5' title="bbox 439 597 2057 668">
     <span class='ocr_line' id='line_1_5' title="bbox 439 597 2057 668; baseline -0.005 -10"><span class='ocrx_word' id='word_1_34' title='bbox 439 607 597 659; x_wconf 72' lang='lat' dir='ltr'>Vens.</span> <span class='ocrx_word' id='word_1_35' title='bbox 633 607 718 658; x_wconf 82' lang='lat'>15.</span> <span class='ocrx_word' id='word_1_36' title='bbox 761 634 827 642; x_wconf 91' lang='lat'>—</span> <span class='ocrx_word' id='word_1_37' title='bbox 859 620 886 652; x_wconf 80' lang='grc' dir='ltr'>α</span> <span class='ocrx_word' id='word_1_38' title='bbox 943 601 1222 656; x_wconf 82' lang='lat' dir='ltr'>Redactus</span> <span class='ocrx_word' id='word_1_39' title='bbox 1250 615 1376 652; x_wconf 90' lang='lat' dir='ltr'>sum</span> <span class='ocrx_word' id='word_1_40' title='bbox 1409 599 1466 651; x_wconf 91' lang='lat' dir='ltr'>in</span> <span class='ocrx_word' id='word_1_41' title='bbox 1503 597 1770 652; x_wconf 86' lang='lat' dir='ltr'>nihilum.</span> <span class='ocrx_word' id='word_1_42' title='bbox 1819 619 1840 644; x_wconf 75' lang='grc' dir='ltr'><strong>ι</strong></span> <span class='ocrx_word' id='word_1_43' title='bbox 1893 597 2057 668; x_wconf 84' lang='lat' dir='ltr'>Apud</span> 
     </span>
    </p>
   </div>
   <div class='ocr_carea' id='block_1_6' title="bbox 364 687 2057 757">
    <p class='ocr_par' dir='ltr' id='par_1_6' title="bbox 364 687 2057 757">
     <span class='ocr_line' id='line_1_6' title="bbox 364 687 2057 757; baseline -0.005 -10"><span class='ocrx_word' id='word_1_44' title='bbox 364 693 827 757; x_wconf 66' lang='lat' dir='ltr'>aestimationem,</span> <span class='ocrx_word' id='word_1_45' title='bbox 870 691 1172 754; x_wconf 91' lang='lat' dir='ltr'>malorum,</span> <span class='ocrx_word' id='word_1_46' title='bbox 1206 694 1335 753; x_wconf 91' lang='lat' dir='ltr'>etc.,</span> <span class='ocrx_word' id='word_1_47' title='bbox 1366 702 1534 755; x_wconf 85' lang='lat' dir='ltr'>usque</span> <span class='ocrx_word' id='word_1_48' title='bbox 1565 687 1639 740; x_wconf 88' lang='lat' dir='ltr'>ad</span> <span class='ocrx_word' id='word_1_49' title='bbox 1661 692 1716 740; x_wconf 87' lang='lat' dir='ltr'>et</span> <span class='ocrx_word' id='word_1_50' title='bbox 1745 687 2057 740; x_wconf 88' lang='lat' dir='ltr'>secundum</span> 
     </span>
    </p>
   </div>
   <div class='ocr_carea' id='block_1_7' title="bbox 361 778 1412 848">
    <p class='ocr_par' dir='ltr' id='par_1_7' title="bbox 361 778 1412 848">
     <span class='ocr_line' id='line_1_7' title="bbox 361 778 1412 848; baseline -0.008 -12"><span class='ocrx_word' id='word_1_51' title='bbox 361 780 658 836; x_wconf 81' lang='lat' dir='ltr'>historiam</span> <span class='ocrx_word' id='word_1_52' title='bbox 679 783 833 844; x_wconf 89' lang='lat' dir='ltr'>sunt,</span> <span class='ocrx_word' id='word_1_53' title='bbox 865 778 1020 848; x_wconf 90' lang='lat' dir='ltr'>quod</span> <span class='ocrx_word' id='word_1_54' title='bbox 1050 781 1133 831; x_wconf 89' lang='lat' dir='ltr'>est</span> <span class='ocrx_word' id='word_1_55' title='bbox 1152 779 1412 847; x_wconf 89' lang='lat' dir='ltr'>planum.</span> 
     </span>
    </p>
   </div>
   <div class='ocr_carea' id='block_1_8' title="bbox 439 863 2060 937">
    <p class='ocr_par' dir='ltr' id='par_1_8' title="bbox 439 863 2060 937">
     <span class='ocr_line' id='line_1_8' title="bbox 439 863 2060 937; baseline -0.002 -19"><span class='ocrx_word' id='word_1_56' title='bbox 439 891 459 918; x_wconf 74' lang='grc' dir='ltr'>ι</span> <span class='ocrx_word' id='word_1_57' title='bbox 489 867 786 923; x_wconf 85' lang='lat' dir='ltr'>Abstulisti</span> <span class='ocrx_word' id='word_1_58' title='bbox 801 865 965 937; x_wconf 88' lang='lat' dir='ltr'>quasi</span> <span class='ocrx_word' id='word_1_59' title='bbox 995 871 1200 920; x_wconf 90' lang='lat' dir='ltr'>ventus</span> <span class='ocrx_word' id='word_1_60' title='bbox 1229 863 1574 918; x_wconf 83' lang='lat' dir='ltr'>desiderium</span> <span class='ocrx_word' id='word_1_61' title='bbox 1599 880 1811 917; x_wconf 90' lang='lat' dir='ltr'>meum.</span> <span class='ocrx_word' id='word_1_62' title='bbox 1843 885 1870 912; x_wconf 77' lang='lat' dir='ltr'>n</span> <span class='ocrx_word' id='word_1_63' title='bbox 1900 863 2060 917; x_wconf 71' lang='lat' dir='ltr'>Fldt&#39;-</span> 
     </span>
    </p>
   </div>
   <div class='ocr_carea' id='block_1_9' title="bbox 369 943 2056 1028">
    <p class='ocr_par' dir='ltr' id='par_1_9' title="bbox 369 943 2056 1028">
     <span class='ocr_line' id='line_1_9' title="bbox 369 943 2056 1028; baseline -0.003 -18"><span class='ocrx_word' id='word_1_64' title='bbox 369 957 440 1010; x_wconf 90' lang='lat' dir='ltr'>lis</span> <span class='ocrx_word' id='word_1_65' title='bbox 464 956 711 1028; x_wconf 88' lang='lat' dir='ltr'>populus</span> <span class='ocrx_word' id='word_1_66' title='bbox 743 971 800 1008; x_wconf 93' lang='lat' dir='ltr'>se</span> <span class='ocrx_word' id='word_1_67' title='bbox 847 954 966 1024; x_wconf 89' lang='lat' dir='ltr'>pati</span> <span class='ocrx_word' id='word_1_68' title='bbox 998 953 1318 1018; x_wconf 82' lang='lat' dir='ltr'>denuntiat,</span> <span class='ocrx_word' id='word_1_69' title='bbox 1353 953 1504 1023; x_wconf 87' lang='lat' dir='ltr'>quod</span> <span class='ocrx_word' id='word_1_70' title='bbox 1552 943 1651 1005; x_wconf 36' lang='lat' dir='ltr'>eos.</span> <span class='ocrx_word' id='word_1_71' title='bbox 1673 969 1816 1022; x_wconf 89' lang='lat' dir='ltr'>quos</span> <span class='ocrx_word' id='word_1_72' title='bbox 1845 953 2056 1022; x_wconf 84' lang='lat' dir='ltr'>diligit,</span> 
     </span>
    </p>
   </div>
   <div class='ocr_carea' id='block_1_10' title="bbox 363 1041 2058 1116">
    <p class='ocr_par' dir='ltr' id='par_1_10' title="bbox 363 1041 2058 1116">
     <span class='ocr_line' id='line_1_10' title="bbox 363 1041 2058 1116; baseline -0.002 -18"><span class='ocrx_word' id='word_1_73' title='bbox 363 1045 480 1116; x_wconf 91' lang='lat' dir='ltr'>pati</span> <span class='ocrx_word' id='word_1_74' title='bbox 525 1045 697 1099; x_wconf 86' lang='lat' dir='ltr'>dolet.</span> <span class='ocrx_word' id='word_1_75' title='bbox 748 1044 961 1097; x_wconf 91' lang='lat' dir='ltr'>Ventus</span> <span class='ocrx_word' id='word_1_76' title='bbox 1007 1057 1143 1110; x_wconf 85' lang='lat' dir='ltr'>ergo</span> <span class='ocrx_word' id='word_1_77' title='bbox 1191 1041 1536 1095; x_wconf 78' lang='lat' dir='ltr'>desiderium</span> <span class='ocrx_word' id='word_1_78' title='bbox 1593 1041 1763 1107; x_wconf 89' lang='lat' dir='ltr'>tollit,</span> <span class='ocrx_word' id='word_1_79' title='bbox 1811 1057 1939 1094; x_wconf 91' lang='lat' dir='ltr'>cum</span> <span class='ocrx_word' id='word_1_80' title='bbox 1973 1057 2058 1094; x_wconf 91' lang='lat' dir='ltr'>res</span> 
     </span>
    </p>
   </div>
   <div class='ocr_carea' id='block_1_11' title="bbox 363 1130 2054 1205">
    <p class='ocr_par' dir='ltr' id='par_1_11' title="bbox 363 1130 2054 1205">
     <span class='ocr_line' id='line_1_11' title="bbox 363 1130 2054 1205; baseline -0.002 -17"><span class='ocrx_word' id='word_1_81' title='bbox 363 1135 635 1205; x_wconf 82' lang='lat' dir='ltr'>quaelibet</span> <span class='ocrx_word' id='word_1_82' title='bbox 672 1132 996 1187; x_wconf 80' lang='lat' dir='ltr'>transitoria</span> <span class='ocrx_word' id='word_1_83' title='bbox 1051 1130 1383 1184; x_wconf 60' lang='lat' dir='ltr'>mternitatis</span> <span class='ocrx_word' id='word_1_84' title='bbox 1432 1131 1746 1200; x_wconf 88' lang='lat' dir='ltr'>appetitum</span> <span class='ocrx_word' id='word_1_85' title='bbox 1796 1132 2054 1199; x_wconf 71' lang='lat' dir='ltr'>destruit.</span> 
     </span>
    </p>
   </div>
   <div class='ocr_carea' id='block_1_12' title="bbox 439 1219 2057 1291">
    <p class='ocr_par' dir='ltr' id='par_1_12' title="bbox 439 1219 2057 1291">
     <span class='ocr_line' id='line_1_12' title="bbox 439 1219 2057 1291; baseline -0.001 -18"><span class='ocrx_word' id='word_1_86' title='bbox 439 1244 468 1273; x_wconf 73' lang='grc' dir='ltr'>ς(</span> <span class='ocrx_word' id='word_1_87' title='bbox 499 1224 664 1276; x_wconf 85' lang='lat' dir='ltr'>Velut</span> <span class='ocrx_word' id='word_1_88' title='bbox 693 1221 872 1276; x_wconf 90' lang='lat' dir='ltr'>nubes</span> <span class='ocrx_word' id='word_1_89' title='bbox 912 1219 1264 1291; x_wconf 84' lang='lat' dir='ltr'>pertransiit.</span> <span class='ocrx_word' id='word_1_90' title='bbox 1321 1241 1342 1267; x_wconf 70' lang='grc' dir='ltr'><strong><em>ν</em></strong></span> <span class='ocrx_word' id='word_1_91' title='bbox 1379 1220 1566 1273; x_wconf 80' lang='lat' dir='ltr'>Nubes</span> <span class='ocrx_word' id='word_1_92' title='bbox 1589 1219 1644 1272; x_wconf 92' lang='lat' dir='ltr'>in</span> <span class='ocrx_word' id='word_1_93' title='bbox 1676 1220 1788 1272; x_wconf 91' lang='lat' dir='ltr'>alto</span> <span class='ocrx_word' id='word_1_94' title='bbox 1823 1219 2057 1283; x_wconf 85' lang='lat' dir='ltr'>eminet,</span> 
     </span>
    </p>
   </div>
   <div class='ocr_carea' id='block_1_13' title="bbox 364 1309 2060 1378">
    <p class='ocr_par' dir='ltr' id='par_1_13' title="bbox 364 1309 2060 1378">
     <span class='ocr_line' id='line_1_13' title="bbox 364 1309 2060 1378; baseline -0.004 -10"><span class='ocrx_word' id='word_1_95' title='bbox 364 1314 458 1368; x_wconf 90' lang='lat' dir='ltr'>sed</span> <span class='ocrx_word' id='word_1_96' title='bbox 490 1313 638 1367; x_wconf 90' lang='lat' dir='ltr'>hanc</span> <span class='ocrx_word' id='word_1_97' title='bbox 666 1312 737 1366; x_wconf 91' lang='lat' dir='ltr'>ad</span> <span class='ocrx_word' id='word_1_98' title='bbox 795 1327 1025 1365; x_wconf 80' lang='lat' dir='ltr'>cursum</span> <span class='ocrx_word' id='word_1_99' title='bbox 1080 1309 1250 1363; x_wconf 83' lang='lat' dir='ltr'>ﬂatus</span> <span class='ocrx_word' id='word_1_100' title='bbox 1278 1309 1523 1378; x_wconf 85' lang='lat' dir='ltr'>impellit</span> <span class='ocrx_word' id='word_1_101' title='bbox 1555 1325 1567 1362; x_wconf 93' lang='lat'><strong>:</strong></span> <span class='ocrx_word' id='word_1_102' title='bbox 1601 1309 1754 1361; x_wconf 84' lang='lat' dir='ltr'>salus</span> <span class='ocrx_word' id='word_1_103' title='bbox 1812 1325 1948 1378; x_wconf 87' lang='lat' dir='ltr'>ergo</span> <span class='ocrx_word' id='word_1_104' title='bbox 1994 1314 2060 1362; x_wconf 88' lang='lat' dir='ltr'>ut</span> 
     </span>
    </p>
   </div>
   <div class='ocr_carea' id='block_1_14' title="bbox 365 1396 2057 1469">
    <p class='ocr_par' dir='ltr' id='par_1_14' title="bbox 365 1396 2057 1469">
     <span class='ocr_line' id='line_1_14' title="bbox 365 1396 2057 1469; baseline -0.004 -14"><span class='ocrx_word' id='word_1_105' title='bbox 365 1401 546 1455; x_wconf 91' lang='lat' dir='ltr'>nubes</span> <span class='ocrx_word' id='word_1_106' title='bbox 576 1399 824 1465; x_wconf 83' lang='lat' dir='ltr'>transiit,</span> <span class='ocrx_word' id='word_1_107' title='bbox 857 1398 994 1469; x_wconf 90' lang='lat' dir='ltr'>quia</span> <span class='ocrx_word' id='word_1_108' title='bbox 1013 1413 1404 1467; x_wconf 89' lang='lat' dir='ltr'>perversorum</span> <span class='ocrx_word' id='word_1_109' title='bbox 1436 1396 1643 1466; x_wconf 78' lang='lat' dir='ltr'>gloria,</span> <span class='ocrx_word' id='word_1_110' title='bbox 1671 1412 1784 1466; x_wconf 91' lang='lat' dir='ltr'>quo</span> <span class='ocrx_word' id='word_1_111' title='bbox 1807 1397 1922 1450; x_wconf 89' lang='lat' dir='ltr'>alta</span> <span class='ocrx_word' id='word_1_112' title='bbox 1954 1401 2057 1461; x_wconf 91' lang='lat' dir='ltr'>est,</span> 
     </span>
    </p>
   </div>
   <div class='ocr_carea' id='block_1_15' title="bbox 362 1485 2060 1557">
    <p class='ocr_par' dir='ltr' id='par_1_15' title="bbox 362 1485 2060 1557">
     <span class='ocr_line' id='line_1_15' title="bbox 362 1485 2060 1557; baseline -0.004 -13"><span class='ocrx_word' id='word_1_113' title='bbox 362 1491 474 1544; x_wconf 82' lang='lat' dir='ltr'>ﬁxa</span> <span class='ocrx_word' id='word_1_114' title='bbox 506 1506 617 1544; x_wconf 90' lang='lat' dir='ltr'>non</span> <span class='ocrx_word' id='word_1_115' title='bbox 645 1492 748 1543; x_wconf 90' lang='lat' dir='ltr'>est.</span> <span class='ocrx_word' id='word_1_116' title='bbox 794 1486 1042 1557; x_wconf 84' lang='lat' dir='ltr'>Expletis</span> <span class='ocrx_word' id='word_1_117' title='bbox 1074 1485 1372 1540; x_wconf 88' lang='lat' dir='ltr'>desideriis</span> <span class='ocrx_word' id='word_1_118' title='bbox 1413 1490 1468 1538; x_wconf 91' lang='lat' dir='ltr'>et</span> <span class='ocrx_word' id='word_1_119' title='bbox 1493 1485 1714 1538; x_wconf 86' lang='lat' dir='ltr'>actibus</span> <span class='ocrx_word' id='word_1_120' title='bbox 1760 1485 2060 1539; x_wconf 79' lang='lat' dir='ltr'>inﬁrman-</span> 
     </span>
    </p>
   </div>
   <div class='ocr_carea' id='block_1_16' title="bbox 363 1573 1393 1643">
    <p class='ocr_par' dir='ltr' id='par_1_16' title="bbox 363 1573 1393 1643">
     <span class='ocr_line' id='line_1_16' title="bbox 363 1573 1393 1643; baseline -0.009 -10"><span class='ocrx_word' id='word_1_121' title='bbox 363 1580 529 1643; x_wconf 89' lang='lat' dir='ltr'>tium,</span> <span class='ocrx_word' id='word_1_122' title='bbox 563 1579 633 1632; x_wconf 92' lang='lat' dir='ltr'>ad</span> <span class='ocrx_word' id='word_1_123' title='bbox 660 1592 853 1630; x_wconf 85' lang='lat' dir='ltr'>vocem</span> <span class='ocrx_word' id='word_1_124' title='bbox 884 1576 1195 1628; x_wconf 85' lang='lat' dir='ltr'>electorum</span> <span class='ocrx_word' id='word_1_125' title='bbox 1228 1573 1393 1626; x_wconf 90' lang='lat' dir='ltr'>redit.</span> 
     </span>
    </p>
   </div>
   <div class='ocr_carea' id='block_1_17' title="bbox 433 1660 2057 1729">
    <p class='ocr_par' dir='ltr' id='par_1_17' title="bbox 433 1660 2057 1729">
     <span class='ocr_line' id='line_1_17' title="bbox 433 1660 2057 1729; baseline -0.002 -11"><span class='ocrx_word' id='word_1_126' title='bbox 433 1668 590 1720; x_wconf 76' lang='lat' dir='ltr'>Vens.</span> <span class='ocrx_word' id='word_1_127' title='bbox 655 1669 839 1719; x_wconf 75' lang='lat'>{6.—</span> <span class='ocrx_word' id='word_1_128' title='bbox 891 1682 918 1713; x_wconf 75' lang='grc' dir='ltr'><strong>(ι</strong></span> <span class='ocrx_word' id='word_1_129' title='bbox 981 1664 1138 1716; x_wconf 86' lang='lat' dir='ltr'>Nunc</span> <span class='ocrx_word' id='word_1_130' title='bbox 1171 1666 1360 1714; x_wconf 88' lang='lat' dir='ltr'>autem</span> <span class='ocrx_word' id='word_1_131' title='bbox 1413 1660 1470 1713; x_wconf 93' lang='lat' dir='ltr'>in</span> <span class='ocrx_word' id='word_1_132' title='bbox 1519 1660 1878 1729; x_wconf 87' lang='lat' dir='ltr'>memetipso.</span> <span class='ocrx_word' id='word_1_133' title='bbox 1932 1683 1958 1710; x_wconf 70' lang='grc' dir='ltr'>υ</span> <span class='ocrx_word' id='word_1_134' title='bbox 1995 1662 2057 1714; x_wconf 91' lang='lat' dir='ltr'>In</span> 
     </span>
    </p>
   </div>
   <div class='ocr_carea' id='block_1_18' title="bbox 360 1749 2059 1822">
    <p class='ocr_par' dir='ltr' id='par_1_18' title="bbox 360 1749 2059 1822">
     <span class='ocr_line' id='line_1_18' title="bbox 360 1749 2059 1822; baseline -0.004 -14"><span class='ocrx_word' id='word_1_135' title='bbox 360 1753 783 1822; x_wconf 89' lang='lat' dir='ltr'>nobismetipsis</span> <span class='ocrx_word' id='word_1_136' title='bbox 814 1767 967 1805; x_wconf 91' lang='lat' dir='ltr'>nunc</span> <span class='ocrx_word' id='word_1_137' title='bbox 1022 1750 1233 1815; x_wconf 90' lang='lat' dir='ltr'>anima,</span> <span class='ocrx_word' id='word_1_138' title='bbox 1271 1754 1404 1814; x_wconf 91' lang='lat' dir='ltr'>etc.,</span> <span class='ocrx_word' id='word_1_139' title='bbox 1442 1765 1610 1817; x_wconf 80' lang='lat' dir='ltr'>usque</span> <span class='ocrx_word' id='word_1_140' title='bbox 1639 1749 1714 1802; x_wconf 84' lang='lat' dir='ltr'>ad</span> <span class='ocrx_word' id='word_1_141' title='bbox 1744 1750 1894 1803; x_wconf 90' lang='lat' dir='ltr'>unde</span> <span class='ocrx_word' id='word_1_142' title='bbox 1927 1766 2059 1803; x_wconf 76' lang='lat' dir='ltr'>mox</span> 
     </span>
    </p>
   </div>
   <div class='ocr_carea' id='block_1_19' title="bbox 361 1839 986 1897">
    <p class='ocr_par' dir='ltr' id='par_1_19' title="bbox 361 1839 986 1897">
     <span class='ocr_line' id='line_1_19' title="bbox 361 1839 986 1897; baseline -0.006 -1"><span class='ocrx_word' id='word_1_143' title='bbox 361 1844 430 1897; x_wconf 90' lang='lat' dir='ltr'>ad</span> <span class='ocrx_word' id='word_1_144' title='bbox 464 1845 794 1896; x_wconf 90' lang='lat' dir='ltr'>corruentes</span> <span class='ocrx_word' id='word_1_145' title='bbox 818 1839 986 1893; x_wconf 86' lang='lat' dir='ltr'>redit.</span> 
     </span>
    </p>
   </div>
   <div class='ocr_carea' id='block_1_20' title="bbox 433 1925 2059 1996">
    <p class='ocr_par' dir='ltr' id='par_1_20' title="bbox 433 1925 2059 1996">
     <span class='ocr_line' id='line_1_20' title="bbox 433 1925 2059 1996; baseline 0 -16"><span class='ocrx_word' id='word_1_146' title='bbox 433 1932 595 1983; x_wconf 74' lang='lat' dir='ltr'>Vens.</span> <span class='ocrx_word' id='word_1_147' title='bbox 636 1933 719 1982; x_wconf 84' lang='lat' dir='ltr'>t7.</span> <span class='ocrx_word' id='word_1_148' title='bbox 759 1958 828 1967; x_wconf 96' lang='lat'><strong><em>—</em></strong></span> <span class='ocrx_word' id='word_1_149' title='bbox 865 1949 885 1975; x_wconf 75' lang='grc' dir='ltr'>ι</span> <span class='ocrx_word' id='word_1_150' title='bbox 915 1929 1099 1996; x_wconf 57' lang='grc' dir='ltr'>ίΝοριθ</span> <span class='ocrx_word' id='word_1_151' title='bbox 1127 1942 1188 1978; x_wconf 90' lang='lat' dir='ltr'>os</span> <span class='ocrx_word' id='word_1_152' title='bbox 1243 1942 1433 1979; x_wconf 90' lang='lat' dir='ltr'>meum</span> <span class='ocrx_word' id='word_1_153' title='bbox 1468 1925 1786 1996; x_wconf 81' lang='lat' dir='ltr'>perforatur</span> <span class='ocrx_word' id='word_1_154' title='bbox 1839 1926 2059 1980; x_wconf 89' lang='lat' dir='ltr'>dolori-</span> 
     </span>
    </p>
   </div>
   <div class='ocr_carea' id='block_1_21' title="bbox 360 2014 2058 2084">
    <p class='ocr_par' dir='ltr' id='par_1_21' title="bbox 360 2014 2058 2084">
     <span class='ocr_line' id='line_1_21' title="bbox 360 2014 2058 2084; baseline -0.002 -12"><span class='ocrx_word' id='word_1_155' title='bbox 360 2019 486 2072; x_wconf 80' lang='lat' dir='ltr'>bus.</span> <span class='ocrx_word' id='word_1_156' title='bbox 523 2041 549 2065; x_wconf 83' lang='grc'><strong>››</strong></span> <span class='ocrx_word' id='word_1_157' title='bbox 585 2018 677 2071; x_wconf 87' lang='lat' dir='ltr'>Sic</span> <span class='ocrx_word' id='word_1_158' title='bbox 711 2033 810 2069; x_wconf 90' lang='lat' dir='ltr'>sua</span> <span class='ocrx_word' id='word_1_159' title='bbox 834 2015 986 2081; x_wconf 88' lang='lat' dir='ltr'>dicit,</span> <span class='ocrx_word' id='word_1_160' title='bbox 1014 2019 1078 2067; x_wconf 92' lang='lat' dir='ltr'>ut</span> <span class='ocrx_word' id='word_1_161' title='bbox 1107 2014 1520 2068; x_wconf 88' lang='lat' dir='ltr'>etcadentibus</span> <span class='ocrx_word' id='word_1_162' title='bbox 1549 2020 1886 2084; x_wconf 83' lang='lat' dir='ltr'>congruant,</span> <span class='ocrx_word' id='word_1_163' title='bbox 1924 2020 2058 2081; x_wconf 84' lang='lat' dir='ltr'>etc.,</span> 
     </span>
    </p>
   </div>
   <div class='ocr_carea' id='block_1_22' title="bbox 359 2101 2057 2173">
    <p class='ocr_par' dir='ltr' id='par_1_22' title="bbox 359 2101 2057 2173">
     <span class='ocr_line' id='line_1_22' title="bbox 359 2101 2057 2173; baseline -0.002 -15"><span class='ocrx_word' id='word_1_164' title='bbox 359 2120 525 2172; x_wconf 81' lang='lat' dir='ltr'>usque</span> <span class='ocrx_word' id='word_1_165' title='bbox 556 2104 629 2157; x_wconf 84' lang='lat' dir='ltr'>ad</span> <span class='ocrx_word' id='word_1_166' title='bbox 686 2101 849 2173; x_wconf 91' lang='lat' dir='ltr'>quasi</span> <span class='ocrx_word' id='word_1_167' title='bbox 872 2102 991 2172; x_wconf 84' lang='lat' dir='ltr'>jam</span> <span class='ocrx_word' id='word_1_168' title='bbox 1044 2101 1332 2171; x_wconf 86' lang='lat' dir='ltr'>quoddam</span> <span class='ocrx_word' id='word_1_169' title='bbox 1373 2101 1619 2155; x_wconf 88' lang='lat' dir='ltr'>habeant</span> <span class='ocrx_word' id='word_1_170' title='bbox 1669 2101 1926 2155; x_wconf 87' lang='lat' dir='ltr'>foramen</span> <span class='ocrx_word' id='word_1_171' title='bbox 1984 2102 2057 2155; x_wconf 90' lang='lat' dir='ltr'>ti-</span> 
     </span>
    </p>
   </div>
   <div class='ocr_carea' id='block_1_23' title="bbox 365 2193 568 2246">
    <p class='ocr_par' dir='ltr' id='par_1_23' title="bbox 365 2193 568 2246">
     <span class='ocr_line' id='line_1_23' title="bbox 365 2193 568 2246; baseline -0.005 0"><span class='ocrx_word' id='word_1_172' title='bbox 365 2193 568 2246; x_wconf 88' lang='lat' dir='ltr'>moris.</span> 
     </span>
    </p>
   </div>
   <div class='ocr_carea' id='block_1_24' title="bbox 435 2278 2059 2350">
    <p class='ocr_par' dir='ltr' id='par_1_24' title="bbox 435 2278 2059 2350">
     <span class='ocr_line' id='line_1_24' title="bbox 435 2278 2059 2350; baseline -0.001 -18"><span class='ocrx_word' id='word_1_173' title='bbox 435 2301 462 2332; x_wconf 85' lang='lat'><strong>«</strong></span> <span class='ocrx_word' id='word_1_174' title='bbox 500 2282 562 2334; x_wconf 90' lang='lat' dir='ltr'>Et</span> <span class='ocrx_word' id='word_1_175' title='bbox 588 2279 795 2350; x_wconf 91' lang='lat' dir='ltr'>quime</span> <span class='ocrx_word' id='word_1_176' title='bbox 825 2278 1127 2332; x_wconf 88' lang='lat' dir='ltr'>comedunt</span> <span class='ocrx_word' id='word_1_177' title='bbox 1160 2318 1172 2330; x_wconf 96' lang='lat'>.</span> <span class='ocrx_word' id='word_1_178' title='bbox 1208 2299 1235 2328; x_wconf 82' lang='lat'><strong>»</strong></span> <span class='ocrx_word' id='word_1_179' title='bbox 1284 2278 1491 2348; x_wconf 63' lang='lat' dir='ltr'>(ti-ano.)</span> <span class='ocrx_word' id='word_1_180' title='bbox 1513 2278 1654 2342; x_wconf 85' lang='lat' dir='ltr'>Quia</span> <span class='ocrx_word' id='word_1_181' title='bbox 1682 2278 1916 2350; x_wconf 83' lang='lat' dir='ltr'>maligni</span> <span class='ocrx_word' id='word_1_182' title='bbox 1947 2279 2059 2348; x_wconf 91' lang='lat' dir='ltr'>spi-</span> 
     </span>
    </p>
   </div>
   <div class='ocr_carea' id='block_1_25' title="bbox 362 2367 2056 2441">
    <p class='ocr_par' dir='ltr' id='par_1_25' title="bbox 362 2367 2056 2441">
     <span class='ocr_line' id='line_1_25' title="bbox 362 2367 2056 2441; baseline -0.002 -17"><span class='ocrx_word' id='word_1_183' title='bbox 362 2371 524 2436; x_wconf 88' lang='lat' dir='ltr'>ritus,</span> <span class='ocrx_word' id='word_1_184' title='bbox 581 2370 680 2441; x_wconf 85' lang='lat' dir='ltr'>qui</span> <span class='ocrx_word' id='word_1_185' title='bbox 729 2369 984 2422; x_wconf 87' lang='lat' dir='ltr'>carnales</span> <span class='ocrx_word' id='word_1_186' title='bbox 1040 2368 1108 2421; x_wconf 91' lang='lat' dir='ltr'>de</span> <span class='ocrx_word' id='word_1_187' title='bbox 1167 2367 1411 2421; x_wconf 83' lang='lat' dir='ltr'>Ecclesia</span> <span class='ocrx_word' id='word_1_188' title='bbox 1467 2373 1837 2434; x_wconf 85' lang='lat' dir='ltr'>consumunt,</span> <span class='ocrx_word' id='word_1_189' title='bbox 1895 2373 2056 2422; x_wconf 90' lang='lat' dir='ltr'>tanto</span> 
     </span>
    </p>
   </div>
   <div class='ocr_carea' id='block_1_26' title="bbox 361 2457 2055 2531">
    <p class='ocr_par' dir='ltr' id='par_1_26' title="bbox 361 2457 2055 2531">
     <span class='ocr_line' id='line_1_26' title="bbox 361 2457 2055 2531; baseline -0.002 -17"><span class='ocrx_word' id='word_1_190' title='bbox 361 2460 544 2531; x_wconf 83' lang='lat' dir='ltr'>magis</span> <span class='ocrx_word' id='word_1_191' title='bbox 573 2459 863 2530; x_wconf 89' lang='lat' dir='ltr'>quiescere</span> <span class='ocrx_word' id='word_1_192' title='bbox 895 2472 928 2510; x_wconf 94' lang='lat' dir='ltr'>a</span> <span class='ocrx_word' id='word_1_193' title='bbox 961 2457 1279 2510; x_wconf 89' lang='lat' dir='ltr'>tentatione</span> <span class='ocrx_word' id='word_1_194' title='bbox 1311 2457 1592 2524; x_wconf 88' lang='lat' dir='ltr'>nesciunt,</span> <span class='ocrx_word' id='word_1_195' title='bbox 1653 2463 1867 2527; x_wconf 91' lang='lat' dir='ltr'>quanto</span> <span class='ocrx_word' id='word_1_196' title='bbox 1897 2459 2055 2512; x_wconf 90' lang='lat' dir='ltr'>nullo</span> 
     </span>
    </p>
   </div>
   <div class='ocr_carea' id='block_1_27' title="bbox 359 2547 1176 2619">
    <p class='ocr_par' dir='ltr' id='par_1_27' title="bbox 359 2547 1176 2619">
     <span class='ocr_line' id='line_1_27' title="bbox 359 2547 1176 2619; baseline -0.007 -16"><span class='ocrx_word' id='word_1_197' title='bbox 359 2548 546 2603; x_wconf 90' lang='lat' dir='ltr'>carnis</span> <span class='ocrx_word' id='word_1_198' title='bbox 566 2547 818 2619; x_wconf 89' lang='lat' dir='ltr'>pondere</span> <span class='ocrx_word' id='word_1_199' title='bbox 848 2550 1176 2615; x_wconf 82' lang='lat' dir='ltr'>gravantur.</span> 
     </span>
    </p>
   </div>
   <div class='ocr_carea' id='block_1_28' title="bbox 435 2633 2051 2697">
    <p class='ocr_par' dir='ltr' id='par_1_28' title="bbox 435 2633 2051 2697">
     <span class='ocr_line' id='line_1_28' title="bbox 435 2633 2051 2697; baseline -0.002 -6"><span class='ocrx_word' id='word_1_200' title='bbox 435 2640 590 2691; x_wconf 75' lang='lat' dir='ltr'>Vens.</span> <span class='ocrx_word' id='word_1_201' title='bbox 630 2639 713 2690; x_wconf 78' lang='lat'>18.</span> <span class='ocrx_word' id='word_1_202' title='bbox 766 2665 831 2677; x_wconf 93' lang='lat'><strong>—</strong></span> <span class='ocrx_word' id='word_1_203' title='bbox 865 2653 894 2685; x_wconf 74' lang='grc' dir='ltr'><strong>ι(</strong></span> <span class='ocrx_word' id='word_1_204' title='bbox 927 2636 991 2687; x_wconf 90' lang='lat' dir='ltr'>In</span> <span class='ocrx_word' id='word_1_205' title='bbox 1048 2633 1438 2687; x_wconf 86' lang='lat' dir='ltr'>multitudine.</span> <span class='ocrx_word' id='word_1_206' title='bbox 1488 2652 1514 2683; x_wconf 91' lang='grc'>››</span> <span class='ocrx_word' id='word_1_207' title='bbox 1569 2633 1717 2697; x_wconf 84' lang='lat' dir='ltr'>Quid</span> <span class='ocrx_word' id='word_1_208' title='bbox 1763 2634 1915 2687; x_wconf 88' lang='lat' dir='ltr'>aliud</span> <span class='ocrx_word' id='word_1_209' title='bbox 1960 2651 2051 2688; x_wconf 84' lang='lat' dir='ltr'>ve-</span> 
     </span>
    </p>
   </div>
   <div class='ocr_carea' id='block_1_29' title="bbox 361 2721 2054 2792">
    <p class='ocr_par' dir='ltr' id='par_1_29' title="bbox 361 2721 2054 2792">
     <span class='ocr_line' id='line_1_29' title="bbox 361 2721 2054 2792; baseline -0.002 -12"><span class='ocrx_word' id='word_1_210' title='bbox 361 2727 696 2780; x_wconf 90' lang='lat' dir='ltr'>slimentum</span> <span class='ocrx_word' id='word_1_211' title='bbox 747 2724 872 2783; x_wconf 84' lang='lat' dir='ltr'>Job,</span> <span class='ocrx_word' id='word_1_212' title='bbox 923 2728 1053 2788; x_wconf 90' lang='lat' dir='ltr'>etc.,</span> <span class='ocrx_word' id='word_1_213' title='bbox 1097 2737 1268 2791; x_wconf 84' lang='lat' dir='ltr'>usque</span> <span class='ocrx_word' id='word_1_214' title='bbox 1320 2721 1396 2775; x_wconf 85' lang='lat' dir='ltr'>ad</span> <span class='ocrx_word' id='word_1_215' title='bbox 1441 2723 1538 2792; x_wconf 90' lang='lat' dir='ltr'>qui</span> <span class='ocrx_word' id='word_1_216' title='bbox 1593 2721 1646 2774; x_wconf 92' lang='lat' dir='ltr'>ei</span> <span class='ocrx_word' id='word_1_217' title='bbox 1695 2721 2054 2776; x_wconf 85' lang='lat' dir='ltr'>connexione</span> 
     </span>
    </p>
   </div>
   <div class='ocr_carea' id='block_1_30' title="bbox 362 2811 975 2868">
    <p class='ocr_par' dir='ltr' id='par_1_30' title="bbox 362 2811 975 2868">
     <span class='ocr_line' id='line_1_30' title="bbox 362 2811 975 2868; baseline -0.007 0"><span class='ocrx_word' id='word_1_218' title='bbox 362 2815 570 2868; x_wconf 90' lang='lat' dir='ltr'>amoris</span> <span class='ocrx_word' id='word_1_219' title='bbox 599 2811 975 2866; x_wconf 59' lang='lat' dir='ltr'>inhaerebant.</span> 
     </span>
    </p>
   </div>
   <div class='ocr_carea' id='block_1_31' title="bbox 436 2898 2052 2972">
    <p class='ocr_par' dir='ltr' id='par_1_31' title="bbox 436 2898 2052 2972">
     <span class='ocr_line' id='line_1_31' title="bbox 436 2898 2052 2972; baseline 0 -20"><span class='ocrx_word' id='word_1_220' title='bbox 436 2925 464 2952; x_wconf 76' lang='grc' dir='ltr'>α</span> <span class='ocrx_word' id='word_1_221' title='bbox 498 2905 563 2956; x_wconf 90' lang='lat' dir='ltr'>Et</span> <span class='ocrx_word' id='word_1_222' title='bbox 587 2900 751 2972; x_wconf 90' lang='lat' dir='ltr'>quasi</span> <span class='ocrx_word' id='word_1_223' title='bbox 782 2899 990 2971; x_wconf 89' lang='lat' dir='ltr'>capitio</span> <span class='ocrx_word' id='word_1_224' title='bbox 1049 2899 1278 2953; x_wconf 65' lang='lat' dir='ltr'>tunicae.</span> <span class='ocrx_word' id='word_1_225' title='bbox 1335 2899 1563 2953; x_wconf 68' lang='lat' dir='ltr'>Tunicae</span> <span class='ocrx_word' id='word_1_226' title='bbox 1613 2898 1887 2970; x_wconf 87' lang='lat' dir='ltr'>capitium</span> <span class='ocrx_word' id='word_1_227' title='bbox 1935 2899 2052 2953; x_wconf 93' lang='lat' dir='ltr'>col-</span> 
     </span>
    </p>
   </div>
   <div class='ocr_carea' id='block_1_32' title="bbox 361 2987 2131 3059">
    <p class='ocr_par' dir='ltr' id='par_1_32' title="bbox 361 2987 2131 3059">
     <span class='ocr_line' id='line_1_32' title="bbox 361 2987 2131 3059; baseline -0.003 -12"><span class='ocrx_word' id='word_1_228' title='bbox 361 2993 483 3047; x_wconf 91' lang='lat' dir='ltr'>lum</span> <span class='ocrx_word' id='word_1_229' title='bbox 511 2990 842 3057; x_wconf 87' lang='lat' dir='ltr'>circumdat,</span> <span class='ocrx_word' id='word_1_230' title='bbox 900 2993 1026 3054; x_wconf 90' lang='lat' dir='ltr'>etc.,</span> <span class='ocrx_word' id='word_1_231' title='bbox 1061 3003 1231 3057; x_wconf 80' lang='lat' dir='ltr'>usque</span> <span class='ocrx_word' id='word_1_232' title='bbox 1283 2988 1357 3042; x_wconf 82' lang='lat' dir='ltr'>ad</span> <span class='ocrx_word' id='word_1_233' title='bbox 1395 2987 1820 3059; x_wconf 64' lang='lat' dir='ltr'>praedicationis</span> <span class='ocrx_word' id='word_1_234' title='bbox 1858 3005 2053 3043; x_wconf 86' lang='lat' dir='ltr'>vocem</span> <span class='ocrx_word' id='word_1_235' title='bbox 2090 2994 2131 3050; x_wconf 89' lang='lat' dir='ltr'>C</span> 
     </span>
    </p>
   </div>
   <div class='ocr_carea' id='block_1_33' title="bbox 360 3082 1056 3152">
    <p class='ocr_par' dir='ltr' id='par_1_33' title="bbox 360 3082 1056 3152">
     <span class='ocr_line' id='line_1_33' title="bbox 360 3082 1056 3152; baseline -0.003 -16"><span class='ocrx_word' id='word_1_236' title='bbox 360 3082 724 3152; x_wconf 80' lang='lat' dir='ltr'>exstinguere</span> <span class='ocrx_word' id='word_1_237' title='bbox 754 3084 1056 3134; x_wconf 89' lang='lat' dir='ltr'>conantur.</span> 
     </span>
    </p>
   </div>
   <div class='ocr_carea' id='block_1_34' title="bbox 431 3165 2056 3236">
    <p class='ocr_par' dir='ltr' id='par_1_34' title="bbox 431 3165 2056 3236">
     <span class='ocr_line' id='line_1_34' title="bbox 431 3165 2056 3236; baseline -0.003 -12"><span class='ocrx_word' id='word_1_238' title='bbox 431 3172 598 3224; x_wconf 71' lang='lat' dir='ltr'>Vens.</span> <span class='ocrx_word' id='word_1_239' title='bbox 642 3172 724 3223; x_wconf 86' lang='grc'>19.</span> <span class='ocrx_word' id='word_1_240' title='bbox 753 3197 815 3209; x_wconf 90' lang='grc'><strong><em>-</em></strong></span> <span class='ocrx_word' id='word_1_241' title='bbox 854 3184 881 3216; x_wconf 75' lang='grc' dir='ltr'>ς(</span> <span class='ocrx_word' id='word_1_242' title='bbox 908 3167 1282 3236; x_wconf 89' lang='lat' dir='ltr'>Comparatus</span> <span class='ocrx_word' id='word_1_243' title='bbox 1314 3181 1438 3219; x_wconf 91' lang='lat' dir='ltr'>sum</span> <span class='ocrx_word' id='word_1_244' title='bbox 1464 3167 1605 3220; x_wconf 92' lang='lat' dir='ltr'>luto.</span> <span class='ocrx_word' id='word_1_245' title='bbox 1636 3186 1664 3215; x_wconf 86' lang='grc'><strong>››</strong></span> <span class='ocrx_word' id='word_1_246' title='bbox 1691 3165 1754 3220; x_wconf 89' lang='lat' dir='ltr'>In</span> <span class='ocrx_word' id='word_1_247' title='bbox 1783 3165 2056 3236; x_wconf 84' lang='lat' dir='ltr'>reprobo-</span> 
     </span>
    </p>
   </div>
   <div class='ocr_carea' id='block_1_35' title="bbox 360 3255 2052 3327">
    <p class='ocr_par' dir='ltr' id='par_1_35' title="bbox 360 3255 2052 3327">
     <span class='ocr_line' id='line_1_35' title="bbox 360 3255 2052 3327; baseline -0.002 -16"><span class='ocrx_word' id='word_1_248' title='bbox 360 3273 490 3311; x_wconf 89' lang='lat' dir='ltr'>rum</span> <span class='ocrx_word' id='word_1_249' title='bbox 540 3255 777 3327; x_wconf 88' lang='lat' dir='ltr'>judicio,</span> <span class='ocrx_word' id='word_1_250' title='bbox 830 3255 1142 3308; x_wconf 90' lang='lat' dir='ltr'>electorum</span> <span class='ocrx_word' id='word_1_251' title='bbox 1196 3255 1439 3308; x_wconf 87' lang='lat' dir='ltr'>Ecclesia</span> <span class='ocrx_word' id='word_1_252' title='bbox 1493 3255 1612 3308; x_wconf 89' lang='lat' dir='ltr'>luto</span> <span class='ocrx_word' id='word_1_253' title='bbox 1665 3259 2052 3324; x_wconf 85' lang='lat' dir='ltr'>comparatur.</span> 
     </span>
    </p>
   </div>
   <div class='ocr_carea' id='block_1_36' title="bbox 363 3343 2055 3415">
    <p class='ocr_par' dir='ltr' id='par_1_36' title="bbox 363 3343 2055 3415">
     <span class='ocr_line' id='line_1_36' title="bbox 363 3343 2055 3415; baseline -0.001 -18"><span class='ocrx_word' id='word_1_254' title='bbox 363 3345 497 3415; x_wconf 88' lang='lat' dir='ltr'>quia</span> <span class='ocrx_word' id='word_1_255' title='bbox 523 3343 917 3414; x_wconf 88' lang='lat' dir='ltr'>temporaliter</span> <span class='ocrx_word' id='word_1_256' title='bbox 971 3343 1298 3397; x_wconf 90' lang='lat' dir='ltr'>conculcata</span> <span class='ocrx_word' id='word_1_257' title='bbox 1330 3343 1660 3413; x_wconf 82' lang='lat' dir='ltr'>despicitur,</span> <span class='ocrx_word' id='word_1_258' title='bbox 1683 3343 1885 3397; x_wconf 67' lang='lat' dir='ltr'>favilla:</span> <span class='ocrx_word' id='word_1_259' title='bbox 1916 3343 2055 3396; x_wconf 89' lang='lat' dir='ltr'>assi-</span> 
     </span>
    </p>
   </div>
   <div class='ocr_carea' id='block_1_37' title="bbox 364 3431 2057 3501">
    <p class='ocr_par' dir='ltr' id='par_1_37' title="bbox 364 3431 2057 3501">
     <span class='ocr_line' id='line_1_37' title="bbox 364 3431 2057 3501; baseline -0.001 -15"><span class='ocrx_word' id='word_1_260' title='bbox 364 3433 594 3486; x_wconf 90' lang='lat' dir='ltr'>milatur</span> <span class='ocrx_word' id='word_1_261' title='bbox 617 3438 674 3486; x_wconf 91' lang='lat' dir='ltr'>et</span> <span class='ocrx_word' id='word_1_262' title='bbox 716 3431 915 3496; x_wconf 90' lang='lat' dir='ltr'>cineri,</span> <span class='ocrx_word' id='word_1_263' title='bbox 959 3433 1092 3501; x_wconf 90' lang='lat' dir='ltr'>quia</span> <span class='ocrx_word' id='word_1_264' title='bbox 1138 3432 1204 3484; x_wconf 88' lang='lat' dir='ltr'>ad</span> <span class='ocrx_word' id='word_1_265' title='bbox 1235 3433 1352 3485; x_wconf 89' lang='lat' dir='ltr'>sola</span> <span class='ocrx_word' id='word_1_266' title='bbox 1382 3432 1528 3484; x_wconf 88' lang='lat' dir='ltr'>hanc</span> <span class='ocrx_word' id='word_1_267' title='bbox 1557 3432 1702 3484; x_wconf 90' lang='lat' dir='ltr'>mala</span> <span class='ocrx_word' id='word_1_268' title='bbox 1732 3431 2057 3500; x_wconf 84' lang='lat' dir='ltr'>pervenisse</span> 
     </span>
    </p>
   </div>
   <div class='ocr_carea' id='block_1_38' title="bbox 367 3518 1948 3590">
    <p class='ocr_par' dir='ltr' id='par_1_38' title="bbox 367 3518 1948 3590">
     <span class='ocr_line' id='line_1_38' title="bbox 367 3518 1948 3590; baseline 0.001 -17"><span class='ocrx_word' id='word_1_269' title='bbox 367 3519 670 3587; x_wconf 74' lang='lat' dir='ltr'>aestimant,</span> <span class='ocrx_word' id='word_1_270' title='bbox 705 3534 834 3590; x_wconf 88' lang='lat' dir='ltr'>quae</span> <span class='ocrx_word' id='word_1_271' title='bbox 865 3518 922 3571; x_wconf 91' lang='lat' dir='ltr'>in</span> <span class='ocrx_word' id='word_1_272' title='bbox 945 3535 1010 3572; x_wconf 90' lang='lat' dir='ltr'>ea</span> <span class='ocrx_word' id='word_1_273' title='bbox 1039 3519 1292 3573; x_wconf 79' lang='lat' dir='ltr'>exhiberi</span> <span class='ocrx_word' id='word_1_274' title='bbox 1340 3519 1715 3590; x_wconf 88' lang='lat' dir='ltr'>corporaliter</span> <span class='ocrx_word' id='word_1_275' title='bbox 1739 3521 1948 3574; x_wconf 76' lang='lat' dir='ltr'>vident.</span> 
     </span>
    </p>
   </div>
   <div class='ocr_carea' id='block_1_39' title="bbox 435 3607 2054 3679">
    <p class='ocr_par' dir='ltr' id='par_1_39' title="bbox 435 3607 2054 3679">
     <span class='ocr_line' id='line_1_39' title="bbox 435 3607 2054 3679; baseline 0.002 -19"><span class='ocrx_word' id='word_1_276' title='bbox 435 3609 592 3661; x_wconf 75' lang='lat' dir='ltr'>Vens.</span> <span class='ocrx_word' id='word_1_277' title='bbox 649 3610 736 3661; x_wconf 88' lang='lat'>20.</span> <span class='ocrx_word' id='word_1_278' title='bbox 788 3639 854 3646; x_wconf 97' lang='lat'><strong>—</strong></span> <span class='ocrx_word' id='word_1_279' title='bbox 901 3607 1096 3662; x_wconf 88' lang='lat' dir='ltr'>Clamo</span> <span class='ocrx_word' id='word_1_280' title='bbox 1150 3607 1214 3662; x_wconf 90' lang='lat' dir='ltr'>ad</span> <span class='ocrx_word' id='word_1_281' title='bbox 1264 3613 1336 3664; x_wconf 88' lang='lat' dir='ltr'>te.</span> <span class='ocrx_word' id='word_1_282' title='bbox 1390 3627 1418 3659; x_wconf 69' lang='grc' dir='ltr'><strong><em>ν</em></strong></span> <span class='ocrx_word' id='word_1_283' title='bbox 1480 3608 1720 3662; x_wconf 88' lang='lat' dir='ltr'>Ecclesia</span> <span class='ocrx_word' id='word_1_284' title='bbox 1785 3625 2054 3679; x_wconf 84' lang='lat' dir='ltr'>persecu—</span> 
     </span>
    </p>
   </div>
   <div class='ocr_carea' id='block_1_40' title="bbox 363 3695 2056 3767">
    <p class='ocr_par' dir='ltr' id='par_1_40' title="bbox 363 3695 2056 3767">
     <span class='ocr_line' id='line_1_40' title="bbox 363 3695 2056 3767; baseline 0 -16"><span class='ocrx_word' id='word_1_285' title='bbox 363 3695 537 3751; x_wconf 89' lang='lat' dir='ltr'>tionis</span> <span class='ocrx_word' id='word_1_286' title='bbox 578 3712 695 3749; x_wconf 67' lang='lat' dir='ltr'>suae</span> <span class='ocrx_word' id='word_1_287' title='bbox 726 3699 1008 3767; x_wconf 89' lang='lat' dir='ltr'>tempore,</span> <span class='ocrx_word' id='word_1_288' title='bbox 1069 3700 1196 3760; x_wconf 90' lang='lat' dir='ltr'>etc.,</span> <span class='ocrx_word' id='word_1_289' title='bbox 1234 3712 1402 3765; x_wconf 84' lang='lat' dir='ltr'>usque</span> <span class='ocrx_word' id='word_1_290' title='bbox 1440 3695 1514 3749; x_wconf 88' lang='lat' dir='ltr'>ad</span> <span class='ocrx_word' id='word_1_291' title='bbox 1544 3701 1599 3750; x_wconf 91' lang='lat' dir='ltr'>et</span> <span class='ocrx_word' id='word_1_292' title='bbox 1636 3696 1794 3751; x_wconf 90' lang='lat' dir='ltr'>dilati</span> <span class='ocrx_word' id='word_1_293' title='bbox 1821 3700 1886 3751; x_wconf 92' lang='lat' dir='ltr'>ut</span> <span class='ocrx_word' id='word_1_294' title='bbox 1921 3713 2056 3767; x_wconf 86' lang='lat' dir='ltr'>pro-</span> 
     </span>
    </p>
   </div>
   <div class='ocr_carea' id='block_1_41' title="bbox 365 3784 1230 3850">
    <p class='ocr_par' dir='ltr' id='par_1_41' title="bbox 365 3784 1230 3850">
     <span class='ocr_line' id='line_1_41' title="bbox 365 3784 1230 3850; baseline 0 -12"><span class='ocrx_word' id='word_1_295' title='bbox 365 3784 578 3850; x_wconf 83' lang='lat' dir='ltr'>ﬁciant,</span> <span class='ocrx_word' id='word_1_296' title='bbox 609 3785 816 3839; x_wconf 86' lang='lat' dir='ltr'>timent</span> <span class='ocrx_word' id='word_1_297' title='bbox 844 3801 915 3839; x_wconf 92' lang='lat' dir='ltr'>ne</span> <span class='ocrx_word' id='word_1_298' title='bbox 944 3784 1230 3839; x_wconf 86' lang='lat' dir='ltr'>deﬁciant.</span> 
     </span>
    </p>
   </div>
   <div class='ocr_carea' id='block_1_42' title="bbox 437 3871 2054 3929">
    <p class='ocr_par' dir='ltr' id='par_1_42' title="bbox 437 3871 2054 3929">
     <span class='ocr_line' id='line_1_42' title="bbox 437 3871 2054 3929; baseline -0.001 -3"><span class='ocrx_word' id='word_1_299' title='bbox 437 3874 595 3928; x_wconf 75' lang='lat' dir='ltr'>Vens.</span> <span class='ocrx_word' id='word_1_300' title='bbox 627 3876 716 3927; x_wconf 82' lang='lat' dir='ltr'>2t.</span> <span class='ocrx_word' id='word_1_301' title='bbox 769 3911 822 3920; x_wconf 89' lang='lat'>_</span> <span class='ocrx_word' id='word_1_302' title='bbox 877 3893 904 3925; x_wconf 74' lang='grc' dir='ltr'><strong>(ί</strong></span> <span class='ocrx_word' id='word_1_303' title='bbox 964 3875 1210 3928; x_wconf 84' lang='lat' dir='ltr'>Mutatus</span> <span class='ocrx_word' id='word_1_304' title='bbox 1257 3888 1315 3925; x_wconf 90' lang='lat' dir='ltr'>es</span> <span class='ocrx_word' id='word_1_305' title='bbox 1374 3871 1517 3925; x_wconf 91' lang='lat' dir='ltr'>mihi</span> <span class='ocrx_word' id='word_1_306' title='bbox 1564 3871 1625 3924; x_wconf 92' lang='lat' dir='ltr'>in</span> <span class='ocrx_word' id='word_1_307' title='bbox 1668 3873 1977 3929; x_wconf 86' lang='lat' dir='ltr'>crudelem.</span> <span class='ocrx_word' id='word_1_308' title='bbox 2028 3897 2054 3924; x_wconf 70' lang='grc' dir='ltr'><strong><em>κ</em></strong></span> 
     </span>
    </p>
   </div>
   <div class='ocr_carea' id='block_1_43' title="bbox 364 3959 2053 4030">
    <p class='ocr_par' dir='ltr' id='par_1_43' title="bbox 364 3959 2053 4030">
     <span class='ocr_line' id='line_1_43' title="bbox 364 3959 2053 4030; baseline 0.001 -15"><span class='ocrx_word' id='word_1_309' title='bbox 364 3962 427 4015; x_wconf 89' lang='lat' dir='ltr'>In</span> <span class='ocrx_word' id='word_1_310' title='bbox 473 3963 588 4016; x_wconf 90' lang='lat' dir='ltr'>Deo</span> <span class='ocrx_word' id='word_1_311' title='bbox 617 3977 723 4015; x_wconf 90' lang='lat' dir='ltr'>nec</span> <span class='ocrx_word' id='word_1_312' title='bbox 778 3961 1082 4015; x_wconf 86' lang='lat' dir='ltr'>crudelitas</span> <span class='ocrx_word' id='word_1_313' title='bbox 1125 3976 1230 4014; x_wconf 89' lang='lat' dir='ltr'>nec</span> <span class='ocrx_word' id='word_1_314' title='bbox 1285 3959 1638 4014; x_wconf 89' lang='lat' dir='ltr'>mutabilitas</span> <span class='ocrx_word' id='word_1_315' title='bbox 1687 3963 1859 4028; x_wconf 86' lang='lat' dir='ltr'>venit,</span> <span class='ocrx_word' id='word_1_316' title='bbox 1923 3967 2053 4030; x_wconf 92' lang='lat' dir='ltr'>etc.,</span> 
     </span>
    </p>
   </div>
   <div class='ocr_carea' id='block_1_44' title="bbox 361 4048 1907 4119">
    <p class='ocr_par' dir='ltr' id='par_1_44' title="bbox 361 4048 1907 4119">
     <span class='ocr_line' id='line_1_44' title="bbox 361 4048 1907 4119; baseline -0.001 -14"><span class='ocrx_word' id='word_1_317' title='bbox 361 4065 531 4119; x_wconf 84' lang='lat' dir='ltr'>usque</span> <span class='ocrx_word' id='word_1_318' title='bbox 564 4051 636 4105; x_wconf 82' lang='lat' dir='ltr'>ad</span> <span class='ocrx_word' id='word_1_319' title='bbox 668 4050 819 4104; x_wconf 88' lang='lat' dir='ltr'>Nihil</span> <span class='ocrx_word' id='word_1_320' title='bbox 847 4055 1037 4103; x_wconf 90' lang='lat' dir='ltr'>autem</span> <span class='ocrx_word' id='word_1_321' title='bbox 1072 4049 1142 4103; x_wconf 93' lang='lat' dir='ltr'>de</span> <span class='ocrx_word' id='word_1_322' title='bbox 1166 4064 1233 4103; x_wconf 91' lang='lat' dir='ltr'>eo</span> <span class='ocrx_word' id='word_1_323' title='bbox 1266 4048 1504 4118; x_wconf 85' lang='lat' dir='ltr'>dignum</span> <span class='ocrx_word' id='word_1_324' title='bbox 1561 4049 1672 4102; x_wconf 91' lang='lat' dir='ltr'>dici</span> <span class='ocrx_word' id='word_1_325' title='bbox 1701 4054 1907 4118; x_wconf 90' lang='lat' dir='ltr'>potest.</span> 
     </span>
    </p>
   </div>
   <div class='ocr_carea' id='block_1_45' title="bbox 438 4138 2060 4193">
    <p class='ocr_par' dir='ltr' id='par_1_45' title="bbox 438 4138 2060 4193">
     <span class='ocr_line' id='line_1_45' title="bbox 438 4138 2060 4193; baseline 0.003 -5"><span class='ocrx_word' id='word_1_326' title='bbox 438 4161 459 4188; x_wconf 73' lang='grc' dir='ltr'>ι</span> <span class='ocrx_word' id='word_1_327' title='bbox 495 4140 564 4193; x_wconf 87' lang='lat' dir='ltr'>Et</span> <span class='ocrx_word' id='word_1_328' title='bbox 608 4140 667 4192; x_wconf 92' lang='lat' dir='ltr'>in</span> <span class='ocrx_word' id='word_1_329' title='bbox 699 4138 912 4192; x_wconf 87' lang='lat' dir='ltr'>duritia</span> <span class='ocrx_word' id='word_1_330' title='bbox 959 4153 1162 4191; x_wconf 89' lang='lat' dir='ltr'>manus</span> <span class='ocrx_word' id='word_1_331' title='bbox 1207 4141 1342 4191; x_wconf 61' lang='lat' dir='ltr'>tum.</span> <span class='ocrx_word' id='word_1_332' title='bbox 1381 4158 1406 4186; x_wconf 70' lang='grc' dir='ltr'><strong>η</strong></span> <span class='ocrx_word' id='word_1_333' title='bbox 1464 4138 1656 4190; x_wconf 87' lang='lat' dir='ltr'>Manus</span> <span class='ocrx_word' id='word_1_334' title='bbox 1714 4138 1812 4191; x_wconf 90' lang='lat' dir='ltr'>Dei</span> <span class='ocrx_word' id='word_1_335' title='bbox 1852 4138 2060 4193; x_wconf 91' lang='lat' dir='ltr'>dicitur</span> 
     </span>
    </p>
   </div>
   <div class='ocr_carea' id='block_1_46' title="bbox 361 4225 2060 4296">
    <p class='ocr_par' dir='ltr' id='par_1_46' title="bbox 361 4225 2060 4296">
     <span class='ocr_line' id='line_1_46' title="bbox 361 4225 2060 4296; baseline 0.001 -16"><span class='ocrx_word' id='word_1_336' title='bbox 361 4230 498 4281; x_wconf 90' lang='lat' dir='ltr'>tunc</span> <span class='ocrx_word' id='word_1_337' title='bbox 525 4225 807 4281; x_wconf 86' lang='lat' dir='ltr'>voluntati</span> <span class='ocrx_word' id='word_1_338' title='bbox 854 4229 1059 4278; x_wconf 88' lang='lat' dir='ltr'>nostrae</span> <span class='ocrx_word' id='word_1_339' title='bbox 1093 4225 1396 4291; x_wconf 90' lang='lat' dir='ltr'>contraria,</span> <span class='ocrx_word' id='word_1_340' title='bbox 1429 4241 1559 4279; x_wconf 90' lang='lat' dir='ltr'>cum</span> <span class='ocrx_word' id='word_1_341' title='bbox 1589 4225 1744 4296; x_wconf 91' lang='lat' dir='ltr'>quod</span> <span class='ocrx_word' id='word_1_342' title='bbox 1777 4226 1828 4281; x_wconf 91' lang='lat' dir='ltr'>ei</span> <span class='ocrx_word' id='word_1_343' title='bbox 1859 4227 1919 4280; x_wconf 94' lang='lat' dir='ltr'>in</span> <span class='ocrx_word' id='word_1_344' title='bbox 1951 4243 2060 4281; x_wconf 88' lang='lat' dir='ltr'>uo-</span> 
     </span>
    </p>
   </div>
   <div class='ocr_carea' id='block_1_47' title="bbox 360 4313 1465 4387">
    <p class='ocr_par' dir='ltr' id='par_1_47' title="bbox 360 4313 1465 4387">
     <span class='ocr_line' id='line_1_47' title="bbox 360 4313 1465 4387; baseline -0.001 -18"><span class='ocrx_word' id='word_1_345' title='bbox 360 4315 449 4369; x_wconf 89' lang='lat' dir='ltr'>bis</span> <span class='ocrx_word' id='word_1_346' title='bbox 478 4316 757 4387; x_wconf 87' lang='lat' dir='ltr'>displicet,</span> <span class='ocrx_word' id='word_1_347' title='bbox 790 4313 1046 4368; x_wconf 86' lang='lat' dir='ltr'>feriendo</span> <span class='ocrx_word' id='word_1_348' title='bbox 1073 4313 1465 4384; x_wconf 88' lang='lat' dir='ltr'>persequitur.</span> 
     </span>
    </p>
   </div>
   <div class='ocr_carea' id='block_1_48' title="bbox 432 4402 2054 4475">
    <p class='ocr_par' dir='ltr' id='par_1_48' title="bbox 432 4402 2054 4475">
     <span class='ocr_line' id='line_1_48' title="bbox 432 4402 2054 4475; baseline 0.001 -18"><span class='ocrx_word' id='word_1_349' title='bbox 432 4407 591 4459; x_wconf 75' lang='lat' dir='ltr'>Vens.</span> <span class='ocrx_word' id='word_1_350' title='bbox 620 4407 710 4458; x_wconf 81' lang='lat'>2‘2.</span> <span class='ocrx_word' id='word_1_351' title='bbox 745 4436 812 4444; x_wconf 91' lang='lat'><strong><em>—</em></strong></span> <span class='ocrx_word' id='word_1_352' title='bbox 849 4424 877 4453; x_wconf 89' lang='grc'>‹‹</span> <span class='ocrx_word' id='word_1_353' title='bbox 918 4402 1156 4458; x_wconf 88' lang='lat' dir='ltr'>Elevasti</span> <span class='ocrx_word' id='word_1_354' title='bbox 1188 4418 1279 4457; x_wconf 92' lang='lat' dir='ltr'>me</span> <span class='ocrx_word' id='word_1_355' title='bbox 1317 4407 1373 4456; x_wconf 91' lang='lat' dir='ltr'>et</span> <span class='ocrx_word' id='word_1_356' title='bbox 1429 4403 1615 4474; x_wconf 90' lang='lat' dir='ltr'>quasi.</span> <span class='ocrx_word' id='word_1_357' title='bbox 1674 4424 1695 4454; x_wconf 68' lang='grc' dir='ltr'>ν</span> <span class='ocrx_word' id='word_1_358' title='bbox 1731 4404 1875 4468; x_wconf 88' lang='lat' dir='ltr'>Quia</span> <span class='ocrx_word' id='word_1_359' title='bbox 1909 4421 2054 4475; x_wconf 74' lang='lat' dir='ltr'>prae-</span> 
     </span>
    </p>
   </div>
   <div class='ocr_carea' id='block_1_49' title="bbox 364 4490 2058 4562">
    <p class='ocr_par' dir='ltr' id='par_1_49' title="bbox 364 4490 2058 4562">
     <span class='ocr_line' id='line_1_49' title="bbox 364 4490 2058 4562; baseline 0.002 -17"><span class='ocrx_word' id='word_1_360' title='bbox 364 4492 539 4546; x_wconf 90' lang='lat' dir='ltr'>sentis</span> <span class='ocrx_word' id='word_1_361' title='bbox 586 4492 717 4546; x_wconf 67' lang='lat' dir='ltr'>vitae</span> <span class='ocrx_word' id='word_1_362' title='bbox 751 4491 934 4562; x_wconf 83' lang='lat' dir='ltr'>gloria</span> <span class='ocrx_word' id='word_1_363' title='bbox 979 4491 1140 4562; x_wconf 89' lang='lat' dir='ltr'>quasi</span> <span class='ocrx_word' id='word_1_364' title='bbox 1186 4490 1247 4544; x_wconf 92' lang='lat' dir='ltr'>in</span> <span class='ocrx_word' id='word_1_365' title='bbox 1293 4491 1413 4545; x_wconf 92' lang='lat' dir='ltr'>ulto</span> <span class='ocrx_word' id='word_1_366' title='bbox 1444 4492 1698 4547; x_wconf 90' lang='lat' dir='ltr'>cernitur</span> <span class='ocrx_word' id='word_1_367' title='bbox 1727 4498 1859 4562; x_wconf 90' lang='lat' dir='ltr'>etc.,</span> <span class='ocrx_word' id='word_1_368' title='bbox 1889 4509 2058 4562; x_wconf 87' lang='lat' dir='ltr'>usque</span> 
     </span>
    </p>
   </div>
   <div class='ocr_carea' id='block_1_50' title="bbox 365 4579 1476 4650">
    <p class='ocr_par' dir='ltr' id='par_1_50' title="bbox 365 4579 1476 4650">
     <span class='ocr_line' id='line_1_50' title="bbox 365 4579 1476 4650; baseline -0.001 -15"><span class='ocrx_word' id='word_1_369' title='bbox 365 4581 440 4635; x_wconf 87' lang='lat' dir='ltr'>ad</span> <span class='ocrx_word' id='word_1_370' title='bbox 461 4597 657 4634; x_wconf 90' lang='lat' dir='ltr'>eorum</span> <span class='ocrx_word' id='word_1_371' title='bbox 686 4580 946 4650; x_wconf 88' lang='lat' dir='ltr'>protinus</span> <span class='ocrx_word' id='word_1_372' title='bbox 976 4579 1214 4634; x_wconf 91' lang='lat' dir='ltr'>elevatio</span> <span class='ocrx_word' id='word_1_373' title='bbox 1245 4580 1476 4634; x_wconf 89' lang='lat' dir='ltr'>corruit.</span> 
     </span>
    </p>
   </div>
   <div class='ocr_carea' id='block_1_51' title="bbox 437 4668 2056 4739">
    <p class='ocr_par' dir='ltr' id='par_1_51' title="bbox 437 4668 2056 4739">
     <span class='ocr_line' id='line_1_51' title="bbox 437 4668 2056 4739; baseline 0 -16"><span class='ocrx_word' id='word_1_374' title='bbox 437 4671 596 4724; x_wconf 69' lang='lat' dir='ltr'>Vens.</span> <span class='ocrx_word' id='word_1_375' title='bbox 629 4672 716 4724; x_wconf 87' lang='lat'>23.</span> <span class='ocrx_word' id='word_1_376' title='bbox 749 4699 818 4710; x_wconf 94' lang='lat'><strong><em>—</em></strong></span> <span class='ocrx_word' id='word_1_377' title='bbox 853 4691 873 4717; x_wconf 77' lang='grc' dir='ltr'>α</span> <span class='ocrx_word' id='word_1_378' title='bbox 937 4668 1062 4723; x_wconf 92' lang='lat' dir='ltr'>Scio</span> <span class='ocrx_word' id='word_1_379' title='bbox 1104 4668 1241 4739; x_wconf 89' lang='lat' dir='ltr'>quia</span> <span class='ocrx_word' id='word_1_380' title='bbox 1289 4669 1462 4723; x_wconf 88' lang='lat' dir='ltr'>morti</span> <span class='ocrx_word' id='word_1_381' title='bbox 1492 4670 1681 4724; x_wconf 90' lang='lat' dir='ltr'>trades</span> <span class='ocrx_word' id='word_1_382' title='bbox 1714 4685 1821 4723; x_wconf 90' lang='lat' dir='ltr'>me.</span> <span class='ocrx_word' id='word_1_383' title='bbox 1860 4689 1886 4720; x_wconf 84' lang='grc'><strong>››</strong></span> <span class='ocrx_word' id='word_1_384' title='bbox 1920 4669 2056 4724; x_wconf 88' lang='lat' dir='ltr'>Nul-</span> 
     </span>
    </p>
   </div>
   <div class='ocr_carea' id='block_1_52' title="bbox 364 4757 2060 4828">
    <p class='ocr_par' dir='ltr' id='par_1_52' title="bbox 364 4757 2060 4828">
     <span class='ocr_line' id='line_1_52' title="bbox 364 4757 2060 4828; baseline -0.001 -16"><span class='ocrx_word' id='word_1_385' title='bbox 364 4758 453 4812; x_wconf 92' lang='lat' dir='ltr'>lus</span> <span class='ocrx_word' id='word_1_386' title='bbox 485 4759 638 4813; x_wconf 90' lang='lat' dir='ltr'>enim</span> <span class='ocrx_word' id='word_1_387' title='bbox 681 4758 792 4811; x_wconf 91' lang='lat' dir='ltr'>huc</span> <span class='ocrx_word' id='word_1_388' title='bbox 847 4757 1004 4811; x_wconf 90' lang='lat' dir='ltr'>venit</span> <span class='ocrx_word' id='word_1_389' title='bbox 1053 4762 1184 4824; x_wconf 88' lang='lat' dir='ltr'>etc.,</span> <span class='ocrx_word' id='word_1_390' title='bbox 1239 4773 1408 4828; x_wconf 85' lang='lat' dir='ltr'>usque</span> <span class='ocrx_word' id='word_1_391' title='bbox 1461 4758 1534 4812; x_wconf 87' lang='lat' dir='ltr'>ad</span> <span class='ocrx_word' id='word_1_392' title='bbox 1585 4758 1711 4813; x_wconf 92' lang='lat' dir='ltr'>ideo</span> <span class='ocrx_word' id='word_1_393' title='bbox 1759 4763 1887 4828; x_wconf 91' lang='lat' dir='ltr'>apte</span> <span class='ocrx_word' id='word_1_394' title='bbox 1920 4759 2060 4811; x_wconf 87' lang='lat' dir='ltr'>sub-</span> 
     </span>
    </p>
   </div>
   <div class='ocr_carea' id='block_1_53' title="bbox 361 4847 672 4918">
    <p class='ocr_par' dir='ltr' id='par_1_53' title="bbox 361 4847 672 4918">
     <span class='ocr_line' id='line_1_53' title="bbox 361 4847 672 4918; baseline 0 -17"><span class='ocrx_word' id='word_1_395' title='bbox 361 4847 627 4918; x_wconf 85' lang='lat' dir='ltr'>jungitur</span> <span class='ocrx_word' id='word_1_396' title='bbox 659 4863 672 4901; x_wconf 88' lang='lat'><strong>:</strong></span> 
     </span>
    </p>
   </div>
   <div class='ocr_carea' id='block_1_54' title="bbox 439 4934 2060 5006">
    <p class='ocr_par' dir='ltr' id='par_1_54' title="bbox 439 4934 2060 5006">
     <span class='ocr_line' id='line_1_54' title="bbox 439 4934 2060 5006; baseline -0.001 -17"><span class='ocrx_word' id='word_1_397' title='bbox 439 4937 600 4991; x_wconf 75' lang='lat' dir='ltr'>Vsus.</span> <span class='ocrx_word' id='word_1_398' title='bbox 633 4937 724 4991; x_wconf 74' lang='grc'>24.</span> <span class='ocrx_word' id='word_1_399' title='bbox 751 4965 812 4976; x_wconf 90' lang='grc'><strong>-</strong></span> <span class='ocrx_word' id='word_1_400' title='bbox 839 4955 868 4988; x_wconf 75' lang='grc' dir='ltr'>ι(</span> <span class='ocrx_word' id='word_1_401' title='bbox 897 4936 1302 4990; x_wconf 85' lang='lat' dir='ltr'>Verumtamen</span> <span class='ocrx_word' id='word_1_402' title='bbox 1332 4950 1448 4989; x_wconf 91' lang='lat' dir='ltr'>non</span> <span class='ocrx_word' id='word_1_403' title='bbox 1472 4935 1542 4988; x_wconf 91' lang='lat' dir='ltr'>ad</span> <span class='ocrx_word' id='word_1_404' title='bbox 1562 4934 2060 5006; x_wconf 87' lang='lat' dir='ltr'>consumptionem</span> 
     </span>
    </p>
   </div>
   <div class='ocr_carea' id='block_1_55' title="bbox 367 5023 2060 5094">
    <p class='ocr_par' dir='ltr' id='par_1_55' title="bbox 367 5023 2060 5094">
     <span class='ocr_line' id='line_1_55' title="bbox 367 5023 2060 5094; baseline -0.002 -14"><span class='ocrx_word' id='word_1_405' title='bbox 367 5041 591 5081; x_wconf 88' lang='lat' dir='ltr'>eorum.</span> <span class='ocrx_word' id='word_1_406' title='bbox 649 5045 670 5074; x_wconf 77' lang='grc' dir='ltr'>ι</span> <span class='ocrx_word' id='word_1_407' title='bbox 703 5025 932 5079; x_wconf 81' lang='lat' dir='ltr'>Manum</span> <span class='ocrx_word' id='word_1_408' title='bbox 964 5040 1124 5078; x_wconf 90' lang='lat' dir='ltr'>suam</span> <span class='ocrx_word' id='word_1_409' title='bbox 1155 5023 1456 5090; x_wconf 88' lang='lat' dir='ltr'>Dominus,</span> <span class='ocrx_word' id='word_1_410' title='bbox 1489 5027 1620 5089; x_wconf 88' lang='lat' dir='ltr'>etc.,</span> <span class='ocrx_word' id='word_1_411' title='bbox 1651 5039 1820 5092; x_wconf 87' lang='lat' dir='ltr'>usque</span> <span class='ocrx_word' id='word_1_412' title='bbox 1857 5024 1931 5077; x_wconf 89' lang='lat' dir='ltr'>ad</span> <span class='ocrx_word' id='word_1_413' title='bbox 1962 5024 2060 5094; x_wconf 90' lang='lat' dir='ltr'>qui</span> 
     </span>
    </p>
   </div>
   <div class='ocr_carea' id='block_1_56' title="bbox 368 5111 1642 5181">
    <p class='ocr_par' dir='ltr' id='par_1_56' title="bbox 368 5111 1642 5181">
     <span class='ocr_line' id='line_1_56' title="bbox 368 5111 1642 5181; baseline -0.002 -15"><span class='ocrx_word' id='word_1_414' title='bbox 368 5116 552 5167; x_wconf 87' lang='lat' dir='ltr'>stante</span> <span class='ocrx_word' id='word_1_415' title='bbox 580 5111 825 5167; x_wconf 80' lang='lat' dir='ltr'>exterius</span> <span class='ocrx_word' id='word_1_416' title='bbox 856 5112 926 5166; x_wconf 89' lang='lat' dir='ltr'>ab</span> <span class='ocrx_word' id='word_1_417' title='bbox 951 5115 1100 5166; x_wconf 86' lang='lat' dir='ltr'>statu</span> <span class='ocrx_word' id='word_1_418' title='bbox 1128 5111 1334 5165; x_wconf 88' lang='lat' dir='ltr'>mentis</span> <span class='ocrx_word' id='word_1_419' title='bbox 1355 5111 1642 5181; x_wconf 89' lang='lat' dir='ltr'>jacebant.</span> 
     </span>
    </p>
   </div>
   <div class='ocr_carea' id='block_1_57' title="bbox 439 5199 2060 5270">
    <p class='ocr_par' dir='ltr' id='par_1_57' title="bbox 439 5199 2060 5270">
     <span class='ocr_line' id='line_1_57' title="bbox 439 5199 2060 5270; baseline -0.001 -17"><span class='ocrx_word' id='word_1_420' title='bbox 439 5203 599 5256; x_wconf 73' lang='lat' dir='ltr'>Vens.</span> <span class='ocrx_word' id='word_1_421' title='bbox 632 5204 724 5255; x_wconf 77' lang='lat'>25.</span> <span class='ocrx_word' id='word_1_422' title='bbox 757 5231 826 5240; x_wconf 89' lang='lat'>—-</span> <span class='ocrx_word' id='word_1_423' title='bbox 860 5221 883 5249; x_wconf 75' lang='grc' dir='ltr'>ι</span> <span class='ocrx_word' id='word_1_424' title='bbox 929 5201 1156 5254; x_wconf 83' lang='lat' dir='ltr'>Flebam</span> <span class='ocrx_word' id='word_1_425' title='bbox 1188 5202 1500 5270; x_wconf 91' lang='lat' dir='ltr'>quondam.</span> <span class='ocrx_word' id='word_1_426' title='bbox 1535 5220 1557 5248; x_wconf 73' lang='grc' dir='ltr'><strong>ι</strong></span> <span class='ocrx_word' id='word_1_427' title='bbox 1596 5199 1728 5253; x_wconf 89' lang='lat' dir='ltr'>Plus</span> <span class='ocrx_word' id='word_1_428' title='bbox 1773 5202 1860 5253; x_wconf 88' lang='lat' dir='ltr'>est</span> <span class='ocrx_word' id='word_1_429' title='bbox 1901 5214 2060 5252; x_wconf 89' lang='lat' dir='ltr'>com-</span> 
     </span>
    </p>
   </div>
   <div class='ocr_carea' id='block_1_58' title="bbox 367 5286 2062 5360">
    <p class='ocr_par' dir='ltr' id='par_1_58' title="bbox 367 5286 2062 5360">
     <span class='ocr_line' id='line_1_58' title="bbox 367 5286 2062 5360; baseline -0.002 -18"><span class='ocrx_word' id='word_1_430' title='bbox 367 5289 557 5358; x_wconf 85' lang='lat' dir='ltr'>passio</span> <span class='ocrx_word' id='word_1_431' title='bbox 607 5305 781 5360; x_wconf 89' lang='lat' dir='ltr'>quam</span> <span class='ocrx_word' id='word_1_432' title='bbox 814 5289 1035 5356; x_wconf 87' lang='lat' dir='ltr'>datum,</span> <span class='ocrx_word' id='word_1_433' title='bbox 1064 5293 1198 5355; x_wconf 90' lang='lat' dir='ltr'>etc.,</span> <span class='ocrx_word' id='word_1_434' title='bbox 1229 5305 1400 5358; x_wconf 87' lang='lat' dir='ltr'>usque</span> <span class='ocrx_word' id='word_1_435' title='bbox 1446 5289 1521 5343; x_wconf 85' lang='lat' dir='ltr'>ad</span> <span class='ocrx_word' id='word_1_436' title='bbox 1548 5303 1678 5342; x_wconf 88' lang='lat' dir='ltr'>suos</span> <span class='ocrx_word' id='word_1_437' title='bbox 1701 5288 1782 5340; x_wconf 88' lang='lat' dir='ltr'>eis</span> <span class='ocrx_word' id='word_1_438' title='bbox 1805 5286 2062 5341; x_wconf 90' lang='lat' dir='ltr'>oratione</span> 
     </span>
    </p>
   </div>
   <div class='ocr_carea' id='block_1_59' title="bbox 367 5377 1067 5448">
    <p class='ocr_par' dir='ltr' id='par_1_59' title="bbox 367 5377 1067 5448">
     <span class='ocr_line' id='line_1_59' title="bbox 367 5377 1067 5448; baseline -0.001 -16"><span class='ocrx_word' id='word_1_439' title='bbox 367 5377 641 5432; x_wconf 88' lang='lat' dir='ltr'>continua</span> <span class='ocrx_word' id='word_1_440' title='bbox 666 5377 836 5432; x_wconf 88' lang='lat' dir='ltr'>ﬂetus</span> <span class='ocrx_word' id='word_1_441' title='bbox 859 5377 1067 5448; x_wconf 89' lang='lat' dir='ltr'>jungit.</span> 
     </span>
    </p>
   </div>
   <div class='ocr_carea' id='block_1_60' title="bbox 441 5464 2062 5537">
    <p class='ocr_par' dir='ltr' id='par_1_60' title="bbox 441 5464 2062 5537">
     <span class='ocr_line' id='line_1_60' title="bbox 441 5464 2062 5537; baseline -0.001 -17"><span class='ocrx_word' id='word_1_442' title='bbox 441 5467 628 5536; x_wconf 78' lang='lat' dir='ltr'>(Ibid.)</span> <span class='ocrx_word' id='word_1_443' title='bbox 659 5468 936 5537; x_wconf 88' lang='lat' dir='ltr'>Tempore</span> <span class='ocrx_word' id='word_1_444' title='bbox 967 5466 1187 5520; x_wconf 63' lang='lat' dir='ltr'>ultimae</span> <span class='ocrx_word' id='word_1_445' title='bbox 1235 5466 1649 5536; x_wconf 87' lang='lat' dir='ltr'>persecutionis</span> <span class='ocrx_word' id='word_1_446' title='bbox 1678 5464 1958 5532; x_wconf 75' lang='lat' dir='ltr'>Ecclesiae,</span> <span class='ocrx_word' id='word_1_447' title='bbox 1993 5465 2062 5519; x_wconf 83' lang='lat' dir='ltr'>ad</span> 
     </span>
    </p>
   </div>
   <div class='ocr_carea' id='block_1_61' title="bbox 373 5553 2058 5626">
    <p class='ocr_par' dir='ltr' id='par_1_61' title="bbox 373 5553 2058 5626">
     <span class='ocr_line' id='line_1_61' title="bbox 373 5553 2058 5626; baseline -0.002 -16"><span class='ocrx_word' id='word_1_448' title='bbox 373 5556 710 5610; x_wconf 82' lang='lat' dir='ltr'>memoriam</span> <span class='ocrx_word' id='word_1_449' title='bbox 745 5556 965 5611; x_wconf 88' lang='lat' dir='ltr'>reducit</span> <span class='ocrx_word' id='word_1_450' title='bbox 995 5556 1162 5620; x_wconf 88' lang='lat' dir='ltr'>bona,</span> <span class='ocrx_word' id='word_1_451' title='bbox 1197 5571 1326 5626; x_wconf 68' lang='lat' dir='ltr'>quae</span> <span class='ocrx_word' id='word_1_452' title='bbox 1377 5555 1550 5625; x_wconf 87' lang='lat' dir='ltr'>gessit</span> <span class='ocrx_word' id='word_1_453' title='bbox 1597 5560 1856 5626; x_wconf 89' lang='lat' dir='ltr'>tempore</span> <span class='ocrx_word' id='word_1_454' title='bbox 1883 5553 2058 5624; x_wconf 87' lang='lat' dir='ltr'>pacis.</span> 
     </span>
    </p>
   </div>
   <div class='ocr_carea' id='block_1_62' title="bbox 2172 507 2822 580">
    <p class='ocr_par' dir='ltr' id='par_1_62' title="bbox 2172 507 2822 580">
     <span class='ocr_line' id='line_1_62' title="bbox 2172 507 2822 580; baseline -0.005 -17"><span class='ocrx_word' id='word_1_455' title='bbox 2172 510 2323 563; x_wconf 89' lang='lat' dir='ltr'>mala</span> <span class='ocrx_word' id='word_1_456' title='bbox 2351 525 2564 580; x_wconf 89' lang='lat' dir='ltr'>pressa,</span> <span class='ocrx_word' id='word_1_457' title='bbox 2598 507 2790 561; x_wconf 90' lang='lat' dir='ltr'>subdit</span> <span class='ocrx_word' id='word_1_458' title='bbox 2811 523 2822 560; x_wconf 93' lang='lat'>:</span> 
     </span>
    </p>
   </div>
   <div class='ocr_carea' id='block_1_63' title="bbox 2242 595 3856 666">
    <p class='ocr_par' dir='ltr' id='par_1_63' title="bbox 2242 595 3856 666">
     <span class='ocr_line' id='line_1_63' title="bbox 2242 595 3856 666; baseline -0.002 -14"><span class='ocrx_word' id='word_1_459' title='bbox 2242 601 2404 654; x_wconf 75' lang='lat' dir='ltr'>Vens.</span> <span class='ocrx_word' id='word_1_460' title='bbox 2459 601 2546 652; x_wconf 87' lang='lat'>26.</span> <span class='ocrx_word' id='word_1_461' title='bbox 2590 627 2660 636; x_wconf 92' lang='lat'><strong>—</strong></span> <span class='ocrx_word' id='word_1_462' title='bbox 2709 617 2736 646; x_wconf 85' lang='lat'><strong>«</strong></span> <span class='ocrx_word' id='word_1_463' title='bbox 2799 595 3204 666; x_wconf 87' lang='lat' dir='ltr'>Exspectabam</span> <span class='ocrx_word' id='word_1_464' title='bbox 3259 595 3431 660; x_wconf 92' lang='lat' dir='ltr'>bona,</span> <span class='ocrx_word' id='word_1_465' title='bbox 3490 599 3547 648; x_wconf 89' lang='lat' dir='ltr'>et</span> <span class='ocrx_word' id='word_1_466' title='bbox 3583 599 3856 648; x_wconf 87' lang='lat' dir='ltr'>venerunt</span> 
     </span>
    </p>
   </div>
   <div class='ocr_carea' id='block_1_64' title="bbox 2170 683 3851 754">
    <p class='ocr_par' dir='ltr' id='par_1_64' title="bbox 2170 683 3851 754">
     <span class='ocr_line' id='line_1_64' title="bbox 2170 683 3851 754; baseline -0.002 -14"><span class='ocrx_word' id='word_1_467' title='bbox 2170 686 2312 740; x_wconf 90' lang='lat' dir='ltr'>mihi</span> <span class='ocrx_word' id='word_1_468' title='bbox 2364 686 2529 740; x_wconf 87' lang='lat' dir='ltr'>mala.</span> <span class='ocrx_word' id='word_1_469' title='bbox 2582 707 2609 735; x_wconf 88' lang='grc'>››</span> <span class='ocrx_word' id='word_1_470' title='bbox 2675 684 2882 739; x_wconf 84' lang='lat' dir='ltr'>Fidelis</span> <span class='ocrx_word' id='word_1_471' title='bbox 2937 685 3184 754; x_wconf 88' lang='lat' dir='ltr'>populus</span> <span class='ocrx_word' id='word_1_472' title='bbox 3215 688 3501 754; x_wconf 80' lang='lat' dir='ltr'>exspectat</span> <span class='ocrx_word' id='word_1_473' title='bbox 3541 683 3712 743; x_wconf 88' lang='lat' dir='ltr'>bona.</span> <span class='ocrx_word' id='word_1_474' title='bbox 3763 683 3851 736; x_wconf 87' lang='lat' dir='ltr'>sed</span> 
     </span>
    </p>
   </div>
   <div class='ocr_carea' id='block_1_65' title="bbox 2169 773 2607 843">
    <p class='ocr_par' dir='ltr' id='par_1_65' title="bbox 2169 773 2607 843">
     <span class='ocr_line' id='line_1_65' title="bbox 2169 773 2607 843; baseline 0.002 -17"><span class='ocrx_word' id='word_1_475' title='bbox 2169 773 2320 826; x_wconf 90' lang='lat' dir='ltr'>mala</span> <span class='ocrx_word' id='word_1_476' title='bbox 2349 773 2607 843; x_wconf 87' lang='lat' dir='ltr'>suscipit.</span> 
     </span>
    </p>
   </div>
   <div class='ocr_carea' id='block_1_66' title="bbox 2243 859 3855 931">
    <p class='ocr_par' dir='ltr' id='par_1_66' title="bbox 2243 859 3855 931">
     <span class='ocr_line' id='line_1_66' title="bbox 2243 859 3855 931; baseline 0.001 -20"><span class='ocrx_word' id='word_1_477' title='bbox 2243 881 2268 911; x_wconf 88' lang='lat'>«</span> <span class='ocrx_word' id='word_1_478' title='bbox 2303 862 2679 915; x_wconf 88' lang='lat' dir='ltr'>Praestolabar</span> <span class='ocrx_word' id='word_1_479' title='bbox 2701 862 2905 927; x_wconf 89' lang='lat' dir='ltr'>lucem,</span> <span class='ocrx_word' id='word_1_480' title='bbox 2930 865 2986 913; x_wconf 90' lang='lat' dir='ltr'>et</span> <span class='ocrx_word' id='word_1_481' title='bbox 3018 862 3330 931; x_wconf 89' lang='lat' dir='ltr'>eruperunt</span> <span class='ocrx_word' id='word_1_482' title='bbox 3357 859 3628 912; x_wconf 60' lang='lat' dir='ltr'>tenebras.</span> <span class='ocrx_word' id='word_1_483' title='bbox 3663 879 3690 906; x_wconf 72' lang='grc' dir='ltr'>η</span> <span class='ocrx_word' id='word_1_484' title='bbox 3725 860 3855 912; x_wconf 66' lang='lat' dir='ltr'>Prae-</span> 
     </span>
    </p>
   </div>
   <div class='ocr_carea' id='block_1_67' title="bbox 2170 947 3856 1018">
    <p class='ocr_par' dir='ltr' id='par_1_67' title="bbox 2170 947 3856 1018">
     <span class='ocr_line' id='line_1_67' title="bbox 2170 947 3856 1018; baseline -0.001 -16"><span class='ocrx_word' id='word_1_485' title='bbox 2170 950 2409 1004; x_wconf 89' lang='lat' dir='ltr'>stolatur</span> <span class='ocrx_word' id='word_1_486' title='bbox 2440 949 2646 1015; x_wconf 89' lang='lat' dir='ltr'>lucem,</span> <span class='ocrx_word' id='word_1_487' title='bbox 2678 954 2734 1002; x_wconf 94' lang='lat' dir='ltr'>et</span> <span class='ocrx_word' id='word_1_488' title='bbox 2762 949 3026 1003; x_wconf 88' lang='lat' dir='ltr'>tenebras</span> <span class='ocrx_word' id='word_1_489' title='bbox 3065 948 3325 1010; x_wconf 86' lang='lat' dir='ltr'>incurrit,</span> <span class='ocrx_word' id='word_1_490' title='bbox 3361 947 3497 1018; x_wconf 88' lang='lat' dir='ltr'>quia</span> <span class='ocrx_word' id='word_1_491' title='bbox 3525 963 3632 1016; x_wconf 90' lang='lat' dir='ltr'>pro</span> <span class='ocrx_word' id='word_1_492' title='bbox 3677 964 3856 1001; x_wconf 87' lang='lat' dir='ltr'>remu-</span> 
     </span>
    </p>
   </div>
   <div class='ocr_carea' id='block_1_68' title="bbox 2170 1035 3855 1108">
    <p class='ocr_par' dir='ltr' id='par_1_68' title="bbox 2170 1035 3855 1108">
     <span class='ocr_line' id='line_1_68' title="bbox 2170 1035 3855 1108; baseline -0.002 -16"><span class='ocrx_word' id='word_1_493' title='bbox 2170 1039 2485 1092; x_wconf 91' lang='lat' dir='ltr'>nerationis</span> <span class='ocrx_word' id='word_1_494' title='bbox 2515 1037 2696 1108; x_wconf 88' lang='lat' dir='ltr'>gratia</span> <span class='ocrx_word' id='word_1_495' title='bbox 2753 1038 3030 1092; x_wconf 88' lang='lat' dir='ltr'>interesse</span> <span class='ocrx_word' id='word_1_496' title='bbox 3078 1037 3199 1107; x_wconf 88' lang='lat' dir='ltr'>jam</span> <span class='ocrx_word' id='word_1_497' title='bbox 3250 1035 3475 1106; x_wconf 90' lang='lat' dir='ltr'>gaudiis</span> <span class='ocrx_word' id='word_1_498' title='bbox 3528 1037 3855 1107; x_wconf 80' lang='lat' dir='ltr'>angelorum</span> 
     </span>
    </p>
   </div>
   <div class='ocr_carea' id='block_1_69' title="bbox 2169 1125 3857 1196">
    <p class='ocr_par' dir='ltr' id='par_1_69' title="bbox 2169 1125 3857 1196">
     <span class='ocr_line' id='line_1_69' title="bbox 2169 1125 3857 1196; baseline -0.002 -17"><span class='ocrx_word' id='word_1_499' title='bbox 2169 1131 2376 1196; x_wconf 88' lang='lat' dir='ltr'>sperat,</span> <span class='ocrx_word' id='word_1_500' title='bbox 2412 1132 2469 1180; x_wconf 92' lang='lat' dir='ltr'>et</span> <span class='ocrx_word' id='word_1_501' title='bbox 2497 1133 2690 1180; x_wconf 86' lang='lat' dir='ltr'>tamen</span> <span class='ocrx_word' id='word_1_502' title='bbox 2748 1125 2841 1179; x_wconf 92' lang='lat' dir='ltr'>hic</span> <span class='ocrx_word' id='word_1_503' title='bbox 2886 1125 3100 1179; x_wconf 89' lang='lat' dir='ltr'>diutius</span> <span class='ocrx_word' id='word_1_504' title='bbox 3147 1125 3374 1192; x_wconf 87' lang='lat' dir='ltr'>dilatus,</span> <span class='ocrx_word' id='word_1_505' title='bbox 3434 1140 3644 1177; x_wconf 87' lang='lat' dir='ltr'>manus</span> <span class='ocrx_word' id='word_1_506' title='bbox 3673 1140 3857 1194; x_wconf 86' lang='lat' dir='ltr'>perse-</span> 
     </span>
    </p>
   </div>
   <div class='ocr_carea' id='block_1_70' title="bbox 2169 1214 3102 1286">
    <p class='ocr_par' dir='ltr' id='par_1_70' title="bbox 2169 1214 3102 1286">
     <span class='ocr_line' id='line_1_70' title="bbox 2169 1214 3102 1286; baseline 0.001 -18"><span class='ocrx_word' id='word_1_507' title='bbox 2169 1216 2470 1286; x_wconf 90' lang='lat' dir='ltr'>quentium</span> <span class='ocrx_word' id='word_1_508' title='bbox 2505 1217 2728 1280; x_wconf 89' lang='lat' dir='ltr'>tolerat,</span> <span class='ocrx_word' id='word_1_509' title='bbox 2778 1219 2841 1268; x_wconf 91' lang='lat' dir='ltr'>ut</span> <span class='ocrx_word' id='word_1_510' title='bbox 2880 1214 3102 1269; x_wconf 87' lang='lat' dir='ltr'>Tobias.</span> 
     </span>
    </p>
   </div>
   <div class='ocr_carea' id='block_1_71' title="bbox 2242 1301 3857 1371">
    <p class='ocr_par' dir='ltr' id='par_1_71' title="bbox 2242 1301 3857 1371">
     <span class='ocr_line' id='line_1_71' title="bbox 2242 1301 3857 1371; baseline -0.001 -16"><span class='ocrx_word' id='word_1_511' title='bbox 2242 1305 2402 1357; x_wconf 77' lang='lat' dir='ltr'>Vens.</span> <span class='ocrx_word' id='word_1_512' title='bbox 2445 1307 2535 1358; x_wconf 86' lang='lat'>27.</span> <span class='ocrx_word' id='word_1_513' title='bbox 2559 1334 2628 1343; x_wconf 96' lang='lat'>—</span> <span class='ocrx_word' id='word_1_514' title='bbox 2656 1325 2683 1352; x_wconf 90' lang='grc'><em>‹‹</em></span> <span class='ocrx_word' id='word_1_515' title='bbox 2712 1303 2988 1356; x_wconf 86' lang='lat' dir='ltr'>Interiora</span> <span class='ocrx_word' id='word_1_516' title='bbox 3022 1317 3148 1355; x_wconf 88' lang='lat' dir='ltr'>mea</span> <span class='ocrx_word' id='word_1_517' title='bbox 3205 1301 3604 1355; x_wconf 79' lang='lat' dir='ltr'>etferhuerunt</span> <span class='ocrx_word' id='word_1_518' title='bbox 3654 1301 3857 1371; x_wconf 87' lang='lat' dir='ltr'>absque</span> 
     </span>
    </p>
   </div>
   <div class='ocr_carea' id='block_1_72' title="bbox 2169 1389 3854 1462">
    <p class='ocr_par' dir='ltr' id='par_1_72' title="bbox 2169 1389 3854 1462">
     <span class='ocr_line' id='line_1_72' title="bbox 2169 1389 3854 1462; baseline -0.001 -17"><span class='ocrx_word' id='word_1_519' title='bbox 2169 1393 2288 1446; x_wconf 91' lang='lat' dir='ltr'>ulla</span> <span class='ocrx_word' id='word_1_520' title='bbox 2356 1393 2576 1462; x_wconf 87' lang='lat' dir='ltr'>requie.</span> <span class='ocrx_word' id='word_1_521' title='bbox 2635 1413 2657 1440; x_wconf 70' lang='grc' dir='ltr'><strong>ο</strong></span> <span class='ocrx_word' id='word_1_522' title='bbox 2709 1393 2926 1447; x_wconf 78' lang='lat' dir='ltr'>Sanctae</span> <span class='ocrx_word' id='word_1_523' title='bbox 2999 1390 3258 1445; x_wconf 65' lang='lat' dir='ltr'>Ecclesiae</span> <span class='ocrx_word' id='word_1_524' title='bbox 3306 1389 3578 1443; x_wconf 89' lang='lat' dir='ltr'>interiora</span> <span class='ocrx_word' id='word_1_525' title='bbox 3633 1390 3854 1444; x_wconf 74' lang='lat' dir='ltr'>efferve-</span> 
     </span>
    </p>
   </div>
   <div class='ocr_carea' id='block_1_73' title="bbox 2169 1477 3857 1549">
    <p class='ocr_par' dir='ltr' id='par_1_73' title="bbox 2169 1477 3857 1549">
     <span class='ocr_line' id='line_1_73' title="bbox 2169 1477 3857 1549; baseline -0.001 -17"><span class='ocrx_word' id='word_1_526' title='bbox 2169 1495 2342 1547; x_wconf 88' lang='lat' dir='ltr'>scere,</span> <span class='ocrx_word' id='word_1_527' title='bbox 2393 1485 2522 1546; x_wconf 91' lang='lat' dir='ltr'>etc.,</span> <span class='ocrx_word' id='word_1_528' title='bbox 2582 1495 2750 1549; x_wconf 84' lang='lat' dir='ltr'>usque</span> <span class='ocrx_word' id='word_1_529' title='bbox 2811 1480 2886 1532; x_wconf 83' lang='lat' dir='ltr'>ad</span> <span class='ocrx_word' id='word_1_530' title='bbox 2940 1483 2997 1532; x_wconf 91' lang='lat' dir='ltr'>et</span> <span class='ocrx_word' id='word_1_531' title='bbox 3025 1478 3130 1532; x_wconf 91' lang='lat' dir='ltr'>hoc</span> <span class='ocrx_word' id='word_1_532' title='bbox 3183 1482 3287 1544; x_wconf 89' lang='lat' dir='ltr'>est,</span> <span class='ocrx_word' id='word_1_533' title='bbox 3349 1477 3689 1531; x_wconf 77' lang='lat' dir='ltr'>«interiora</span> <span class='ocrx_word' id='word_1_534' title='bbox 3745 1479 3857 1547; x_wconf 82' lang='lat' dir='ltr'>eius</span> 
     </span>
    </p>
   </div>
   <div class='ocr_carea' id='block_1_74' title="bbox 2170 1568 2636 1623">
    <p class='ocr_par' dir='ltr' id='par_1_74' title="bbox 2170 1568 2636 1623">
     <span class='ocr_line' id='line_1_74' title="bbox 2170 1568 2636 1623; baseline -0.009 0"><span class='ocrx_word' id='word_1_535' title='bbox 2170 1568 2577 1623; x_wconf 77' lang='lat' dir='ltr'>eﬁ&#39;erbuerunt.</span> <span class='ocrx_word' id='word_1_536' title='bbox 2609 1587 2636 1619; x_wconf 89' lang='lat'><strong>»</strong></span> 
     </span>
    </p>
   </div>
   <div class='ocr_carea' id='block_1_75' title="bbox 2243 1654 3859 1724">
    <p class='ocr_par' dir='ltr' id='par_1_75' title="bbox 2243 1654 3859 1724">
     <span class='ocr_line' id='line_1_75' title="bbox 2243 1654 3859 1724; baseline -0.003 -13"><span class='ocrx_word' id='word_1_537' title='bbox 2243 1677 2270 1707; x_wconf 76' lang='grc' dir='ltr'>α</span> <span class='ocrx_word' id='word_1_538' title='bbox 2307 1659 2712 1711; x_wconf 77' lang='lat' dir='ltr'>Praevenerunt</span> <span class='ocrx_word' id='word_1_539' title='bbox 2767 1672 2856 1709; x_wconf 91' lang='lat' dir='ltr'>me</span> <span class='ocrx_word' id='word_1_540' title='bbox 2889 1655 3007 1709; x_wconf 91' lang='lat' dir='ltr'>dies</span> <span class='ocrx_word' id='word_1_541' title='bbox 3039 1654 3382 1709; x_wconf 78' lang='lat' dir='ltr'>afﬂictionis.</span> <span class='ocrx_word' id='word_1_542' title='bbox 3404 1676 3431 1703; x_wconf 83' lang='lat'>»</span> <span class='ocrx_word' id='word_1_543' title='bbox 3467 1654 3580 1709; x_wconf 90' lang='lat' dir='ltr'>Scit</span> <span class='ocrx_word' id='word_1_544' title='bbox 3620 1669 3859 1724; x_wconf 90' lang='lat' dir='ltr'>namque</span> 
     </span>
    </p>
   </div>
   <div class='ocr_carea' id='block_1_76' title="bbox 2174 1743 3858 1816">
    <p class='ocr_par' dir='ltr' id='par_1_76' title="bbox 2174 1743 3858 1816">
     <span class='ocr_line' id='line_1_76' title="bbox 2174 1743 3858 1816; baseline -0.002 -17"><span class='ocrx_word' id='word_1_545' title='bbox 2174 1746 2415 1799; x_wconf 86' lang='lat' dir='ltr'>Ecclesia</span> <span class='ocrx_word' id='word_1_546' title='bbox 2449 1747 2761 1799; x_wconf 88' lang='lat' dir='ltr'>electorum</span> <span class='ocrx_word' id='word_1_547' title='bbox 2818 1744 2972 1816; x_wconf 90' lang='lat' dir='ltr'>quod</span> <span class='ocrx_word' id='word_1_548' title='bbox 3031 1744 3425 1814; x_wconf 88' lang='lat' dir='ltr'>persecutione</span> <span class='ocrx_word' id='word_1_549' title='bbox 3481 1743 3689 1797; x_wconf 90' lang='lat' dir='ltr'>ultima</span> <span class='ocrx_word' id='word_1_550' title='bbox 3719 1743 3858 1796; x_wconf 85' lang='lat' dir='ltr'>mala</span> 
     </span>
    </p>
   </div>
   <div class='ocr_carea' id='block_1_77' title="bbox 2173 1832 3859 1904">
    <p class='ocr_par' dir='ltr' id='par_1_77' title="bbox 2173 1832 3859 1904">
     <span class='ocr_line' id='line_1_77' title="bbox 2173 1832 3859 1904; baseline -0.003 -16"><span class='ocrx_word' id='word_1_551' title='bbox 2173 1835 2354 1888; x_wconf 86' lang='lat' dir='ltr'>multa</span> <span class='ocrx_word' id='word_1_552' title='bbox 2382 1851 2620 1904; x_wconf 86' lang='lat' dir='ltr'>passura</span> <span class='ocrx_word' id='word_1_553' title='bbox 2677 1835 2768 1888; x_wconf 90' lang='lat' dir='ltr'>sit.</span> <span class='ocrx_word' id='word_1_554' title='bbox 2826 1834 2933 1888; x_wconf 87' lang='lat' dir='ltr'>Sed</span> <span class='ocrx_word' id='word_1_555' title='bbox 2991 1834 3140 1887; x_wconf 88' lang='lat' dir='ltr'>hanc</span> <span class='ocrx_word' id='word_1_556' title='bbox 3191 1832 3516 1886; x_wconf 81' lang='lat' dir='ltr'>aftlictionis</span> <span class='ocrx_word' id='word_1_557' title='bbox 3574 1848 3696 1885; x_wconf 69' lang='lat' dir='ltr'>sua:</span> <span class='ocrx_word' id='word_1_558' title='bbox 3750 1832 3859 1884; x_wconf 90' lang='lat' dir='ltr'>dies</span> 
     </span>
    </p>
   </div>
   <div class='ocr_carea' id='block_1_78' title="bbox 2169 1920 3861 1993">
    <p class='ocr_par' dir='ltr' id='par_1_78' title="bbox 2169 1920 3861 1993">
     <span class='ocr_line' id='line_1_78' title="bbox 2169 1920 3861 1993; baseline -0.002 -17"><span class='ocrx_word' id='word_1_559' title='bbox 2169 1924 2552 1993; x_wconf 64' lang='lat' dir='ltr'>praeveniunt,</span> <span class='ocrx_word' id='word_1_560' title='bbox 2605 1923 2739 1992; x_wconf 91' lang='lat' dir='ltr'>quia</span> <span class='ocrx_word' id='word_1_561' title='bbox 2785 1922 3069 1976; x_wconf 91' lang='lat' dir='ltr'>malorum</span> <span class='ocrx_word' id='word_1_562' title='bbox 3129 1922 3240 1976; x_wconf 85' lang='lat' dir='ltr'>vita</span> <span class='ocrx_word' id='word_1_563' title='bbox 3291 1920 3441 1975; x_wconf 88' lang='lat' dir='ltr'>inter</span> <span class='ocrx_word' id='word_1_564' title='bbox 3497 1937 3557 1974; x_wconf 90' lang='lat' dir='ltr'>se</span> <span class='ocrx_word' id='word_1_565' title='bbox 3621 1921 3861 1990; x_wconf 81' lang='lat' dir='ltr'>graviter</span> 
     </span>
    </p>
   </div>
   <div class='ocr_carea' id='block_1_79' title="bbox 2170 2009 3857 2080">
    <p class='ocr_par' dir='ltr' id='par_1_79' title="bbox 2170 2009 3857 2080">
     <span class='ocr_line' id='line_1_79' title="bbox 2170 2009 3857 2080; baseline -0.001 -16"><span class='ocrx_word' id='word_1_566' title='bbox 2170 2011 2342 2064; x_wconf 87' lang='lat' dir='ltr'>etiam</span> <span class='ocrx_word' id='word_1_567' title='bbox 2373 2019 2631 2080; x_wconf 88' lang='lat' dir='ltr'>tempore</span> <span class='ocrx_word' id='word_1_568' title='bbox 2655 2010 2809 2080; x_wconf 87' lang='lat' dir='ltr'>pacis</span> <span class='ocrx_word' id='word_1_569' title='bbox 2838 2014 3044 2080; x_wconf 85' lang='lat' dir='ltr'>portat,</span> <span class='ocrx_word' id='word_1_570' title='bbox 3101 2010 3198 2080; x_wconf 90' lang='lat' dir='ltr'>qui</span> <span class='ocrx_word' id='word_1_571' title='bbox 3223 2010 3346 2080; x_wconf 86' lang='lat' dir='ltr'>jam</span> <span class='ocrx_word' id='word_1_572' title='bbox 3375 2010 3434 2063; x_wconf 91' lang='lat' dir='ltr'>in</span> <span class='ocrx_word' id='word_1_573' title='bbox 3467 2010 3662 2080; x_wconf 87' lang='lat' dir='ltr'>pravis</span> <span class='ocrx_word' id='word_1_574' title='bbox 3692 2009 3857 2063; x_wconf 89' lang='lat' dir='ltr'>mori-</span> 
     </span>
    </p>
   </div>
   <div class='ocr_carea' id='block_1_80' title="bbox 2168 2099 3213 2169">
    <p class='ocr_par' dir='ltr' id='par_1_80' title="bbox 2168 2099 3213 2169">
     <span class='ocr_line' id='line_1_80' title="bbox 2168 2099 3213 2169; baseline 0 -16"><span class='ocrx_word' id='word_1_575' title='bbox 2168 2099 2275 2153; x_wconf 91' lang='lat' dir='ltr'>bus</span> <span class='ocrx_word' id='word_1_576' title='bbox 2304 2100 2633 2164; x_wconf 87' lang='lat' dir='ltr'>ostcndunt,</span> <span class='ocrx_word' id='word_1_577' title='bbox 2676 2099 2812 2169; x_wconf 89' lang='lat' dir='ltr'>quid</span> <span class='ocrx_word' id='word_1_578' title='bbox 2843 2099 2916 2152; x_wconf 91' lang='lat' dir='ltr'>sit</span> <span class='ocrx_word' id='word_1_579' title='bbox 2933 2099 3213 2153; x_wconf 80' lang='lat' dir='ltr'>futurum.</span> 
     </span>
    </p>
   </div>
   <div class='ocr_carea' id='block_1_81' title="bbox 2239 2187 3862 2242">
    <p class='ocr_par' dir='ltr' id='par_1_81' title="bbox 2239 2187 3862 2242">
     <span class='ocr_line' id='line_1_81' title="bbox 2239 2187 3862 2242; baseline 0 -3"><span class='ocrx_word' id='word_1_580' title='bbox 2239 2189 2400 2241; x_wconf 74' lang='lat' dir='ltr'>Vsus.</span> <span class='ocrx_word' id='word_1_581' title='bbox 2435 2191 2520 2241; x_wconf 88' lang='lat'>28.</span> <span class='ocrx_word' id='word_1_582' title='bbox 2558 2217 2624 2228; x_wconf 91' lang='lat'><strong><em>—</em></strong></span> <span class='ocrx_word' id='word_1_583' title='bbox 2649 2208 2676 2236; x_wconf 68' lang='grc' dir='ltr'><strong><em>ς</em></strong></span> <span class='ocrx_word' id='word_1_584' title='bbox 2727 2189 2965 2241; x_wconf 71' lang='lat' dir='ltr'>Maerens</span> <span class='ocrx_word' id='word_1_585' title='bbox 3031 2188 3382 2242; x_wconf 90' lang='lat' dir='ltr'>incedebam.</span> <span class='ocrx_word' id='word_1_586' title='bbox 3416 2207 3444 2238; x_wconf 70' lang='grc' dir='ltr'>ιι</span> <span class='ocrx_word' id='word_1_587' title='bbox 3482 2187 3580 2241; x_wconf 89' lang='lat' dir='ltr'>Vir</span> <span class='ocrx_word' id='word_1_588' title='bbox 3647 2197 3862 2240; x_wconf 90' lang='lat' dir='ltr'>sanctus</span> 
     </span>
    </p>
   </div>
   <div class='ocr_carea' id='block_1_82' title="bbox 2167 2273 3858 2346">
    <p class='ocr_par' dir='ltr' id='par_1_82' title="bbox 2167 2273 3858 2346">
     <span class='ocr_line' id='line_1_82' title="bbox 2167 2273 3858 2346; baseline -0.002 -16"><span class='ocrx_word' id='word_1_589' title='bbox 2167 2277 2437 2342; x_wconf 83' lang='lat' dir='ltr'>elevatus,</span> <span class='ocrx_word' id='word_1_590' title='bbox 2474 2281 2605 2342; x_wconf 90' lang='lat' dir='ltr'>etc.,</span> <span class='ocrx_word' id='word_1_591' title='bbox 2645 2291 2815 2344; x_wconf 86' lang='lat' dir='ltr'>usque</span> <span class='ocrx_word' id='word_1_592' title='bbox 2843 2277 2918 2329; x_wconf 87' lang='lat' dir='ltr'>ad</span> <span class='ocrx_word' id='word_1_593' title='bbox 2947 2276 3040 2330; x_wconf 91' lang='lat' dir='ltr'>hic</span> <span class='ocrx_word' id='word_1_594' title='bbox 3068 2292 3171 2346; x_wconf 88' lang='lat' dir='ltr'>per</span> <span class='ocrx_word' id='word_1_595' title='bbox 3223 2291 3488 2346; x_wconf 87' lang='lat' dir='ltr'>asperum</span> <span class='ocrx_word' id='word_1_596' title='bbox 3551 2275 3666 2328; x_wconf 88' lang='lat' dir='ltr'>iter</span> <span class='ocrx_word' id='word_1_597' title='bbox 3719 2273 3858 2328; x_wconf 88' lang='lat' dir='ltr'>venit</span> 
     </span>
    </p>
   </div>
   <div class='ocr_carea' id='block_1_83' title="bbox 2166 2364 2530 2434">
    <p class='ocr_par' dir='ltr' id='par_1_83' title="bbox 2166 2364 2530 2434">
     <span class='ocr_line' id='line_1_83' title="bbox 2166 2364 2530 2434; baseline 0.003 -17"><span class='ocrx_word' id='word_1_598' title='bbox 2166 2365 2235 2419; x_wconf 92' lang='lat' dir='ltr'>ad</span> <span class='ocrx_word' id='word_1_599' title='bbox 2267 2364 2530 2434; x_wconf 89' lang='lat' dir='ltr'>patriam.</span> 
     </span>
    </p>
   </div>
   <div class='ocr_carea' id='block_1_84' title="bbox 2239 2450 3848 2521">
    <p class='ocr_par' dir='ltr' id='par_1_84' title="bbox 2239 2450 3848 2521">
     <span class='ocr_line' id='line_1_84' title="bbox 2239 2450 3848 2521; baseline -0.001 -19"><span class='ocrx_word' id='word_1_600' title='bbox 2239 2473 2263 2502; x_wconf 85' lang='lat'><strong>«</strong></span> <span class='ocrx_word' id='word_1_601' title='bbox 2300 2451 2434 2506; x_wconf 91' lang='lat' dir='ltr'>Sine</span> <span class='ocrx_word' id='word_1_602' title='bbox 2465 2452 2659 2505; x_wconf 90' lang='lat' dir='ltr'>furore</span> <span class='ocrx_word' id='word_1_603' title='bbox 2690 2466 3055 2521; x_wconf 79' lang='lat' dir='ltr'>consurgens.</span> <span class='ocrx_word' id='word_1_604' title='bbox 3089 2473 3108 2497; x_wconf 77' lang='grc' dir='ltr'>ιι</span> <span class='ocrx_word' id='word_1_605' title='bbox 3145 2451 3304 2521; x_wconf 69' lang='lat' dir='ltr'>Saepe</span> <span class='ocrx_word' id='word_1_606' title='bbox 3337 2450 3739 2504; x_wconf 88' lang='lat' dir='ltr'>seditiosorum</span> <span class='ocrx_word' id='word_1_607' title='bbox 3771 2453 3848 2501; x_wconf 87' lang='lat' dir='ltr'>tu-</span> 
     </span>
    </p>
   </div>
   <div class='ocr_carea' id='block_1_85' title="bbox 2165 2539 3850 2611">
    <p class='ocr_par' dir='ltr' id='par_1_85' title="bbox 2165 2539 3850 2611">
     <span class='ocr_line' id='line_1_85' title="bbox 2165 2539 3850 2611; baseline -0.002 -17"><span class='ocrx_word' id='word_1_608' title='bbox 2165 2542 2379 2594; x_wconf 88' lang='lat' dir='ltr'>multus</span> <span class='ocrx_word' id='word_1_609' title='bbox 2437 2541 2740 2594; x_wconf 89' lang='lat' dir='ltr'>hominum</span> <span class='ocrx_word' id='word_1_610' title='bbox 2804 2539 3246 2611; x_wconf 73' lang='lat' dir='ltr'>praepositorum</span> <span class='ocrx_word' id='word_1_611' title='bbox 3331 2555 3567 2593; x_wconf 86' lang='lat' dir='ltr'>suorum</span> <span class='ocrx_word' id='word_1_612' title='bbox 3641 2543 3850 2592; x_wconf 85' lang='lat' dir='ltr'>mentes</span> 
     </span>
    </p>
   </div>
   <div class='ocr_carea' id='block_1_86' title="bbox 2166 2628 3833 2698">
    <p class='ocr_par' dir='ltr' id='par_1_86' title="bbox 2166 2628 3833 2698">
     <span class='ocr_line' id='line_1_86' title="bbox 2166 2628 3833 2698; baseline -0.002 -16"><span class='ocrx_word' id='word_1_613' title='bbox 2166 2631 2477 2684; x_wconf 89' lang='lat' dir='ltr'>lacessunt:</span> <span class='ocrx_word' id='word_1_614' title='bbox 2513 2628 2634 2698; x_wconf 89' lang='lat' dir='ltr'>qui,</span> <span class='ocrx_word' id='word_1_615' title='bbox 2685 2628 2731 2681; x_wconf 89' lang='lat' dir='ltr'>si</span> <span class='ocrx_word' id='word_1_616' title='bbox 2763 2628 2901 2682; x_wconf 88' lang='lat' dir='ltr'>boni</span> <span class='ocrx_word' id='word_1_617' title='bbox 2933 2633 3084 2695; x_wconf 88' lang='lat' dir='ltr'>sunt,</span> <span class='ocrx_word' id='word_1_618' title='bbox 3127 2633 3323 2683; x_wconf 91' lang='lat' dir='ltr'>contra</span> <span class='ocrx_word' id='word_1_619' title='bbox 3379 2628 3664 2681; x_wconf 89' lang='lat' dir='ltr'>tumultus</span> <span class='ocrx_word' id='word_1_620' title='bbox 3718 2628 3833 2680; x_wconf 89' lang='lat' dir='ltr'>inso</span> 
     </span>
    </p>
   </div>
   <div class='ocr_carea' id='block_1_87' title="bbox 2163 2716 3853 2782">
    <p class='ocr_par' dir='ltr' id='par_1_87' title="bbox 2163 2716 3853 2782">
     <span class='ocr_line' id='line_1_87' title="bbox 2163 2716 3853 2782; baseline -0.002 -10"><span class='ocrx_word' id='word_1_621' title='bbox 2163 2717 2406 2772; x_wconf 88' lang='lat' dir='ltr'>lentium</span> <span class='ocrx_word' id='word_1_622' title='bbox 2432 2718 2743 2771; x_wconf 90' lang='lat' dir='ltr'>clamorem</span> <span class='ocrx_word' id='word_1_623' title='bbox 2773 2716 3005 2782; x_wconf 86' lang='lat' dir='ltr'>habent,</span> <span class='ocrx_word' id='word_1_624' title='bbox 3051 2721 3108 2770; x_wconf 89' lang='lat' dir='ltr'>et</span> <span class='ocrx_word' id='word_1_625' title='bbox 3161 2717 3414 2770; x_wconf 84' lang='lat' dir='ltr'>furorem</span> <span class='ocrx_word' id='word_1_626' title='bbox 3464 2732 3581 2770; x_wconf 89' lang='lat' dir='ltr'>non</span> <span class='ocrx_word' id='word_1_627' title='bbox 3631 2716 3853 2780; x_wconf 88' lang='lat' dir='ltr'>habent,</span> 
     </span>
    </p>
   </div>
   <div class='ocr_carea' id='block_1_88' title="bbox 2165 2805 3856 2877">
    <p class='ocr_par' dir='ltr' id='par_1_88' title="bbox 2165 2805 3856 2877">
     <span class='ocr_line' id='line_1_88' title="bbox 2165 2805 3856 2877; baseline -0.002 -17"><span class='ocrx_word' id='word_1_628' title='bbox 2165 2805 2440 2877; x_wconf 90' lang='lat' dir='ltr'>quoniam</span> <span class='ocrx_word' id='word_1_629' title='bbox 2519 2821 2666 2876; x_wconf 90' lang='lat' dir='ltr'>quos</span> <span class='ocrx_word' id='word_1_630' title='bbox 2733 2806 3044 2860; x_wconf 90' lang='lat' dir='ltr'>clementer</span> <span class='ocrx_word' id='word_1_631' title='bbox 3129 2806 3399 2872; x_wconf 88' lang='lat' dir='ltr'>tolerant,</span> <span class='ocrx_word' id='word_1_632' title='bbox 3467 2805 3678 2859; x_wconf 91' lang='lat' dir='ltr'>docere</span> <span class='ocrx_word' id='word_1_633' title='bbox 3751 2820 3856 2857; x_wconf 91' lang='lat' dir='ltr'>non</span> 
     </span>
    </p>
   </div>
   <div class='ocr_carea' id='block_1_89' title="bbox 2166 2899 2406 2948">
    <p class='ocr_par' dir='ltr' id='par_1_89' title="bbox 2166 2899 2406 2948">
     <span class='ocr_line' id='line_1_89' title="bbox 2166 2899 2406 2948; baseline 0.004 -1"><span class='ocrx_word' id='word_1_634' title='bbox 2166 2899 2406 2948; x_wconf 88' lang='lat' dir='ltr'>cessant.</span> 
     </span>
    </p>
   </div>
   <div class='ocr_carea' id='block_1_90' title="bbox 2243 2985 3859 3040">
    <p class='ocr_par' dir='ltr' id='par_1_90' title="bbox 2243 2985 3859 3040">
     <span class='ocr_line' id='line_1_90' title="bbox 2243 2985 3859 3040; baseline -0.001 -2"><span class='ocrx_word' id='word_1_635' title='bbox 2243 2987 2397 3038; x_wconf 76' lang='lat' dir='ltr'>Vens.</span> <span class='ocrx_word' id='word_1_636' title='bbox 2431 2987 2518 3039; x_wconf 88' lang='lat'>29.</span> <span class='ocrx_word' id='word_1_637' title='bbox 2561 3013 2630 3026; x_wconf 90' lang='lat'><strong>—</strong></span> <span class='ocrx_word' id='word_1_638' title='bbox 2663 3005 2690 3034; x_wconf 87' lang='lat'><strong>«</strong></span> <span class='ocrx_word' id='word_1_639' title='bbox 2717 2986 2914 3039; x_wconf 82' lang='lat' dir='ltr'>Frater</span> <span class='ocrx_word' id='word_1_640' title='bbox 2933 2985 3016 3039; x_wconf 88' lang='lat' dir='ltr'>fui</span> <span class='ocrx_word' id='word_1_641' title='bbox 3071 2985 3408 3040; x_wconf 90' lang='lat' dir='ltr'>draconum.</span> <span class='ocrx_word' id='word_1_642' title='bbox 3460 3006 3488 3037; x_wconf 79' lang='grc' dir='ltr'>ι)</span> <span class='ocrx_word' id='word_1_643' title='bbox 3544 2987 3859 3039; x_wconf 89' lang='lat' dir='ltr'>Draconum</span> 
     </span>
    </p>
   </div>
   <div class='ocr_carea' id='block_1_91' title="bbox 2169 3073 3862 3143">
    <p class='ocr_par' dir='ltr' id='par_1_91' title="bbox 2169 3073 3862 3143">
     <span class='ocr_line' id='line_1_91' title="bbox 2169 3073 3862 3143; baseline 0 -16"><span class='ocrx_word' id='word_1_644' title='bbox 2169 3074 2401 3127; x_wconf 89' lang='lat' dir='ltr'>nomine</span> <span class='ocrx_word' id='word_1_645' title='bbox 2428 3073 2720 3138; x_wconf 89' lang='lat' dir='ltr'>malitiosi,</span> <span class='ocrx_word' id='word_1_646' title='bbox 2789 3078 2916 3141; x_wconf 89' lang='lat' dir='ltr'>etc.,</span> <span class='ocrx_word' id='word_1_647' title='bbox 2963 3089 3135 3143; x_wconf 83' lang='lat' dir='ltr'>usque</span> <span class='ocrx_word' id='word_1_648' title='bbox 3159 3075 3232 3127; x_wconf 84' lang='lat' dir='ltr'>ad</span> <span class='ocrx_word' id='word_1_649' title='bbox 3261 3075 3358 3129; x_wconf 88' lang='lat' dir='ltr'>sed</span> <span class='ocrx_word' id='word_1_650' title='bbox 3383 3091 3417 3128; x_wconf 90' lang='lat' dir='ltr'>a</span> <span class='ocrx_word' id='word_1_651' title='bbox 3447 3079 3602 3129; x_wconf 90' lang='lat' dir='ltr'>terra</span> <span class='ocrx_word' id='word_1_652' title='bbox 3635 3075 3862 3128; x_wconf 89' lang='lat' dir='ltr'>minime</span> 
     </span>
    </p>
   </div>
   <div class='ocr_carea' id='block_1_92' title="bbox 2167 3162 2825 3233">
    <p class='ocr_par' dir='ltr' id='par_1_92' title="bbox 2167 3162 2825 3233">
     <span class='ocr_line' id='line_1_92' title="bbox 2167 3162 2825 3233; baseline -0.005 -15"><span class='ocrx_word' id='word_1_653' title='bbox 2167 3179 2361 3233; x_wconf 90' lang='lat' dir='ltr'>penna</span> <span class='ocrx_word' id='word_1_654' title='bbox 2397 3162 2626 3216; x_wconf 85' lang='lat' dir='ltr'>virtutis</span> <span class='ocrx_word' id='word_1_655' title='bbox 2655 3163 2825 3217; x_wconf 85' lang='lat' dir='ltr'>levat.</span> 
     </span>
    </p>
   </div>
   <div class='ocr_carea' id='block_1_93' title="bbox 2242 3250 3860 3322">
    <p class='ocr_par' dir='ltr' id='par_1_93' title="bbox 2242 3250 3860 3322">
     <span class='ocr_line' id='line_1_93' title="bbox 2242 3250 3860 3322; baseline 0.001 -20"><span class='ocrx_word' id='word_1_656' title='bbox 2242 3251 2400 3303; x_wconf 75' lang='lat' dir='ltr'>Vens.</span> <span class='ocrx_word' id='word_1_657' title='bbox 2436 3252 2523 3304; x_wconf 89' lang='grc'>30.</span> <span class='ocrx_word' id='word_1_658' title='bbox 2566 3282 2634 3289; x_wconf 86' lang='lat'><strong>—</strong></span> <span class='ocrx_word' id='word_1_659' title='bbox 2671 3271 2692 3300; x_wconf 82' lang='grc' dir='ltr'>ι</span> <span class='ocrx_word' id='word_1_660' title='bbox 2747 3250 2901 3307; x_wconf 90' lang='lat' dir='ltr'>Cutis</span> <span class='ocrx_word' id='word_1_661' title='bbox 2957 3267 3088 3305; x_wconf 86' lang='lat' dir='ltr'>mea</span> <span class='ocrx_word' id='word_1_662' title='bbox 3134 3251 3433 3322; x_wconf 83' lang='lat' dir='ltr'>denigrata</span> <span class='ocrx_word' id='word_1_663' title='bbox 3480 3256 3586 3306; x_wconf 90' lang='lat' dir='ltr'>est.</span> <span class='ocrx_word' id='word_1_664' title='bbox 3625 3271 3652 3306; x_wconf 69' lang='grc' dir='ltr'><strong>υ</strong></span> <span class='ocrx_word' id='word_1_665' title='bbox 3715 3250 3860 3307; x_wconf 89' lang='lat' dir='ltr'>Cutis</span> 
     </span>
    </p>
   </div>
   <div class='ocr_carea' id='block_1_94' title="bbox 2166 3338 3859 3412">
    <p class='ocr_par' dir='ltr' id='par_1_94' title="bbox 2166 3338 3859 3412">
     <span class='ocr_line' id='line_1_94' title="bbox 2166 3338 3859 3412; baseline 0.002 -22"><span class='ocrx_word' id='word_1_666' title='bbox 2166 3338 2400 3391; x_wconf 89' lang='lat' dir='ltr'>nomine</span> <span class='ocrx_word' id='word_1_667' title='bbox 2429 3339 2691 3393; x_wconf 88' lang='lat' dir='ltr'>Ecclesiae</span> <span class='ocrx_word' id='word_1_668' title='bbox 2723 3339 2960 3406; x_wconf 79' lang='lat' dir='ltr'>infirmi,</span> <span class='ocrx_word' id='word_1_669' title='bbox 3009 3345 3141 3409; x_wconf 89' lang='lat' dir='ltr'>etc.,</span> <span class='ocrx_word' id='word_1_670' title='bbox 3189 3355 3357 3408; x_wconf 84' lang='lat' dir='ltr'>usque</span> <span class='ocrx_word' id='word_1_671' title='bbox 3411 3341 3490 3394; x_wconf 85' lang='lat' dir='ltr'>ad</span> <span class='ocrx_word' id='word_1_672' title='bbox 3533 3341 3639 3412; x_wconf 87' lang='lat' dir='ltr'>qui</span> <span class='ocrx_word' id='word_1_673' title='bbox 3688 3341 3746 3393; x_wconf 90' lang='lat' dir='ltr'>in</span> <span class='ocrx_word' id='word_1_674' title='bbox 3799 3356 3859 3393; x_wconf 87' lang='lat' dir='ltr'>ea</span> 
     </span>
    </p>
   </div>
   <div class='ocr_carea' id='block_1_95' title="bbox 2166 3427 3004 3492">
    <p class='ocr_par' dir='ltr' id='par_1_95' title="bbox 2166 3427 3004 3492">
     <span class='ocr_line' id='line_1_95' title="bbox 2166 3427 3004 3492; baseline 0.006 -14"><span class='ocrx_word' id='word_1_675' title='bbox 2166 3430 2320 3492; x_wconf 90' lang='lat' dir='ltr'>sunt,</span> <span class='ocrx_word' id='word_1_676' title='bbox 2345 3427 2464 3480; x_wconf 89' lang='lat' dir='ltr'>zelo</span> <span class='ocrx_word' id='word_1_677' title='bbox 2496 3427 2628 3482; x_wconf 80' lang='lat' dir='ltr'>iidei</span> <span class='ocrx_word' id='word_1_678' title='bbox 2656 3427 3004 3483; x_wconf 90' lang='lat' dir='ltr'>cruciantur.</span> 
     </span>
    </p>
   </div>
   <div class='ocr_carea' id='block_1_96' title="bbox 2237 3515 3856 3572">
    <p class='ocr_par' dir='ltr' id='par_1_96' title="bbox 2237 3515 3856 3572">
     <span class='ocr_line' id='line_1_96' title="bbox 2237 3515 3856 3572; baseline 0.002 -8"><span class='ocrx_word' id='word_1_679' title='bbox 2237 3515 2394 3568; x_wconf 73' lang='lat' dir='ltr'>Vens.</span> <span class='ocrx_word' id='word_1_680' title='bbox 2431 3517 2516 3570; x_wconf 84' lang='lat' dir='ltr'>3t.</span> <span class='ocrx_word' id='word_1_681' title='bbox 2545 3547 2614 3557; x_wconf 93' lang='lat'><strong><em>—</em></strong></span> <span class='ocrx_word' id='word_1_682' title='bbox 2650 3538 2679 3566; x_wconf 87' lang='grc'>‹‹</span> <span class='ocrx_word' id='word_1_683' title='bbox 2728 3517 2900 3570; x_wconf 89' lang='lat' dir='ltr'>Versa</span> <span class='ocrx_word' id='word_1_684' title='bbox 2925 3521 3008 3570; x_wconf 91' lang='lat' dir='ltr'>est</span> <span class='ocrx_word' id='word_1_685' title='bbox 3031 3517 3088 3570; x_wconf 90' lang='lat' dir='ltr'>in</span> <span class='ocrx_word' id='word_1_686' title='bbox 3118 3517 3334 3572; x_wconf 91' lang='lat' dir='ltr'>luctum</span> <span class='ocrx_word' id='word_1_687' title='bbox 3376 3517 3615 3571; x_wconf 89' lang='lat' dir='ltr'>cithara.</span> <span class='ocrx_word' id='word_1_688' title='bbox 3649 3536 3678 3568; x_wconf 82' lang='grc'><strong>››</strong></span> <span class='ocrx_word' id='word_1_689' title='bbox 3712 3519 3787 3570; x_wconf 80' lang='lat' dir='ltr'>Ac</span> <span class='ocrx_word' id='word_1_690' title='bbox 3814 3516 3856 3569; x_wconf 92' lang='lat' dir='ltr'>si</span> 
     </span>
    </p>
   </div>
   <div class='ocr_carea' id='block_1_97' title="bbox 2165 3603 3856 3676">
    <p class='ocr_par' dir='ltr' id='par_1_97' title="bbox 2165 3603 3856 3676">
     <span class='ocr_line' id='line_1_97' title="bbox 2165 3603 3856 3676; baseline 0.001 -20"><span class='ocrx_word' id='word_1_691' title='bbox 2165 3603 2377 3657; x_wconf 88' lang='lat' dir='ltr'>diceret</span> <span class='ocrx_word' id='word_1_692' title='bbox 2396 3605 2553 3658; x_wconf 89' lang='lat' dir='ltr'>Pacis</span> <span class='ocrx_word' id='word_1_693' title='bbox 2583 3620 2724 3659; x_wconf 88' lang='lat' dir='ltr'>meae</span> <span class='ocrx_word' id='word_1_694' title='bbox 2760 3609 3038 3676; x_wconf 89' lang='lat' dir='ltr'>tempore,</span> <span class='ocrx_word' id='word_1_695' title='bbox 3071 3610 3199 3673; x_wconf 88' lang='lat' dir='ltr'>etc.,</span> <span class='ocrx_word' id='word_1_696' title='bbox 3273 3622 3443 3675; x_wconf 86' lang='lat' dir='ltr'>usque</span> <span class='ocrx_word' id='word_1_697' title='bbox 3487 3605 3562 3660; x_wconf 83' lang='lat' dir='ltr'>ad</span> <span class='ocrx_word' id='word_1_698' title='bbox 3617 3605 3754 3676; x_wconf 88' lang='lat' dir='ltr'>quia</span> <span class='ocrx_word' id='word_1_699' title='bbox 3781 3604 3856 3658; x_wconf 78' lang='lat' dir='ltr'>vi-</span> 
     </span>
    </p>
   </div>
   <div class='ocr_carea' id='block_1_98' title="bbox 2165 3691 3200 3764">
    <p class='ocr_par' dir='ltr' id='par_1_98' title="bbox 2165 3691 3200 3764">
     <span class='ocr_line' id='line_1_98' title="bbox 2165 3691 3200 3764; baseline 0.003 -19"><span class='ocrx_word' id='word_1_700' title='bbox 2165 3691 2244 3746; x_wconf 89' lang='lat' dir='ltr'>tia</span> <span class='ocrx_word' id='word_1_701' title='bbox 2275 3693 2690 3764; x_wconf 83' lang='lat' dir='ltr'>exstinguenda</span> <span class='ocrx_word' id='word_1_702' title='bbox 2710 3698 2863 3758; x_wconf 90' lang='lat' dir='ltr'>sunt,</span> <span class='ocrx_word' id='word_1_703' title='bbox 2905 3710 3020 3748; x_wconf 92' lang='lat' dir='ltr'>non</span> <span class='ocrx_word' id='word_1_704' title='bbox 3051 3710 3200 3748; x_wconf 91' lang='lat' dir='ltr'>caro.</span> 
     </span>
    </p>
   </div>
   <div class='ocr_carea' id='block_1_99' title="bbox 2801 3783 3217 3837">
    <p class='ocr_par' dir='ltr' id='par_1_99' title="bbox 2801 3783 3217 3837">
     <span class='ocr_line' id='line_1_99' title="bbox 2801 3783 3217 3837; baseline -0.002 0"><span class='ocrx_word' id='word_1_705' title='bbox 2801 3783 3025 3837; x_wconf 84' lang='lat' dir='ltr'>CAPUT</span> <span class='ocrx_word' id='word_1_706' title='bbox 3044 3784 3217 3837; x_wconf 79' lang='lat' dir='ltr'>XXXI.</span> 
     </span>
    </p>
   </div>
   <div class='ocr_carea' id='block_1_100' title="bbox 2241 3871 3855 3942">
    <p class='ocr_par' dir='ltr' id='par_1_100' title="bbox 2241 3871 3855 3942">
     <span class='ocr_line' id='line_1_100' title="bbox 2241 3871 3855 3942; baseline -0.001 -19"><span class='ocrx_word' id='word_1_707' title='bbox 2241 3872 2402 3926; x_wconf 76' lang='lat' dir='ltr'>Vsus.</span> <span class='ocrx_word' id='word_1_708' title='bbox 2449 3875 2497 3924; x_wconf 79' lang='grc'><strong>1.</strong></span> <span class='ocrx_word' id='word_1_709' title='bbox 2528 3902 2598 3912; x_wconf 88' lang='grc'><strong><em>-</em></strong></span> <span class='ocrx_word' id='word_1_710' title='bbox 2644 3893 2672 3921; x_wconf 93' lang='grc'>‹‹</span> <span class='ocrx_word' id='word_1_711' title='bbox 2725 3871 2924 3942; x_wconf 88' lang='lat' dir='ltr'>Pepigi</span> <span class='ocrx_word' id='word_1_712' title='bbox 2979 3871 3160 3926; x_wconf 73' lang='lat' dir='ltr'>fmdus</span> <span class='ocrx_word' id='word_1_713' title='bbox 3219 3887 3350 3925; x_wconf 91' lang='lat' dir='ltr'>cum</span> <span class='ocrx_word' id='word_1_714' title='bbox 3399 3871 3578 3925; x_wconf 91' lang='lat' dir='ltr'>oculis</span> <span class='ocrx_word' id='word_1_715' title='bbox 3639 3871 3797 3926; x_wconf 88' lang='lat' dir='ltr'>meis.</span> <span class='ocrx_word' id='word_1_716' title='bbox 3829 3891 3855 3921; x_wconf 75' lang='grc' dir='ltr'>ι</span> 
     </span>
    </p>
   </div>
   <div class='ocr_carea' id='block_1_101' title="bbox 2168 3959 3856 4030">
    <p class='ocr_par' dir='ltr' id='par_1_101' title="bbox 2168 3959 3856 4030">
     <span class='ocr_line' id='line_1_101' title="bbox 2168 3959 3856 4030; baseline 0 -17"><span class='ocrx_word' id='word_1_717' title='bbox 2168 3959 2442 4028; x_wconf 75' lang='lat' dir='ltr'>(Gnae.in</span> <span class='ocrx_word' id='word_1_718' title='bbox 2493 3960 2626 4028; x_wconf 90' lang='lat' dir='ltr'>Job,</span> <span class='ocrx_word' id='word_1_719' title='bbox 2659 3961 2695 4013; x_wconf 96' lang='lat' dir='ltr'>l.</span> <span class='ocrx_word' id='word_1_720' title='bbox 2728 3960 2863 4030; x_wconf 69' lang='lat' dir='ltr'><strong>xxx.)</strong></span> <span class='ocrx_word' id='word_1_721' title='bbox 2903 3961 3062 4014; x_wconf 88' lang='lat' dir='ltr'>Nunc</span> <span class='ocrx_word' id='word_1_722' title='bbox 3118 3960 3380 4030; x_wconf 87' lang='lat' dir='ltr'>proprias</span> <span class='ocrx_word' id='word_1_723' title='bbox 3437 3976 3542 4030; x_wconf 91' lang='lat' dir='ltr'>per</span> <span class='ocrx_word' id='word_1_724' title='bbox 3600 3961 3856 4016; x_wconf 85' lang='lat' dir='ltr'>ordinem</span> 
     </span>
    </p>
   </div>
   <div class='ocr_carea' id='block_1_102' title="bbox 2168 4045 3860 4114">
    <p class='ocr_par' dir='ltr' id='par_1_102' title="bbox 2168 4045 3860 4114">
     <span class='ocr_line' id='line_1_102' title="bbox 2168 4045 3860 4114; baseline 0.003 -18"><span class='ocrx_word' id='word_1_725' title='bbox 2168 4045 2404 4099; x_wconf 85' lang='lat' dir='ltr'>virtutes</span> <span class='ocrx_word' id='word_1_726' title='bbox 2435 4051 2754 4114; x_wconf 86' lang='lat' dir='ltr'>enumerat,</span> <span class='ocrx_word' id='word_1_727' title='bbox 2813 4047 2894 4100; x_wconf 91' lang='lat' dir='ltr'>sic</span> <span class='ocrx_word' id='word_1_728' title='bbox 2922 4048 3053 4102; x_wconf 69' lang='lat' dir='ltr'>vita:</span> <span class='ocrx_word' id='word_1_729' title='bbox 3093 4064 3209 4102; x_wconf 75' lang='lat' dir='ltr'>suae</span> <span class='ocrx_word' id='word_1_730' title='bbox 3241 4048 3539 4103; x_wconf 90' lang='lat' dir='ltr'>historiam</span> <span class='ocrx_word' id='word_1_731' title='bbox 3570 4054 3775 4103; x_wconf 81' lang='lat' dir='ltr'>texens</span> <span class='ocrx_word' id='word_1_732' title='bbox 3803 4053 3860 4102; x_wconf 93' lang='lat' dir='ltr'>ut</span> 
     </span>
    </p>
   </div>
   <div class='ocr_carea' id='block_1_103' title="bbox 2169 4135 3857 4209">
    <p class='ocr_par' dir='ltr' id='par_1_103' title="bbox 2169 4135 3857 4209">
     <span class='ocr_line' id='line_1_103' title="bbox 2169 4135 3857 4209; baseline 0.003 -22"><span class='ocrx_word' id='word_1_733' title='bbox 2169 4150 2468 4204; x_wconf 89' lang='lat' dir='ltr'>perrarum</span> <span class='ocrx_word' id='word_1_734' title='bbox 2509 4135 2750 4206; x_wconf 88' lang='lat' dir='ltr'>aliquid,</span> <span class='ocrx_word' id='word_1_735' title='bbox 2809 4137 2966 4207; x_wconf 90' lang='lat' dir='ltr'>quod</span> <span class='ocrx_word' id='word_1_736' title='bbox 3022 4137 3324 4207; x_wconf 89' lang='lat' dir='ltr'>allegorice</span> <span class='ocrx_word' id='word_1_737' title='bbox 3371 4138 3548 4209; x_wconf 88' lang='lat' dir='ltr'>possit</span> <span class='ocrx_word' id='word_1_738' title='bbox 3595 4138 3857 4207; x_wconf 87' lang='lat' dir='ltr'>intelligi,</span> 
     </span>
    </p>
   </div>
   <div class='ocr_carea' id='block_1_104' title="bbox 2168 4225 2489 4278">
    <p class='ocr_par' dir='ltr' id='par_1_104' title="bbox 2168 4225 2489 4278">
     <span class='ocr_line' id='line_1_104' title="bbox 2168 4225 2489 4278; baseline -0.003 0"><span class='ocrx_word' id='word_1_739' title='bbox 2168 4225 2489 4278; x_wconf 86' lang='lat' dir='ltr'>interserat.</span> 
     </span>
    </p>
   </div>
   <div class='ocr_carea' id='block_1_105' title="bbox 2100 4313 3857 4389">
    <p class='ocr_par' dir='ltr' id='par_1_105' title="bbox 2100 4313 3857 4389">
     <span class='ocr_line' id='line_1_105' title="bbox 2100 4313 3857 4389; baseline 0.001 -24"><span class='ocrx_word' id='word_1_740' title='bbox 2100 4336 2141 4389; x_wconf 74' lang='grc' dir='ltr'>υ</span> <span class='ocrx_word' id='word_1_741' title='bbox 2243 4332 2269 4365; x_wconf 76' lang='grc' dir='ltr'>ι</span> <span class='ocrx_word' id='word_1_742' title='bbox 2302 4313 2502 4384; x_wconf 86' lang='lat' dir='ltr'>Pepigi</span> <span class='ocrx_word' id='word_1_743' title='bbox 2528 4313 2712 4367; x_wconf 87' lang='lat' dir='ltr'>foedus</span> <span class='ocrx_word' id='word_1_744' title='bbox 2741 4329 2872 4368; x_wconf 91' lang='lat' dir='ltr'>cum</span> <span class='ocrx_word' id='word_1_745' title='bbox 2904 4313 3084 4368; x_wconf 83' lang='lat' dir='ltr'>oculis</span> <span class='ocrx_word' id='word_1_746' title='bbox 3123 4314 3285 4368; x_wconf 91' lang='lat' dir='ltr'>meis.</span> <span class='ocrx_word' id='word_1_747' title='bbox 3331 4333 3359 4365; x_wconf 89' lang='lat'><strong>»</strong></span> <span class='ocrx_word' id='word_1_748' title='bbox 3405 4315 3474 4370; x_wconf 92' lang='lat' dir='ltr'>Ut</span> <span class='ocrx_word' id='word_1_749' title='bbox 3503 4316 3664 4370; x_wconf 89' lang='lat' dir='ltr'>enim</span> <span class='ocrx_word' id='word_1_750' title='bbox 3713 4314 3857 4385; x_wconf 79' lang='lat' dir='ltr'>cogi-</span> 
     </span>
    </p>
   </div>
   <div class='ocr_carea' id='block_1_106' title="bbox 2165 4402 3858 4472">
    <p class='ocr_par' dir='ltr' id='par_1_106' title="bbox 2165 4402 3858 4472">
     <span class='ocr_line' id='line_1_106' title="bbox 2165 4402 3858 4472; baseline -0.001 -15"><span class='ocrx_word' id='word_1_751' title='bbox 2165 4403 2413 4457; x_wconf 88' lang='lat' dir='ltr'>tationes</span> <span class='ocrx_word' id='word_1_752' title='bbox 2465 4402 2650 4458; x_wconf 86' lang='lat' dir='ltr'>cordis</span> <span class='ocrx_word' id='word_1_753' title='bbox 2708 4407 2838 4467; x_wconf 89' lang='lat' dir='ltr'>etc.,</span> <span class='ocrx_word' id='word_1_754' title='bbox 2897 4417 3068 4472; x_wconf 85' lang='lat' dir='ltr'>usque</span> <span class='ocrx_word' id='word_1_755' title='bbox 3111 4403 3185 4457; x_wconf 86' lang='lat' dir='ltr'>ad</span> <span class='ocrx_word' id='word_1_756' title='bbox 3216 4404 3341 4457; x_wconf 90' lang='lat' dir='ltr'>Non</span> <span class='ocrx_word' id='word_1_757' title='bbox 3393 4403 3609 4459; x_wconf 87' lang='lat' dir='ltr'>debent</span> <span class='ocrx_word' id='word_1_758' title='bbox 3655 4402 3858 4458; x_wconf 86' lang='lat' dir='ltr'>intueri</span> 
     </span>
    </p>
   </div>
   <div class='ocr_carea' id='block_1_107' title="bbox 2167 4490 2972 4563">
    <p class='ocr_par' dir='ltr' id='par_1_107' title="bbox 2167 4490 2972 4563">
     <span class='ocr_line' id='line_1_107' title="bbox 2167 4490 2972 4563; baseline 0.004 -19"><span class='ocrx_word' id='word_1_759' title='bbox 2167 4508 2293 4563; x_wconf 64' lang='lat' dir='ltr'>qua;</span> <span class='ocrx_word' id='word_1_760' title='bbox 2327 4507 2443 4545; x_wconf 89' lang='lat' dir='ltr'>non</span> <span class='ocrx_word' id='word_1_761' title='bbox 2471 4490 2602 4544; x_wconf 90' lang='lat' dir='ltr'>licet</span> <span class='ocrx_word' id='word_1_762' title='bbox 2626 4491 2972 4560; x_wconf 84' lang='lat' dir='ltr'>concupisci.</span> 
     </span>
    </p>
   </div>
   <div class='ocr_carea' id='block_1_108' title="bbox 2236 4578 3857 4649">
    <p class='ocr_par' dir='ltr' id='par_1_108' title="bbox 2236 4578 3857 4649">
     <span class='ocr_line' id='line_1_108' title="bbox 2236 4578 3857 4649; baseline -0.001 -17"><span class='ocrx_word' id='word_1_763' title='bbox 2236 4580 2402 4632; x_wconf 74' lang='lat' dir='ltr'>Vens.</span> <span class='ocrx_word' id='word_1_764' title='bbox 2443 4581 2498 4632; x_wconf 93' lang='lat'>2.</span> <span class='ocrx_word' id='word_1_765' title='bbox 2549 4609 2618 4617; x_wconf 93' lang='lat'><strong><em>—</em></strong></span> <span class='ocrx_word' id='word_1_766' title='bbox 2653 4600 2674 4627; x_wconf 79' lang='grc' dir='ltr'>ι</span> <span class='ocrx_word' id='word_1_767' title='bbox 2721 4578 2902 4642; x_wconf 88' lang='lat' dir='ltr'>Quam</span> <span class='ocrx_word' id='word_1_768' title='bbox 2954 4578 3109 4631; x_wconf 90' lang='lat' dir='ltr'>enim</span> <span class='ocrx_word' id='word_1_769' title='bbox 3167 4583 3388 4649; x_wconf 89' lang='lat' dir='ltr'>partem</span> <span class='ocrx_word' id='word_1_770' title='bbox 3434 4579 3674 4634; x_wconf 88' lang='lat' dir='ltr'>haberet</span> <span class='ocrx_word' id='word_1_771' title='bbox 3720 4582 3857 4634; x_wconf 89' lang='lat' dir='ltr'>Deus</span> 
     </span>
    </p>
   </div>
   <div class='ocr_carea' id='block_1_109' title="bbox 2169 4667 3854 4740">
    <p class='ocr_par' dir='ltr' id='par_1_109' title="bbox 2169 4667 3854 4740">
     <span class='ocr_line' id='line_1_109' title="bbox 2169 4667 3854 4740; baseline 0.001 -20"><span class='ocrx_word' id='word_1_772' title='bbox 2169 4668 2226 4721; x_wconf 90' lang='lat' dir='ltr'>in</span> <span class='ocrx_word' id='word_1_773' title='bbox 2258 4683 2349 4721; x_wconf 93' lang='lat' dir='ltr'>me</span> <span class='ocrx_word' id='word_1_774' title='bbox 2378 4667 2640 4736; x_wconf 90' lang='lat' dir='ltr'>desuper.</span> <span class='ocrx_word' id='word_1_775' title='bbox 2681 4686 2708 4719; x_wconf 86' lang='grc'>››</span> <span class='ocrx_word' id='word_1_776' title='bbox 2751 4668 2830 4721; x_wconf 79' lang='lat' dir='ltr'>Ac</span> <span class='ocrx_word' id='word_1_777' title='bbox 2859 4667 2905 4720; x_wconf 91' lang='lat' dir='ltr'>si</span> <span class='ocrx_word' id='word_1_778' title='bbox 2937 4667 3188 4722; x_wconf 91' lang='lat' dir='ltr'>diceret:</span> <span class='ocrx_word' id='word_1_779' title='bbox 3252 4667 3469 4722; x_wconf 84' lang='lat' dir='ltr'>Habere</span> <span class='ocrx_word' id='word_1_780' title='bbox 3509 4685 3604 4722; x_wconf 90' lang='lat' dir='ltr'>me</span> <span class='ocrx_word' id='word_1_781' title='bbox 3638 4686 3854 4740; x_wconf 86' lang='lat' dir='ltr'>posses—</span> 
     </span>
    </p>
   </div>
   <div class='ocr_carea' id='block_1_110' title="bbox 2167 4756 3857 4822">
    <p class='ocr_par' dir='ltr' id='par_1_110' title="bbox 2167 4756 3857 4822">
     <span class='ocr_line' id='line_1_110' title="bbox 2167 4756 3857 4822; baseline -0.001 -12"><span class='ocrx_word' id='word_1_782' title='bbox 2167 4758 2386 4811; x_wconf 90' lang='lat' dir='ltr'>sionem</span> <span class='ocrx_word' id='word_1_783' title='bbox 2435 4772 2594 4809; x_wconf 90' lang='lat' dir='ltr'>suam</span> <span class='ocrx_word' id='word_1_784' title='bbox 2643 4757 2991 4810; x_wconf 88' lang='lat' dir='ltr'>excelsorum</span> <span class='ocrx_word' id='word_1_785' title='bbox 3042 4756 3307 4810; x_wconf 92' lang='lat' dir='ltr'>conditor</span> <span class='ocrx_word' id='word_1_786' title='bbox 3356 4757 3570 4822; x_wconf 88' lang='lat' dir='ltr'>renuit,</span> <span class='ocrx_word' id='word_1_787' title='bbox 3625 4759 3672 4811; x_wconf 87' lang='lat' dir='ltr'>si</span> <span class='ocrx_word' id='word_1_788' title='bbox 3703 4773 3857 4812; x_wconf 91' lang='lat' dir='ltr'>mens</span> 
     </span>
    </p>
   </div>
   <div class='ocr_carea' id='block_1_111' title="bbox 2167 4843 3854 4915">
    <p class='ocr_par' dir='ltr' id='par_1_111' title="bbox 2167 4843 3854 4915">
     <span class='ocr_line' id='line_1_111' title="bbox 2167 4843 3854 4915; baseline 0.001 -17"><span class='ocrx_word' id='word_1_789' title='bbox 2167 4860 2297 4898; x_wconf 90' lang='lat' dir='ltr'>mea</span> <span class='ocrx_word' id='word_1_790' title='bbox 2319 4847 2451 4898; x_wconf 87' lang='lat' dir='ltr'>ante</span> <span class='ocrx_word' id='word_1_791' title='bbox 2484 4848 2850 4915; x_wconf 88' lang='lat' dir='ltr'>conspectum</span> <span class='ocrx_word' id='word_1_792' title='bbox 2898 4844 3053 4898; x_wconf 89' lang='lat' dir='ltr'>illius</span> <span class='ocrx_word' id='word_1_793' title='bbox 3099 4843 3346 4897; x_wconf 82' lang='lat' dir='ltr'>inﬁrmis</span> <span class='ocrx_word' id='word_1_794' title='bbox 3375 4844 3677 4900; x_wconf 87' lang='lat' dir='ltr'>desideriis</span> <span class='ocrx_word' id='word_1_795' title='bbox 3705 4847 3854 4900; x_wconf 84' lang='lat' dir='ltr'>tabe-</span> 
     </span>
    </p>
   </div>
   <div class='ocr_carea' id='block_1_112' title="bbox 2169 4932 3856 5004">
    <p class='ocr_par' dir='ltr' id='par_1_112' title="bbox 2169 4932 3856 5004">
     <span class='ocr_line' id='line_1_112' title="bbox 2169 4932 3856 5004; baseline -0.001 -17"><span class='ocrx_word' id='word_1_796' title='bbox 2169 4935 2290 4988; x_wconf 92' lang='lat' dir='ltr'>scit.</span> <span class='ocrx_word' id='word_1_797' title='bbox 2346 4932 2512 4987; x_wconf 87' lang='lat' dir='ltr'>Nulla</span> <span class='ocrx_word' id='word_1_798' title='bbox 2561 4934 2716 4988; x_wconf 90' lang='lat' dir='ltr'>enim</span> <span class='ocrx_word' id='word_1_799' title='bbox 2766 4934 2994 5004; x_wconf 90' lang='lat' dir='ltr'>placent</span> <span class='ocrx_word' id='word_1_800' title='bbox 3043 4934 3192 4988; x_wconf 86' lang='lat' dir='ltr'>bona</span> <span class='ocrx_word' id='word_1_801' title='bbox 3263 4935 3380 4988; x_wconf 91' lang='lat' dir='ltr'>Deo</span> <span class='ocrx_word' id='word_1_802' title='bbox 3463 4933 3589 4988; x_wconf 91' lang='lat' dir='ltr'>sine</span> <span class='ocrx_word' id='word_1_803' title='bbox 3657 4934 3856 4990; x_wconf 90' lang='lat' dir='ltr'>mentis</span> 
     </span>
    </p>
   </div>
   <div class='ocr_carea' id='block_1_113' title="bbox 2169 5020 2474 5076">
    <p class='ocr_par' dir='ltr' id='par_1_113' title="bbox 2169 5020 2474 5076">
     <span class='ocr_line' id='line_1_113' title="bbox 2169 5020 2474 5076; baseline -0.003 -1"><span class='ocrx_word' id='word_1_804' title='bbox 2169 5020 2474 5076; x_wconf 90' lang='lat' dir='ltr'>munditia.</span> 
     </span>
    </p>
   </div>
   <div class='ocr_carea' id='block_1_114' title="bbox 2241 5109 3854 5182">
    <p class='ocr_par' dir='ltr' id='par_1_114' title="bbox 2241 5109 3854 5182">
     <span class='ocr_line' id='line_1_114' title="bbox 2241 5109 3854 5182; baseline 0 -20"><span class='ocrx_word' id='word_1_805' title='bbox 2241 5110 2402 5165; x_wconf 75' lang='lat' dir='ltr'>Vens.</span> <span class='ocrx_word' id='word_1_806' title='bbox 2429 5113 2479 5165; x_wconf 90' lang='lat'>3.</span> <span class='ocrx_word' id='word_1_807' title='bbox 2519 5141 2584 5149; x_wconf 98' lang='lat'>—</span> <span class='ocrx_word' id='word_1_808' title='bbox 2621 5130 2650 5158; x_wconf 86' lang='lat'><strong><em>«</em></strong></span> <span class='ocrx_word' id='word_1_809' title='bbox 2690 5109 2961 5180; x_wconf 89' lang='lat' dir='ltr'>Nunquid</span> <span class='ocrx_word' id='word_1_810' title='bbox 3018 5126 3135 5164; x_wconf 89' lang='lat' dir='ltr'>non</span> <span class='ocrx_word' id='word_1_811' title='bbox 3172 5109 3422 5182; x_wconf 90' lang='lat' dir='ltr'>perditio</span> <span class='ocrx_word' id='word_1_812' title='bbox 3453 5114 3541 5165; x_wconf 88' lang='lat' dir='ltr'>est</span> <span class='ocrx_word' id='word_1_813' title='bbox 3576 5111 3797 5182; x_wconf 88' lang='lat' dir='ltr'>iniquo.</span> <span class='ocrx_word' id='word_1_814' title='bbox 3829 5130 3854 5162; x_wconf 72' lang='lat' dir='ltr'>io</span> 
     </span>
    </p>
   </div>
   <div class='ocr_carea' id='block_1_115' title="bbox 2171 5198 3858 5269">
    <p class='ocr_par' dir='ltr' id='par_1_115' title="bbox 2171 5198 3858 5269">
     <span class='ocr_line' id='line_1_115' title="bbox 2171 5198 3858 5269; baseline 0.001 -17"><span class='ocrx_word' id='word_1_815' title='bbox 2171 5199 2328 5252; x_wconf 88' lang='lat' dir='ltr'>Tunc</span> <span class='ocrx_word' id='word_1_816' title='bbox 2354 5199 2463 5252; x_wconf 91' lang='lat' dir='ltr'>erit</span> <span class='ocrx_word' id='word_1_817' title='bbox 2494 5198 2763 5252; x_wconf 86' lang='lat' dir='ltr'>alienatio</span> <span class='ocrx_word' id='word_1_818' title='bbox 2793 5198 3075 5269; x_wconf 89' lang='lat' dir='ltr'>reprobis,</span> <span class='ocrx_word' id='word_1_819' title='bbox 3108 5215 3238 5254; x_wconf 93' lang='lat' dir='ltr'>cum</span> <span class='ocrx_word' id='word_1_820' title='bbox 3293 5198 3362 5252; x_wconf 89' lang='lat' dir='ltr'>ab</span> <span class='ocrx_word' id='word_1_821' title='bbox 3415 5199 3748 5255; x_wconf 70' lang='lat' dir='ltr'>inmeditate</span> <span class='ocrx_word' id='word_1_822' title='bbox 3785 5199 3858 5254; x_wconf 85' lang='lat' dir='ltr'>di-</span> 
     </span>
    </p>
   </div>
   <div class='ocr_carea' id='block_1_116' title="bbox 2172 5286 3545 5357">
    <p class='ocr_par' dir='ltr' id='par_1_116' title="bbox 2172 5286 3545 5357">
     <span class='ocr_line' id='line_1_116' title="bbox 2172 5286 3545 5357; baseline 0.002 -18"><span class='ocrx_word' id='word_1_823' title='bbox 2172 5286 2352 5340; x_wconf 88' lang='lat' dir='ltr'>stricti</span> <span class='ocrx_word' id='word_1_824' title='bbox 2375 5286 2585 5357; x_wconf 88' lang='lat' dir='ltr'>judicis</span> <span class='ocrx_word' id='word_1_825' title='bbox 2606 5304 2665 5340; x_wconf 92' lang='lat' dir='ltr'>se</span> <span class='ocrx_word' id='word_1_826' title='bbox 2699 5289 3001 5341; x_wconf 88' lang='lat' dir='ltr'>anathema</span> <span class='ocrx_word' id='word_1_827' title='bbox 3025 5304 3146 5342; x_wconf 90' lang='lat' dir='ltr'>esse</span> <span class='ocrx_word' id='word_1_828' title='bbox 3175 5287 3545 5357; x_wconf 88' lang='lat' dir='ltr'>conspicient.</span> 
     </span>
    </p>
   </div>
   <div class='ocr_carea' id='block_1_117' title="bbox 2250 5376 3856 5446">
    <p class='ocr_par' dir='ltr' id='par_1_117' title="bbox 2250 5376 3856 5446">
     <span class='ocr_line' id='line_1_117' title="bbox 2250 5376 3856 5446; baseline -0.001 -19"><span class='ocrx_word' id='word_1_829' title='bbox 2250 5376 2410 5440; x_wconf 73' lang='lat' dir='ltr'>Vens,</span> <span class='ocrx_word' id='word_1_830' title='bbox 2443 5378 2496 5429; x_wconf 79' lang='grc'>4.</span> <span class='ocrx_word' id='word_1_831' title='bbox 2527 5405 2596 5413; x_wconf 83' lang='grc'><strong><em>-</em></strong></span> <span class='ocrx_word' id='word_1_832' title='bbox 2627 5397 2649 5425; x_wconf 80' lang='grc' dir='ltr'>ι</span> <span class='ocrx_word' id='word_1_833' title='bbox 2687 5377 2887 5430; x_wconf 89' lang='lat' dir='ltr'>Nonne</span> <span class='ocrx_word' id='word_1_834' title='bbox 2937 5376 3060 5446; x_wconf 88' lang='lat' dir='ltr'>ipse</span> <span class='ocrx_word' id='word_1_835' title='bbox 3089 5377 3408 5431; x_wconf 89' lang='lat' dir='ltr'>considerat</span> <span class='ocrx_word' id='word_1_836' title='bbox 3459 5377 3578 5430; x_wconf 87' lang='lat' dir='ltr'>vias</span> <span class='ocrx_word' id='word_1_837' title='bbox 3625 5393 3779 5430; x_wconf 89' lang='lat' dir='ltr'>meas</span> <span class='ocrx_word' id='word_1_838' title='bbox 3808 5379 3856 5426; x_wconf 93' lang='lat' dir='ltr'>et</span> 
     </span>
    </p>
   </div>
   <div class='ocr_carea' id='block_1_118' title="bbox 2172 5463 3852 5535">
    <p class='ocr_par' dir='ltr' id='par_1_118' title="bbox 2172 5463 3852 5535">
     <span class='ocr_line' id='line_1_118' title="bbox 2172 5463 3852 5535; baseline -0.001 -18"><span class='ocrx_word' id='word_1_839' title='bbox 2172 5469 2424 5520; x_wconf 89' lang='lat' dir='ltr'>cunctos.</span> <span class='ocrx_word' id='word_1_840' title='bbox 2488 5484 2511 5512; x_wconf 75' lang='grc' dir='ltr'><strong><em>ι</em></strong></span> <span class='ocrx_word' id='word_1_841' title='bbox 2581 5463 2824 5519; x_wconf 90' lang='lat' dir='ltr'>Nomine</span> <span class='ocrx_word' id='word_1_842' title='bbox 2887 5464 3132 5531; x_wconf 89' lang='lat' dir='ltr'>viarum,</span> <span class='ocrx_word' id='word_1_843' title='bbox 3200 5469 3328 5530; x_wconf 90' lang='lat' dir='ltr'>etc.,</span> <span class='ocrx_word' id='word_1_844' title='bbox 3383 5481 3552 5533; x_wconf 83' lang='lat' dir='ltr'>usque</span> <span class='ocrx_word' id='word_1_845' title='bbox 3605 5465 3683 5519; x_wconf 80' lang='lat' dir='ltr'>ad</span> <span class='ocrx_word' id='word_1_846' title='bbox 3737 5477 3852 5535; x_wconf 73' lang='lat' dir='ltr'>qua:</span> 
     </span>
    </p>
   </div>
   <div class='ocr_carea' id='block_1_119' title="bbox 2173 5553 3616 5624">
    <p class='ocr_par' dir='ltr' id='par_1_119' title="bbox 2173 5553 3616 5624">
     <span class='ocr_line' id='line_1_119' title="bbox 2173 5553 3616 5624; baseline 0.001 -18"><span class='ocrx_word' id='word_1_847' title='bbox 2173 5553 2324 5624; x_wconf 88' lang='lat' dir='ltr'>apud</span> <span class='ocrx_word' id='word_1_848' title='bbox 2359 5569 2461 5607; x_wconf 90' lang='lat' dir='ltr'>nos</span> <span class='ocrx_word' id='word_1_849' title='bbox 2479 5569 2590 5607; x_wconf 91' lang='lat' dir='ltr'>usu</span> <span class='ocrx_word' id='word_1_850' title='bbox 2613 5553 2920 5620; x_wconf 88' lang='lat' dir='ltr'>viluerunt,</span> <span class='ocrx_word' id='word_1_851' title='bbox 2939 5553 3252 5609; x_wconf 88' lang='lat' dir='ltr'>indiscussa</span> <span class='ocrx_word' id='word_1_852' title='bbox 3281 5560 3616 5609; x_wconf 86' lang='lat' dir='ltr'>remaneant</span> 
     </span>
    </p>
   </div>
  </div>
