4082 6184
212 307 316 359 837

1370 304 1628 359 GLOSSA
1670 304 2067 361 0RDINAR1A.
2111 335 2179 345 —
2224 306 2353 360 LIB.
2397 306 2538 361 JOB.
3624 317 3725 368 838

282 429 503 497 (Gaza)
530 426 721 479 Sciens
753 442 809 479 se
850 426 1028 480 videri
1085 431 1265 492 cavet,
1299 442 1414 479 non
1463 432 1653 481 tamen
1680 444 1911 481 securus
1949 430 1993 483 A
2029 429 2164 499 quia
2194 431 2345 500 apud
2399 431 2553 501 piam
2602 434 2854 485 mentem
2901 432 3031 502 plus
3079 438 3283 488 natura
3330 437 3501 498 valet,
3556 454 3727 508 quam

208 522 269 569 et
297 516 581 587 perfectus
604 515 833 586 quidem
866 515 1014 568 inter
1042 520 1277 582 veteres,
1312 514 1370 568 in
1402 516 1701 586 prmceptis
1733 516 1911 570 futuri

209 606 417 660 Christi
465 612 682 673 pensat,
743 621 916 674 quam
972 604 1141 658 multi
1187 605 1255 657 de
1301 604 1646 674 perfectione
1722 606 1911 659 minus

208 694 403 748 habet.
444 694 573 746 ldeo
607 693 785 747 dicit:
821 692 927 747 «Si
965 692 1166 746 ambis.
1204 715 1223 741 ι

282 784 448 836 Vens.
478 785 527 835 6.
587 812 654 821 —
689 803 711 830 ιι
765 783 1091 851 Appendat,
1130 799 1155 833 ι
1214 781 1378 851 quasi
1426 782 1639 836 diceret
1674 798 1686 835 :
1720 784 1908 846 Quan-

206 876 333 925 tum
367 871 433 923 ad
468 870 701 923 modum
723 869 993 924 humanm
1024 870 1154 924 vitm
1181 872 1330 923 mala
1360 871 1417 923 in
1442 887 1532 924 me
1565 888 1679 925 non
1705 871 1867 925 video
1893 888 1906 939 ;

203 960 305 1014 sed
334 959 444 1013 nisi
471 958 751 1012 mediator
770 963 1066 1028 appareat,
1097 958 1195 1029 qui
1228 975 1428 1013 omnes
1452 960 1686 1018 excedit.
1724 975 1908 1030 quan-

202 1053 330 1102 tum
359 1063 391 1100 a
420 1063 551 1100 vera
581 1046 944 1117 simplicitate
976 1046 1201 1113 distem,
1237 1064 1353 1101 non
1384 1064 1682 1117 cognosco.

282 1160 302 1184 ι
336 1137 398 1189 In
430 1136 825 1206 staterajusta.
862 1155 889 1187 ››
924 1132 1172 1190 ’Ξῖαὶθιεω
1230 1137 1462 1190 nomine
1501 1136 1776 1190 mediator
1809 1136 1907 1190 Dei

202 1229 263 1279 et
292 1225 618 1293 hominum,
647 1231 779 1294 etc.,
819 1241 989 1294 usque
1018 1226 1092 1279 ad
1119 1226 1165 1280 si
1207 1226 1380 1280 vitam
1433 1226 1751 1296 simplicem
1777 1242 1905 1279 vere

203 1315 505 1368 tenuisset.

283 1405 439 1457 Vens.
472 1408 525 1457 7.
573 1435 642 1442 -
676 1425 698 1451 ι
733 1402 791 1457 Si
843 1402 1150 1457 declinavit
1198 1419 1427 1473 gressus
1458 1419 1619 1457 meus
1636 1404 1706 1457 de
1731 1404 1843 1457 via.
1878 1424 1902 1451 ι

202 1492 392 1545 Toties
420 1508 649 1561 gressus
679 1492 747 1545 de
780 1491 870 1544 via
897 1492 1163 1557 declinat,
1202 1492 1426 1561 quoties
1471 1497 1668 1547 nostra
1696 1492 1908 1563 cogita-

204 1580 289 1633 tio
320 1580 429 1633 iter
454 1580 811 1633 rectitudinis
848 1596 953 1650 per
989 1596 1329 1634 consensum
1362 1580 1637 1653 relinquit
1674 1583 1900 1636 erroris.

282 1689 308 1717 «
345 1670 409 1721 Et
437 1669 481 1720 si
521 1673 777 1722 secutum
804 1674 886 1722 est
912 1670 1108 1722 oculos
1156 1685 1310 1723 meos
1338 1686 1453 1724 cor.
1496 1692 1516 1718 ι
1568 1672 1720 1725 Sicut
1750 1672 1902 1725 enim

202 1757 443 1810 tentatio
483 1772 585 1826 per
613 1758 807 1810 oculos
859 1756 1124 1825 trahitur,
1171 1758 1249 1811 sic
1296 1774 1712 1828 nonnunquam
1769 1776 1905 1812 con-

199 1852 368 1915 cepta
414 1846 759 1899 intrinsecus
808 1847 1096 1916 compellit
1144 1847 1252 1900 sibi
1302 1848 1660 1902 extrinsecus
1709 1850 1906 1902 oculus

205 1934 514 1988 deservire.

276 2023 437 2075 Vens.
473 2024 522 2075 8.
549 2052 617 2061 -—
651 2046 671 2070 ι
710 2024 775 2076 Et
804 2022 1107 2093 progenies
1137 2039 1264 2077 mea
1294 2024 1633 2079 eradicetur.
1671 2044 1697 2076 »
1739 2025 1905 2090 Quis-

200 2110 332 2181 quis
353 2111 512 2179 juxta
548 2110 653 2163 hoc
679 2112 833 2182 quod
880 2111 1139 2182 loquitur
1198 2129 1311 2165 non
1346 2113 1501 2177 vivit,
1551 2131 1695 2184 quos
1734 2114 1904 2169 verbo

200 2199 423 2268 genuit,
449 2216 482 2251 a
511 2200 815 2253 stabilitate
843 2201 1203 2255 rectitudinis
1236 2218 1409 2271 opere
1444 2202 1639 2257 evellit

280 2289 443 2341 Vens.
477 2291 527 2341 9.
556 2319 620 2327 -—-
653 2308 680 2339 α
732 2290 790 2343 Si
850 2290 1153 2359 deceptum
1184 2296 1287 2344 est.
1345 2313 1367 2339 ι
1426 2292 1607 2359 (Ιίιίίί.)
1664 2294 1769 2345 Per
1798 2293 1906 2346 hoc

203 2393 311 2430 nec
368 2377 646 2446 cogitasse
702 2378 771 2431 de
835 2378 1226 2432 fornicationis
1276 2380 1496 2433 macula
1566 2379 1651 2433 vir
1680 2386 1906 2434 sanctus

201 2466 630 2519 demonstratur
641 2507 655 2520 .

278 2577 299 2601 ε
361 2555 426 2607 Et
483 2554 530 2606 si
588 2554 658 2608 ad
715 2554 942 2608 ostium.
985 2577 1007 2603 ι
1066 2557 1173 2609 Per
1232 2555 1338 2609 hoc
1390 2561 1654 2626 patenter
1708 2562 1905 2612 osten—

198 2644 307 2709 dit,
340 2649 472 2711 etc.,
502 2659 672 2712 usque
724 2644 799 2697 ad
854 2644 1169 2698 secundum
1210 2645 1316 2699 hoc
1377 2646 1529 2716 quod
1564 2646 1701 2701 dicit
1729 2647 1776 2701 si
1805 2648 1904 2702 de-

199 2737 433 2803 ceptum
458 2738 540 2787 est
571 2748 685 2796 cor,
720 2737 828 2787 etc.

278 2822 442 2875 Vens.
480 2825 559 2875 Η.
596 2853 662 2861 -
692 2841 718 2872 ‹‹
776 2823 892 2875 Hoc
960 2822 1114 2876 enim
1173 2823 1333 2878 nefas
1384 2828 1487 2878 est.
1524 2844 1547 2874 η
1613 2826 1727 2879 Hoc
1760 2825 1907 2879 inter

204 2914 498 2981 peccatum
516 2910 690 2964 distat
720 2916 776 2964 et
801 2911 1037 2979 crimen,
1084 2916 1214 2979 etc.,
1272 2927 1442 2981 usque
1466 2913 1540 2967 ad
1569 2914 1666 2967 sed
1722 2930 1905 2985 usque

198 2999 271 3053 ad
299 2998 684 3068 perditionem
716 2999 971 3053 devorat.

270 3088 434 3141 Vens.
475 3090 558 3141 1‘2.
588 3118 656 3128 —
716 3107 745 3139 ‹‹
800 3090 865 3143 Et
924 3090 1117 3143 omnia
1166 3090 1459 3157 eradicans
1516 3091 1835 3160 genimina.
1874 3114 1901 3142 ››

195 3176 473 3229 Germina
494 3177 701 3230 animm
722 3182 856 3231 sunt
880 3178 1245 3247 operationes
1275 3180 1463 3247 boum,
1484 3179 1639 3250 quia,
1670 3180 1717 3233 si
1741 3181 1904 3235 luxu-

189 3264 299 3318 rim
329 3265 482 3318 malo
519 3281 633 3319 non
697 3265 999 3331 resistitur,
1033 3272 1089 3321 et
1136 3267 1232 3321 illa
1292 3272 1535 3338 pereunt
1588 3285 1717 3338 qum
1756 3270 1907 3323 bona

191 3352 545 3406 videbantur
576 3372 591 3419 ;
620 3352 716 3407 sed
773 3353 834 3407 in
864 3358 1021 3408 tanta
1066 3356 1337 3409 castitatis
1393 3356 1677 3410 munditia
1733 3373 1904 3427 quam

193 3440 440 3493 humilis
462 3440 570 3494 fuit
598 3443 802 3511 aperit,
834 3458 965 3496 cum
983 3444 1317 3513 subjungit:

274 3528 442 3581 Vens.
484 3532 566 3583 13.
610 3559 680 3568 --
712 3549 740 3579 α
787 3529 845 3583 Si
895 3532 1214 3601 contempsi
1272 3532 1534 3586 subire.»
1596 3533 1705 3598 Qui
1744 3533 1908 3603 judi-

197 3616 318 3668 cari
345 3632 475 3669 cum
502 3617 679 3671 servis
710 3618 825 3672 suis
851 3618 1186 3690 ancillisque
1235 3636 1352 3674 non
1386 3622 1595 3687 renuit,
1652 3626 1777 3688 etc.,
1810 3637 1909 3677 us-

198 3719 306 3771 que
336 3705 410 3757 ad
442 3705 591 3759 unde
638 3711 695 3761 et
741 3707 1006 3777 protinus
1062 3708 1302 3763 subdit:
1337 3730 1365 3758 ‹‹
1417 3710 1559 3773 Quid
1616 3711 1769 3764 enim
1826 3711 1910 3765 fa-

195 3792 374 3845 ciam.
404 3813 426 3841 ι

273 3882 439 3934 Vens.
476 3885 649 3935 15.-
682 3904 704 3930 ι
741 3884 1011 3954 Nunquid
1040 3901 1155 3938 non
1184 3884 1242 3938 in
1264 3890 1422 3939 utero
1452 3885 1599 3940 fecit.
1641 3908 1662 3935 ι
1700 3889 1907 3941 Poten-

189 3968 357 4022 tibus
388 3968 523 4021 viris
557 3985 768 4039 magna
799 3976 886 4025 est
910 3972 1089 4026 virtus
1128 3973 1488 4028 humilitatis.
1544 3974 1910 4029 Considerata

193 4057 533 4127 mqualitate
590 4058 957 4128 conditionis,
1007 4062 1130 4131 jam
1183 4062 1255 4116 ad
1304 4062 1584 4118 libertatis
1631 4079 1803 4133 opera
1849 4080 1908 4118 se

192 4144 501 4200 convertit.

274 4233 436 4285 Vnns.
477 4235 559 4286 16.
610 4264 676 4273 -—
710 4254 739 4282 «
795 4235 853 4289 Si
911 4238 1113 4306 negavi
1156 4239 1310 4308 quod
1364 4240 1646 4294 volebant.
1686 4260 1712 4289 »
1778 4242 1910 4295 Post

195 4322 524 4376 castitatem
556 4326 613 4377 et
659 4323 1043 4378 humilitatem
1092 4326 1284 4381 subdit
1342 4328 1410 4382 de
1467 4328 1770 4397 libertate;
1803 4345 1906 4399 per
1934 4345 1977 4398 ι)

194 4410 309 4464 hoc
336 4410 815 4480 ostenditur,|non
837 4413 1023 4468 solum
1055 4415 1122 4468 ad
1154 4414 1408 4485 inopiam
1430 4416 1779 4487 pauperibus
1808 4418 1907 4471 sed

196 4499 378 4553 etiam
408 4499 475 4553 ad
508 4499 859 4554 desiderium
888 4502 1231 4557 deseruisse.

272 4609 300 4635 ‹
337 4588 403 4641 Et
459 4588 689 4642 oculum
748 4589 952 4644 vidum.
995 4613 1016 4640 ι
1058 4593 1460 4659 Incunctanter
1490 4595 1745 4649 dandum
1802 4599 1905 4660 est,

193 4676 357 4745 quod
389 4690 517 4729 cum
550 4692 682 4730 vera
711 4678 1039 4733 humilitate
1096 4682 1322 4751 qumrit,
1382 4682 1439 4735 id
1473 4688 1577 4749 est,
1627 4684 1779 4754 quod
1806 4700 1909 4739 nec

196 4780 266 4815 ex
299 4762 603 4829 desiderio,
634 4765 731 4819 sed
763 4782 829 4819 ex
864 4767 1192 4822 necessitate
1232 4769 1499 4838 poscitur,
1559 4776 1617 4825 ut
1675 4789 1789 4827 non
1818 4790 1908 4827 so-

192 4852 322 4905 lum
356 4867 424 4903 ex
451 4868 711 4917 munere,
744 4854 840 4908 sed
891 4855 1064 4908 etiam
1093 4857 1382 4911 celeritate
1437 4860 1689 4914 muneris
1740 4861 1911 4917 bono-

191 4955 332 4993 rum
364 4956 608 5009 operum
650 4942 855 4997 merita
876 4948 1219 5013 augeantur.

268 5028 435 5081 Vens.
478 5032 558 5082 l7.
596 5058 667 5069 —
701 5049 724 5079 ι
750 5030 807 5085 Si
838 5032 1063 5086 comedi
1086 5033 1400 5089 buccellam
1429 5052 1617 5090 meam
1667 5038 1839 5093 solus.
1876 5058 1905 5092 in

193 5117 329 5171 Non
379 5116 565 5170 solum
625 5119 873 5173 exterius
914 5120 1065 5185 dedi,
1118 5125 1248 5189 etc.,
1300 5138 1470 5192 usque
1498 5125 1573 5178 ad
1602 5126 1713 5180 Nec
1742 5126 1908 5181 istam

187 5204 475 5277 pietatem
510 5205 638 5275 sibi,
669 5207 763 5261 sed
799 5209 996 5277 gratim
1022 5210 1122 5263 Dei
1152 5211 1428 5280 attribuit,
1472 5214 1681 5268 dicens.

272 5294 437 5347 Vens.
482 5297 563 5349 19.
596 5325 669 5336 -
699 5315 726 5346 α
786 5297 844 5350 Si
892 5299 1123 5366 despexi
1190 5306 1655 5370 prmtereuntem.
1691 5326 1717 5352 ιι
1746 5305 1910 5368 Quod

186 5398 516 5455 pauperem
538 5399 653 5437 non
667 5385 943 5456 despexit,
970 5388 1237 5442 virtutem
1259 5390 1601 5444 humilitatis
1622 5392 1908 5459 exhibuit;

188 5472 358 5542 quod
390 5477 587 5526 autem
618 5474 863 5544 operuit,
893 5476 1150 5545 pietatis.
1182 5478 1382 5548 Ignoto
1415 5483 1605 5533 autem
1649 5480 1910 5550 proximo

187 5562 501 5614 misertum
561 5578 620 5615 se
680 5563 911 5630 indicat,
972 5582 1145 5635 quem
1221 5572 1666 5637 prmtereuntem
1716 5574 1901 5637 vocat,

2022 519 2249 583 notitia,
2286 524 2350 572 ut
2382 521 2438 572 in
2471 520 2596 574 Job.

2092 630 2461 685 Vnns.2l.—
2507 653 2533 678 ‹‹
2566 630 2624 684 Si
2688 631 2863 683 levavi
2912 648 3082 702 super
3112 634 3405 703 pusillum.
3454 656 3480 687 »
3525 637 3727 707 (Ibid.)

2018 719 2095 771 Ac
2125 718 2171 771 si
2200 723 2458 789 patenter
2512 720 2678 785 dicat,
2731 726 2855 781 etc.,
2900 723 3170 789 usquead
3226 724 3377 793 quod
3429 726 3485 778 in
3558 734 3725 797 porta

2017 806 2309 877 agebatur,
2347 807 2647 877 significat.

2089 914 2249 968 Vens.
2284 916 2373 967 22.
2424 946 2491 952 —-
2521 933 2549 966 α
2603 916 2880 968 Humerus
2933 933 3118 972 meus.
3156 938 3180 966 »
3213 918 3270 972 Si
3318 936 3382 972 ea
3416 920 3564 974 bona
3598 938 3726 992 qum

2017 1017 2113 1055 ore
2143 1002 2381 1072 protuli,
2415 1008 2543 1069 etc.,
2578 1020 2746 1072 usque
2794 1004 2868 1057 ad
2888 1010 2951 1058 ut
2981 1008 3243 1060 ostendat
3292 1008 3352 1060 in
3384 1026 3442 1062 se
3474 1010 3719 1080 conjun-

2016 1095 2151 1155 ctas,
2190 1091 2444 1161 singulas
2471 1098 2791 1145 enumerat.

2086 1179 2245 1233 Vens.
2281 1182 2367 1233 23.
2429 1210 2495 1218 —
2529 1198 2553 1230 «
2608 1182 2845 1250 Semper
2876 1182 3032 1233 enim
3093 1183 3259 1252 quasi
3291 1189 3354 1236 tu
3413 1190 3653 1240 mentes.
3693 1207 3721 1236 »

2018 1267 2258 1332 Fluctus,
2296 1283 2426 1321 cum
2451 1274 2756 1334 ,tumentes
2814 1270 3061 1339 desuper
3113 1272 3439 1337 imminent,
3473 1280 3604 1340 etc.,
3638 1291 3728 1330 us-

2011 1370 2114 1423 que
2137 1356 2212 1409 ad
2238 1372 2411 1426 quam
2442 1358 2622 1410 sancti
2656 1358 2910 1425 quotidie
2958 1367 3354 1429 expavescunt.

2089 1464 2112 1491 ι
2158 1446 2385 1498 Pondus
2417 1446 2539 1515 ejus
2568 1447 2715 1499 ferre
2744 1463 2859 1500 non
2881 1449 3064 1516 potui,
3104 1468 3130 1499 η
3192 1450 3467 1520 quoniam
3491 1452 3589 1523 qui
3622 1470 3717 1506 ex-

2012 1533 2407 1603 tremijudicii
2470 1535 2776 1588 adventum
2837 1535 3059 1590 intenta
3125 1544 3316 1593 mente
3374 1542 3718 1608 considerat,

2013 1622 2264 1690 profecto
2290 1622 2527 1689 videtur,
2561 1624 2696 1693 quia
2725 1628 2915 1677 tantus
2939 1642 3115 1695 pavor
3148 1628 3436 1694 imminet,
3472 1637 3721 1700 quantus

1948 1713 1986 1765 Β
2016 1726 2132 1763 non
2161 1711 2345 1764 solum
2372 1718 2507 1765 tunc
2558 1712 2768 1779 videre,
2831 1714 2929 1767 sed
2988 1716 3157 1768 etiam
3218 1733 3369 1771 nunc
3420 1720 3719 1789 providere

2014 1798 2402 1867 pertimescat.

2087 1905 2248 1957 Vens.
2272 1906 2358 1958 24.
2389 1934 2455 1945 -—-
2497 1924 2525 1955 «
2557 1903 2613 1959 Si
2648 1906 2838 1975 putavi
2872 1922 3098 1961 aurum.
3137 1928 3161 1957 ι)
3195 1908 3392 1975 (Gneo.
3460 1913 3519 1964 in
3546 1913 3716 1979 Job.,

2017 1993 2054 2046 l.
2103 1992 2261 2062 xxn.)
2322 1995 2397 2046 De
2445 1996 2709 2047 Creatore
2760 1995 2973 2065 quippe
3019 1996 3345 2066 desperasse
3403 1998 3612 2067 fuerat,
3673 2001 3721 2053 si

2014 2097 2176 2151 spem
2206 2081 2265 2134 in
2297 2086 2617 2135 creaturam
2647 2084 2932 2152 posuisset
2967 2101 2979 2138 :
3016 2084 3116 2155 qui
3137 2086 3294 2138 enim
3324 2086 3537 2141 labenti
3562 2087 3720 2141 inni-

2014 2170 2172 2235 titur,
2206 2186 2433 2223 necesse
2465 2176 2551 2224 est
2582 2177 2646 2224 ut
2672 2188 2802 2224 cum
2827 2172 3051 2226 labente
3084 2174 3329 2227 labatur.

2085 2260 2243 2313 Vens.
2275 2261 2361 2311 25.
2392 2288 2456 2297 —-
2493 2280 2519 2307 ‹‹
2543 2259 2594 2313 Si
2625 2260 2844 2313 lmtatus
2899 2277 3044 2314 sum.
3084 2280 3111 2310 )›
3161 2262 3314 2315 Nihil
3368 2264 3520 2317 enim
3564 2268 3723 2317 extra

2017 2349 2196 2401 Deum
2227 2347 2648 2413 inentisufticit,
2686 2364 2811 2418 qum
2830 2349 3009 2402 Deum
3024 2350 3299 2403 veraciter
3328 2351 3557 2421 qumrit,
3582 2357 3713 2417 etc.,

2012 2451 2181 2506 usque
2223 2436 2297 2490 ad
2324 2438 2646 2490 Intellectus
2690 2437 2777 2489 vel
2809 2437 2926 2490 otio
2970 2441 3177 2508 torpet,
3226 2440 3313 2492 vel
3347 2440 3594 2495 elatione
3625 2457 3721 2495 va-

2013 2526 2213 2591 nescit,
2242 2531 2299 2579 et
2328 2526 2455 2579 ideo
2488 2524 2567 2579 ait
2595 2542 2609 2578 :

2089 2636 2110 2663 ι
2144 2614 2201 2668 Si
2226 2614 2449 2667 lmtatus
2480 2631 2625 2668 sum.
2664 2632 2689 2665 υ
2724 2615 2865 2669 Cum
2896 2619 3086 2669 autem
3119 2631 3248 2682 qum
3270 2616 3558 2687 intelligit,
3584 2621 3717 2683 etc.,

2012 2717 2182 2772 usque
2210 2702 2285 2755 ad
2308 2720 2338 2755 a
2370 2704 2493 2756 luce
2523 2704 2794 2757 invisibili
2840 2721 2936 2759 cor
2966 2709 3124 2758 extra
3179 2705 3409 2759 inhians
3454 2712 3719 2771 cmcatur,

2014 2796 2071 2845 et
2100 2796 2186 2845 est
2216 2808 2435 2845 sensus.

2086 2881 2245 2933 Vens.
2278 2882 2366 2934 26.
2398 2909 2470 2920 -
2500 2880 2607 2935 «Si
2638 2879 2751 2934 vidi
2786 2880 2989 2935 solem.
3022 2901 3050 2933 »
3084 2884 3241 2936 Pone
3302 2882 3405 2936 soli
3458 2883 3720 2937 homines

1944 3002 1984 3056 ρ
2015 2984 2119 3022 sua
2147 2969 2299 3022 bona
2329 2984 2445 3022 non
2475 2968 2684 3032 vident,
2729 2973 2834 3023 etc.
2873 2989 2900 3017 ι
2958 2986 3127 3039 usque
3180 2970 3255 3025 ad
3285 2970 3424 3025 dum
3454 2977 3707 3026 contem-

2015 3058 2270 3129 platione
2302 3058 2529 3124 mentis,
2554 3058 2639 3111 sol
2673 3057 2741 3111 de
2774 3058 2943 3114 cmlo.

2090 3169 2111 3194 ι
2150 3148 2212 3200 Et
2242 3148 2439 3200 lunam
2496 3146 2885 3200 incedentem.
2920 3168 2948 3196 »
3012 3148 3231 3201 Lunam
3286 3147 3422 3202 dicit
3482 3148 3719 3216 famam,

2014 3251 2143 3306 qum
2169 3236 2363 3288 lucens
2401 3235 2461 3288 in
2484 3239 2646 3289 nocte
2686 3235 2858 3304 hujus
2888 3235 3018 3289 vitm
3050 3252 3115 3289 ex
3162 3237 3314 3290 bono
3364 3254 3537 3307 opere
3567 3237 3716 3292 vires

2014 3324 2235 3393 accipit.
2275 3346 2296 3372 ι
2379 3324 2444 3377 Et
2499 3339 2613 3377 non
2671 3328 2757 3377 est
2812 3324 3070 3378 lmtatum
3119 3325 3180 3378 in
3227 3325 3559 3379 abscondito
3619 3342 3719 3379 cor

2014 3428 2229 3466 meum.
2257 3433 2284 3459 »
2316 3411 2459 3466 Sunt
2481 3412 2635 3465 enim
2679 3412 2780 3482 qui
2834 3412 2951 3465 suis
3001 3414 3303 3484 prmconiis
3363 3416 3721 3469 extolluntur

2016 3502 2166 3572 apud
2198 3517 2276 3567 se,
2301 3501 2578 3571 gaudent.
2617 3501 2686 3553 Et
2714 3501 2824 3554 hoc
2850 3506 2937 3555 est
2965 3518 2978 3555 :

2086 3607 2242 3660 Vens.
2274 3608 2362 3659 27.
2415 3637 2482 3646 —
2515 3624 2542 3656 ‹‹
2593 3605 2662 3659 Et
2718 3604 2973 3659 lmtatum
3014 3611 3118 3672 est,
3168 3613 3273 3662 etc.
3308 3628 3334 3658 η
3372 3610 3437 3662 Et
3466 3608 3603 3679 quia
3626 3609 3716 3662 in-

2016 3695 2372 3748 considerata
2402 3710 2563 3747 mens
2611 3694 2899 3747 favoribus
2928 3699 3106 3749 tracta
3153 3697 3463 3767 aliquando
3511 3697 3712 3752 laudas

2016 3783 2171 3853 quod
2191 3782 2342 3850 fecit,
2379 3782 2532 3836 abdit
2562 3798 2574 3835 :

2089 3889 2116 3920 ‹‹
2150 3872 2213 3924 Et
2241 3871 2526 3924 osculatus
2545 3886 2707 3924 sum:
2748 3892 2767 3918 ι
2823 3886 2927 3939 per
2969 3877 3050 3923 ‘os
3114 3872 3324 3926 locutio
3391 3872 3723 3943 designatus

2019 3975 2254 4013 manum
2300 3974 2435 4029 ergo
2487 3974 2649 4012 suam
2712 3958 3002 4012 osculatur
3058 3975 3155 4013 ore
3206 3976 3329 4026 suo,
3372 3961 3472 4031 qui
3524 3962 3720 4016 laudat

2018 4048 2174 4119 quod
2200 4048 2353 4102 facit.

2089 4137 2248 4191 Vens.
2286 4138 2374 4189 28.
2414 4165 2473 4175 —
2533 4156 2555 4183 ι
2618 4134 2753 4198 Qum
2792 4141 2878 4190 est
2918 4135 3211 4207 iniquitas.
3246 4154 3275 4189 υ
3328 4136 3514 4207 (Ibid)
3569 4137 3715 4201 Quia

2017 4226 2264 4280 auctoris
2316 4224 2405 4279 sui
2466 4223 2708 4295 gratiam
2771 4240 2976 4295 negare
3038 4226 3396 4281 convincitur
3453 4226 3717 4297 quisquis

2017 4314 2125 4368 sibi
2156 4315 2415 4368 tribuens
2444 4314 2598 4385 quod
2632 4319 2920 4383 operatur.

2092 4422 2119 4453 (ι
2149 4404 2405 4457 Maxima.
2447 4426 2467 4450 ιν
2505 4403 2683 4458 Omne
2730 4409 3048 4475 peccatum,
3082 4405 3232 4475 quod
3264 4421 3334 4459 ex
3382 4405 3717 4459 inﬁrmitate

2018 4496 2122 4553 est,
2174 4508 2333 4561 spem
2380 4509 2498 4546 non
2537 4493 2748 4562 perdit,
2782 4494 2917 4563 quia
2945 4510 2974 4545 a
3034 4496 3146 4547 Deo
3189 4494 3410 4547 veniam
3468 4494 3716 4563 qumrit;

2016 4580 2392 4651 praesumptio
2423 4598 2579 4646 vero,
2613 4587 2829 4651 quanto
2880 4582 3109 4652 longius
3137 4586 3220 4635 est
3262 4583 3334 4635 ab
3394 4582 3720 4636 humilitate

2020 4673 2173 4723 tanto
2204 4668 2435 4738 gravius
2464 4669 2883 4738 desperatione,
2923 4675 2978 4724 et
3007 4670 3144 4725 dum
3188 4670 3297 4723 sibi
3322 4669 3470 4724 vires
3490 4670 3715 4737 tribuit,

2018 4773 2051 4810 a
2081 4758 2191 4811 Deo
2224 4772 2342 4810 non
2363 4757 2625 4827 requirit.

2089 4846 2251 4898 Vens.
2286 4847 2523 4900 29.—«
2578 4846 2635 4899 Si
2712 4844 2941 4915 gavisus
2990 4860 3118 4899 sum
3156 4844 3246 4898 ad.
3292 4866 3318 4897 ω
3368 4845 3512 4910 Quia
3561 4846 3719 4901 vide-

2018 4934 2149 4988 licet
2178 4938 2235 4988 et
2296 4934 2595 4988 inimicum
2644 4934 2908 5003 diligens,
2968 4933 3107 4987 dum
3154 4934 3474 4989 adversario
3532 4936 3723 4990 ruenti

2020 5023 2327 5088 condoluit,
2365 5028 2421 5077 et
2448 5022 2611 5077 malis
2644 5023 2797 5076 illius
2828 5023 2950 5092 ipse
2972 5023 3041 5076 ad
3070 5023 3287 5077 bonum
3318 5025 3495 5079 crevit

2089 5130 2247 5184 Vens.
2296 5131 2382 5183 30.
2439 5161 2508 5169 —
2544 5150 2565 5177 ι
2619 5130 2743 5183 Non
2775 5128 2927 5181 enim
2976 5128 3187 5182 dedi.»
3248 5132 3522 5185 Nonnulli
3563 5131 3715 5186 enim

2019 5217 2401 5289 quos,virtute
2424 5233 2790 5287 nequaquam
2808 5221 3067 5286 possunt.

2094 5306 2253 5359 Vens.
2336 5310 2422 5360 3t.
2478 5334 2548 5344 —
2581 5324 2607 5355 «
2656 5304 2715 5358 Si
2764 5320 2877 5358 non
2939 5305 3207 5359 dixerunt
3253 5305 3385 5360 viri.
3439 5329 3460 5355 ι
3510 5308 3717 5362 Secum

2022 5394 2174 5447 enim
2230 5393 2583 5447 adversarius
2632 5398 3035 5448 conversantes
3092 5394 3393 5461 tolerabat,
3460 5395 3596 5466 quia
3626 5397 3721 5449 in-

2016 5484 2168 5554 juste
2200 5483 2499 5551 agentibus
2546 5499 2649 5552 per
2678 5484 2969 5539 silentium
2994 5501 3112 5539 non
3158 5484 3416 5554 cedebat,
3475 5485 3573 5538 sed
3620 5502 3723 5555 per

2024 5571 2421 5624 rectitudinem
2454 5571 2801 5627 contraibat.
