4034 6180
439 259 547 312 839

1087 253 1485 311 WALAFRIDI
1523 255 1771 313 STRABI
1817 256 2014 313 FULD.
2065 259 2105 312 Μ

2266 258 2415 315 ΟΡΡ.
2459 259 2637 314 PARS
2673 258 2714 312 I.
2756 287 2824 298 —
2861 257 3335 317 THEOLOGICA.
3803 270 3880 320 840

531 405 552 431 ι
582 381 719 446 Quis
749 380 843 435 det
870 380 960 436 de.
989 404 1014 430 ››
1049 382 1162 435 Hoc
1193 381 1426 451 mystice
1457 381 1526 435 de
1582 381 1823 450 Christo,
1873 382 1943 436 de
1969 383 2132 452 cujus
2162 385 2208 436 Α
2247 383 2496 436 colarum
2533 382 2740 453 affligit
2775 387 2959 436 rector
2991 383 3272 450 Ecclesiae,
3337 388 3470 448 etc.,
3522 399 3677 453 usjue
3716 388 3780 440 ad
3810 391 3884 459 qui

439 471 705 524 carnibus
769 470 1014 524 saturari
1071 470 1396 541 cupierunt,
1446 471 1530 522 vel
1607 471 1909 525 domestici
1937 471 2118 525 Judasi

439 560 563 629 ejus
589 575 795 630 corpus
826 559 1078 612 volentes
1107 558 1270 629 quasi
1303 559 1698 612 consumendo
1756 560 2137 630 exstinguere,

437 648 524 702 vel
548 648 786 718 gentiles
815 647 1125 714 credentes,
1158 646 1258 718 qui
1315 647 1384 700 de
1430 663 1668 718 corpore
1726 649 1850 718 ejus
1885 648 2140 719 quotidie

440 735 798 790 reﬁciuntur.

507 825 671 878 Vens.
705 826 793 877 32.
849 842 976 873 -α
1035 823 1194 877 Foris
1250 839 1368 876 non
1427 823 1638 877 mansit
1693 824 2052 894 peregrinus.
2109 848 2134 873 »

439 911 701 965 Dicturus
745 911 804 966 in
860 911 1266 982 hospitalitatis
1313 913 1496 983 gratia
1563 914 1888 984 largitatem
1946 933 2135 982 suam,

434 1001 594 1072 prius
620 1000 804 1071 qualis
833 1001 983 1071 apud
1016 1017 1074 1054 se
1126 1001 1318 1067 fuerit,
1376 1003 1656 1072 exposuit,
1683 1003 1817 1073 quia
1859 1005 2140 1059 exteriora

437 1106 676 1144 munera
717 1106 785 1143 ex
817 1089 1275 1144 interioricordis
1309 1091 1590 1144 munditia
1626 1091 2000 1145 condiuntur.

505 1179 661 1234 Vens.
697 1181 784 1233 33.
819 1208 888 1220 —
919 1199 948 1230 ε(
982 1177 1039 1233 Si
1087 1178 1353 1232 abscondi
1386 1179 1548 1250 quasi
1596 1180 1788 1234 homo.
1825 1202 1845 1225 ι
1883 1178 2140 1233 Hominis

437 1267 737 1339 proprium
795 1284 917 1321 esse
974 1267 1274 1337 conspicit,
1329 1273 1452 1334 etc.,
1509 1283 1678 1337 usque
1744 1269 1820 1322 ad
1876 1284 2141 1338 expressa

437 1356 797 1410 confessione
821 1357 1058 1428 peccati,
1088 1361 1238 1410 recte
1272 1357 1642 1428 subjungitur
1673 1373 1685 1411 ε

511 1444 669 1497 Vens.
700 1444 787 1497 34.
819 1471 890 1484 -
920 1463 947 1494 α
977 1442 1035 1497 Si
1092 1443 1293 1512 expavi
1322 1443 1391 1497 ad
1450 1444 1894 1498 multitudinem.
1925 1464 1952 1491 ››
1989 1442 2140 1496 Nihil

443 1532 644 1586 mundi
676 1548 884 1602 cupere
937 1548 1147 1601 magna
1193 1537 1277 1585 est
1321 1533 1612 1597 securitas,
1672 1538 1737 1586 ut
1788 1531 2136 1585 immutabili

437 1620 682 1685 hmrens,
741 1620 1009 1674 omnibus
1082 1619 1232 1672 infra
1288 1619 1528 1672 turbatis
1619 1637 1729 1673 non
1793 1620 2140 1673 turbeturin

437 1714 651 1772 mente,
683 1709 790 1762 etsi
819 1713 976 1762 extra
1007 1708 1374 1778 quandoque,
1430 1709 1614 1761 carnis
1660 1708 2013 1762 inﬁrmitate.

508 1817 535 1846 «
568 1797 633 1850 Et
659 1797 961 1866 despectio.
999 1817 1026 1846 »
1081 1797 1221 1850 Boni
1253 1812 1355 1849 nec
1410 1797 1659 1866 despecti
1709 1813 1810 1850 sua
1845 1797 2134 1866 aperiunt,

435 1890 568 1943 etc.,
600 1899 770 1952 usque
797 1885 873 1937 ad
918 1890 1192 1954 tanquam
1246 1900 1350 1954 per
1398 1885 1513 1938 oris
1570 1885 1779 1939 ostium
1826 1885 2140 1955 egrediun-

436 1978 550 2038 tur,
582 1972 733 2026 unde
765 1988 778 2025 :

509 2078 536 2109 α
567 2061 634 2112 Et
654 2075 766 2113 non
797 2058 979 2129 magis
1007 2058 1178 2112 tacui.
1205 2079 1232 2110 ιθ
1268 2061 1416 2114 Bene
1465 2060 1785 2130 praemittit,
1823 2080 1850 2111 ιι
1902 2061 2076 2128 tacui,
2109 2081 2137 2112 ι)

437 2148 575 2218 quia
600 2148 698 2218 qui
720 2147 1028 2218 impatiens
1083 2153 1270 2203 tacere
1326 2149 1524 2211 nescit,
1560 2165 1591 2202 a
1645 2149 1818 2203 domo
1851 2149 2144 2202 conscien-

435 2238 531 2291 tias
565 2237 698 2290 exit.
734 2237 846 2290 Hoc
905 2236 1138 2307 mystice
1193 2237 1262 2290 de
1324 2237 1570 2302 Christo,
1634 2237 1732 2307 qui
1772 2238 1980 2291 multos
2011 2254 2140 2307 per-

434 2331 736 2396 sequentes
780 2341 894 2380 non
932 2325 1147 2392 timuit,
1179 2330 1234 2378 et
1289 2324 1795 2396 despicientes,qui
1827 2330 1884 2378 et
1937 2325 2137 2408 tacuit,

437 2429 540 2468 nec
567 2429 829 2484 egressus
858 2412 1113 2484 potentia
1133 2411 1460 2466 vindicavit.

505 2503 668 2557 Vens.
739 2504 824 2556 35.
863 2532 923 2542 -
960 2522 988 2552 α
1044 2501 1181 2565 Quis
1237 2500 1381 2554 mihi
1427 2500 1646 2555 tribuat
1713 2500 2055 2568 auditorem,
2081 2507 2140 2556 ut

433 2591 784 2646 desiderium
842 2607 1036 2645 meum
1081 2589 1328 2645 audiat?
1378 2610 1403 2640 ι)
1457 2589 1820 2644 Mediatorem
1874 2589 2137 2660 requirit,

431 2680 612 2734 sciens
633 2680 787 2752 quod
817 2680 882 2734 ad
930 2679 1189 2750 requiem
1241 2678 1600 2733 liberationis
1629 2683 1864 2732 aeterna:
1896 2677 2134 2732 humani

431 2768 716 2835 desiderii,
747 2784 944 2839 preces
975 2768 1084 2822 nisi
1115 2785 1216 2839 per
1238 2768 1570 2822 advocatum
1598 2783 1769 2822 suum
1800 2766 1987 2821 audiri
2018 2783 2138 2822 non

429 2869 669 2936 possunt
701 2881 712 2918 :
745 2865 814 2918 de
846 2879 961 2935 quo
993 2862 1276 2917 subditur.

493 2973 522 3005 (ι
565 2955 628 3008 Et
675 2953 889 3007 librum
945 2951 1186 3016 scribat;
1224 2951 1373 3005 unde
1417 2967 1430 3005 :

429 3057 802 3113 quemquam,
829 3040 928 3094 sed
955 3057 1124 3094 omne
1151 3039 1434 3110 judicium
1457 3039 1615 3094 dedit
1651 3039 1809 3094 Filio.
1846 3060 1874 3092 »
1902 3040 2009 3104 Qui
2039 3057 2133 3094 ve-

429 3129 592 3183 niens
643 3130 715 3184 ad
779 3133 1035 3183 nostram
1091 3128 1574 3198 redemptionem,
1645 3133 1788 3195 etc.,
1846 3144 2016 3197 usque
2059 3129 2133 3183 ad

427 3219 526 3272 sed
555 3235 674 3287 cur,
716 3219 879 3272 beate
909 3218 1035 3282 Job,
1057 3216 1227 3270 scribi
1249 3217 1460 3270 librum
1495 3215 1786 3270 desideras
1809 3219 1839 3271 ?

519 3309 680 3362 Vsus.
710 3311 795 3362 36.
830 3336 898 3347 —
939 3329 961 3356 ι
994 3308 1063 3360 Ut
1098 3307 1155 3359 in
1181 3306 1423 3360 humero
1472 3323 1601 3360 meo
1635 3312 1863 3376 portem
1886 3307 2068 3361 illum.
2102 3327 2128 3358 ο

428 3395 661 3448 Librum
685 3395 746 3448 in
793 3395 1035 3448 humero
1091 3399 1318 3463 portare
1373 3399 1461 3448 est
1499 3393 1854 3464 Scriptorum
1911 3411 2129 3449 sacram

426 3483 719 3554 operando
746 3481 1042 3552 perlicere.
1100 3483 1260 3535 Prius
1319 3487 1508 3536 autem
1558 3481 1900 3536 describitur
1923 3481 1984 3536 in
2016 3483 2127 3537 hu-

425 3587 586 3625 mero
610 3570 846 3642 portari,
888 3575 944 3624 et
971 3570 1335 3640 postmodum
1359 3571 1506 3625 sicut
1538 3586 1747 3625 corona
1763 3571 2126 3637 circumdari,

423 3660 561 3732 quia
620 3660 766 3714 sacri
847 3659 1062 3730 eloquii
1122 3659 1390 3714 mandata
1437 3659 1484 3712 si
1539 3660 1710 3715 modo
1766 3659 1913 3714 bene
1989 3677 2125 3731 por-

422 3753 618 3802 tantur
638 3748 700 3802 in
730 3764 925 3819 opere,
960 3747 1327 3817 postmodum
1365 3748 1528 3802 nobis
1580 3748 1834 3804 victorias
1854 3765 2126 3804 coronam

422 3835 692 3891 exhibent
722 3837 782 3892 in
812 3836 1209 3892 retributione.

491 3927 653 3982 Vsus.
697 3929 786 3982 37.
819 3947 936 3976 -ιι
982 3928 1089 3980 Per
1149 3926 1408 3997 singulos
1465 3926 1673 3997 gradus
1729 3942 1971 3980 meos.»
2024 3926 2123 3979 In-

418 4019 707 4069 crementa
736 4015 1015 4069 virtutum
1047 4015 1255 4085 gradus
1308 4021 1490 4082 vocat,
1541 4019 1672 4083 etc.,
1704 4029 1874 4084 usque
1924 4014 1998 4068 ad
2026 4015 2123 4068 sed

418 4103 592 4158 etiam
619 4120 723 4174 per
753 4120 925 4174 opera
956 4104 1347 4158 demonstrat.

480 4212 508 4242 a
541 4193 608 4246 Et
635 4192 798 4263 quasi
825 4192 1071 4262 principi
1102 4192 1338 4246 offeram
1363 4208 1516 4246 eum.
1552 4214 1573 4240 ι
1607 4192 1770 4256 Quod
1797 4191 2114 4258 offerimus,

419 4297 594 4336 manu
625 4286 907 4335 tenemus.
975 4281 1236 4335 Venienti
1293 4296 1430 4351 ergo
1490 4280 1559 4335 ad
1590 4280 1873 4351 judicium
1904 4280 2113 4334 librum

417 4369 621 4423 offerre
679 4373 764 4423 est
818 4369 988 4424 verba
1017 4373 1435 4440 praeceptorum
1481 4368 1604 4438 ejus
1659 4367 1721 4422 in
1779 4366 2002 4422 actione
2030 4373 2112 4422 te-

421 4457 636 4511 nuisse.

488 4547 650 4600 Vsas.
685 4547 771 4599 38.
805 4566 928 4593 -‹‹
988 4543 1046 4599 Si
1109 4543 1412 4598 adversum
1468 4560 1578 4598 me.
1614 4565 1636 4591 ο
1689 4543 1775 4598 Ad
1835 4545 2114 4614 majorem

415 4633 818 4699 ostensionem,
848 4637 980 4702 etc.,
1008 4647 1178 4703 usque
1202 4633 1278 4688 ad
1305 4637 1362 4688 et
1391 4632 1565 4687 nullis
1602 4632 1872 4703 operibus
1920 4633 2114 4688 excul-

415 4725 502 4775 tos
533 4725 685 4775 terra
711 4720 940 4778 dicitur.

489 4832 510 4858 ι
549 4811 614 4864 Et
641 4825 772 4864 cum
799 4810 923 4879 ipsa
948 4808 1111 4864 sulci.
1148 4831 1175 4858 ››
1211 4809 1364 4864 Sulci
1411 4809 1680 4864 dicuntur
1704 4808 1764 4862 hi
1821 4809 1942 4881 qui,
1973 4813 2108 4876 etc.,

411 4913 582 4967 usque
609 4899 684 4953 ad
710 4903 768 4953 et
821 4898 991 4954 rudes
1046 4903 1245 4953 contra
1295 4914 1429 4953 eum
1474 4899 1741 4966 clamant,
1775 4903 1830 4952 et
1880 4897 2115 4968 perfecti

415 4987 648 5042 deflent.

479 5077 640 5130 Vens.
671 5078 758 5131 39.
790 5106 858 5116 -—-
893 5098 913 5124 ι
948 5074 1006 5129 Si
1023 5074 1238 5129 fructus
1267 5076 1391 5146 ejus
1439 5074 1682 5130 comedi.
1720 5094 1748 5124 »
1779 5074 1888 5138 Qui
1907 5079 2116 5144 praeest

413 5168 471 5218 et
497 5164 708 5230 subest,
742 5168 873 5231 etc.,
905 5179 1074 5232 usque
1101 5163 1176 5218 ad
1213 5180 1246 5218 a
1286 5163 1492 5236 quibus
1547 5163 1768 5218 fructus
1823 5178 2114 5268 corporeus

415 5251 701 5306 servitutis
740 5251 974 5323 accepit.

477 5361 505 5388 ι
537 5340 806 5396 Animam
832 5339 1217 5412 agricolarum
1247 5341 1370 5411 ejus
1394 5340 1593 5396 afflixi.
1632 5362 1652 5389 ι
1697 5339 1932 5396 Animas
1959 5341 2112 5413 agri-

1512 2953 1678 3005 Pater
1734 2966 1849 3005 non
1911 2951 2133 3021 jndicat
2173 2965 2212 3019 ο

2149 4253 2190 4306 D
2229 4237 2394 4291 debo.
2436 4257 2458 4286 ιδ
2492 4237 2642 4290 Bene
2671 4235 2838 4289 beato
2883 4235 2986 4289 Job
3042 4250 3176 4295 non,
3219 4239 3351 4301 etc.,
3394 4249 3564 4303 usque
3602 4231 3672 4286 ad
3711 4228 3791 4283 sed
3816 4225 3864 4278 de

2255 489 2367 526 non
2415 489 2577 526 suam
2645 471 2888 542 gloriam
2949 471 3177 543 quaerit,
3253 473 3322 526 ab
3385 473 3646 527 omnibus
3686 476 3786 529 vult
3812 467 3886 530 ad-

2245 559 2455 629 juvarL

2325 650 2604 702 Vans.40.
2651 678 2710 688 —
2758 669 2779 697 ι
2817 649 2926 702 Pro
2957 648 3263 702 frumento.
3312 667 3338 698 ››
3392 649 3472 714 Si,
3528 649 3763 721 inquam,
3804 654 3884 706 hoc

2251 736 2338 790 vel
2369 736 2507 790 illud
2537 736 2643 791 feci
2674 741 2804 803 etc.,
2856 751 3026 805 usque
3066 737 3141 790 ad
3171 736 3241 790 de
3297 735 3412 791 illis
3468 753 3622 808 ergo,
3673 759 3698 787 «
3733 740 3882 796 Gloria

2252 827 2374 896 ejus
2405 825 2567 897 quasi
2597 827 2701 879 flos
2723 825 2858 880 feni.
2892 845 2919 873 »

2323 937 2349 966 κ
2386 918 2492 970 Pro
2522 916 2828 969 frumento.
2865 935 2891 965 »
2925 916 3031 968 Pro
3063 914 3354 968 frumento
3407 914 3618 986 quippe
3669 917 3879 984 tribulos,

2251 1009 2309 1059 et
2354 1021 2458 1074 pro
2515 1004 2729 1058 hordeo
2789 1003 2954 1074 spina
3009 1003 3210 1066 oritur,
3269 1019 3397 1056 cum
3455 1003 3516 1056 in
3573 1005 3885 1060 retributione

2251 1094 2474 1159 ultima,
2505 1093 2561 1148 in
2593 1110 2705 1164 qua
2735 1092 3121 1146 remuneratio
3151 1091 3360 1146 laboris
3392 1093 3677 1164 quaeritur,
3700 1096 3884 1165 puuctio

2253 1183 2464 1238 doloris
2495 1181 2806 1236 invenitur.

2872 1287 3099 1342 CAPUT
3128 1287 3328 1341 XXXII.

2322 1404 2484 1456 Vens.
2523 1407 2542 1457 t
2579 1421 2699 1454 -α
2741 1403 3013 1457 Miserunt
3056 1406 3249 1456 autem
3299 1405 3436 1455 tres.
3477 1423 3500 1448 ο
3535 1403 3730 1472 (Gneo)
3774 1403 3886 1456 Tan-

2250 1493 2378 1546 dem
2409 1492 2558 1546 beati
2586 1492 2692 1545 Job
2720 1492 2935 1562 plenas,
2967 1496 3097 1554 etc.,
3132 1505 3300 1560 usque
3330 1489 3404 1543 ad
3464 1496 3522 1543 et
3569 1491 3622 1543 in
3665 1495 3887 1545 vetustate

2251 1598 2309 1634 se
2359 1581 2658 1634 retinendo
2714 1580 2902 1650 pravis
2957 1580 3076 1632 suis
3139 1579 3506 1633 sermonibus
3572 1581 3888 1649 speculatioui

2254 1670 2485 1723 rectoris
2507 1676 2732 1722 nocent.

2322 1761 2479 1816 Vens.
2513 1761 2563 1811 2.
2601 1785 2669 1798 ——
2695 1776 2723 1807 «
2761 1759 2822 1810 Et
2880 1757 3061 1810 iratus
3122 1755 3574 1827 indignatusque
3605 1761 3682 1810 est
3723 1756 3839 1810 Elin.
3866 1779 3884 1802 υ

2252 1847 2369 1902 ΕΙὶιι
2399 1849 2545 1901 Deus
2577 1862 2737 1900 meus
2779 1845 2904 1913 iste,
2936 1847 3066 1908 etc.,
3116 1859 3284 1912 usque
3308 1844 3384 1897 al
3413 1844 3669 1915 quamvis
3713 1845 3773 1897 ab
3817 1861 3884 1897 eo-

2249 1953 2377 1990 rum
2407 1937 2521 1988 vita
2541 1935 2801 1988 elationis
2829 1933 3107 2004 pravitate
3153 1933 3522 2002 disjungitur.

2322 2047 2349 2075 ‹
2385 2027 2565 2078 Iratus
2595 2029 2682 2077 est
2737 2028 2930 2076 autem
2985 2022 3255 2076 adversus
3303 2022 3428 2076 Job.
3481 2044 3504 2070 ι
3567 2023 3722 2075 Vana!
3769 2021 3881 2074 enim

2250 2114 2450 2185 glorise
2473 2118 2800 2176 sectatores,
2837 2116 2967 2174 etc.,
3026 2126 3194 2178 usque
3242 2110 3317 2164 ad
3372 2111 3531 2164 intus
3567 2110 3762 2180 positos
3785 2125 3880 2179 pre—

2250 2207 2416 2257 munt
2443 2201 2718 2270 qualitate
2757 2200 3003 2265 dicendi,
3038 2199 3094 2252 id
3126 2204 3232 2263 est,
3264 2199 3402 2252 vitio
3445 2200 3720 2252 elationis.

2320 2293 2481 2344 Vsus.
2525 2293 2576 2342 6.
2607 2320 2674 2328 —
2700 2309 2727 2339 ι(
2762 2287 3244 2358 Respondensque
3277 2287 3401 2340 Eliu
3456 2287 3624 2342 filius.
3661 2309 3680 2336 ι
3735 2287 3875 2356 (Gneo.

2247 2379 2307 2434 in
2330 2379 2470 2440 Job.,
2506 2378 2544 2432 l.
2578 2377 2759 2447 χχιιι.)
2799 2375 2933 2429 Ηωο
2971 2376 3106 2446 quia
3163 2374 3449 2428 soliditate
3509 2373 3778 2444 gravitatis
3815 2389 3877 2424 ca-

2247 2472 2394 2531 rent,
2461 2468 2594 2532 etc.,
2653 2480 2822 2533 usque
2896 2464 2970 2518 ad
3027 2480 3196 2517 usum
3249 2471 3440 2517 tamen
3495 2467 3706 2518 exercet
3749 2461 3877 2515 vehe-

2311 2559 2488 2608 enter.

2311 2571 2488 2608 enter.

2248 2571 2500 2709 m(Ibid.)
2527 2641 2647 2694 Non
2672 2655 2847 2710 parva
2901 2638 3304 2693 condemnatio
3352 2644 3441 2693 est
3467 2656 3534 2693 ex
3583 2639 3740 2702 bono,
3781 2642 3875 2700 etc.,

2245 2744 2415 2797 usque
2455 2727 2529 2781 ad
2560 2733 2620 2782 ut
2647 2728 2706 2782 in
2764 2728 2885 2798 ejus
2914 2726 3080 2780 ruina
3100 2727 3381 2782 discerent
3399 2728 3543 2799 quid
3593 2727 3658 2782 de
3687 2727 3878 2780 elatione

2247 2817 2538 2872 timerent.

2319 2906 2472 2958 Vens.
2512 2907 2594 2959 lt.
2625 2932 2699 2944 —
2726 2924 2748 2952 σ
2798 2903 3122 2974 Exspectavi
3151 2903 3306 2957 enim
3354 2919 3646 2958 sermones
3695 2906 3878 2960 vestros.

2243 2993 2430 3047 audivi
2467 2992 2835 3062 prudentiam
2884 2997 3154 3061 vestram,
3196 3011 3224 3042 ι)
3280 2993 3422 3048 Cum
3483 2993 3616 3048 dicit
3662 3014 3682 3039 ι
3729 3005 3878 3058 exspe-

2240 3082 2406 3147 ctavi,
2434 3087 2562 3146 etc.,
2600 3101 2627 3132 ιι
2673 3081 2921 3135 declarat
2952 3097 3011 3135 se
3044 3082 3116 3135 ad
3148 3081 3344 3150 verba,
3376 3087 3510 3150 etc.,
3542 3097 3698 3150 usque
3741 3081 3802 3132 ad
3836 3078 3877 3129 iu

2239 3187 2487 3242 quorum
2518 3171 2704 3224 verbis
2736 3169 3005 3240 dogmata
3034 3185 3302 3240 perversa
3345 3170 3769 3240 reprehendunt.
3961 3163 3965 3244 qi

2313 3261 2470 3314 Vnus.
2499 3262 2582 3313 l2.
2609 3289 2678 3298 ——
2712 3280 2740 3308 «
2769 3259 2903 3325 Sed,
2931 3263 2995 3312 ut
3031 3259 3220 3327 video,
3256 3275 3371 3312 non
3429 3265 3517 3313 est
3540 3259 3635 3329 qui
3684 3269 3877 3325 arguere
3961 3247 3963 3317 ἧ

2236 3349 2417 3420 possit
2440 3349 2566 3402 Job.
2611 3369 2638 3397 ιο
2684 3349 2845 3418 Smpe
2875 3347 3129 3402 haeretici
3161 3363 3265 3418 per
3296 3349 3402 3401 hoc
3433 3348 3586 3419 quod
3614 3363 3742 3412 esse,
3776 3349 3873 3400 etc.,
3960 3415 3961 3418 η

2235 3419 2405 3507 usque
2433 3437 2507 3490 ad
2529 3452 2778 3506 quorum
2808 3451 2944 3490 voce
2977 3435 3102 3490 Elin
3132 3436 3345 3502 obviat,
3379 3436 3575 3491 dicens
3600 3453 3614 3490 :
3960 3419 3961 3429 ‘

2307 3528 2464 3579 Vsus.
2497 3527 2577 3579 13.
2613 3555 2682 3564 --
2714 3544 2744 3575 «
2778 3526 2857 3579 Ne
2884 3525 3028 3578 forte
3066 3524 3286 3578 dicatis.
3320 3545 3349 3574 ››
3407 3525 3598 3590 Quasi,
3644 3524 3872 3576 incassum

2237 3614 2445 3670 dicitis.
2480 3618 2609 3679 etc.,
2641 3628 2812 3683 usque
2839 3612 2915 3668 ad
2945 3618 3002 3668 et
3029 3613 3385 3684 pervenienti
3433 3618 3640 3668 aeterna
3685 3608 3873 3682 praemia

2233 3707 2465 3846 833:1;
2505 3791 2588 3845 14.
2637 3820 2708 3832 --
2741 3811 2764 3839 α
2803 3789 2959 3845 Nihil
3023 3791 3244 3844 locutus
3299 3794 3388 3844 est
3444 3789 3604 3844 mihi.
3655 3810 3677 3837 ι
3725 3782 3870 3855 (ἰδέαι)

2232 3881 2356 3934 Elin
2419 3879 2650 3951 quidem
2699 3879 2926 3950 publice
2981 3879 3214 3934 beatum
3263 3879 3368 3933 Job
3445 3879 3711 3942 audierat,
3773 3878 3868 3934 etc.,

2230 3985 2399 4039 usque
2423 3969 2498 4023 ad
2524 3985 2654 4022 cum
2685 3967 3061 4037 sapientiores
3095 3983 3152 4021 se
3174 3973 3232 4022 et
3267 3967 3407 4039 ipsis
3449 3962 3870 4037 redarguentibus

2229 4059 2604 4112 arbitrantur.
2638 4057 2783 4121 Quia
2811 4074 2944 4111 vero
2971 4057 3082 4111 ait:

2303 4167 2330 4199 (ι
2365 4149 2429 4201 Et
2457 4163 2563 4218 ego
2595 4163 2713 4200 non
2742 4147 3057 4200 secundum
3089 4161 3385 4200 sermones
3415 4152 3630 4200 vestros
3688 4152 3868 4209 respon-

2222 4339 2280 4377 se
2314 4325 2444 4394 plus
2471 4339 2643 4394 quam
2671 4339 2899 4376 necesse
2929 4327 3032 4388 est,
3055 4323 3230 4393 digna
3258 4323 3632 4392 suspicantur.
3941 4395 3943 4398 q

2294 4414 2436 4466 Vaas
2521 4414 2602 4466 15.
2669 4443 2738 4450 -
2788 4432 2816 4460 ‹‹
2883 4410 3281 4466 Extimuerunt
3326 4427 3432 4465 nec
3506 4403 3862 4480 responderunt
3939 4473 3941 4478 ί

2223 4501 2391 4555 ultra.
2435 4521 2458 4548 ι
2510 4501 2659 4554 Bene
2708 4499 2779 4553 ab
2835 4498 2960 4553 Eliu
3003 4498 3173 4552 verba
3212 4499 3380 4552 amici
3438 4499 3544 4552 Job
3591 4492 3862 4550 extimuisse

2223 4589 2575 4655 referuntur,
2625 4587 2762 4660 quia
2811 4603 3229 4658 nonnunquam
3279 4592 3612 4658 arroganter
3656 4577 3860 4639 Ecclesia!

2223 4679 2572 4743 defensores,
2623 4677 2883 4749 quamvis
2915 4675 3180 4730 ordinem
3211 4676 3439 4730 dicendi
3495 4691 3608 4730 non
3657 4669 3860 4726 teneant.

2220 4773 2413 4821 tamen
2444 4764 2798 4821 adversarios
2826 4765 3036 4819 virtute
3087 4764 3373 4818 dictorum
3413 4763 3746 4836 perturbant,
3777 4761 3856 4810 etc.

2229 4855 2366 4912 Vide
2397 4855 2552 4922 Greg.
2587 4855 2685 4908 loc.
2717 4855 2808 4907 cit.
2841 4867 3011 4921 usque
3039 4851 3114 4905 ad
3132 4854 3230 4919 ﬁn.
3265 4867 3386 4921 cap.

2818 4967 3044 5022 CAPUT
3096 4966 3332 5021 XXXIII.

2259 5075 2729 5147 ‘(Ewpositionem
2776 5089 2935 5143 capp.
2993 5076 3058 5127 33
3116 5077 3166 5126 et
3212 5088 3383 5141 seqq.,
3431 5088 3498 5126 ea:
3553 5068 3777 5136 Gregorio
3800 5059 3852 5114 ad

2220 5166 2442 5220 verbum
2471 5179 2800 5234 expressam.
2853 5161 3158 5231 compendii
3208 5176 3373 5216 causa
3405 5163 3704 5214 omittemus.
3743 5150 3848 5208 Vide
3927 5179 3929 5235 ε

2222 5258 2412 5322 Greg.,
2468 5253 2756 5308 Moralium
2812 5253 2872 5306 in
2922 5251 3037 5316 Job,
3095 5251 3191 5306 lib.
3231 5267 3388 5319 χχιιι,
3435 5265 3552 5319 cap.
3591 5252 3619 5302 7
3667 5251 3711 5299 et
3744 5256 3841 5306 seq»
3925 5293 3927 5336 Ξ

2223 5342 2360 5411 Opp.
2385 5345 2510 5396 tom.
2540 5339 2634 5410 II.)
3925 5337 3927 5347 '
