4034 6180
139 315 239 366 ΒΗ
854 332 861 338 ·
1268 314 1523 369 GLOSSA
1562 314 1849 371 0RD|NAI

2033 346 2073 357 ~
2119 317 2249 373 LIB.
2290 315 2533 371 PSAIM.
3553 323 3655 378 842

1724 446 1994 453 .___.—_

1426 547 1709 624 LIBER
1770 548 1947 627 PSA
1964 548 2409 628 LMORUM.

1650 742 2178 751 ————_w___o

769 858 1183 924 PROLOGUS
1231 858 1464 922 BEATI
1524 859 1970 923 HIERONYMI
2030 859 2107 923 IN
2166 859 2471 923 LIBRUM
2530 858 3052 925 PSALMORITM.

1437 998 1600 1066 (Vide
1630 999 1860 1067 Operam
1887 1000 2003 1066 ejus
2035 1002 2165 1053 tom.
2220 998 2391 1068 VIII.)

1708 1157 2129 1166 -————-———-

477 1266 939 1321 PROTHEMATA
969 1266 1041 1318 IN
1089 1264 1212 1320 PSA
1224 1266 1547 1320 LTERIUM.

223 1392 419 1459 (Αιό.)
454 1389 618 1444 Liber
648 1390 751 1443 iste
782 1389 1108 1443 intitulatur
1156 1390 1305 1460 apud
1361 1390 1627 1443 Hebraaos
1688 1390 1854 1445 Liber

145 1480 529 1549 hymnorum,
563 1480 667 1532 hac
698 1479 938 1543 ratione,
970 1478 1105 1547 quia
1128 1479 1374 1547 hymnus
1404 1484 1488 1531 est
1518 1478 1616 1532 ubi
1638 1479 1851 1533 haben-

143 1574 249 1621 tur
279 1568 454 1622 verba
510 1573 567 1619 et
647 1568 766 1619 laus
820 1583 949 1619 cum
1008 1567 1246 1631 cantico,
1305 1567 1458 1637 quod
1504 1567 1560 1619 in
1622 1568 1851 1638 psalmis

148 1657 470 1711 invenitur.
498 1654 1356 1717 Intitulaturetiam,secundum
1380 1656 1681 1724 quosdam,
1710 1655 1854 1709 liber

148 1744 639 1814 Soliloquiorum:
681 1742 835 1812 quod
892 1742 1018 1795 ideo
1069 1742 1290 1797 videtur
1343 1744 1489 1810 ﬁeri,
1532 1743 1667 1812 quia
1711 1744 1849 1797 illud

148 1834 315 1903 quod
349 1832 782 1901 aliquis'secum
834 1831 1097 1896 rimatur,
1126 1838 1184 1907 et
1224 1848 1255 1884 a
1310 1832 1468 1884 nullo
1511 1831 1695 1897 discit,
1744 1832 1854 1885 nisi

149 1938 189 1973 ει
240 1924 477 1973 veritate
509 1920 614 1973 sibi
648 1919 887 1972 interius
920 1918 1283 1988 prmsidente,
1336 1918 1703 1989 soliloquium
1760 1919 1852 1973 di-

146 2010 330 2076 citur,
362 2008 516 2061 verbi
558 2007 761 2075 gratia,
793 2007 1281 2077 quemadmodum
1330 2008 1524 2061 beatus
1580 2008 1853 2077 Augusti-

147 2115 267 2152 nus
297 2112 489 2151 secum
520 2097 588 2150 de
638 2102 845 2149 natura
901 2096 1127 2160 animae,
1169 2102 1224 2147 et
1272 2096 1341 2148 de
1400 2102 1605 2149 natura
1635 2096 1734 2149 Dei
1766 2096 1852 2148 in-

144 2185 478 2255 vestigavit,
510 2184 711 2237 eodem
746 2184 915 2236 modo
962 2187 1149 2252 potest
1187 2183 1296 2236 dici
1351 2184 1631 2254 Propheta
1661 2198 1850 2236 secum

142 2275 532 2342 investigasse
554 2276 621 2325 de
660 2272 1055 2325 incarnatione
1110 2272 1233 2325 Filii
1292 2272 1411 2337 Dei,
1436 2276 1490 2323 et
1518 2271 1587 2325 de
1617 2287 1850 2341 repara-

143 2366 311 2417 tione
342 2362 579 2417 humani
608 2362 857 2431 generis.
918 2361 1035 2414 Rex
1067 2360 1238 2414 David
1279 2365 1335 2413 et
1390 2361 1688 2430 propheta,
1723 2376 1850 2413 cum

144 2468 428 2523 prospere
469 2456 752 2521 regnaret,
804 2450 998 2503 volens
1054 2451 1268 2502 cultum
1334 2448 1432 2502 Dei
1462 2448 1850 2517 magniﬁcare,

1880 1270 1925 1321 Α
1963 1266 2243 1321 honorem
2264 1266 2333 1320 de
2366 1265 2684 1320 ministerio
2717 1271 3030 1334 sumerent,
3079 1266 3257 1320 titulis
3323 1266 3661 1322 inseruntur

1964 1354 2208 1408 maxime
2235 1370 2338 1425 pro
2371 1353 2785 1424 signiﬁcatione
2840 1371 3049 1408 rerum.
3092 1356 3351 1409 Psalmus
3382 1372 3515 1410 vero
3573 1360 3661 1410 est

1960 1442 2325 1496 instrumenti
2378 1460 2569 1508 sonus,
2616 1444 2901 1496 canticum
2958 1443 3226 1497 humanae
3279 1444 3431 1498 vocis
3461 1450 3660 1499 cantus

1962 1532 2020 1585 in
2053 1531 2278 1585 laudem
2313 1531 2448 1598 Dei;
2501 1532 2707 1601 psalmi
2764 1532 3070 1600 canticum,
3111 1549 3262 1597 cum,
3289 1539 3419 1603 post
3446 1534 3659 1587 instru-

1964 1626 2220 1673 mentum
2253 1636 2378 1683 vox,
2421 1621 2675 1690 psalmus
2704 1620 2932 1686 cantici,
2965 1637 3096 1675 cum
3147 1626 3277 1692 post
3324 1638 3522 1676 vocem
3568 1622 3657 1676 in-

1963 1712 2368 1761 strumentum.

2034 1814 2246 1885 (Cass)
2324 1814 2479 1869 Solet
2547 1814 2731 1885 quaeri
2792 1831 2893 1869 cur
2962 1832 3081 1886 prze
3159 1816 3284 1870 aliis
3354 1815 3661 1886 Scripturis

1961 1902 2165 1972 psalmi
2204 1903 2265 1955 in
2299 1902 2541 1956 Ecclesia
2570 1904 2876 1973 legantur?
2906 1904 3065 1967 Quod
3097 1904 3226 1958 ideo
3255 1908 3339 1957 est
3392 1904 3529 1974 quia
3557 1920 3657 1957 an-

1961 1990 2200 2059 tiquitus
2232 1990 2383 2060 apud
2420 1990 2684 2043 Hebraeos
2711 2008 2835 2045 mos
2885 1992 2991 2045 iste
3024 1992 3082 2045 in
3114 1992 3327 2063 templo
3384 1991 3484 2045 Dei
3514 1997 3656 2046 erat.

1960 2079 2078 2145 Vel,
2116 2077 2252 2147 quia
2317 2078 2521 2148 psalmi
2582 2080 2711 2149 plus
2766 2080 3170 2149 mysteriorum
3220 2096 3395 2150 quam
3442 2084 3660 2133 craterae

1962 2165 2265 2235 Scriptura:
2314 2165 2630 2233 continent,
2690 2171 2748 2219 et
2794 2166 3046 2220 breviter
3092 2168 3274 2220 multa
3327 2166 3546 2233 dicunt,
3599 2166 3656 2220 in

1963 2252 2172 2323 quibus
2201 2252 2389 2307 omnis
2422 2253 2513 2307 lex
2548 2258 2604 2307 et
2650 2252 2946 2323 propheta:
2991 2258 3047 2307 et
3092 2254 3467 2324 Evangelium
3515 2269 3654 2307 con-

1963 2344 2093 2393 stat.

2037 2446 2260 2514 (Cass.)
2283 2445 2586 2516 Prophetia
2619 2450 2702 2499 est
2724 2445 3020 2516 inspiratio
3039 2446 3123 2500 vel
3150 2446 3419 2500 revelatio
3443 2446 3655 2510 divina,

145 2557 287 2595 cum
322 2556 512 2595 arcam
570 2558 602 2594 a
641 2538 983 2593 Philisthaeis
1032 2538 1331 2604 redditam,
1392 2538 1566 2607 longo
1597 2542 1850 2607 tempore
1881 2556 1923 2610 Β
1966 2550 2093 2604 qua:
2127 2539 2361 2587 eventus
2391 2550 2585 2588 rerum
2642 2528 2863 2604 vcl'per
2891 2535 3059 2599 facta,
3090 2536 3175 2588 vel
3223 2550 3323 2605 per
3372 2534 3521 2589 dicta
3546 2536 3654 2588 im-

144 2638 281 2701 post
324 2629 556 2684 incertis
587 2628 817 2683 sedibus
838 2634 1161 2698 vagantem,
1187 2627 1415 2680 tandem
1450 2626 1505 2678 in
1537 2626 1848 2679 Jerusalem

149 2720 469 2780 reduceret,
505 2718 695 2771 nudus
744 2734 871 2770 cum
905 2716 1121 2769 cithara
1186 2714 1546 2785 prascedebat
1576 2718 1592 2784 (
1620 2716 1669 2769 II
1720 2717 1847 2783 Reg.

152 2812 232 2877 vi)
264 2826 276 2861 :
311 2808 401 2862 sed
432 2813 487 2861 et
515 2811 767 2876 quatuor
798 2805 975 2858 millia
1007 2805 1259 2857 virorum
1278 2806 1548 2874 elegerat,
1576 2804 1698 2874 qui,
1734 2821 1848 2857 non

156 2898 343 2949 solum
374 2911 527 2959 voce,
552 2896 647 2948 sed
682 2894 854 2947 etiam
886 2894 1282 2946 instrumentis
1315 2892 1566 2957 musicis,
1602 2894 1850 2962 psalmos

153 2990 466 3040 canerent:
524 2983 733 3054 quibus
783 2980 1095 3052 praeposuit
1152 2985 1417 3052 quatuor,
1464 2981 1677 3051 Asaph,
1736 2981 1848 3034 Idi-

149 3076 320 3135 tliun,
383 3074 580 3136 Eman,
642 3071 843 3134 Ethan,
893 3076 976 3122 vel
1036 3068 1184 3122 ﬁlios
1218 3069 1376 3134 Core,
1432 3067 1532 3138 qui
1592 3084 1625 3121 a
1670 3068 1849 3138 patris

148 3164 367 3215 scelere
401 3162 485 3214 vel
525 3159 820 3228 sacrilegio
842 3158 1251 3226 degenerantes
1279 3159 1479 3227 (quem
1512 3156 1661 3225 ignis
1711 3172 1847 3209 con-

148 3256 479 3321 sumpserat
539 3248 721 3318 [Num.
799 3244 960 3317 vaJ),
1014 3244 1073 3299 in
1129 3245 1283 3299 cultu
1348 3245 1449 3299 Dei
1500 3244 1849 3300 devotissimi

145 3340 546 3411 perstiterunt.

219 3427 524 3495 (HIERON.)
560 3423 895 3479 Psalterium
952 3428 1037 3478 est
1091 3424 1375 3493 quoddam
1412 3422 1695 3476 musicum
1751 3422 1845 3475 in-

145 3520 537 3570 strumentum
584 3514 642 3567 in
676 3514 906 3567 modum
940 3519 974 3563 Δ
1006 3513 1207 3565 litteras
1236 3512 1613 3582 compositum
1652 3527 1665 3565 :
1699 3518 1755 3565 et
1779 3512 1849 3565 ab

148 3623 215 3659 eo
246 3604 468 3657 musico
508 3603 894 3656 instrumento
925 3604 1049 3671 (per
1108 3601 1262 3671 quod
1320 3601 1680 3655 modulatum
1739 3601 1849 3654 fuit

146 3709 410 3765 praesens
440 3692 605 3762 opus)
627 3707 838 3744 nomen
866 3690 972 3765 sibi
1002 3690 1263 3760 sumpsit.
1321 3689 1662 3743 Psalterium
1695 3688 1846 3757 apud

146 3764 422 3836 Hebraeos
448 3784 677 3833 vocatur
731 3780 881 3831 ncbel
912 3764 1079 3847 (5:13),
1122 3777 1272 3848 apud
1331 3780 1575 3847 Graecos,
1630 3777 1839 3847 ψαλτή-

1964 2620 2160 2675 mobili
2222 2623 2456 2676 veritate
2516 2623 2873 2692 pronuntiat,
2930 2623 3082 2676 unde
3139 2621 3438 2693 prophetia
3490 2624 3651 2687 visio,

1960 2709 2241 2780 propheta
2260 2711 2469 2764 videns.
2495 2711 2680 2764 Multis
2721 2716 2914 2764 autem
2947 2710 3129 2764 modis
3167 2711 3285 2764 haec
3313 2710 3498 2781 gratia
3524 2710 3655 2764 data

1960 2802 2079 2851 est:
2114 2798 2200 2850 vel
2231 2814 2333 2868 per
2363 2799 2729 2867 operationes
2756 2798 3076 2863 hominum,
3103 2804 3168 2853 ut
3224 2798 3334 2853 fuit
3372 2814 3502 2852 arca
3535 2798 3652 2852 Noe

1958 2890 2016 2939 et
2060 2886 2400 2939 sacriﬁcium
2443 2886 2711 2948 Abrahae,
2768 2892 2824 2939 et
2877 2886 3147 2940 transitus
3213 2886 3387 2939 maris
3440 2885 3653 2951 Rubri;

1957 2974 2042 3026 vel
2095 2989 2195 3044 per
2252 2973 2595 3040 nativitates,
2659 2980 2723 3026 ut
2774 2976 2915 3028 Esau
2972 2979 3027 3028 et
3074 2974 3265 3041 Iacob,
3309 2974 3411 3044 qui
3463 2973 3656 3027 futura

1958 3061 2391 3130 signiﬁcabant;
2424 3063 2509 3115 vel
2539 3078 2641 3131 per
2673 3063 2972 3131 loquentes
3015 3063 3269 3131 angelos,
3305 3063 3450 3115 sicut
3480 3062 3655 3116 locuti

1957 3156 2093 3205 sunt
2120 3152 2383 3217 Abraha',
2433 3152 2536 3205 Lot
2582 3158 2636 3205 et
2668 3152 2830 3218 aliis;
2885 3153 2972 3205 vel
3030 3168 3135 3221 per
3192 3152 3457 3218 visiones,
3508 3152 3657 3206 sicut

1958 3240 2118 3293 Isaias
2149 3244 2205 3293 et
2255 3240 2550 3305 Ezechieli,
2585 3244 2641 3294 et
2669 3240 2917 3306 caeteris;
2966 3240 3050 3293 vel
3086 3256 3187 3310 per
3230 3241 3470 3300 somnia.
3504 3240 3649 3295 sicut

1956 3327 2270 3393 Salomoni,
2358 3328 2567 3398 Ioseph
2620 3334 2675 3382 et
2760 3327 3018 3395 Danieli;
3092 3328 3176 3381 vel
3253 3344 3355 3398 per
3435 3328 3647 3382 nubem

1957 3420 2013 3469 et
2035 3432 2230 3469 vocem
2269 3414 2338 3469 de
2393 3416 2554 3480 caelo,
2606 3419 2671 3469 ut
2727 3415 2936 3486 Moysi;
2992 3416 3079 3469 vel
3128 3416 3315 3469 adhuc
3371 3416 3496 3469 aliis
3528 3432 3649 3470 mo-

1955 3504 2060 3558 dis.
2096 3505 2270 3558 David
2311 3509 2504 3558 autem
2563 3504 2720 3558 nullo
2752 3502 2982 3573 horum,
3032 3504 3121 3558 sed
3173 3504 3391 3559 caelesti
3428 3504 3650 3574 aspira-

1956 3592 2113 3647 tione
2156 3592 2310 3647 intus
2362 3593 2620 3661 edoctus,
2670 3592 2881 3663 Spiritu
2923 3595 2980 3647 in
3023 3610 3090 3647 eo
3147 3594 3439 3664 loquente,
3494 3610 3649 3647 com-

1956 3681 2145 3750 pletus
2174 3685 2277 3746 est,
2312 3687 2374 3735 ut
2398 3681 2456 3735 in
2488 3683 2509 3735 Ι
2543 3684 2682 3751 Reg.
2716 3698 2729 3735 :
2765 3702 2791 3731 «ι
2823 3682 3079 3735 Directus
3137 3686 3222 3735 est
3272 3682 3514 3752 Spiritus
3546 3683 3651 3736 Do-

1957 3768 2099 3822 mini
2158 3767 2219 3822 in
2269 3769 2445 3823 David
2496 3771 2543 3839 (ι
2598 3772 2727 3835 Reg.
2780 3770 2916 3836 xvi).
2958 3789 2987 3816 »
3050 3770 3114 3823 Et
3161 3769 3480 3823 Dominus:
3520 3792 3541 3818 ο
3596 3770 3653 3825 Si

139 3890 279 3945 ριον,
311 3868 462 3939 apud
505 3868 733 3921 Latinos
785 3836 1254 3935 vero‘vorij'anum.
1304 3867 1462 3920 Multi
1493 3836 1689 3921 dicunt
1742 3867 1842 3919 Da-
1882 3836 1922 3891 C
1959 3856 2133 3945 David
2187 3856 2247 3910 in
2296 3836 2511 3927 spiritu'
2557 3862 2716 3910 vocat
2772 3872 2904 3910 eum
2973 3856 3298 3945 Dominum,
3359 3859 3651 3927 quomodo

142 3960 237 4014 vid
277 3974 399 4011 non
445 3957 641 4011 fecisse
701 3971 898 4009 omnes
952 3956 1225 4025 psalmos,
1287 3970 1354 4008 eo
1404 3953 1558 4024 quod
1611 3954 1847 4023 quidam

140 4063 212 4100 ex
244 4046 391 4116 ipsis
445 4044 814 4098 intitulantur
869 4044 930 4097 in
982 4059 1229 4114 persona
1280 4043 1543 4098 aliorum.
1598 4042 1721 4107 Sed,
1785 4047 1849 4095 ut

146 4135 295 4189 dicit
318 4135 518 4188 beatus
567 4133 964 4202 Hieronymus,
1025 4148 1142 4185 non
1173 4136 1303 4185 sunt
1332 4130 1599 4185 audiendi
1629 4131 1685 4183 in
1718 4130 1845 4183 hoc.

146 4226 298 4277 Nam
331 4222 505 4277 David
535 4222 854 4292 composuit
881 4237 1081 4275 omnes
1112 4221 1396 4291 psalmos:
1448 4220 1618 4273 modo
1675 4218 1848 4273 etiam

142 4312 438 4383 apposuit,
470 4312 529 4365 in
552 4327 667 4381 quo
697 4312 906 4364 multos
957 4309 1320 4363 auxiliatores
1351 4308 1573 4373 habuit,
1634 4308 1849 4379 quibus

145 4400 405 4471 praefecit
431 4404 696 4469 quatuor,
731 4398 993 4452 videlicet
1047 4399 1244 4463 Eman,
1306 4398 1508 4464 Ethan,
1568 4398 1759 4467 Asaph
1791 4401 1848 4451 et

148 4488 401 4543 ldithun.
436 4487 637 4541 Divino
664 4486 903 4541 consilio
953 4486 1060 4541 hoc
1110 4486 1219 4540 fuit
1264 4486 1496 4551 factum,
1548 4490 1613 4539 ut
1641 4486 1848 4556 psalmi

142 4577 584 4632 iutitularentur
623 4575 682 4628 in
715 4574 975 4645 personis
1003 4573 1271 4640 aliorum,
1299 4574 1383 4627 vel
1415 4579 1651 4644 propter
1683 4574 1851 4627 inter-

142 4665 534 4736 pretationem
579 4662 881 4717 nominum
937 4667 1183 4727 tantum,
1246 4663 1331 4716 vel
1380 4668 1619 4733 propter
1672 4678 1845 4732 nego-

145 4754 321 4821 tium,
353 4751 442 4805 vel
490 4756 727 4821 propter
750 4756 1079 4821 utrumque.
1133 4751 1367 4821 Propter
1416 4750 1849 4822 interpretatio-

148 4858 288 4895 nem
313 4840 616 4894 nominum
641 4844 885 4904 tantum,
912 4840 1048 4892 utin
1070 4854 1313 4909 persona
1329 4838 1590 4905 Idithun;
1616 4842 1849 4908 propter

1956 3944 2111 3999 ﬁlius
2136 3945 2260 4013 ejus
2293 3946 2426 3998 est?
2458 3966 2485 3993 ››
2517 3946 2713 4003 (Matth
2773 3946 2934 4011 xxii.)
2981 3943 3227 4014 Spiritus
3269 3948 3461 3998 autem
3516 3962 3651 3999 san-

1956 4036 2079 4085 ctus
2109 4032 2185 4085 sic
2235 4031 2401 4085 datus
2456 4036 2540 4085 est
2569 4030 2863 4101 prophetis
2919 4036 2983 4084 ut
3030 4031 3337 4101 aliquando
3387 4048 3491 4101 pro
3522 4048 3653 4103 pec-

1957 4120 2093 4174 catis
2120 4119 2410 4174 recederet
2440 4123 2496 4173 et
2516 4120 2772 4189 placatus
2818 4119 3077 4185 rediret;
3137 4124 3193 4173 et
3251 4120 3395 4173 sicut
3454 4122 3652 4174 Petrus

1957 4208 2125 4263 ait:«
2162 4210 2283 4263 Non
2325 4208 2615 4261 voluntate
2665 4209 2915 4262 humana
2973 4208 3143 4262 allata
3202 4214 3287 4262 est
3344 4209 3650 4280 aliquando

1959 4296 2285 4366 prophetia,
2318 4295 2438 4361 sed,
2492 4294 2706 4365 Spiritu
2735 4300 2929 4350 sancto
2958 4295 3247 4366 inspirati,
3296 4296 3467 4349 locuti
3520 4302 3653 4351 sunt

1957 4384 2137 4439 sancti
2176 4383 2444 4438 homines
2508 4383 2605 4437 Dei
2642 4382 2721 4452 (II
2764 4384 2880 4438 Pet.
2916 4386 2973 4453 ι).
3010 4405 3037 4434 ››
3096 4385 3217 4438 Νοη
3272 4389 3406 4437 sunt
3459 4389 3651 4439 autem

1958 4472 2041 4529 illi
2069 4489 2102 4527 a
2139 4488 2377 4527 munere
2408 4472 2728 4542 prophetiae
2758 4472 2955 4540 alieni,
3006 4472 3214 4543 quibus
3279 4472 3410 4526 data
3441 4478 3525 4527 est
3569 4473 3650 4527 fa-

1956 4563 2135 4616 cultas
2165 4560 2528 4631 intelligendi
2560 4560 2646 4614 vel
2668 4559 3082 4631 interpretandi
3123 4560 3463 4631 Scripturas.

2029 4666 2321 4736 (Eranos)
2356 4666 2528 4720 Multa
2559 4682 2767 4736 genera
2820 4670 2953 4719 sunt
2985 4665 3348 4725 christorum;
3408 4664 3651 4736 patriar-

1956 4753 2075 4807 cha:
2104 4753 2241 4809 dicti
2271 4759 2403 4808 sunt
2463 4753 2681 4823 christi,
2715 4758 2811 4807 ut:
2848 4775 2868 4802 ε
2906 4753 3089 4808 Nolite
3151 4758 3384 4824 tangere
3414 4753 3652 4807 christos

1956 4858 2115 4896 meos
2150 4842 2319 4910 (Psal.
2381 4844 2527 4910 Civ):
2582 4863 2604 4892 ι
2667 4842 2728 4895 in
2786 4841 3098 4906 Parabolis,
3146 4842 3412 4895 dicuntur
3453 4840 3650 4895 cbristi

145 4931 472 5000 negotium,
506 4935 565 4982 ut
593 4930 650 4983 in
679 4945 923 4999 persona
951 4929 1151 4998 Aggeai
1171 4932 1226 4981 et
1254 4926 1575 4997 Zachariae;
1611 4934 1849 4997 propter
1955 4947 2154 4985 omnes
2183 4930 2283 5001 qui
2339 4931 2409 4985 de
2467 4933 2707 5001 Egypto
2773 4930 2988 5001 egressi
3039 4934 3192 4984 sunt.
3262 4929 3520 4984 Chrisma
3590 4930 3651 4983 in

138 5028 482 5088 utrumque,
517 5022 580 5070 ut
609 5017 666 5070 in
688 5033 937 5087 persona
965 5016 1316 5082 Salomonis;
1346 5015 1596 5081 Idithun,
1632 5018 1845 5087 Asaph,
1958 5019 2149 5074 Exodo
2179 5019 2264 5087 ﬁt,
2297 5019 2449 5074 unde
2484 5019 2807 5073 sacerdotes
2840 5017 2991 5071 uncti
3019 5034 3033 5083 ;
3065 5022 3149 5072 est
3177 5016 3334 5072 aliud
3380 5034 3652 5088 unguen-

139 5108 253 5161 tilii
294 5107 435 5160 Core
466 5110 522 5160 et
548 5106 735 5159 caeteri
776 5104 1130 5177 hujusmodi,
1176 5121 1293 5158 non
1322 5104 1556 5158 fuerunt
1587 5110 1844 5159 auctores
1876 5122 1919 5175 ο
1959 5113 2103 5174 tum,
2127 5125 2243 5179 quo
2274 5124 2439 5179 reges
2460 5108 2825 5178 inunguatur
2846 5123 2860 5173 ;
2885 5107 2981 5161 sed
3014 5106 3120 5161 hoc
3174 5106 3399 5161 duobus
3448 5107 3649 5172 modis,

137 5196 532 5267 psalmorum,
591 5194 688 5248 sed
738 5194 1031 5265 praepositi
1087 5193 1400 5248 artiﬁcibus
1443 5193 1545 5264 qui
1595 5195 1846 5263 psalmos
1957 5196 2093 5267 quia
2123 5197 2171 5249 si
2199 5196 2377 5251 David
2407 5201 2493 5251 est
2518 5201 2572 5249 et
2607 5196 2901 5261 Salomon,
2955 5194 3014 5249 id
3044 5199 3147 5258 est,
3196 5196 3334 5261 forti
3378 5209 3545 5247 manu
3598 5199 3655 5248 et

137 5286 539 5356 personabant
596 5284 779 5337 tribus
834 5284 1050 5337 modis:
1110 5283 1196 5337 vel
1245 5284 1499 5337 humana
1549 5297 1705 5347 voce,
1760 5281 1847 5335 vel
1952 5287 2234 5354 paciﬁcus,
2289 5284 2528 5354 ungitur
2575 5299 2787 5350 cornu;
2838 5282 2885 5337 si
2931 5283 3078 5337 Jebu
3140 5288 3196 5337 et
3237 5281 3654 5350 Azahel,lenti-

138 5373 382 5428 musicis
412 5372 825 5439 instrumentis,
850 5372 937 5426 vel
967 5372 1353 5426 communiter
1380 5377 1623 5441 utroque
1652 5369 1842 5424 modo.
1958 5374 2105 5438 cula,
2138 5373 2291 5443 quod
2322 5376 2407 5427 est
2436 5388 2530 5425 vas
2560 5372 2750 5426 ﬁctile.
2783 5372 2890 5428 Sed
2916 5376 2972 5425 et
2995 5372 3191 5443 Cyrus,
3224 5386 3316 5425 rex
3352 5372 3654 5425 Persarum

142 5465 212 5517 Et
241 5464 357 5517 hoc
388 5461 712 5531 dupliciter,
764 5462 851 5515 vel
882 5465 1013 5531 post
1073 5476 1270 5515 vocem
1320 5459 1726 5525 instrumento,
1761 5459 1850 5514 vel
1959 5461 2348 5530 etMedorum,
2381 5459 2482 5532 qui
2530 5460 2705 5515 Israel
2755 5459 3047 5526 relaxavit,
3107 5459 3355 5515 christus
3410 5464 3515 5526 est,
3572 5476 3657 5513 se-

144 5555 279 5621 post
308 5550 755 5605 instrumentum
784 5566 959 5605 voce:
1008 5552 1162 5605 unde
1212 5550 1448 5606 nomina
1502 5549 1735 5604 illorum
1785 5555 1854 5605 ut
1960 5550 2214 5606 cundum
2260 5549 2437 5605 illud:
2488 5571 2511 5600 ι
2563 5551 2691 5605 Haec
2737 5549 2875 5605 dicit
2932 5549 3211 5605 Dominus
3262 5547 3473 5603 christo
3525 5564 3657 5603 meo

514 5655 781 5719 ΡΑτιιοι.
838 5657 1047 5721 CXIII.

3270 5660 3350 5717 27
