4082 6184
370 306 474 358 843

986 299 1385 356 WALAFRIDI
1424 300 1671 355 STRABI
1712 300 1929 357 FULD.‘
1957 300 2126 356 MON.
2173 301 2332 356 OPP.
2383 301 2557 355 PARS
2596 301 2637 354 Ι.
2704 329 2750 341 -
2789 299 3247 357 TIIEOLOGICA.

3754 304 3846 356 8H

373 430 518 500 Cyro
563 428 693 500 (Isa.
754 432 897 493 XLV),
948 448 976 477 »δ
1025 426 1179 497 quod
1233 441 1348 479 non
1407 424 1601 479 sinunt
1654 425 1949 496 sequentia
1999 424 2069 479 de
2100 428 2139 481 A
2173 425 2475 496 jubilaaum
2510 425 2683 480 :unde
2715 425 3023 481 Salomon:
3061 446 3082 473 ι
3121 424 3202 478 Da
3245 427 3436 495 partes
3474 427 3708 494 septem,
3739 440 3851 477 nec-

372 518 660 574 Salvatore
685 517 886 588 accipi.
953 521 1010 570 ut
1044 515 1274 586 quidam
1310 520 1530 585 putant.
1569 514 1665 567 Est
1709 518 2071 584 unguentum

373 607 794 677 propheticum,
828 622 942 677 quo
972 605 1304 675 praecipitur
1333 604 1468 657 Elim
1500 609 1563 657 ut
1596 609 1774 673 ungat
1804 602 2071 657 Elissa-um
2103 601 2117 617 '

372 696 431 749 in
464 696 803 766 prophetam
839 694 935 764 (III
967 696 1097 762 Reg.
1132 691 1251 762 xu)
1281 712 1296 760 ;
1355 708 1528 762 super
1575 692 1770 746 omnia
1826 698 1913 746 est
1966 708 2070 745 un-

375 791 653 853 guentum
686 782 1007 854 spirituale,
1030 781 1184 852 quod
1217 781 1429 837 dicitur
1448 782 1636 834 oleum
1657 779 2069 845 exsultationis,

376 889 490 944 quo
520 872 773 927 Christus
804 875 1008 924 unctus
1037 876 1123 924 est
1146 886 1265 940 pra:
1297 869 1688 941 participibus,
1733 868 1830 939 qui
1861 868 2075 922 habent

383 961 632 1015 chrisma
663 959 954 1030 baptismi.
989 959 1147 1023 Quod
1195 959 1240 1013 si
1258 959 1461 1029 perdat
1490 959 1637 1029 quis,
1696 974 1813 1011 non
1870 958 2078 1026 despe-

377 1054 465 1103 ret
496 1064 510 1115 ;
537 1050 668 1119 quia
702 1048 772 1101 de
807 1048 1125 1118 separando
1157 1046 1460 1099 chrismate
1491 1046 1761 1099 scribitur
1808 1045 1866 1098 in
1920 1044 2075 1098 Levi-

375 1138 489 1191 tico
520 1138 647 1204 (Lev
703 1140 844 1207 xm),
878 1135 1029 1206 quod
1056 1150 1185 1188 cum
1224 1135 1386 1204 lepra
1405 1133 1646 1203 alicujus
1676 1133 1851 1187 fuerit
1900 1149 2075 1186 mun-

376 1226 525 1289 data,
554 1225 743 1278 mittat
770 1223 821 1278 ei
855 1222 1116 1276 sacerdos
1149 1224 1339 1276 oleum
1370 1221 1429 1275 in
1481 1238 1657 1275 manu
1713 1221 1963 1281 sinistra.
2019 1224 2076 1273 et

378 1318 582 1367 cmtera
625 1330 752 1384 quae
799 1312 878 1367 ibi
935 1313 1224 1379 dicuntur,
1269 1316 1323 1366 et
1379 1312 1498 1382 ipse
1552 1316 1783 1365 vocetur
1829 1310 2076 1364 christus

379 1401 501 1456 Dei.
539 1402 652 1456 Hoc
679 1406 869 1455 autem
920 1406 1095 1456 restat
1121 1401 1268 1472 quod
1311 1400 1469 1454 idem
1519 1400 1690 1453 homo
1744 1399 2077 1470 frequenter

377 1489 634 1561 ungitur,
689 1506 760 1543 ne
820 1490 893 1544 sit
943 1489 1162 1543 occasio
1236 1489 1418 1542 ruinae
1466 1486 1808 1557 negligenti.
1859 1487 2079 1541 Sufﬁcit

380 1579 532 1632 enim
565 1580 787 1648 leproso
809 1584 892 1646 ut,
926 1584 1055 1648 post
1090 1578 1336 1647 primum
1370 1582 1728 1646 unguentum
1760 1576 2076 1646 perditum,

2180 530 2295 569 non
2325 518 2382 568 et
2410 520 2535 568 octo
2586 515 2750 582 (Eccl.
2802 518 2899 580 x1).
2963 535 2983 561 ι
3034 515 3179 568 Bene
3248 512 3425 583 igitur
3473 512 3583 566 hoc
3632 528 3849 567 numero

2179 604 2530 672 psalmorum
2581 602 2729 657 liber
2765 603 2869 657 iste
2900 602 3085 656 editus
3114 607 3219 668 est,
3249 601 3411 671 cujus
3443 605 3630 672 partes
3658 601 3850 653 utrius-

2181 706 2294 761 que
2326 691 2676 746 Tcstamenti
2694 691 3010 745 doctrinam
3033 695 3091 745 et
3122 689 3388 744 mandata
3415 688 3727 743 continent.

2253 780 2446 849 (Ana)
2478 781 2619 834 Item
2648 795 2752 850 per
2785 785 2897 833 tres
2929 779 3368 850 quinquagenas
3398 776 3602 845 triplex
3632 775 3694 830 ﬁt
3720 776 3853 846 psal-

2181 883 2412 922 morum
2469 867 2781 937 dist‘nctio,
2838 875 3074 937 propter
3140 871 3257 920 tres
3307 870 3486 920 status
3542 864 3855 919 Christiana:

2183 956 2480 1028 religionis
2505 957 2945 1028 signiﬁcandos:
2982 956 3202 1027 primus
3247 954 3621 1026 pugnitentiae,
3674 953 3733 1007 in
3758 969 3858 1024 qua

2183 1049 2239 1098 et
2267 1044 2451 1115 prima
2482 1043 2837 1115 psalmorum
2893 1045 3299 1116 quinquagena
3352 1042 3710 1108 terminatur,
3763 1042 3857 1095 sci-

2182 1132 2353 1187 licet:
2390 1156 2411 1181 ι
2451 1133 2712 1187 Miserere
2739 1134 2853 1187 mei
2887 1134 3069 1200 Deus;
3103 1153 3130 1182 ››
3163 1132 3444 1186 secundus
3494 1131 3746 1201 justitite,
3807 1130 3859 1184 in

2185 1237 2299 1292 qua
2334 1226 2390 1275 et
2448 1222 2700 1276 secunda
2742 1222 3187 1293 quinquagena:
3250 1240 3279 1272 (ι
3333 1219 3772 1275 Misericordiam
3813 1223 3859 1273 et

2178 1309 2461 1380 judicium
2503 1311 2744 1364 cantabo
2796 1311 2935 1377 tibi;
2971 1329 2997 1361 io
3049 1309 3250 1363 tertius
3308 1313 3489 1363 status
3549 1309 3679 1362 vita
3706 1312 3858 1362 aeter-

2183 1414 2294 1466 nm,
2326 1398 2384 1452 in
2417 1399 2579 1469 cujus
2610 1400 2837 1454 laudem
2866 1399 3035 1454 tertia
3061 1399 3470 1469 quinquagena
3500 1396 3724 1465 ﬁnitur,
3761 1396 3860 1450 sci-

2185 1485 2347 1539 licet:
2387 1507 2407 1534 α
2440 1486 2638 1540 Omnis
2666 1487 2897 1558 spiritus
2922 1486 3119 1541 laudet
3152 1487 3476 1540 Dominum.
3509 1506 3536 1533 η

2256 1574 2385 1643 (lo.)
2422 1575 2574 1628 Unus
2619 1583 2703 1628 est
2738 1576 2879 1629 liher
2931 1576 3309 1642 Psalmorum,
3358 1589 3470 1629 non
3507 1574 3783 1645 quinque,
3812 1578 3866 1625 ut

379 1673 632 1737 ungatur
656 1667 939 1733 secundo;
968 1666 1063 1720 sed
1105 1666 1199 1719 ille
1232 1682 1383 1736 saepe
1425 1665 1660 1735 ungitur
1688 1666 1787 1736 qui
1848 1681 2075 1735 semper
2108 1703 2148 1757 Β
2187 1660 2245 1714 in
2303 1662 2530 1715 Actibus
2585 1665 2977 1734 apostolorum
3028 1663 3274 1734 legitur:
3339 1681 3366 1714 ‹‹
3398 1663 3555 1717 Sicut
3602 1665 3863 1733 scriptum

381 1756 644 1827 proﬁcit:
673 1760 746 1821 et,
773 1756 841 1808 de
866 1756 991 1808 oleo
1018 1754 1251 1824 leprosi,
1285 1753 1439 1807 venit
1469 1755 1536 1807 ad
1557 1758 1920 1823 unguentum
1957 1770 2074 1824 po-

383 1845 502 1915 puli
534 1843 702 1910 ;inde
727 1844 794 1897 ad
837 1842 1179 1896 sacerdotale
1206 1861 1220 1908 ;
1254 1842 1321 1896 de
1353 1859 1466 1912 quo
1500 1842 1573 1896 ad
1605 1842 1851 1896 chrisma
1882 1842 2075 1912 ponti-

382 1932 504 1987 ﬁcis
528 1947 542 1997 ;
570 1948 597 1985 a
631 1931 900 2002 pontiﬁce
931 1931 999 1984 ad
1040 1947 1271 2000 regem;
1300 1947 1332 1983 a
1387 1947 1520 2002 rege
1562 1931 1633 1986 ad
1687 1930 2071 2001 patriarchas;

386 2037 415 2073 a
447 2019 778 2089 patriarchis
808 2020 876 2073 ad
899 2018 1206 2073 Christum.

456 2106 670 2175 (Cass)
721 2107 878 2161 Sicut
925 2106 1229 2178 prophetia
1276 2105 1342 2160 ﬁt
1385 2105 1620 2160 diversis
1655 2105 1858 2169 modis,
1889 2104 1967 2159 ita
2023 2108 2078 2159 et

383 2195 620 2248 diversis
648 2195 1022 2266 temporibus.
1061 2197 1151 2248 Est
1182 2194 1360 2265 igitur
1406 2195 1518 2248 alia
1561 2196 1628 2248 de
1675 2195 1965 2266 praesenti,
2016 2199 2079 2248 ut

387 2283 709 2338 Elisaheth:
744 2303 771 2333 ι(
828 2285 981 2338 Unde
1013 2283 1155 2337 mihi
1213 2283 1338 2349 hoc,
1383 2287 1445 2337 ut
1489 2284 1677 2337 veniat
1727 2287 1911 2337 mater
1964 2284 2075 2336 Do-

383 2372 574 2425 mini?
613 2378 717 2426 etc.
749 2392 776 2421 ››
813 2372 967 2442 (Luc.
1005 2372 1065 2443 ι.)
1125 2372 1201 2426 De
1232 2371 1541 2442 praeterito,
1579 2378 1645 2425 ut
1671 2373 1921 2441 Moyses:
1959 2393 1980 2420 α
2013 2372 2076 2425 In

379 2460 686 2530 principio,
720 2460 932 2514 creavit
971 2462 1116 2514 Deus
1149 2463 1353 2514 caelum
1409 2466 1467 2515 et
1520 2465 1731 2514 terram
1766 2460 1917 2530 (Gen.
1954 2459 2011 2530 ι).
2046 2476 2073 2511 n

383 2551 460 2603 De
488 2549 696 2615 futuro,
719 2553 781 2602 ut
806 2565 819 2602 :
866 2569 893 2596 ‹‹
922 2548 1059 2602 Ecce
1092 2548 1261 2618 Virgo
1283 2549 1586 2620 concipiet,
1612 2554 1715 2603 etc.
1742 2548 1868 2618 (Isa.
1900 2548 2022 2619 vri).
2046 2566 2073 2599 ι)

451 2639 592 2692 Item
624 2638 929 2710 prophetia
986 2638 1095 2691 alia
1150 2642 1235 2691 est
1291 2637 1606 2690 secundum
1655 2634 2073 2706 przescientiam

380 2726 502 2794 Dei,
533 2743 704 2797 quam
736 2743 966 2780 necesse
1005 2732 1089 2779 est
1127 2725 1396 2779 omnibus
1453 2724 1638 2778 modis
1689 2722 1932 2794 impleri,
1967 2728 2072 2777 ut:

384 2835 406 2862 ε
444 2814 581 2867 Ecce
612 2816 781 2884 Virgo
812 2814 1115 2885 concipiet,
1150 2818 1257 2866 etc.
1292 2832 1320 2863 α
1370 2813 1495 2867 Alia
1548 2812 1863 2865 secundum
1918 2827 2074 2865 com-

381 2903 776 2966 minationem,
810 2909 872 2956 ut
907 2919 919 2956 :
951 2922 979 2954 ‹‹
1017 2901 1402 2972 Quadraginta
1435 2901 1576 2968 dies,
1628 2905 1685 2955 et
1718 2899 2074 2973 Ninivesub-

380 2995 633 3046 vertetur
659 2993 827 3061 (Iona:
859 2992 961 3062 III).
1003 3012 1025 3040 1

452 3080 772 3152 Notandum
826 3079 1004 3151 igitur
1034 3079 1187 3151 quod
1239 3079 1518 3150 propheta
1550 3077 1858 3148 aliquando
1889 3076 2074 3147 loqui-

379 3174 473 3222 tur
528 3167 831 3221 indiscrete
903 3168 971 3221 de
1023 3168 1231 3222 futuris
1290 3167 1453 3238 quasi
1520 3167 1589 3220 de
1654 3166 2075 3236 praesentibus;

379 3256 684 3327 aliquando
715 3257 785 3310 de
817 3256 1147 3326 praeteritis,
1193 3255 1503 3326 aliquando
1534 3255 1706 3308 etiam
1743 3254 1973 3324 proprie
2003 3253 2073 3307 de

379 3344 621 3398 futuris:
652 3345 804 3415 quod
838 3344 966 3397 ideo
992 3343 1076 3411 ﬁt,
1110 3344 1383 3414 quoniam
1431 3342 1625 3397 omnia
1657 3342 1904 3397 dictante
1943 3341 2071 3412 Spi-

379 3433 492 3486 ritu
514 3439 707 3487 sancto
737 3432 874 3486 dicit
896 3472 910 3498 ,
941 3433 1033 3485 cui
1054 3438 1186 3485 sunt
1213 3432 1407 3485 omnia
1435 3436 1592 3501 uota,
1615 3431 1730 3484 sive
1759 3431 2069 3500 praeterita,

379 3520 493 3573 sive
531 3520 744 3585 futura,
776 3526 1047 3590 tanquam
1072 3520 1396 3589 praesentia.

447 3609 712 3679 (REMIG.)
746 3608 913 3662 Liber
943 3607 1049 3661 iste
1080 3624 1145 3661 ex
1177 3612 1405 3661 centum
1444 3605 1862 3678 quinquaginta
1916 3607 2072 3676 psal-

376 3696 505 3759 mis,
532 3712 642 3749 non
674 3696 794 3749 sine
826 3695 1043 3749 altioris
1074 3694 1329 3765 mysterii
1358 3696 1604 3758 ratione,
1644 3692 1928 3747 consistit.
1968 3692 2072 3746 Hic

376 3784 530 3838 enim
559 3800 833 3838 numerus
878 3783 1163 3855 mysteriis
1196 3782 1623 3836 celeberrimus.
1658 3782 1887 3836 Constat
1917 3781 2069 3835 enim

375 3889 440 3926 ex
473 3872 839 3943 octogenario
869 3877 926 3926 et
957 3870 1413 3943 septuagenario,
1445 3870 1653 3941 quibus
1683 3885 1747 3923 ex
1780 3869 2070 3923 octonario

376 3967 435 4014 et
459 3960 786 4031 septenario
829 3960 1172 4031 principium
1225 3965 1282 4013 et
1320 3958 1662 4029 signiﬁcatio
1688 3966 1791 4011 est.
1826 3958 2068 4012 Octona-

376 4049 491 4103 rius
522 4049 675 4103 enim
753 4054 1010 4102 octavam
1061 4047 1535 4102 resurrectionem
1582 4045 1900 4116 signiﬁcat:
1933 4047 2068 4115 quia

372 4153 500 4190 cum
533 4153 627 4191 sex
660 4136 776 4189 sint
806 4141 996 4189 mtales
1028 4136 1362 4201 viventium,
1398 4134 1641 4204 septima
1670 4133 2061 4195 morientium,

373 4231 569 4280 octava
620 4227 1042 4295 resurgentium
1102 4224 1229 4278 erit.
1297 4225 1405 4278 Per
1464 4224 1853 4293 septenarium
1908 4240 2063 4292 vero,

2191 1771 2212 1797 ε
2249 1753 2334 1803 est
2389 1749 2446 1804 iu
2508 1751 2654 1805 libro
2712 1754 3065 1807 Psalmorum
3099 1773 3120 1800 ι
3175 1751 3319 1821 (Act.
3376 1753 3439 1821 ι).
3502 1750 3867 1820 Hieronymus

2188 1842 2378 1893 tamen
2429 1840 2567 1894 dicit
2623 1842 2877 1913 quinque
2910 1843 3098 1902 libros,
3132 1841 3189 1894 id
3222 1847 3327 1903 est,
3381 1839 3643 1912 quinque
3674 1838 3862 1893 distiu-

2185 1924 2402 1979 ctioues
2435 1944 2563 1999 quae
2593 1930 2741 1983 ﬁunt
2761 1946 2863 2000 per
2897 1930 3045 1995 «ﬁat,
3077 1929 3198 1985 ﬁat.
3233 1950 3259 1980 »

2265 2017 2414 2073 Ordo
2473 2019 2825 2089 psalmorum
2877 2019 2949 2072 ab
3004 2018 3204 2072 ordine
3260 2016 3513 2072 historias
3568 2016 3862 2079 discordat,

2185 2109 2322 2181 quia
2342 2114 2472 2163 ante
2525 2106 2776 2177 peccavit
2837 2106 3009 2161 David
3059 2122 3189 2160 cum
3250 2121 3426 2160 uxore
3486 2105 3659 2172 Uria,
3708 2105 3863 2159 etde

2183 2197 2521 2271 poenitentia
2559 2195 2761 2249 cecinit
2794 2211 2808 2249 :
2843 2214 2870 2246 (ι
2902 2195 3164 2250 Miserere
3218 2196 3352 2263 mei,
3411 2196 3580 2260 Deus,
3638 2214 3667 2245 ι)
3708 2209 3862 2265 quam

2184 2289 2336 2343 ﬁlius
2357 2288 2480 2357 ejus
2511 2301 2641 2338 eum
2674 2289 3115 2355 persequeretur
3144 2289 3200 2338 et
3227 2283 3521 2338 cecinerit:
3556 2303 3584 2333 α
3615 2284 3862 2348 Domine,

2188 2398 2216 2427 α
2251 2375 2386 2447 quid
2421 2372 2816 2443 multiplicati;
2842 2392 2869 2423 η
2897 2371 2992 2426 sed
3025 2373 3097 2425 ab
3140 2372 3313 2426 Esdra
3346 2373 3634 2442 propheta
3679 2371 3864 2425 instin-

2185 2471 2280 2520 ctu
2312 2464 2506 2519 divino
2536 2462 2614 2514 ita
2644 2461 2899 2514 ordinari
2930 2462 3256 2515 creduntur.

2257 2549 2488 2607 Materia
2537 2553 2621 2602 est
2663 2548 2888 2617 integer
2916 2547 3192 2615 Christus,
3249 2563 3491 2618 sponsus
3538 2550 3596 2600 et
3646 2561 3863 2618 sponsa.

2187 2639 2454 2703 Intentio,
2485 2636 2747 2691 homines
2775 2637 2834 2689 in
2876 2636 3054 2690 Adam
3098 2635 3449 2690 deformatos
3479 2635 3709 2690 Christo
3736 2648 3868 2688 novo

2183 2726 2408 2783 homini
2463 2726 2841 2780 conformare.
2901 2724 3460 2779 Modus'tractandi:
3526 2724 3873 2795 Quandoque

2185 2819 2305 2888 agit
2334 2817 2403 2870 de
2433 2815 2671 2878 Christo,
2707 2814 3017 2867 secundum
3042 2812 3195 2883 quod
3230 2816 3401 2881 caput
3430 2817 3532 2879 est,
3565 2812 3874 2883 aliquando

2184 2905 2497 2960 secundum
2528 2918 2755 2973 corpus,
2808 2902 3115 2973 aliquando
3173 2901 3487 2955 secundum
3543 2905 3870 2972 utrumque.

2106 2984 2146 3039 Ο
2184 2993 2507 3049 Secundum
2547 2992 2698 3062 quod
2729 2995 2919 3061 caput,
2951 2989 3300 3060 tripliciter:
3345 2988 3483 3059 quia
3527 2990 3622 3043 vel
3681 3004 3872 3043 secun-

2187 3083 2325 3136 dum
2348 3080 2724 3143 divinitatem,
2758 3085 2852 3132 ut:
2917 3099 2940 3126 ι
2996 3079 3206 3133 Tecum
3258 3076 3635 3149 principium,
3668 3082 3775 3133 etc.
3802 3093 3816 3141 ;
3848 3098 3869 3124 ι

2129 3203 2133 3207 -
2184 3170 2495 3241 aliquando
2551 3167 2861 3222 secundum
2894 3166 3330 3228 humanitatem,
3363 3170 3461 3219 ut:
3519 3188 3542 3215 ι
3581 3167 3701 3236 Ego
3749 3165 3874 3219 dor-

2187 3280 2209 3308 ι
2243 3259 2398 3326 mivi,
2457 3260 2632 3325 etc.”
2695 3255 3001 3326 aliquando
3058 3270 3161 3325 per
3214 3254 3769 3324 transsumptionem
3815 3258 3877 3306 ut

2183 3347 2414 3418 quando
2441 3346 2622 3399 utitur
2649 3360 2784 3398 voce
2817 3342 3227 3404 membrorum,
3264 3341 3411 3395 sicut
3449 3341 3527 3394 ibi
3557 3357 3571 3395 :
3609 3359 3636 3394 ι
3692 3341 3878 3409 Longe

2182 3451 2211 3485 α
2234 3448 2266 3486 a
2290 3434 2472 3485 salute
2501 3446 2647 3494 mea,
2681 3436 2784 3484 etc.
2816 3450 2845 3478 ι»
2890 3430 3030 3483 Item
3061 3428 3130 3482 de
3163 3427 3408 3483 Ecclesia
3436 3427 3624 3482 tribus
3657 3427 3877 3481 modis:

2182 3519 2492 3591 aliquando
2526 3517 2843 3573 secundum
2869 3519 3170 3588 perfectos,
3203 3515 3512 3588 aliquando
3563 3517 3879 3572 secundum

2180 3608 2567 3679 imperfectos,
2596 3606 2907 3678 aliquando
2962 3606 3276 3662 secundum
3328 3606 3506 3660 malos
3548 3623 3562 3661 :
3599 3606 3705 3676 qui
3755 3608 3881 3659 sunt

2181 3696 2242 3751 in
2277 3697 2518 3751 Ecclesia
2564 3711 2826 3766 corpore,
2867 3710 2985 3749 non
3018 3699 3531 3762 mente;numero,
3587 3710 3710 3749 non
3771 3709 3880 3749 me-

2180 3785 2331 3852 rito;
2363 3784 2619 3851 nomine,
2654 3799 2769 3838 non
2802 3782 3062 3838 nomine.

2715 3871 3025 3926 PSALMUS
3064 3870 3341 3926 PRIMUS.

2249 3962 2415 4015 Vens.
2453 3963 2508 4015 l.
2572 3990 2639 4000 —
2702 3980 2722 4008 ‹
2756 3960 2960 4013 Beatus
3023 3959 3112 4012 vir
3152 3958 3252 4029 qui
3313 3974 3431 4012 nou
3490 3958 3660 4025 abiit,
3709 3964 3817 4014 etc.
3850 3979 3877 4008 ι

2180 4050 2377 4119 (Ana,
2410 4051 2608 4104 Enarr.
2642 4051 2700 4102 in
2730 4048 2923 4110 Psal...
2955 4051 3092 4101 tom.
3125 4046 3245 4118 Ill.)
3274 4046 3446 4110 Ordo,
3501 4047 3647 4102 abiit
3698 4048 3873 4103 Adam

2177 4154 2307 4192 cum
2336 4155 2369 4192 a
2401 4139 2516 4192 Deo
2557 4137 2822 4204 recessit;
2857 4136 3029 4204 stetit,
3077 4151 3208 4190 cum
3253 4135 3563 4189 delectatus
3597 4140 3689 4190 est
3747 4152 3874 4207 pec-

2177 4232 2340 4293 cato;
2371 4226 2535 4295 sedit,
2571 4242 2700 4280 cum
2722 4225 2781 4279 in
2812 4223 3081 4295 superbia
3114 4223 3489 4279 conﬁrmatus
3532 4224 3732 4279 redire
3764 4240 3870 4279 non

372 4317 542 4386 hujus
570 4315 699 4368 vita?
721 4323 948 4384 tempus
973 4312 1346 4383 signiﬁcatur,
1400 4313 1551 4380 quod
1585 4316 1801 4382 septem
1841 4311 2063 4366 dierum
2098 4334 2138 4387 ι)
2179 4315 2386 4386 potuit,
2415 4314 2523 4367 nisi
2554 4330 2657 4386 per
2701 4314 2874 4367 istum
2904 4313 3199 4379 liberatus,
3247 4312 3345 4384 qui
3377 4311 3461 4366 nil
3513 4312 3733 4367 horum
3778 4313 3873 4367 ha-

372 4404 710 4475 repetitione
742 4404 949 4470 agitur.
983 4402 1152 4455 Recte
1171 4417 1308 4471 ergo
1331 4401 1429 4454 tali
1451 4401 1798 4471 psalmorum
1819 4417 2060 4455 numero

371 4493 516 4547 liber
544 4492 647 4545 iste
680 4488 1030 4558 compositus
1063 4494 1165 4553 est,
1185 4487 1317 4557 quia
1350 4487 1688 4557 sicinhujus
1716 4488 1844 4541 vita:
1875 4492 2062 4557 septe-

371 4579 532 4632 nario
563 4576 786 4647 operari
819 4592 882 4629 ac
909 4575 1098 4629 vivere
1140 4591 1240 4628 nos
1295 4575 1475 4641 docet,
1538 4581 1603 4630 ut
1632 4576 1688 4629 in
1740 4580 1933 4629 octava
1964 4592 2063 4630 re-

368 4665 736 4720 surrectionis
793 4666 998 4719 stolam
1053 4664 1249 4734 gloria:
1279 4680 1717 4735 consequamur.
1776 4665 1875 4718 Vel
1930 4664 2060 4720 ideo

367 4755 501 4827 quia
530 4769 632 4824 per
680 4752 1037 4807 octonarium
1072 4753 1290 4806 Novum
1319 4753 1743 4807 Testamentum
1772 4752 2059 4823 signiﬁca-

366 4846 493 4895 tur:
526 4840 746 4894 octoadi
800 4839 953 4894 enim
1015 4847 1207 4910 patres
1274 4841 1413 4895 Novi
1467 4841 1812 4896 Testamenti
1866 4841 2059 4895 deser-

363 4930 528 4984 viunt
589 4929 957 4984 observantes
1046 4928 1197 4983 diem
1279 4936 1541 4984 octavum
1620 4930 2059 4985 resurrectionis

365 5017 590 5084 Christi,
621 5017 678 5072 id
709 5021 812 5080 est,
870 5017 1244 5085 Dominicam,
1291 5023 1514 5072 octavas
1572 5024 1921 5085 sanctorum,
1956 5035 2056 5073 ex-

362 5111 679 5177 spectantes
727 5109 986 5159 octavam
1039 5105 1474 5160 resurrectionis
1531 5111 1914 5161 mortuorum.
1949 5107 2059 5161 Per

364 5194 746 5262 septenarium
788 5209 923 5247 vero
954 5194 1124 5247 Vetus
1171 5195 1626 5262 Testamentum,
1659 5194 1795 5265 quia
1841 5194 2057 5249 hebdo-

362 5283 534 5343 madi,
573 5282 627 5336 id
660 5286 746 5335 est
798 5280 1142 5351 septenario,
1200 5288 1393 5352 patres
1445 5282 1663 5336 Veteris
1708 5283 2056 5338 Testamenti

361 5370 693 5431 servierunt,
750 5368 1112 5423 observantes
1175 5369 1484 5439 septimum
1542 5368 1719 5438 diem,
1750 5373 2053 5440 septimam

361 5457 759 5528 septimanam,
788 5456 1096 5528 septimum
1127 5472 1340 5511 annum
1397 5462 1455 5511 et
1482 5456 2049 5529 quinquagesimum,

360 5547 460 5620 qui
490 5545 740 5616 septenis
772 5560 1053 5599 annorum
1095 5545 1549 5599 hebdomadibus
1599 5544 1828 5608 texitur,
1878 5545 1937 5601 id
1968 5550 2054 5602 est

2174 4404 2318 4459 buit.
2353 4403 2508 4457 Abiit
2533 4404 2712 4457 Adam
2740 4418 2867 4456 cum
2909 4401 3265 4473 persnasioni
3295 4399 3509 4455 diaboli
3538 4402 3871 4463 consensit;

2174 4491 2347 4557 stetit,
2379 4490 2517 4544 dum
2546 4504 2785 4561 pomum
2816 4491 3059 4545 comedit
3089 4507 3104 4557 ;
3137 4489 3300 4556 sedit,
3344 4488 3483 4543 dum
3542 4505 3607 4544 se
3638 4506 3872 4545 excusa-

2170 4580 2285 4634 vit:
2310 4602 2330 4628 ι
2353 4580 2736 4650 Mulierquam
2767 4579 3130 4633 dedistimihi
3154 4594 3244 4633 me
3265 4578 3507 4633 seduxit.
3529 4600 3551 4627 ι
3590 4578 3752 4650 (Gen.
3772 4580 3872 4633 ml.

2173 4669 2256 4723 Ad
2288 4667 2722 4722 similitudinem
2755 4667 3158 4732 exsulantium,
3185 4666 3282 4737 qui
3312 4667 3449 4722 dum
3501 4674 3644 4722 sunt
3696 4668 3759 4722 in
3789 4668 3878 4721 via

2172 4754 2393 4809 facilius
2421 4761 2782 4819 revocantur,
2841 4754 2978 4807 dum
3022 4753 3145 4823 jam
3203 4758 3356 4807 stant
3412 4753 3743 4808 difﬁcilius:
3780 4753 3876 4807 de-

2172 4858 2332 4896 mum
2365 4840 2723 4905 difﬁcillime,
2758 4841 2895 4895 dum
2929 4840 3006 4894 ibi
3038 4841 3295 4909 magistri
3326 4846 3385 4896 et
3415 4841 3642 4896 domini
3690 4841 3877 4897 eﬁ'ecti

2171 4935 2322 4985 sunt.
2357 4929 2568 5000 (Ratun)
2598 4930 2872 4983 Peccatur
2900 4929 3267 5001 cogitatione,
3300 4934 3426 4984 actu
3459 4934 3515 4983 et.
3546 4930 3743 4985 verbis
3773 4930 3876 4984 do-

2169 5019 2371 5074 cendo.
2406 5017 2624 5089 (Cass)
2663 5017 2880 5088 Impius
2907 5017 2965 5071 in
3025 5019 3226 5084 Deum,
3278 5024 3542 5089 peccator
3568 5019 3632 5073 in
3667 5036 3752 5087 se,
3784 5036 3877 5092 pe-

2169 5108 2367 5162 stilens
2421 5107 2482 5161 in
2536 5106 2886 5176 proximum.
2922 5124 2948 5156 α
2980 5106 3043 5159 In
3073 5106 3339 5161 cathedra
3369 5107 3511 5162 dans
3541 5110 3871 5180 exemplum

2168 5194 2462 5267 peccandi.
2501 5216 2522 5244 ι
2557 5194 2780 5263 (Cass)
2811 5194 3071 5248 Thronus
3128 5210 3351 5264 regum,
3405 5195 3665 5250 tribunal
3716 5196 3870 5268 judi-

2167 5299 2320 5348 cum,
2352 5282 2618 5338 cathedra
2649 5282 2882 5355 proprie
2928 5283 3241 5339 doctorum.
3302 5284 3497 5355 (Ibid.)
3555 5284 3742 5349 Quasi
3798 5287 3864 5341 ita

2167 5372 2421 5426 ait:Vos
2451 5371 2552 5442 qui
2577 5371 2855 5426 cecidistis
2911 5387 3018 5442 per
3062 5372 3316 5442 primum
3372 5372 3575 5439 Adam,
3639 5375 3861 5429 confor-

2165 5457 2407 5513 mamini
2464 5458 2596 5525 huic
2624 5458 2907 5514 secundo:
2965 5458 3101 5530 quia
3139 5460 3337 5514 beatus
3387 5460 3575 5532 primo
3639 5470 3865 5517 contra-

2165 5562 2306 5602 1⁸1118.
