4034 6180
172 301 273 354 8-ἱὸ

1295 283 1548 355 GLOSSA
1587 300 1984 354 ORDINARIA.
2025 329 2092 338 —
2136 301 2267 355 LIB.
2315 302 2545 356 PSALM.

3579 315 3680 370 8-i6

234 423 475 476 Vens.‘2.
505 451 577 462 —
607 441 631 472 ι(
662 421 766 476 Sed
793 422 848 475 in
893 422 1033 491 lege.
1069 440 1095 472 ι)
1133 420 1287 492 (Anc.
1327 423 1514 492 Cass.)
1548 423 1648 476 ilic
1682 429 1872 476 nslen-
1914 426 1958 476 A
2063 425 2222 478 Vens.
2256 428 2307 479 6.
2338 457 2405 465 —-
2463 446 2489 477 ‹‹
2551 427 2832 492 Quoniam
2880 431 3039 485 novit
3067 433 3368 501 Dominus,
3397 441 3526 504 etc.,
3559 461 3587 488 »
3625 441 3684 495 Id

168 509 325 564 ditur
355 511 558 580 plenus
590 511 748 564 omni
806 511 956 564 bono
1017 511 1074 564 iu
1100 528 1178 564 se.
1221 513 1398 579 (Avo)
1438 513 1558 565 Non
1605 517 1688 564 est
1753 513 1875 565 laus

166 600 422 668 perfecta
451 600 648 669 fugere
681 599 1085 668 vituperanda,
1120 599 1229 652 nisi
1285 605 1598 670 sequantur
1629 601 1870 653 laudan-

166 689 257 742 da.
307 689 428 752 Quo
478 689 676 742 ordine
727 693 1030 742 creverunt
1090 688 1146 741 in
1196 688 1408 758 primo,
1441 693 1874 742 removentura

197 793 451 830 ρεηηαο.

197 793 224 829 e
271 793 307 829 u
439 819 451 830 .

172 794 194 830 s
232 794 263 912 ἲ
304 777 546 936 Ιηηᾶῖρεθ.
579 884 606 915 ι)
643 864 838 931 (Ibid)
864 862 970 927 Qui
999 866 1082 916 est
1114 862 1171 917 in
1202 863 1328 931 lege
1350 863 1660 917 secundum
1684 863 1867 934 legem

163 953 306 1023 agit,
343 953 443 1023 qui
479 953 729 1023 sublege
749 953 1063 1006 secundum
1089 953 1274 1020 legem
1308 951 1538 1021 agitur:
1574 952 1668 1005 ille
1705 953 1866 1018 liber,

162 1041 270 1094 iste
306 1057 521 1095 servus.
559 1041 733 1110 (Ibid.
763 1041 965 1111 Anna.)
993 1040 1162 1094 Aliud
1195 1045 1278 1093 est
1309 1041 1397 1094 lex
1445 1057 1572 1110 qum
1604 1040 1870 1094 scribitur

164 1131 458 1194 servienti,
516 1129 671 1183 aliud
718 1146 845 1200 quae
890 1135 1081 1182 mente
1138 1129 1484 1200 conspicitur
1549 1129 1618 1182 ab
1658 1145 1723 1182 eo
1770 1130 1868 1200 qui

161 1235 283 1271 non
319 1218 540 1288 indiget
572 1218 789 1271 litteris.
854 1240 875 1266 ‹(
913 1217 1210 1273 Voluntas.
1244 1241 1271 1266 »ι
1328 1217 1520 1286 (Cass)
1553 1219 1621 1271 Ut
1651 1233 1765 1270 non
1798 1218 1869 1271 sit

161 1306 401 1358 taedium
436 1305 669 1370 laboris,
721 1321 825 1358 nec
857 1304 1056 1370 otiosa,
1084 1306 1181 1358 sed
1213 1305 1584 1358 meditabitur
1613 1322 1862 1376 semper.

164 1395 445 1447 Voluntas
479 1409 679 1447 sensus
728 1397 811 1445 est
851 1393 956 1447 sub
983 1392 1127 1463 lege;
1173 1393 1430 1460 rationis,
1485 1395 1544 1448 in
1589 1394 1745 1466 lege;
1774 1395 1863 1449 di-

168 1481 448 1544 vinitatis,
473 1499 644 1552 supra
675 1483 881 1551 legem.

225 1571 413 1624 Vens.
450 1572 501 1623 3.
536 1601 602 1609 —-
650 1590 674 1618 α
707 1571 774 1622 Et
805 1569 940 1624 erit.
980 1592 1006 1617 ››
1040 1569 1224 1640 (Ibid)
1256 1569 1354 1623 llic
1389 1572 1713 1625 ostenditur
1750 1573 1861 1626 uti-

1983 518 2086 574 est,
2118 530 2231 567 non
2264 521 2571 584 resurgunt
2601 517 2658 570 hi
2693 516 2752 570 iu
2793 518 3006 582 anima,
3070 523 3205 592 quia
3257 525 3404 578 Deus
3434 542 3552 580 non
3584 543 3682 600 ap-

1981 602 2188 670 probat
2226 619 2625 673 opcraeorum,
2659 606 2754 659 sed
2779 607 3070 675 justorum
3093 616 3342 666 tantum.

2623 747 2931 802 PSAMHJS
2955 751 3026 804 ll.

2052 886 2079 917 «
2112 868 2394 922 Psalmus.
2436 887 2462 920 ι)
2487 870 2794 925 Modulalio
2841 889 2971 943 quae
3003 873 3064 927 fit
3092 891 3196 944 per
3227 880 3439 932 tactum
3480 880 3675 937 decem

1979 955 2323 1010 chordarum
2361 962 2445 1011 est
2475 958 2626 1011 bona
2659 962 2937 1030 Operatio,
2971 978 3098 1032 quae
3130 963 3196 1018 fit
3233 980 3336 1035 per
3373 967 3678 1025 observan-

1977 1044 2332 1098 tiamdecem
2367 1047 2787 1102 mandatorum.
2847 1067 2874 1099 ‹‹
2921 1050 3114 1105 David.
3177 1073 3199 1098 ι
3255 1055 3452 1126 (Cass)
3502 1057 3669 1112 Manu

1975 1133 2135 1186 furtis
2159 1134 2242 1187 vel
2277 1136 2516 1204 pulcher
2546 1142 2776 1206 aspectu
2803 1138 3061 1192 Christus
3091 1145 3194 1201 est,
3220 1143 3319 1213 qui
3345 1160 3539 1198 aereas
3568 1147 3666 1201 de-

1975 1220 2206 1275 bellavit
2240 1226 2568 1291 potestates,
2604 1225 2664 1278 in
2714 1241 2885 1296 quem
2919 1232 2973 1280 et
3006 1229 3195 1298 angeli
3223 1233 3549 1303 prospicere
3581 1235 3673 1290 de-

1977 1308 2251 1362 siderant-

2048 1398 2208 1452 Vens.
2248 1402 2294 1454 t.
2365 1430 2424 1438 —
2483 1419 2509 1450 α
2562 1401 2746 1465 Quare
2805 1401 3164 1459 fremuerunt
3210 1412 3430 1477 gentes,
3473 1415 3581 1465 etc.
3643 1432 3665 1460 ι

1975 1486 2166 1553 (Cass)
2229 1489 2339 1542 Iste
2392 1489 2644 1559 psalmus
2686 1496 2771 1545 est
2817 1495 3098 1548 secundus
3158 1496 3216 1549 in
3276 1499 3498 1561 ordine.
3551 1503 3667 1570 pri-

1974 1592 2098 1628 mus
2129 1577 2187 1629 in
2228 1577 2431 1644 titulo;
2469 1580 2619 1633 unde
2658 1579 2720 1634 in
2766 1581 2995 1636 Actibus
3029 1586 3419 1653 apostolorum
3456 1589 3669 1644 dicitur

160 1658 224 1712 lis
259 1659 453 1724 nobis,
480 1658 620 1712 dans
653 1658 899 1711 fructum
931 1658 1078 1723 vitm,
1112 1663 1167 1711 et
1207 1658 1361 1725 folia,
1406 1665 1461 1714 et
1490 1660 1856 1727 obumbrans,
1899 1707 1941 1762 B
1973 1664 2212 1733 primus.
2269 1667 2460 1720 Primo
2519 1668 2778 1739 increpat
2823 1678 3231 1741 persequentes
3280 1680 3335 1728 et
3393 1677 3663 1743 minatur,

163 1768 183 1793 ι
242 1747 454 1800 Beatus
508 1746 608 1799 vir.
651 1746 757 1800 Sed
790 1747 847 1799 in
882 1747 1021 1816 lege.
1060 1748 1123 1800 Et
1152 1747 1277 1801 erit.
1338 1769 1364 1796 ››
1407 1750 1576 1802 Plena
1605 1749 1860 1803 definitio

157 1834 309 1887 beati
343 1834 474 1896 viri,
533 1836 657 1887 "asc
684 1833 877 1888 omnia
906 1851 1016 1888 non
1052 1835 1208 1887 omni
1238 1835 1403 1888 beato
1438 1836 1578 1902 viro,
1613 1839 1708 1892 sed
1753 1839 1858 1892 soli

159 1923 407 1989 Christo,
433 1922 801 1976 conveniunt.
839 1942 865 1972 «
890 1923 1184 1992 Tanquam
1209 1922 1450 1992 lignum.
1482 1946 1508 1972 n
1542 1924 1734 1993 (Ibid)
1767 1925 1858 1979 Sc-

155 2011 410 2065 cundum
444 2011 882 2065 similitudinem
916 2011 1055 2082 ligni
1086 2012 1216 2064 vitae
1249 2012 1401 2082 quod
1433 2017 1516 2065 est
1546 2013 1604 2064 in
1625 2013 1854 2082 paradi-

155 2117 232 2165 so,
293 2101 454 2154 unde.
511 2100 782 2154 obediens
826 2100 999 2153 homo
1057 2100 1402 2153 comederet.
1437 2121 1464 2148 «
1513 2099 1772 2170 Lignum.
1828 2119 1852 2148 »

154 2189 304 2250 (Ibid
349 2197 367 2256 )
401 2190 461 2242 lu
478 2188 743 2258 paradiso
772 2188 1093 2258 estlignum
1127 2188 1274 2255 vitai,
1309 2188 1530 2258 lignum
1557 2188 1625 2241 ad
1657 2188 1850 2249 vitam,

151 2283 204 2330 et
230 2277 458 2347 lignum
486 2277 888 2331 scientizeboni
913 2283 967 2331 et.
996 2277 1149 2330 mali.
1191 2299 1210 2325 α
1249 2279 1564 2347 Aquarum.
1610 2298 1636 2324 ν
1661 2278 1855 2347 (Anu)

151 2371 332 2435 Aquae.
361 2365 605 2435 Spiritus
649 2371 896 2428 sanctus.
948 2365 1260 2418 secundum
1294 2365 1436 2418 illud
1471 2381 1484 2418 :
1525 2387 1546 2413 ο
1580 2365 1686 2429 Qui
1739 2383 1853 2419 cre-

149 2454 364 2508 diderit
386 2463 446 2508 ln
469 2470 580 2520 me,
614 2454 853 2508 flumina
878 2454 944 2508 de
962 2459 1155 2507 ventre
1175 2453 1294 2522 ejus
1317 2453 1497 2506 ﬂuent
1519 2470 1682 2524 aqua:
1711 2454 1851 2508 viva!

151 2543 343 2611 (Joan.
379 2545 495 2610 vn),
543 2563 568 2593 ι)
604 2549 661 2598 et
705 2548 789 2596 cst
844 2547 1040 2596 contra
1085 2549 1255 2596 aestus
1311 2543 1602 2597 vitiorum.
1653 2543 1846 2613 (Cass)

155 2631 249 2685 Vel
279 2649 384 2703 per
413 2648 644 2704 aquam,
679 2632 959 2702 sapientia
989 2631 1110 2700 Dei,
1166 2647 1279 2701 qua
1309 2631 1563 2685 reficitur
1612 2632 1850 2686 interior

149 2722 354 2786 homo,
403 2728 467 2774 ut
497 2721 621 2774 sitis
677 2737 848 2791 aqua.
901 2721 1083 2790 (Anc)
1128 2720 1228 2773 Vel
1269 2721 1511 2774 mortale
1558 2737 1755 2790 genus,
1786 2727 1848 2774 ut

149 2811 298 2863 Job:
339 2832 358 2858 ι
391 2814 565 2880 Aquas
599 2811 791 2863 multa?
822 2809 1023 2879 populi
1056 2809 1244 2871 multi,
1283 2829 1310 2858 ››
1338 2809 1472 2878 quia
1501 2809 1764 2863 defluunt
1788 2811 1844 2864 in

150 2903 419 2964 mortem,
453 2903 516 2951 ut
560 2914 724 2968 aquae.
757 2897 814 2950 in
863 2913 1041 2951 mare.
1097 2919 1118 2946 ι
1155 2897 1341 2951 Dabit.
1379 2918 1405 2946 ιι
1464 2897 1642 2967 (Ibid)
1706 2899 1846 2950 Dare

1971 1753 2232 1822 praedicit
2285 1755 2448 1824 quasi
2501 1758 2804 1826 propheta.
2845 1777 2871 1809 α
2915 1760 3130 1813 lnania.
3169 1762 3370 1831 (Ibid)
3402 1765 3664 1820 Detinere

1969 1857 2101 1894 eum
2135 1841 2192 1895 in
2224 1849 2437 1909 morte;
2472 1845 2582 1906 vel,
2607 1861 2678 1898 ne
2711 1847 2960 1900 mundus
2985 1853 3113 1917 post
3139 1865 3270 1902 eum
3298 1850 3503 1904 abiret.

2039 1930 2195 1984 Vens.
2253 1935 2303 1984 2.
2359 1962 2424 1972 —
2472 1951 2498 1982 α
2560 1934 2760 2002 Reges.
2809 1955 2831 1981 ι
2871 1934 3050 2005 (Ibid)
3097 1936 3262 1990 Prior
3293 1938 3392 2008 qui
3423 1939 3664 1996 infantes

1968 2018 2170 2072 occidit
2227 2021 2495 2087 Herodes,
2543 2024 2831 2091 posterior
2877 2024 2975 2094 qui
3035 2025 3216 2079 Pilato
3271 2029 3558 2082 consensit
3603 2029 3664 2084 in

1965 2112 2148 2162 morte
2207 2109 2434 2163 Christi.
2498 2111 2677 2179 Reges
2737 2116 2794 2165 et
2865 2113 3172 2183 principes.
3223 2115 3404 2184 (Ibid)
3475 2119 3664 2172 Potuit

1966 2195 2138 2248 etiam
2170 2198 2481 2252 secundum
2527 2198 2895 2253 Ambrosium
2929 2201 2995 2254 de
3028 2218 3143 2254 uno
3179 2204 3477 2272 pluraliter
3508 2206 3660 2260 dice-

1963 2297 2042 2336 re.
2076 2282 2240 2337 Solus
2263 2284 2415 2338 enim
2476 2301 2568 2338 rex
2631 2287 2876 2340 Herodes
2927 2291 2977 2340 et
3026 2289 3292 2360 princeps
3341 2292 3554 2347 Pilatus
3598 2295 3659 2349 in

1963 2373 2348 2440 apostolorum
2380 2373 2611 2427 Actibus
2665 2374 2933 2436 adversus
2978 2376 3266 2432 Christum
3305 2382 3657 2450 conspirasse

1962 2476 2092 2514 voce
2125 2460 2271 2514 Petri
2303 2461 2647 2531 produntur.

2031 2551 2193 2604 Vens.
2227 2553 2278 2603 3.
2320 2577 2384 2588 -—
2435 2571 2456 2598 ι
2510 2551 2938 2621 Dirumpamus.
2984 2573 3012 2603 »
3072 2555 3252 2622 (Asia)
3302 2555 3396 2608 Vel
3455 2572 3655 2611 conve-

1960 2643 2190 2704 nerunt,
2214 2639 2466 2692 dicentes
2510 2655 2522 2692 :
2561 2639 2970 2709 Dirumpamus
3011 2642 3258 2696 rationes
3287 2658 3508 2710 eorum,
3540 2646 3652 2699 Do-

1959 2726 2104 2780 mini
2135 2731 2192 2780 et
2245 2727 2468 2792 Christi,
2505 2729 2589 2780 vel
2624 2727 2829 2781 Christi
2861 2734 2916 2782 et
2955 2729 3390 2800 discipulorum,
3445 2733 3652 2804 quibus

1959 2833 2062 2869 nos
2084 2815 2189 2869 sibi
2220 2816 2534 2885 astringere
2573 2816 2786 2871 volunt.
2823 2819 3001 2886 (Αυο.)
3063 2821 3127 2872 Et
3160 2820 3206 2873 si
3255 2821 3421 2876 aliter
3458 2827 3651 2892 posset

1957 2904 2066 2958 dici
2092 2903 2476 2972 apertiusillis
2507 2904 2772 2958 convenit
2801 2905 2902 2975 qui
2945 2907 3149 2960 nolunt
3190 2909 3395 2979 jugum
3444 2910 3650 2966 Christi

147 2987 403 3054 pertinet
453 2986 523 3039 ad
581 2987 920 3040 rationalem
965 3002 1194 3039 sensum
1230 2990 1286 3038 et
1325 2985 1392 3038 ad
1428 2985 1720 3038 offerentis
1747 3002 1839 3038 vo-
1878 2995 1917 3050 C
1955 2991 2060 3045 sibi
2093 2991 2332 3060 imponi.
2359 3011 2386 3041 tt
2428 2993 2682 3046 Vincula.
2719 3011 2746 3042 »
2781 2995 3195 3050 Promissiones
3246 2998 3373 3053 vitae
3396 3004 3641 3066 aeternae,

147 3077 454 3128 luntatem.
491 3093 517 3125 α
547 3075 613 3128 Et
631 3075 854 3128 folium.
893 3097 915 3123 ι
951 3074 1145 3145 (Ibid)
1177 3074 1331 3127 Sicut
1374 3074 1506 3127 folia
1531 3073 1743 3126 fructus
1773 3079 1849 3126 te-

140 3170 309 3233 gunt,
347 3163 421 3216 ita
447 3165 619 3217 verba
651 3163 875 3216 Domini
900 3163 1308 3233 promissiones
1331 3179 1458 3216 suas
1498 3162 1843 3230 custodiunt,

138 3271 164 3302 α
203 3254 269 3307 Et
291 3253 507 3306 omnia.
545 3271 572 3303 ι)
608 3252 791 3320 (Ibid)
823 3252 968 3316 Quid
1024 3268 1128 3323 per
1164 3252 1410 3321 singula.

207 3343 379 3395 Vens.
409 3341 458 3394 4.
491 3377 542 3386 --
568 3362 594 3390 ‹‹
633 3342 754 3394 Νοη
794 3342 871 3394 sic
909 3341 1092 3412 impii.
1141 3360 1167 3394 ι)
1217 3343 1314 3395 Hic
1345 3342 1414 3395 de
1472 3341 1688 3396 ultione
1731 3341 1842 3395 ini-

130 3445 388 3501 quorum
446 3429 708 3482 adversos
758 3433 950 3490 terret,
985 3429 1187 3482 horum
1215 3429 1458 3483 formido
1481 3429 1731 3499 gratiora
1762 3431 1843 3484 fa-

131 3519 211 3570 cit
259 3516 580 3588 praamissa.
631 3539 655 3565 «ι
690 3521 734 3570 Λ
779 3517 920 3570 facie
969 3522 1156 3571 terrae.
1224 3518 1470 3588 1(Αἰῖο.)
1516 3519 1844 3573 Stabilitatis

133 3611 392 3670 mternm,
424 3605 559 3676 quia
593 3610 654 3659 ut
694 3605 812 3658 haec
841 3610 994 3659 terra
1030 3607 1213 3660 nutrit
1260 3611 1316 3660 et
1367 3607 1621 3661 continet
1656 3608 1840 3661 homi-

128 3711 289 3760 nem,
328 3694 405 3747 ita
437 3693 534 3747 illa
563 3693 918 3748 interiorem.

202 3784 374 3836 Vens.
410 3787 552 3836 5.—
598 3805 625 3830 «
658 3783 788 3836 Ideo
835 3799 951 3836 non
1002 3787 1322 3853 resurgeut.
1360 3802 1386 3834 ω
1437 3783 1579 3847 Quia
1610 3783 1839 3854 projicit

123 3876 361 3935 ventus,
395 3871 451 3924 id
485 3875 590 3934 est,
619 3871 743 3925 ideo
777 3871 908 3941 quia
941 3871 1058 3924 dati
1089 3876 1223 3925 sunt
1265 3871 1323 3924 in
1368 3871 1676 3941 reprobum
1708 3889 1835 3924 sen-

123 3976 254 4014 sum
285 3977 299 4014 :
338 3961 467 4014 ideo
488 3976 603 4013 non
637 3964 945 4029 resurgunt
973 3959 1159 4030 prima
1190 3961 1626 4027 resurrectione,
1668 3965 1730 4013 ut
1778 3977 1834 4014 se

116 4047 392 4114 judicent
435 4046 493 4100 in
542 4047 800 4113 consilio,
833 4053 898 4101 ut
928 4049 1251 4102 voluntates
1297 4049 1398 4102 Dei
1455 4049 1568 4102 suis
1638 4050 1835 4119 prazfe-

124 4141 276 4190 rant.
317 4136 418 4189 Vel
450 4135 509 4189 in
540 4136 800 4202 concilio,
831 4136 886 4190 id
921 4141 1024 4202 est,
1059 4137 1114 4190 in
1143 4137 1407 4192 concordi
1459 4138 1830 4192 multitudine

118 4225 423 4293 justorum
456 4225 620 4295 impii
652 4225 973 4279 idololatraa
1014 4226 1099 4279 vel
1131 4231 1428 4296 apostataa.
1480 4229 1829 4292 Peccatores,

128 4313 255 4367 falsi
285 4313 637 4368 Christiani:
670 4314 754 4367 vel
801 4314 929 4368 ideo
986 4331 1100 4369 non
1145 4321 1453 4384 resurgunt
1508 4317 1564 4369 in
1616 4317 1825 4384 futuro,

129 4409 190 4455 ut
216 4403 506 4471 judicent,
537 4402 623 4456 vel
654 4408 718 4456 ut
741 4403 980 4472 judicati
1021 4404 1078 4457 in
1110 4404 1372 4469 concilio,
1406 4404 1460 4457 id
1496 4409 1596 4469 est,
1630 4404 1688 4457 in
1715 4405 1828 4458 col-

123 4491 279 4560 legio
306 4491 600 4561 justorum
636 4491 947 4562 quiescant.
997 4513 1018 4540 ε
1061 4493 1126 4545 In
1152 4492 1392 4560 judicio,
1435 4498 1541 4546 etc.
1597 4514 1622 4540 »
1651 4494 1712 4546 In
1734 4493 1827 4561 ju-

119 4579 278 4633 dicio
311 4584 562 4650 quatuor
592 4586 759 4633 erunt
794 4580 1023 4634 ordines
1058 4597 1070 4634 :
1105 4581 1201 4634 alii
1245 4581 1586 4650 judicabunt
1614 4586 1669 4634 et
1715 4599 1829 4635 nou

108 4668 562 4737 judicabuntur,
616 4672 677 4722 ut
727 4668 1134 4738 perfectissmi;
1191 4669 1288 4722 alii
1316 4685 1421 4723 nec
1465 4669 1828 4739 judicabunt,

115 4774 227 4811 nec
249 4757 692 4828 judicabuntur,
712 4758 1035 4811 utdamnati
1052 4758 1344 4825 infideles;
1378 4758 1474 4811 alii
1490 4759 1830 4828 judicabun-

113 4851 218 4899 tur
242 4851 306 4898 et
344 4845 735 4909 salvabuntur,
791 4851 854 4899 nt
911 4846 1274 4899 mediocriter
1328 4846 1493 4909 boni;
1537 4846 1633 4900 alii
1673 4848 1828 4914 judi-

110 4934 418 4989 cabuntur
448 4939 503 4987 et
529 4934 819 5004 peribunt,
847 4935 1123 4989 utfideles
1151 4934 1312 4989 mali.
1355 4954 1380 4984 α
1414 4935 1470 4988 1η
1504 4935 1765 4989 concilio.
1800 4956 1828 4987 ν)

111 5024 334 5092 (ABG)
391 5023 454 5076 lu
509 5028 724 5077 aeterno
756 5023 928 5089 bono,
961 5023 1115 5094 quod
1153 5022 1311 5093 sequi
1370 5023 1671 5077 consilium
1723 5024 1834 5078 fuit

109 5113 365 5166 sanctis.
395 5131 422 5162 α
455 5113 548 5164 Vel
580 5113 636 5165 in
669 5112 929 5177 concilio,
965 5131 992 5163 η
1016 5112 1076 5165 in
1098 5111 1342 5181 judicio,
1375 5117 1440 5165 ut
1464 5128 1593 5166 cum
1616 5112 1696 5166 eis
1728 5113 1832 5182 ju-

107 5204 354 5264 dicent;
419 5200 554 5270 quia
580 5200 860 5270 judicium
903 5205 1005 5267 est,
1061 5200 1289 5271 quando
1343 5201 1563 5255 diversa
1605 5205 1831 5271 peccata

110 5288 380 5344 diversis
404 5289 586 5358 poenis
616 5289 964 5358 punientur;
1021 5295 1076 5342 et
1104 5305 1166 5342 ex
1197 5289 1304 5342 hoc
1334 5289 1708 5343 similitudine
1751 5289 1832 5343 di-

109 5381 300 5433 citur.
349 5398 376 5422 α
437 5378 781 5448 Resurgunt.
830 5397 855 5428 η
904 5381 1037 5432 Dure
1075 5377 1520 5431 resurrectioues
1554 5394 1566 5431 :
1602 5378 1830 5446 animm,

111 5485 143 5522 a
177 5465 448 5539 peccatis
479 5467 536 5519 in
566 5466 868 5536 praesenti;
927 5467 1201 5537 corporis,
1237 5483 1270 5520 a
1321 5469 1500 5520 morte
1530 5465 1591 5520 in
1621 5467 1828 5531 futuro,

111 5573 233 5628 qua
269 5553 377 5608 fiet
396 5553 744 5624 impassibile
769 5559 825 5608 et
849 5554 1193 5609 immortale.

1957 3085 2013 3134 et
2044 3079 2517 3133 comminatioues
2557 3081 2858 3149 gehennae,
2892 3099 2994 3151 per
3020 3101 3147 3153 qua:
3178 3087 3377 3140 volunt
3403 3105 3504 3141 nos
3534 3088 3644 3143 sibi

1956 3170 2279 3239 subjugare.
2317 3191 2345 3219 «
2399 3170 2789 3240 Projiciamus.
2852 3192 2879 3223 ν
2947 3174 3254 3228 Destructis
3307 3178 3642 3245 rationibus,

1954 3259 2274 3312 dominium
2316 3258 2493 3328 ipsius
2524 3276 2556 3312 a
2590 3259 2754 3313 nobis
2778 3262 3147 3317 excutiamus.
3185 3265 3374 3335 (Ibid)
3407 3266 3640 3337 Iugum,

1955 3347 2008 3402 id
2037 3353 2138 3414 est,
2173 3347 2359 3414 legem
2395 3364 2407 3401 :
2443 3348 2540 3401 sed
2578 3370 2596 3396 σ
2631 3347 2728 3419 qui
2757 3348 2973 3402 habitat
2997 3350 3056 3403 in
3085 3351 3257 3406 ccelis.
3295 3372 3322 3403 η

2025 3439 2191 3492 Vens.
2230 3438 2281 3490 4.
2320 3466 2380 3476 -
2439 3459 2459 3483 α
2497 3436 2779 3491 Irridebit.
2816 3459 2844 3488 ››
2875 3438 3058 3509 (Ibid)
3116 3441 3186 3495 Ut
3228 3442 3458 3512 quando
3487 3445 3642 3514 posi-

1949 3527 2022 3582 tis
2049 3516 2374 3580 custodibus
2404 3527 2679 3580 surrexit:
2716 3549 2736 3575 ι
2760 3528 3164 3597 Subsannabit,
3194 3549 3222 3581 η
3273 3532 3504 3602 quando
3539 3550 3642 3604 per

1950 3615 2229 3670 mundum
2265 3615 2504 3685 dispersi
2535 3621 2685 3670 sunt.
2721 3616 2914 3671 lrrisio
2975 3617 3074 3672 Dei
3104 3617 3190 3671 vis
3225 3625 3308 3674 est
3338 3620 3638 3690 prtescien-

1947 3705 2041 3758 tite
2070 3721 2242 3775 quam
2275 3706 2370 3758 dat
2405 3706 2548 3758 Deus
2577 3705 2805 3767 sanctis,
2835 3711 2918 3770 ut,
2948 3706 3204 3759 videntes
3235 3723 3445 3760 nomen
3480 3707 3641 3761 Chri-

1947 3793 2015 3846 sti
2047 3794 2300 3847 futurum
2334 3794 2392 3845 in
2437 3793 2705 3846 omnibus
2735 3793 3024 3863 gentibus,
3057 3793 3184 3847 illos
3214 3794 3406 3848 inania
3460 3795 3639 3850 medi-

1947 3886 2092 3935 tatos
2116 3881 2455 3949 intelligant.

2017 3972 2184 4024 Vens.
2341 4001 2409 4007 —
2445 3989 2467 4017 ι
2514 3969 2800 4037 Loquetur
2841 3968 2905 4020 ad
2950 3984 3066 4021 eos.
3129 3988 3150 4015 ι
3183 3968 3366 4037 (Ibid)
3407 3969 3637 4022 Planius

1944 4060 2129 4129 aperit
2161 4074 2287 4110 cum
2321 4057 2475 4122 dicit,
2519 4055 2895 4109 conturbabit.
2918 4057 3005 4108 Ira
3038 4055 3137 4109 Dei
3172 4061 3254 4108 est
3298 4062 3487 4110 motus
3537 4056 3638 4126 qui

1944 4150 2007 4203 fit
2035 4149 2094 4202 in
2153 4147 2343 4200 anima
2377 4161 2506 4216 quae
2546 4145 2731 4214 legem
2774 4142 2869 4196 Dei
2899 4144 3071 4210 novit,
3106 4160 3234 4197 cum
3265 4143 3420 4197 videt
3449 4159 3575 4197 eam
3607 4161 3638 4197 a

1943 4239 2093 4291 malo
2126 4234 2410 4307 praeteriri
2449 4249 2550 4304 per
2575 4249 2745 4304 quem
2780 4238 2996 4286 motum
3031 4232 3211 4286 multa
3233 4232 3592 4286 vindicantur
3620 4248 3632 4285 :

1944 4322 2051 4386 vel,
2108 4321 2192 4374 ira
2248 4321 2348 4375 Dei
2379 4327 2463 4375 est
2521 4320 2844 4376 obscuratio
2889 4321 3098 4376 mentis
3147 4327 3636 4391 transgressurum

1941 4411 2103 4479 legis.

2011 4498 2177 4551 Vens.
2230 4499 2281 4550 6.
2334 4527 2401 4536 ——
2454 4514 2482 4547 (ι
2542 4497 2652 4566 Ego
2703 4501 2914 4552 autem.
2948 4519 2975 4546 »
3013 4497 3210 4568 (Cass)
3233 4497 3512 4564 Secundo,
3545 4498 3633 4552 in-

1942 4584 2096 4639 ducit
2125 4585 2292 4639 verba
2345 4585 2466 4654 ejus
2499 4584 2567 4638 de
2597 4583 2978 4654 omnipotenti
3008 4600 3184 4654 regno
3225 4589 3282 4638 et
3337 4585 3632 4638 inenarra-

1940 4673 2040 4727 bili
2071 4673 2438 4742 generatione
2473 4688 2593 4737 sua,
2652 4671 2749 4725 ubi
2806 4672 2874 4726 de
2929 4672 3225 4725 divinitate
3261 4676 3318 4726 et
3360 4671 3634 4726 humani—

1936 4765 2051 4814 tate
2087 4762 2205 4830 ejus
2258 4760 2546 4814 discimus.
2587 4783 2607 4807 α
2647 4762 2780 4814 Rex.
2819 4781 2839 4808 ι
2899 4761 3021 4829 (In)
3066 4759 3154 4815 Sic
3187 4765 3244 4812 et
3277 4777 3435 4831 reges
3466 4765 3633 4814 terra:

1939 4849 2008 4902 ab
2045 4865 2111 4902 eo
2143 4847 2454 4901 constituti.
2494 4870 2514 4896 «
2569 4847 2886 4902 Ρνωάίαδηε
2941 4862 3115 4917 super
3169 4847 3325 4909 Sion,
3384 4867 3410 4897 η
3469 4847 3549 4900 sic
3581 4851 3637 4901 et

1941 4938 2255 5006 prophetae,
2283 4957 2309 4984 ‹‹
2343 4937 2530 4998 Filius,
2561 4956 2588 4985 (ι
2622 4936 2700 4988 sic
2741 4941 2797 4988 et
2827 4936 3021 5004 Israel,
3065 4957 3084 4982 ι
3126 4935 3307 4989 Genui
3339 4939 3413 4989 te.
3450 4953 3478 4986 io
3522 4937 3635 4990 Hoc

1942 5025 2048 5079 soli
2071 5025 2312 5079 Christo.

2013 5114 2171 5166 Vsus.
2206 5117 2259 5166 '7.
2292 5143 2361 5150 —
2409 5133 2427 5158 ι
2491 5110 2764 5164 Dominus
2795 5108 2954 5162 dixit.
2995 5131 3015 5156 ι
3090 5111 3335 5164 Persona
3393 5125 3634 5180 regnan-

1940 5201 2031 5254 tis.
2062 5223 2081 5248 ι
2122 5199 2294 5253 Filius
2318 5215 2491 5252 meus.
2530 5221 2548 5245 ν
2590 5198 2789 5266 (AUG)
2836 5197 2968 5251 Ideo
3023 5197 3092 5251 do
3117 5197 3222 5251 tibi
3262 5203 3463 5268 gentes
3510 5199 3634 5253 hm-

1942 5289 2240 5344 reditatem
2276 5287 2465 5358 potius
2491 5301 2662 5356 quam
2693 5285 2863 5339 alicui
2899 5286 3186 5340 obedienti
3223 5303 3236 5340 :
3289 5287 3423 5358 quia
3460 5287 3634 5342 Filius

1942 5393 2046 5449 per
2075 5382 2359 5442 naturam,
2411 5379 2468 5428 et
2496 5374 2994 5428 consubstantialis
3042 5374 3313 5429 ineffabili
3345 5377 3631 5446 genitura.

1948 5488 1968 5514 ι
2005 5465 2203 5520 Hodie.
2237 5485 2264 5514 »
2314 5463 2514 5535 (Ibid)
2552 5463 2664 5518 Etsi
2693 5463 2876 5534 possit
2919 5464 3098 5534 accipi
3156 5465 3224 5519 de
3283 5464 3374 5519 die
3405 5481 3518 5536 qua
3546 5481 3633 5518 se-

1942 5553 2195 5608 cundum
2229 5553 2522 5607 hominem
2568 5557 2736 5607 natus
2767 5557 2870 5621 est,
2905 5557 3092 5608 tamen
3124 5553 3294 5609 hodie
3326 5555 3461 5626 quia
3491 5570 3635 5624 prte-
