4034 6180
451 259 552 313 8ἲῖ

449 470 545 524 ῑίω
578 470 677 524 Dei
707 469 1035 540 accipiatur.

522 560 684 612 Vens.
717 560 769 612 8.
805 587 875 600 —-
909 579 930 606 ι
984 557 1230 611 Postula.
1289 577 1309 606 ι
1353 557 1540 628 (Ana)
1594 557 1675 612 Ad
1726 558 2144 628 susceptionem

452 648 700 702 hominis
737 646 1017 717 pertinet:
1081 662 1209 716 quae
1269 661 1372 716 pro
1417 647 1599 700 salute
1637 647 1939 700 hominum
1977 647 2143 712 facta,

450 736 762 790 secundum
805 750 978 805 quam
1010 734 1337 802 interpellat
1379 750 1484 804 pro
1533 735 1714 788 nobis.
1773 757 1795 784 ι
1831 734 2142 789 Haeredita-

447 830 586 878 tem.
625 845 645 872 ι
702 822 904 893 (Cass)
954 822 1266 876 Haereditas
1296 823 1367 876 ab
1401 823 1562 888 hero,
1594 823 1745 893 quod
1778 822 1834 876 in
1866 839 1933 876 ea
1980 828 2142 894 pote-

447 917 588 966 state
617 911 793 965 libera
815 911 1164 966 dominetur.

519 1001 675 1054 Vens.
711 1003 763 1053 9.
796 1030 864 1040 —
909 1022 930 1046 α
991 999 1172 1068 Reges
1227 1014 1342 1052 eos.
1381 1020 1401 1046 ι
1457 998 1645 1069 (Αυσ.)
1704 999 1918 1052 Partim
1957 1015 2143 1068 reges,

446 1087 659 1156 partim
687 1086 936 1156 franges,
970 1085 1281 1138 secundum
1316 1085 1455 1138 illud
1509 1101 1522 1138 :
1579 1103 1608 1137 α
1643 1085 1777 1138 Ecce
1810 1084 1901 1138 hic
1930 1085 2145 1154 positus

448 1181 536 1228 est
564 1173 623 1226 in
653 1174 883 1228 ruinam
924 1177 980 1226 et
1022 1173 1082 1226 in
1125 1172 1600 1226 resurrectionem
1645 1174 1963 1227 multorum
1990 1172 2141 1242 (Luc.

447 1264 537 1331 ιι),
572 1262 762 1332 utqui
797 1262 990 1332 justus
1017 1266 1118 1326 est,
1144 1261 1496 1332 jnstiﬁcetur
1534 1263 1720 1315 adhuc
1780 1278 1794 1315 :
1845 1267 1902 1314 et
1931 1262 2031 1332 qui
2078 1261 2137 1314 in

444 1351 703 1403 sordibus
733 1356 838 1419 est,
870 1351 1159 1404 sordescet
1190 1349 1375 1404 adhuc
1404 1351 1596 1418 (Apoc.
1661 1350 1812 1418 xxu).
1849 1369 1876 1401 ι)
1915 1372 1935 1398 ι
1974 1350 2142 1419 Virga

442 1439 647 1492 ferrea.
682 1459 709 1490 »
744 1441 940 1509 (Cass.)
968 1441 1218 1492 Potestas
1250 1438 1656 1509 Christi,virga
1683 1439 1899 1505 ferrea;
1925 1444 2143 1508 peccat-

440 1534 550 1596 tor,
597 1546 692 1583 vas
743 1528 926 1597 ﬁguli,
986 1529 1140 1599 quod
1195 1533 1249 1581 et
1310 1529 1526 1581 luteum
1575 1528 1738 1581 facile
1817 1527 2128 1597 frangitur.

516 1621 675 1673 Vens.
714 1622 796 1673 10.
835 1650 903 1658 -
934 1639 960 1669 α
1020 1619 1086 1672 Et
1118 1634 1288 1683 nunc,
1324 1633 1507 1687 reges,
1540 1617 1864 1687 intelligite.
1897 1637 1923 1669 »
1958 1619 2138 1686 Nunc,
2174 1659 2214 1714 Β

440 1709 497 1762 id
539 1713 622 1762 est
656 1724 758 1778 per
812 1723 875 1761 ea
907 1723 1037 1777 quae
1082 1707 1230 1760 dicta
1262 1711 1412 1760 sunt.
1465 1707 1631 1774 (Cas)
1678 1706 1865 1761 Tertio
1919 1723 2023 1776 pro
2053 1706 2143 1759 his

444 1795 736 1865 patefactis
767 1794 1039 1847 admonet
1069 1809 1266 1847 omnes
1310 1793 1603 1846 humiliter
1639 1793 1894 1860 obedire,
1936 1798 1992 1845 et
2017 1808 2142 1844 sua-

443 1884 540 1936 det
568 1883 639 1936 ab
674 1882 801 1935 utili
859 1898 931 1935 ne
961 1885 1220 1951 pereant,
1271 1886 1328 1934 et
1381 1879 1450 1934 ab
1493 1879 1753 1945 honesto,
1809 1879 1947 1950 quia
1991 1879 2141 1933 beati

445 1971 544 2042 qui
574 1971 868 2024 conﬁdunt
899 1970 956 2022 in
988 1987 1074 2023 eo.
1108 1970 1171 2023 In
1193 1970 1299 2022 hoc
1319 1974 1447 2040 post
1480 1967 1765 2022 Christum
1797 1969 1958 2039 quasi
1987 1972 2138 2040 Apo-

445 2060 624 2112 stolus
654 2058 934 2128 loquitur.

515 2147 700 2218 (Αοθ.)
762 2147 876 2212 Vel,
908 2162 998 2200 me
1051 2161 1183 2215 rege
1215 2145 1546 2209 constituto,
1581 2161 1648 2198 ne
1680 2144 2010 2211 tristemini,
2048 2162 2136 2198 re-

441 2252 542 2307 ges
567 2241 764 2301 terrae;
790 2235 1017 2305 expedit
1047 2234 1198 2288 enim
1230 2233 1389 2287 vobis
1426 2238 1486 2286 ut
1515 2233 1618 2286 sub
1651 2233 1747 2288 illo
1790 2232 1930 2297 sitis,
1967 2250 1996 2287 a
2027 2249 2140 2303 quo

440 2331 526 2380 est
552 2324 892 2392 intellectus,
928 2329 985 2377 et
1013 2322 1279 2388 eruditio,
1313 2325 1378 2375 ut
1407 2337 1523 2374 non
1545 2326 1760 2375 temere
1791 2321 2137 2375 dominemi-

437 2411 638 2472 ni,sed
674 2411 914 2466 Domino
955 2409 1216 2465 omnium
1251 2409 1531 2476 serviatis,
1579 2414 1635 2463 et
1671 2410 1732 2462 in
1784 2409 2138 2463 beatitudine

441 2499 755 2555 exsultetis.

513 2589 687 2644 Vens.
745 2591 928 2642 12-
987 2607 1014 2639 (ι
1059 2587 1375 2658 Nequando
1418 2586 1715 2640 irascatur.
1762 2608 1783 2634 ι
1820 2586 1967 2653 (Ibid
2020 2588 2132 2640 Du-

437 2676 640 2730 bitatio
663 2693 780 2730 non
810 2676 1122 2730 secundum
1156 2675 1521 2744 prophetam,
1555 2675 1651 2727 sed
1699 2676 2014 2727 secundum
2046 2674 2133 2745 ip-
2211 2693 2215 2696 ’

438 2783 551 2830 sos,
585 2765 684 2835 qui
715 2781 844 2818 cum
877 2764 1234 2818 dubitatione
1264 2763 1517 2832 cogitant
1543 2763 1687 2816 iram
1730 2762 1850 2816 Dei.
1888 2785 1909 2811 ι
1946 2764 2022 2818 De
2044 2763 2134 2816 via

434 2855 610 2923 justa,
646 2873 673 2906 »
706 2853 765 2907 id
795 2858 898 2918 est,
953 2852 1173 2908 Christo
1213 2851 1444 2918 sublati,
1471 2851 1557 2905 vel
1607 2852 1678 2905 de
1722 2851 1876 2905 bona
1922 2867 2129 2922 opera-

439 2943 618 2996 tione.

511 3031 668 3084 Vens.
715 3032 799 3084 13.
832 3060 900 3068 -
953 3050 980 3076 ‹‹
1017 3029 1157 3084 Cum
1207 3026 1493 3081 exarserit.
1538 3048 1558 3074 ‹
1596 3024 1792 3096 (Cass)
1826 3027 1987 3080 Modo
2020 3043 2135 3081 non

435 3118 601 3172 ardet
627 3133 756 3172 cum
788 3118 1043 3187 castigat,
1084 3122 1148 3170 ut
1197 3122 1379 3187 pater,
1411 3115 1507 3168 sed
1565 3115 1624 3168 in
1677 3114 1869 3168 futuro
1913 3114 2138 3170 ardebit

435 3207 572 3278 quia
618 3207 760 3260 nihil
802 3206 1090 3275 patientia:
1125 3204 1186 3258 in
1228 3205 1420 3258 futuro
1452 3203 1575 3256 erit.
1629 3226 1649 3250 ι
1687 3203 1750 3256 In
1783 3203 1939 3256 brevi
1969 3203 2072 3258 ira.
2105 3223 2132 3254 ››

440 3295 583 3358 Quia
625 3310 741 3347 non
787 3293 1012 3364 singula
1054 3293 1261 3346 horum
1303 3291 1634 3361 separatim,
1675 3291 1768 3346 sed
1800 3291 1972 3346 simul
2003 3309 2132 3346 om-

439 3384 537 3437 nia
558 3381 807 3437 discutit.

1068 3449 1377 3506 PSALMUS
1407 3450 1504 3503 IlI.

511 3560 674 3614 Vens.
713 3562 760 3612 1.
795 3589 861 3597 -
907 3579 928 3606 ο
991 3558 1269 3622 Psalmus,
1330 3575 1357 3608 ν
1416 3557 1597 3626 (Αυσ.)
1655 3557 1724 3610 de
1785 3556 2047 3627 passione
2079 3562 2135 3612 et

436 3646 852 3702 resurrectione
901 3645 1104 3700 Christi
1137 3661 1150 3698 :
1184 3645 1358 3698 Filius
1385 3645 1556 3699 Judas
1600 3660 1632 3697 a
1665 3661 1778 3714 quo
1806 3645 1969 3714 fugit.
2001 3660 2132 3699 cum

438 3737 534 3791 illo
581 3736 904 3791 discedente
963 3749 1090 3788 cum
1153 3733 1371 3787 caeteris
1442 3733 1500 3786 in
1550 3739 1803 3786 montem
1861 3733 2130 3801 secessit;

437 3827 523 3879 vel
554 3825 742 3896 potius
773 3840 901 3877 cum
937 3827 1186 3877 mentem
1219 3822 1340 3892 ejus
1397 3822 1670 3892 sapientia
1710 3822 1807 3874 Dei
1855 3821 2128 3888 deseruit,

438 3920 499 3968 ut
525 3919 676 3967 totus
702 3919 850 3966 esset
876 3910 1108 3977 diaboli,
1143 3927 1272 3980 (1083
1303 3909 1549 3963 desertio
1596 3910 1734 3980 fuga
1774 3914 2008 3980 prepter
2045 3925 2131 3963 ce-

438 4005 714 4072 lerjtatem
763 4000 990 4055 dicitur.
1052 4000 1212 4053 Unde
1258 4014 1271 4052 :
1325 4018 1351 4050 (ι
1405 3998 1565 4062 Quod
1615 3998 1751 4052 facis
1809 3998 1895 4052 fac
1961 3997 2129 4052 citius

435 4090 608 4161 (Joan.
643 4091 786 4159 xm).
824 4111 848 4137 »
885 4088 985 4143 Cui
1019 4088 1273 4143 Christus
1300 4103 1496 4157 pacem
1525 4087 1801 4151 exhibuit,
1839 4091 1982 4141 utet
2028 4088 2125 4141 Da-

431 4179 524 4233 vid
554 4178 672 4232 tilio
701 4178 926 4246 iniquo,
965 4178 1112 4229 unde
1153 4193 1257 4246 pax
1296 4176 1477 4245 patris
1507 4175 1716 4229 dicitur
1749 4192 1761 4230 :
1791 4176 1963 4230 Judas
1991 4191 2124 4229 vero

435 4272 497 4320 ut
522 4267 772 4325 Absalon
811 4281 1115 4335 suspensus
1161 4264 1399 4317 interiit.
1435 4263 1707 4333 Proponit
1757 4263 1897 4318 duas
1931 4269 2121 4335 partes
2155 4288 2196 4342 ο

430 4355 738 4426 oppositas.
785 4354 899 4406 Vox
957 4352 1166 4407 Christi
1222 4351 1386 4422 quasi
1433 4351 1788 4419 admirantis,
1850 4369 1981 4407 cum
2048 4353 2121 4408 ad

429 4441 761 4496 salvandum
800 4439 956 4494 venit
987 4456 999 4493 :
1036 4460 1058 4487 ι
1095 4440 1356 4504 Domine,
1390 4438 1550 4510 quid,
1576 4444 1685 4493 etc.
1722 4461 1744 4488 ι

503 4533 659 4585 Vens.
696 4533 749 4584 2.
796 4559 864 4568 —
925 4549 952 4577 α
1005 4529 1264 4594 Domine,
1326 4529 1484 4598 quid.
1553 4549 1574 4577 ι
1637 4528 1837 4598 (Cass)
1897 4529 2120 4584 Primus

429 4619 683 4689 psalmus
713 4617 781 4671 de
822 4617 908 4670 his
939 4616 1038 4686 qui
1071 4617 1317 4669 breviter
1348 4615 1416 4668 de
1461 4617 1728 4683 passione
1756 4622 1812 4670 et
1835 4633 2118 4671 resurrec-

427 4708 583 4761 tione
621 4706 772 4772 facit,
810 4710 1008 4758 contra
1035 4720 1153 4769 eos,
1187 4708 1243 4756 et
1271 4703 1518 4757 maxime
1549 4720 1820 4774 paganos,
1854 4707 1953 4767 qui
2006 4707 2120 4776 glo-

428 4797 570 4850 riam
602 4793 913 4864 majestatis
941 4808 1059 4874 non
1087 4796 1295 4862 putant
1318 4791 1387 4845 ad
1431 4791 1674 4846 humilia
1699 4809 1858 4863 posse
1891 4794 2120 4848 descen-

425 4886 655 5028 deV:ns.
691 4975 744 5028 3.
773 5001 843 5011 —-
878 4993 898 5020 ‹
952 4971 1110 5024 Multi
1143 4970 1360 5036 dicunt,
1393 4974 1498 5024 etc.
1534 4989 1563 5021 ιο
1614 4970 1798 5042 (Ana)
1856 4972 1953 5025 Vel
2009 4971 2116 5025 hoc

427 5062 564 5118 dicit
587 5059 980 5131 unusquisque
1016 5059 1115 5130 qui
1136 5077 1170 5113 a
1200 5059 1350 5113 vitiis
1394 5063 1451 5114 et
1475 5059 1881 5130 cupiditatibus
1921 5060 2112 5132 impu-

424 5156 649 5221 gnatur.

496 5261 518 5288 ι
589 5239 793 5293 Dicunt
837 5236 1043 5291 animm
1098 5253 1110 5291 :
1147 5237 1266 5290 Non
1299 5240 1383 5290 est
1411 5237 1585 5302 salus,
1645 5240 1751 5291 etc.
1791 5259 1812 5286 ι
1875 5237 2112 5292 Coacer-

421 5329 646 5382 vatione
675 5326 941 5381 vitiorum
990 5325 1249 5396 subrepit
1275 5324 1596 5394 desperatio
1635 5325 1915 5391 sanitatis,
1949 5326 2111 5396 quasi

1065 258 1457 314 WALAFRIDI
1495 259 1740 314 STRABl
1783 258 1978 314 FULD.
2025 258 2193 314 ΜΟΝ.
2233 260 2384 318 ΟΡΡ.
2430 259 2600 314 PARS
2639 261 2679 315 l.
2721 288 2790 297 —
2829 258 3284 316 THEOLOGICA.
3784 271 3859 324 843

449 382 692 436 sentiam
717 381 1022 453 signiﬁcat,
1043 381 1112 435 de
1143 380 1492 451 sempiterna
1513 381 1885 450 generatione
1915 381 2140 452 sapien-
2174 381 2221 434 Α
2333 383 2496 437 Vens.
2536 383 2588 434 4.
2641 412 2707 419 —

2771 404 2791 428 ι
2847 381 3152 453 Susceptor
3213 398 3376 436 meus
3427 397 3503 437 es.
3548 405 3571 435 υ
3625 387 3775 457 (ρης.)
3820 392 3864 444 ln

2258 471 2498 525 Christo.
2547 471 2762 540 Caput,
2809 470 3119 536 Christum,
3166 472 3251 525 vel
3299 476 3542 526 mentem
3595 490 3700 545 qua!
3739 480 3865 534 servit

2207 574 2216 577 λ
2256 557 2368 628 legi
2402 558 2521 612 Dei.
2557 578 2584 608 ‹‹
2617 560 2947 613 Percussisti
3000 576 3218 614 omnes.
3281 583 3302 610 ι
3351 561 3513 616 Recte
3563 561 3616 615 in
3642 565 3865 633 prtedesti-

2255 646 2488 700 natione
2516 647 2726 701 dicitur
2776 647 2846 700 de
2889 647 3116 701 diabolo
3173 653 3228 701 et
3261 647 3479 718 angelis
3508 648 3633 718 ejus.
3686 672 3709 699 ς(
3733 651 3867 721 Super

2259 736 2555 806 populum.
2612 755 2638 787 n
2692 737 2808 790 Hoc
2845 740 2930 789 est
2972 751 3447 806 unumquemque
3496 743 3736 793 nostrum.
3775 742 3868 810 (10.)

2257 821 2350 874 Vel
2401 821 2510 874 hoc
2553 819 2812 890 loquitur
2844 819 3146 873 Ecclesiam
3178 827 3235 873 et
3259 825 3432 890 caput
3461 822 3594 890 ejus,
3628 822 3749 876 inter
3777 841 3867 894 pro-

2255 909 2424 962 cellas
2471 908 2934 978 persecutionum
2992 924 3094 978 per
3139 914 3319 962 totum
3369 908 3562 964 orbem
3607 911 3865 967 constituta.

2253 997 2411 1051 Multi
2463 997 2679 1059 dicunt,
2737 996 3127 1051 Christianum
3162 1013 3394 1062 nomen,
3455 998 3770 1069 exstinguere
3800 1018 3867 1054 cu-

2253 1085 2493 1154 pientes,
2529 1104 2556 1136 α
2590 1086 2712 1139 Non
2756 1091 2839 1139 est
2869 1086 3040 1139 salus.
3087 1107 3108 1132 ι
3145 1086 3327 1139 Aliter
3373 1103 3488 1140 non
3519 1093 3771 1157 sperarent
3800 1089 3869 1142 de-

2252 1174 2369 1227 lere
2401 1173 2703 1228 Ecclesiam
2757 1175 2867 1227 late
2898 1174 3297 1244 pullulantem.
3337 1197 3358 1223 ‹
3393 1175 3694 1246 Susceptor.
3727 1198 3744 1225 ι
3768 1177 3871 1241 Quia

2245 1263 2312 1328 in
2334 1262 2556 1318 Christo
2598 1270 2859 1333 suscepta
2887 1268 3097 1317 etcum
3139 1279 3205 1317 eo
3257 1265 3518 1318 exaltata.
3551 1265 3708 1336 Caput
3733 1266 3869 1338 ipsum

2251 1350 2350 1422 qui
2391 1351 2610 1421 primus
2630 1352 2886 1406 ascendit
2923 1350 2982 1405 in
3005 1352 3232 1406 coelum.

2322 1441 2484 1494 Vens.
2518 1443 2568 1494 5.
2601 1469 2663 1480 -—-
2717 1459 2744 1490 α
2793 1441 2858 1494 Et
2916 1440 3202 1494 exaudivit
3251 1456 3343 1494 me
3398 1440 3470 1495 de
3523 1447 3717 1508 monte,
3746 1448 3866 1496 etc:

2251 1527 2311 1582 Id
2341 1534 2426 1582 est
2463 1527 2686 1583 Christo
2731 1529 2958 1583 auditur
3011 1529 3190 1582 oratio
3224 1529 3506 1595 Ecclesiae,
3561 1531 3641 1584 vel
3682 1531 3870 1600 justitia.

2323 1618 2489 1671 Vens.
2524 1620 2574 1671 6.
2607 1647 2675 1656 —
2727 1634 2751 1670 ι
2817 1618 2930 1686 Ego
2962 1617 3204 1670 dormivi
3262 1635 3275 1671 :
3313 1639 3341 1666 ››
3391 1618 3686 1672 secundum
3732 1620 3871 1672 illud:

2255 1725 2280 1756 α
2324 1707 2570 1775 Exsurge
2622 1724 2653 1759 a
2709 1708 2968 1770 mortuis,
3015 1711 3072 1759 et
3121 1705 3473 1760 illuminabit
3523 1707 3619 1760 tibi
3679 1708 3877 1760 Christus

2257 1815 2277 1842 ι
2323 1795 2543 1862 (Ephes.
2581 1795 2655 1864 v).
2709 1814 2736 1845 ι)
2771 1794 2916 1848 Nihil
2950 1796 3159 1848 mirum
3189 1793 3540 1849 Salvatorem
3568 1797 3678 1849 haec
3717 1797 3873 1860 dicere,

2251 1882 2480 1952 quando
2513 1884 2692 1936 multo
2723 1883 2941 1951 majora
2986 1899 3088 1952 pro
3138 1882 3466 1937 animarum
3525 1883 3691 1937 salute
3728 1883 3877 1954 gessit,

2250 1987 2364 2041 quo
2397 1976 2654 2042 tempore
2689 1987 2723 2024 a
2779 1987 3018 2042 corpore
3060 1971 3262 2036 abfuit,
3304 1988 3436 2042 quae
3471 1972 3528 2026 in
3581 1972 3789 2042 epistola
3811 1988 3872 2024 ca-

2249 2057 2462 2112 tholica
2482 2060 2632 2129 apud
2661 2064 2920 2112 sanctum
2952 2061 3180 2113 Petrum
3209 2065 3575 2115 recensentur
3606 2077 3619 2115 :
3653 2083 3672 2110 ι
3698 2060 3874 2125 Quando

2254 2169 2275 2196 ι
2320 2147 2389 2200 iis
2463 2146 2563 2217 qui
2633 2151 2795 2200 erant
2850 2147 2912 2199 in
2990 2163 3233 2214 carcere,
3292 2147 3588 2218 spiritibus
3665 2148 3874 2219 profectas

2252 2255 2281 2287 α
2322 2234 2672 2306 praedicavit,
2780 2233 2879 2305 qui
2917 2234 3238 2301 _increduli
3340 2237 3646 2308 aliquando
3707 2238 3873 2291 fuerant

2250 2342 2278 2374 α
2320 2325 2362 2386 (1
2395 2325 2536 2378 Petr.
2575 2326 2685 2391 In).
2725 2345 2745 2370 ι

2320 2413 2478 2466 Vens.
2539 2417 2589 2465 7.
2621 2434 2733 2459 -ι
2775 2411 2899 2464 Non
2931 2410 3144 2465 timebo
3190 2411 3390 2478 millia,
3446 2432 3474 2464 ιο
3533 2430 3656 2484 quae
3714 2428 3872 2468 nomen

2247 2501 2456 2557 Christi
2482 2505 2760 2554 conantur
2788 2501 3170 2570 exstinguere.
3192 2531 3260 2539 ——
3286 2523 3305 2548 ι
3340 2502 3608 2573 Exsurge.
3633 2524 3658 2552 ›
3689 2503 3727 2558 0
3752 2509 3875 2573 caput

2247 2589 2486 2654 Christe,
2519 2590 2575 2642 in
2604 2589 2767 2658 cujus
2795 2589 3212 2642 resurrectione
3245 2590 3394 2642 salus
3426 2596 3530 2645 est.

2317 2678 2478 2743 Vens,
2523 2679 2571 2730 8.
2613 2706 2684 2717 —
2715 2697 2740 2724 α
2773 2675 3054 2740 Quoniam
3115 2683 3177 2729 tu
3209 2677 3563 2745 percussisti,
3596 2684 3694 2733 etc.
3740 2701 3758 2727 ι
3792 2679 3879 2732 lam

2243 2770 2520 2836 regnante
2557 2764 2821 2830 Ecclesia,
2861 2763 3080 2818 inimici
3110 2764 3446 2818 confusione
3495 2769 3731 2837 percussi
3767 2771 3879 2817 sunt.

2249 2873 2277 2904 α
2343 2855 2548 2907 Dentes
2592 2858 2981 2923 peccatorum,
3048 2874 3070 2900 ι
3117 2851 3305 2918 verba,
3355 2853 3590 2919 scilicet,
3631 2854 3882 2918 maledica;
3958 2899 3959 2940 ἰ

2164 2937 2205 2992 C
2245 2941 2333 2996 vel
2365 2942 2650 3012 principes
2676 2941 2734 2994 in
2764 2940 3062 2994 interitum
3114 2940 3278 2995 ﬁunt.
3314 2942 3462 3011 Ergo
3492 2941 3714 3009 credite,
3741 2940 3884 2994 homi-

2247 3047 2366 3094 nes,
2401 3031 2552 3100 quod
2592 3051 2613 3078 σ
2651 3029 2873 3083 Domini
2917 3033 3002 3082 est
3021 3029 3193 3095 salus,
3227 3049 3254 3080 ιι
3289 3037 3344 3084 et
3368 3045 3403 3082 ο
3440 3029 3676 3084 Domine
3709 3051 3728 3078 ι
3759 3030 3884 3083 bene-

2247 3138 2275 3168 n
2307 3117 2483 3172 dictio
2515 3123 2612 3171 tua
2659 3117 2733 3171 sit
2787 3133 2960 3187 super
2998 3119 3278 3188 populum
3330 3123 3520 3172 tuum.
3557 3120 3691 3172 Voce
3719 3133 3839 3170 mea.
3864 3136 3883 3162 ν
3958 3119 3959 3194 l

2245 3206 2374 3259 Haec
2406 3204 2546 3258 mihi
2577 3205 2801 3269 merito,
2833 3204 2968 3275 quia
3000 3225 3026 3255 ει
3078 3221 3213 3259 voce
3245 3221 3392 3259 mea.
3431 3224 3457 3258 ι
3491 3205 3597 3270 Qui
3625 3205 3790 3260 bonus
3810 3211 3886 3266 est,

2243 3297 2300 3347 et
2324 3293 2475 3346 bona
2505 3293 2666 3362 petit,
2724 3309 2856 3346 voce
2885 3309 2986 3346 sua
3012 3292 3251 3359 clamat;
3313 3294 3504 3348 aliena
3556 3311 3705 3360 voce,
3735 3293 3783 3347 id
3810 3301 3885 3354 est,

2242 3381 2374 3435 vita:
2408 3396 2526 3435 sum
2558 3397 2672 3434 non
2717 3381 3113 3435 concordante.
3166 3402 3189 3430 ι
3248 3383 3361 3452 Ego
3415 3383 3683 3438 dormivi.
3715 3402 3739 3434 ιο
3770 3382 3885 3436 Finis

2243 3469 2343 3535 rei,
2376 3470 2525 3523 unde
2566 3469 2840 3540 proponit
2886 3485 3002 3523 non
3064 3469 3410 3526 timendum.
3475 3491 3504 3522 α
3540 3473 3672 3542 Ego,
3706 3490 3730 3522 ιο
3788 3485 3883 3524 cum

2240 3559 2524 3628 pondere;
2570 3558 2783 3628 quasi:
2838 3558 3078 3612 steviunt
3113 3558 3218 3625 illi,
3278 3559 3372 3614 sed
3433 3576 3554 3614 nou
3603 3561 3885 3622 dormirem,

2242 3647 2350 3700 nisi
2377 3648 2601 3702 vellem.
2639 3647 2755 3713 Vel,
2813 3647 3057 3702 dormivi
3113 3649 3562 3719 consentiendo;
3612 3653 3883 3719 soporatos,

2240 3737 2388 3790 male
2471 3735 2796 3806 operando;
2884 3736 3194 3805 exsurrexi,
3269 3742 3503 3807 peccata
3601 3735 3883 3790 deserendo.

2243 3845 2263 3871 ι
2300 3822 2601 3888 Quoniam.
2640 3845 2665 3871 ιο
2721 3823 2914 3891 (Αυθ.)
2951 3823 3072 3877 Non
3104 3823 3496 3892 retropendet,
3546 3841 3661 3878 non
3693 3829 3890 3894 praeter-

2238 3927 2304 3964 ea
2353 3911 2572 3965 salvum
2621 3910 2757 3965 facit
2807 3910 2942 3981 quia
2994 3912 3321 3981 percussit:
3371 3912 3471 3966 sed
3523 3912 3656 3966 inde
3701 3908 3887 3966 contriti

2235 4003 2369 4054 sunt
2425 3999 2642 4067 dentes,
2689 3999 2822 4070 quia
2857 3999 3162 4068 percussit;
3197 3999 3251 4053 id
3283 4005 3387 4066 est,
3441 4001 3720 4056 maledica
3759 3999 3891 4053 verba

2235 4087 2295 4141 in
2329 4087 2555 4141 irritum
2611 4087 2782 4141 ducta
2826 4091 2991 4154 sunt;
3043 4088 3152 4156 vel,
3209 4087 3427 4155 dentes,
3473 4095 3610 4143 sunt
3641 4089 3735 4160 qui
3761 4101 3890 4158 quos

2237 4177 2369 4231 dam
2399 4175 2468 4230 de
2508 4191 2747 4230 numero
2795 4181 3119 4230 sanctorum
3166 4177 3510 4248 praecidunt,
3547 4183 3605 4232 et
3631 4179 3784 4232 malis
3825 4175 3892 4228 in-

2237 4270 2560 4336 corporant.

2873 4335 3092 4391 PSALll
3104 4335 3186 4390 US
3232 4335 3322 4388 IV.

2301 4443 2462 4496 Vens.
2499 4445 2547 4496 1.
2581 4471 2649 4481 -
2689 4461 2714 4491 α
2738 4441 2798 4495 ln
2821 4441 3015 4495 ﬁnem.
3058 4462 3086 4489 »
3120 4441 3307 4511 (AUG.)
3343 4441 3494 4495 Finis
3531 4441 3750 4497 duobus
3778 4438 3890 4493 dici-

2228 4535 2324 4584 tur
2353 4530 2560 4596 modis,
2587 4529 2817 4600 quando
2849 4529 3064 4601 aliquid
3087 4529 3299 4597 deﬁcit,
3326 4531 3411 4583 vel
3441 4532 3679 4601 quando
3704 4526 3892 4602 perﬁci-

2227 4622 2339 4672 tur.
2395 4617 2580 4688 (lbid.)
2637 4618 2932 4672 Canticum
2966 4617 3226 4672 laetitiam
3274 4617 3512 4674 indicat.
3553 4619 3753 4674 Psalmi
3789 4621 3891 4670 sunt

2227 4706 2328 4778 qui
2356 4711 2657 4760 cantantur
2687 4707 2757 4762 ad
2787 4706 3146 4777 psalterium,
3180 4723 3293 4777 quo
3325 4707 3383 4761 in
3410 4723 3628 4776 magno
3662 4704 3888 4779 mysterio

2228 4810 2361 4848 usus
2431 4801 2518 4848 est
2556 4796 2860 4866 Propheta.
2914 4816 2942 4845 ‹‹
3004 4796 3280 4862 Psalmus,
3347 4815 3374 4847 ιο
3423 4797 3497 4850 de
3559 4797 3802 4850 moribus
3839 4791 3890 4844 ad

2225 4884 2531 4954 agendum,
2593 4889 2657 4938 ut
2711 4883 3049 4938 deserantur
3099 4884 3227 4938 falsi
3287 4884 3368 4938 dii
3428 4890 3486 4939 et
3527 4901 3674 4939 vana
3702 4880 3887 4943 sa‘culi;

2229 4995 2250 5022 ι
2286 4972 2521 5038 Cantici,
2581 4991 2608 5023 »
2645 4973 2780 5044 quia
2820 4973 2884 5026 ﬁt
2913 4972 3131 5027 mentio
3163 4973 3232 5027 de
3286 4978 3506 5028 aeterna
3544 4973 3888 5045 jucunditate.

2296 5063 2454 5115 Vens.
2512 5065 2564 5116 2.
2628 5091 2697 5101 —
2763 5081 2792 5110 «
2847 5061 2988 5116 Cum
3059 5061 3406 5127 invocarem,
3462 5069 3574 5116 etc.
3638 5081 3665 5113 ιι
3720 5055 3886 5122 (Ciss)

2222 5149 2490 5220 Exemplo
2536 5150 2623 5203 sui
2655 5150 2910 5220 increpat
2957 5149 3216 5204 inﬁdeles
3267 5150 3336 5205 de
3368 5150 3547 5205 falsis.
3589 5173 3609 5200 α
3669 5143 3886 5204 Dilatasti

2222 5238 2381 5293 mihi.
2444 5256 2471 5289 ι)
2521 5238 2726 5308 (Ῑὺὶά.)
2770 5239 2855 5293 Ab
2902 5238 3179 5309 angustiis
3235 5238 3481 5292 tristitia:
3514 5238 3576 5292 in
3626 5234 3881 5290 latitudine

2220 5325 2415 5395 gaudii
2467 5326 2700 5395 duxisti,
2748 5343 2807 5381 ν.
2871 5348 2893 5375 ι
2977 5327 3302 5382 Gaudemus
3345 5327 3404 5381 iu
3450 5323 3878 5382 tribulationibus

419 5416 571 5468 vitiis
614 5413 1018 5468 insultantibus
1083 5413 1328 5478 animae;
1388 5413 1476 5468 vel
1533 5415 1709 5468 etiam
1763 5412 2005 5468 diabolis
2051 5420 2111 5468 et
2217 5416 2458 5470 scientes
2527 5415 2678 5487 quod
2735 5415 3053 5486 tribulatio,
3111 5420 3217 5470 etc.
3304 5437 3328 5466 κ
3389 5416 3566 5486 (Rom.
3628 5417 3704 5483 v.)
3753 5411 3880 5468 Prius

418 5502 638 5574 angelis
667 5505 812 5571 ejus,
845 5517 950 5572 per
977 5501 1396 5572 suggestiones.

2216 5502 2490 5558 indicavit
2527 5520 2585 5558 se
2636 5503 2899 5559 auditum
2940 5519 2953 5557 :
2981 5504 3100 5575 jam
3155 5503 3319 5575 quasi
3358 5503 3583 5558 habens
3637 5503 3695 5557 in
3744 5496 3882 5555 corde
