4082 6184
170 319 281 373 849

1300 322 1557 378 GLOSSA
1585 324 1988 380 ORDINARIA.
2033 359 2095 367 —
2143 330 2267 383 LIB.
2317 329 2551 383 PSALM.

3575 337 3677 388 8ῦο

168 440 373 506 Deum,
423 441 476 495 ei
526 440 783 511 loquitur
816 461 844 491 ‹
890 440 1155 496 Miserere
1214 444 1346 497 mei.
1396 465 1423 496 ιο
1496 447 1753 501 Misertus
1799 454 1867 501 de
1899 452 1941 503 Α
1983 452 2087 504 bus
2124 452 2391 505 humanis
2423 453 2597 523 magis
2632 453 2999 507 accommoda
3032 470 3135 523 pro
3166 455 3435 510 omnibus
3466 457 3677 511 divitiis

157 526 385 595 justitia
449 532 505 582 et
526 528 821 584 dilatione.
874 532 1037 598 Item,
1069 530 1338 585 miserere
1369 538 1566 588 contra
1610 536 1867 590 miserias

166 614 340 683 hujus
370 615 523 670 vitae.
562 639 589 666 «
620 617 948 672 Orationem
973 636 1178 674 meam.
1214 642 1239 669 n
1275 622 1349 675 De
1382 623 1643 693 petendis
1677 624 1864 678 bonis.

168 702 232 755 Et
254 719 383 757 cum
414 704 495 758 ita
515 704 584 759 de
616 721 728 771 me,
764 725 791 757 α
844 706 969 761 Filii
997 708 1318 775 hominum,
1365 727 1665 782 usquequo
1710 713 1868 783 gravi

163 792 333 846 corde
356 792 383 848 7
412 813 439 844 ν

240 880 402 934 Vens.
450 884 499 935 3.
562 911 620 921 —
674 902 700 931 «
746 882 990 954 Diligitis
1058 885 1391 952 vanitatem,
1441 892 1546 942 etc.
1588 910 1616 938 ι
1668 890 1865 958 (Cass)

164 968 303 1021 Voto
361 969 789 1041 amplexamini,
836 972 1095 1042 quaeritis
1142 974 1337 1029 labore
1406 991 1549 1030 vana
1602 976 1774 1042 idola,
1810 984 1867 1031 et

162 1057 485 1126 mendacia,
519 1076 647 1129 qua:
678 1076 789 1113 non
826 1061 970 1115 Deus
1004 1078 1015 1115 :
1048 1063 1135 1116 vel
1180 1067 1427 1133 terrena,
1477 1081 1605 1136 quas
1644 1082 1757 1120 non
1789 1068 1867 1123 fa-

160 1144 320 1199 ciunt
352 1147 507 1217 quod
537 1148 899 1218 promittunt.

230 1236 413 1289 Vens.
462 1237 515 1290 4.
574 1266 644 1276 -
676 1255 707 1291 α
770 1239 833 1292 Et
874 1238 1091 1305 scitote,
1147 1244 1254 1294 etc.
1294 1261 1316 1289 ι
1368 1242 1664 1313 Proposito
1714 1260 1862 1298 novo

158 1324 396 1378 homine
456 1330 706 1379 veterem
762 1326 921 1395 iubet
979 1344 1207 1383 exuere.
1269 1328 1457 1400 (Αυα.)
1520 1332 1680 1396 Nota,
1721 1354 1741 1381 ε
1801 1335 1863 1387 Et

156 1414 219 1469 in
246 1413 430 1468 initiis
481 1414 638 1485 poni,
698 1420 761 1469 ut
792 1415 961 1480 dicta,
1011 1433 1139 1471 cum
1190 1417 1403 1472 visione
1434 1436 1563 1491 quas
1603 1421 1660 1474 in
1692 1423 1861 1477 corde

158 1506 245 1555 est
280 1502 609 1572 coniungat,
644 1502 723 1556 ita
755 1502 864 1571 hic,
895 1510 992 1557 ut:
1029 1525 1056 1555 (ί
1113 1506 1297 1559 Nolite
1330 1506 1568 1577 diligere
1598 1524 1759 1563 vana.
1794 1511 1861 1564 Et

155 1590 379 1644 scitote.
416 1613 436 1637 ι
500 1591 609 1645 Sed
656 1592 972 1662 diapsalma
1029 1592 1105 1647 sic
1175 1595 1451 1665 conjungi
1502 1601 1670 1651 vetat.
1730 1599 1855 1651 Dia-

155 1679 381 1749 psalma
444 1680 760 1735 secundum
848 1682 1260 1753 Hieronymum
1318 1699 1564 1755 semper,
1639 1686 1857 1741 Hebrzpi

152 1768 305 1831 Sela,
349 1767 405 1821 id
454 1772 559 1835 est,
618 1785 844 1839 semper
892 1769 949 1824 in
1000 1771 1438 1825 conﬁrmatione
1490 1776 1859 1844 praecedentis

151 1857 356 1926 partis.
406 1857 783 1927 Sympsalma,
825 1858 882 1911 id
934 1865 1033 1923 est,
1071 1861 1400 1929 conjunctio
1434 1863 1659 1931 psalmi.
1687 1882 1713 1914 α
1758 1866 1860 1918 Do-

153 1945 350 1999 minus
407 1946 689 1999 exaudiet.
727 1967 754 1996 »
812 1948 887 2001 De
946 1948 1141 2017 requie
1176 1949 1271 2016 ita,
1330 1954 1386 2003 et
1442 1966 1573 2005 vos:
1631 1956 1688 2005 et
1728 1952 1855 2006 ideo

150 2035 419 2102 clamate,
450 2033 527 2087 sic
566 2033 723 2104 digni
755 2035 969 2089 auditu.

226 2123 387 2177 Vens.
422 2124 473 2175 5.
502 2154 568 2162 -
614 2142 639 2173 α
694 2124 1028 2179 Irascimini.
1056 2147 1082 2173 ιο
1132 2124 1188 2180 Si
1226 2130 1415 2180 motus
1464 2127 1646 2197 surgit
1675 2128 1853 2183 animi

149 2210 254 2282 qui
270 2228 384 2265 non
414 2216 498 2265 est
520 2212 579 2265 in
600 2216 900 2281 potestate,
917 2229 1031 2266 non
1055 2213 1106 2267 ei
1132 2214 1449 2269 consentiat
1471 2215 1633 2270 ratio.
1658 2217 1851 2285 (Cass)

148 2300 333 2353 Motus
362 2298 537 2351 animi
595 2300 652 2351 in
708 2305 988 2371 potestate
1050 2305 1245 2353 nostra
1302 2317 1423 2354 non
1477 2306 1579 2363 est,
1611 2302 1709 2355 sed
1752 2303 1851 2357 Dei

146 2388 333 2458 gratia
362 2392 681 2458 temperare
714 2404 1054 2457 possumus:
1108 2388 1263 2459 quod
1314 2405 1452 2459 ergo
1484 2391 1847 2444 consuetudi-

147 2477 239 2531 nis
268 2480 372 2541 est,
405 2476 722 2545 permittit;
747 2476 897 2547 quod
926 2478 1127 2547 culpae,
1162 2477 1444 2547 prohibet.

217 2566 377 2635 (Ilien
418 2567 436 2631 )
490 2564 609 2618 Hoc
655 2566 818 2619 docet
852 2567 1192 2636 Apostolus:
1228 2584 1255 2615 α
1315 2566 1407 2620 Sol
1462 2583 1578 2620 non
1616 2566 1838 2621 occidat

152 2675 177 2701 α
212 2670 387 2724 super
429 2653 779 2707 iracundiam
830 2659 1074 2707 vestram
1129 2654 1339 2723 (Ephes.
1389 2658 1487 2721 ιν),
1518 2674 1543 2704 π
1608 2660 1668 2707 ut
1714 2672 1843 2724 pec-

147 2748 343 2797 catum
372 2742 443 2797 sit
494 2742 730 2796 omnino
786 2743 869 2796 vel
924 2742 1127 2796 leviter
1170 2742 1628 2812 irascizjustitia
1650 2753 1843 2798 autem

150 2833 298 2885 iram
329 2831 498 2885 celeri
544 2830 898 2902 paenitudine
956 2830 1241 2900 mitigare.
1276 2852 1304 2880 ar
1359 2832 1423 2884 In
1453 2832 1720 2885 cordibus
1751 2849 1842 2885 ve-

148 2939 178 2970 α
212 2920 362 2974 stris.
396 2921 579 2988 (AL‘G)
622 2922 698 2974 De
728 2919 817 2973 his
859 2936 987 2991 qua:
1039 2920 1292 2973 tractatis
1344 2920 1403 2973 in
1431 2921 1621 2988 corde,
1666 2936 1839 2990 quem

1984 541 2145 610 pouit

2052 628 2207 682 Vens.
2245 633 2274 682 9
2342 658 2408 668 —
2441 630 2557 682 «In
2613 645 2747 698 pace
2805 629 2866 683 in
2923 629 3191 699 idipsum.
3231 652 3257 682 »
3320 632 3512 703 (Cass)
3562 637 3675 705 Ego

1978 721 2171 769 autem
2205 717 2262 769 in
2295 732 2429 786 pace
2464 718 2667 770 mentis
2714 718 3017 785 dormiam,
3074 720 3163 773 hic
3211 720 3423 775 oblitus
3453 724 3672 788 mundi,

1977 809 2033 856 et
2062 805 2415 874 requiescam
2452 807 2508 858 in
2529 804 2719 859 futuro
2753 822 2765 859 :
2818 806 2953 877 quia
3008 808 3129 877 jam
3156 808 3216 861 in
3252 826 3363 861 una
3397 827 3517 880 spe,
3556 828 3675 864 non

1977 890 2035 944 iu
2099 892 2518 963 multiplicitate
2576 894 2784 947 seaculi.
2827 917 2846 940 ι
2917 897 2973 948 In
3010 912 3142 965 pace
3194 896 3477 951 dormiam
3510 903 3564 951 et
3591 915 3672 951 re-

1978 1002 2003 1028 ι
2038 981 2347 1052 quiescam.
2377 1002 2403 1031 »
2438 982 2623 1052 (Auc.)
2670 983 2753 1036 Ab
2802 984 3066 1037 omnibus
3120 985 3309 1039 saeculi
3362 1002 3491 1040 cum
3520 1003 3670 1039 mor-

1974 1070 2085 1123 tale
2109 1070 2215 1123 hoc
2271 1070 2469 1124 induet
2509 1070 2997 1125 immortalitatem
3037 1089 3049 1125 :
3110 1079 3166 1126 et
3216 1074 3323 1127 hoc
3378 1091 3507 1128 vere
3540 1076 3666 1139 erit,

1974 1158 2108 1229 quia
2133 1159 2252 1229 jam
2298 1164 2383 1211 est
2430 1176 2554 1228 spes
2586 1176 2596 1212 :
2633 1164 2688 1213 et
2740 1160 2847 1212 huc
2904 1166 2987 1214 est
3021 1178 3032 1213 :
3072 1186 3089 1207 υ
3126 1162 3403 1225 Quoniam
3438 1170 3520 1228 tu,
3557 1165 3669 1216 Do-

1979 1267 1999 1292 ι
2032 1246 2205 1311 mine,
2240 1266 2267 1293 ››
2302 1252 2357 1299 et
2387 1247 2636 1317 profecto
2668 1247 2776 1299 erit
2805 1249 2956 1317 quod
3001 1256 3281 1318 speratur.

2612 1388 2921 1443 PSALMUS
2992 1390 3051 1442 V.

2045 1511 2204 1565 Vens.
2258 1514 2304 1564 l.
2346 1541 2415 1549 —
2447 1533 2466 1558 α
2524 1512 2633 1565 Pro
2680 1527 2747 1565 ea
2794 1528 2923 1582 quas
2962 1513 3332 1583 consequitur
3359 1514 3663 1569 haeredita-

1970 1603 2106 1653 tem.
2148 1619 2168 1646 ι
2203 1597 2346 1661 Quia
2398 1598 2490 1652 hic
2548 1599 2861 1652 honoratur
2910 1599 3001 1653 cui
3057 1600 3318 1655 habenda
3366 1602 3665 1657 hasreditas

1970 1687 2307 1750 afﬁrmatur,
2369 1703 2400 1740 a
2466 1703 2579 1757 qua
2617 1688 2825 1740 temula
2881 1688 3215 1742 excluditur.
3275 1691 3517 1744 Ecclesia
3558 1698 3662 1761 est,

1970 1793 2098 1847 quae
2149 1776 2561 1837 haereditatem,
2601 1775 2660 1829 id
2717 1781 2819 1843 est,
2878 1776 3051 1829 vitam
3130 1783 3425 1844 mternam,
3472 1779 3661 1849 ipsum

1970 1867 2151 1919 Deum
2225 1864 2451 1933 accipit,
2510 1880 2639 1934 quas
2710 1864 2801 1918 hic
2857 1865 3112 1934 loquitur
3171 1866 3239 1919 de
3305 1867 3658 1935 haereditate,

1968 1968 2141 2022 quam
2176 1952 2283 2004 sibi
2315 1951 2473 2021 petit,
2506 1957 2560 2005 et
2592 1952 2813 2017 asserit,
2872 1954 3139 2007 mmulam
3200 1954 3391 2007 dicens
3421 1956 3658 2009 excludi.

1968 2040 2169 2109 (Beas)
2202 2040 2263 2093 Id
2289 2044 2394 2106 est,
2425 2056 2529 2109 pro
2571 2040 2832 2107 Ecclesia,
2883 2057 3013 2110 qua:
3047 2042 3268 2095 Christo
3307 2048 3657 2113 resurgente,

1963 2128 2246 2182 bonorum
2294 2128 2679 2196 spiritualium
2733 2129 2880 2181 dona
2930 2129 3203 2198 percepit,
3266 2145 3395 2199 qua:
3451 2135 3507 2182 et
3538 2128 3660 2198 ipsa

1962 2232 2380 2287 nonnunquam
2437 2215 2663 2269 Domini
2702 2220 2932 2268 vocatur
2980 2216 3300 2280 basi-editas,
3335 2216 3496 2285 cujus
3523 2232 3656 2285 pre-

1959 2305 2106 2358 tioso
2164 2309 2247 2358 est
2307 2303 2584 2373 sanguine
2649 2307 3010 2373 comparata:
3068 2304 3221 2357 unde
3270 2303 3483 2357 dictum
3534 2308 3654 2358 est:

1962 2413 1988 2445 α
2022 2394 2313 2448 Postulaa
2343 2409 2456 2457 me,
2511 2397 2567 2446 et
2617 2392 2764 2445 dabo
2822 2390 2927 2444 tibi
2974 2396 3192 2460 gentes,
3255 2392 3652 2446 hereditatem

1961 2496 2195 2535 «tuam.
2241 2502 2263 2529 ι
2306 2482 2478 2534 Totus
2536 2495 2671 2550 ergo
2720 2480 2973 2549 psalmus
3005 2496 3037 2532 a
3091 2496 3337 2550 persona
3365 2481 3653 2535 catholica:

1958 2568 2244 2638 profertur
2298 2567 2581 2632 Ecclesiae,
2635 2584 2763 2638 quas
2815 2566 3001 2636 prima
3054 2568 3300 2621 sectione
3332 2570 3649 2622 orationem

1957 2672 2116 2710 suam
2175 2656 2360 2727 poscit
2388 2656 2594 2721 audiri,
2653 2655 2948 2709 heareticos
2979 2660 3035 2709 et
3090 2655 3472 2709 schismaticos
3504 2673 3648 2727 prae-

1954 2744 2149 2798 dicans
2180 2763 2211 2798 a
2267 2744 2491 2798 Domini
2549 2743 2886 2797 muneribus
2938 2759 3058 2797 esse
3108 2746 3517 2800 excludendos.
3553 2746 3652 2800 Se-

1953 2833 2139 2886 cunda
2218 2832 2468 2885 sectione
2522 2848 2623 2902 per
2651 2832 3005 2885 intellectum
3062 2832 3481 2901 Scripturarum
3515 2834 3651 2887 divi-

1954 2937 2157 2975 narum
2215 2926 2367 2974 recto
2426 2920 2649 2974 tramite
2709 2919 2883 2990 dirigi
2932 2936 2988 2973 se
3064 2921 3134 2974 ad
3192 2920 3348 2975 illam
3431 2922 3647 2976 felicem

142 3010 303 3065 novit
336 3011 483 3065 Deus
516 3026 528 3063 :
562 3008 617 3063 id
656 3011 760 3069 est,
793 3008 862 3062 de
892 3025 1169 3063 consensu
1199 3025 1213 3074 ;
1251 3013 1307 3062 et
1335 3008 1404 3062 de
1437 3008 1523 3061 his
1572 3024 1699 3079 quae
1734 3009 1841 3062 vol-
1871 3012 1912 3066 C
1952 3010 2193 3081 patriam
2225 3009 2578 3079 deprecatus,
2612 3007 2860 3078 perﬁdos
2910 3007 3041 3061 inde
3072 3025 3328 3062 asserens
3394 3010 3648 3065 funditus

140 3099 271 3152 vitis
319 3100 377 3152 in
428 3098 619 3164 cubili,
668 3097 723 3152 id
775 3101 859 3151 est
909 3098 1287 3151 delectatione
1350 3096 1559 3156 carnis.
1618 3096 1678 3149 in
1730 3114 1841 3167 qua

136 3188 368 3260 captiva
398 3193 651 3242 versatur
708 3186 870 3250 ratio,
903 3194 968 3240 ut
1002 3186 1121 3240 fera
1154 3186 1213 3239 in
1259 3186 1453 3251 cubili,
1483 3206 1504 3234 ι
1557 3186 1843 3256 Compuu-

137 3297 164 3326 α
203 3276 430 3346 gimini,
473 3300 492 3323 ι
546 3291 646 3344 per
714 3274 1148 3345 paenitentiam;
1192 3274 1277 3326 vel
1327 3273 1537 3327 cubilia
1585 3279 1718 3327 sunt
1748 3290 1839 3326 co-

134 3365 450 3437 gitationes
475 3363 768 3418 ferocium.
802 3363 989 3431 (Cass)
1044 3361 1288 3416 Venialis
1346 3368 1430 3415 est
1458 3362 1540 3414 ira
1569 3378 1695 3432 qum
1724 3378 1837 3414 non

133 3452 370 3506 ducitur
432 3452 501 3507 ad
584 3452 865 3507 effectum.
946 3451 1284 3522 Diapsalma.
1321 3472 1345 3500 et
1398 3450 1742 3504 Sacriﬁcate.
1814 3472 1835 3497 ι

136 3542 337 3609 (Cass)
367 3541 629 3611 Deposito
658 3540 836 3594 veleri
858 3540 1114 3607 homine,
1150 3556 1252 3592 nos
1286 3540 1343 3593 iu
1396 3539 1841 3609 sacriliciumju-

136 3630 347 3683 bemur
376 3629 588 3695 offerri,
630 3629 765 3701 quia
793 3627 935 3683 certi
967 3630 1035 3682 de
1086 3628 1273 3683 bonis.
1326 3629 1465 3697 (Anc
1505 3630 1523 3697 )
1555 3648 1584 3681 α
1614 3629 1837 3683 Sacriﬁ-

136 3739 165 3769 α
194 3718 349 3772 cium
376 3717 635 3789 justitise,
670 3740 691 3767 ι
754 3717 991 3788 spiritus
1046 3717 1490 3785 contribulatus,
1552 3723 1615 3770 ut
1642 3734 1699 3769 se
1733 3734 1837 3786 pu-

130 3807 304 3861 niens
346 3811 550 3861 mactet
584 3807 695 3860 Deo
724 3822 737 3860 :
772 3808 881 3871 vel,
907 3822 1080 3877 opera
1106 3806 1258 3876 justa
1287 3811 1412 3875 post
1445 3805 1838 3875 pmnitentiam

130 3896 289 3968 quod
324 3901 485 3950 notat
505 3896 840 3966 diapsalma,
876 3900 936 3948 ut
965 3895 1034 3948 de
1066 3894 1241 3948 veteri
1272 3894 1386 3947 vita
1416 3898 1737 3947 transeatur
1766 3894 1835 3948 ad

131 4000 369 4048 novam,
421 3989 475 4037 et
525 3982 605 4036 sic
654 3988 875 4053 sperate
934 3983 1107 4036 bona.
1179 3981 1285 4037 Sed
1317 3980 1453 4052 quia
1509 3981 1599 4034 vix
1628 3986 1714 4035 est
1739 3981 1833 4051 qui

130 4073 342 4141 diligat
365 4071 640 4125 interiora
668 4072 838 4139 bona,
874 4070 1063 4125 subdit
1086 4087 1099 4124 :

203 4162 376 4215 Vens.
410 4165 459 4213 6.
497 4192 560 4201 —
599 4184 619 4207 ι
673 4160 829 4214 Multi
879 4161 1108 4214 dicunt:
1169 4158 1307 4223 Quis
1366 4157 1614 4212 ostendit
1670 4156 1834 4211 nobis

136 4271 157 4296 ι
197 4248 353 4302 bona
380 4250 410 4301 ?
442 4270 468 4299 ι)
500 4250 732 4316 Futura,
766 4249 976 4302 scilicet
998 4248 1066 4301 de
1098 4247 1307 4318 quibus
1354 4246 1619 4300 dubitant
1647 4251 1703 4299 et
1731 4246 1827 4300 de-
1871 4285 1913 4339 Β

131 4342 392 4407 sperant.
425 4338 510 4391 Ad
540 4338 692 4408 quod
743 4337 1093 4407 respondens
1142 4336 1395 4389 ostendit
1426 4334 1674 4388 breviter
1703 4350 1829 4405 quae

133 4426 290 4481 bona
318 4431 455 4478 sunt
492 4425 821 4496 quaerenda.

205 4515 373 4567 Vens.
427 4519 479 4568 7.
532 4543 602 4553 —
653 4532 679 4564 α
739 4514 1034 4584 Signatum
1091 4517 1176 4567 est
1230 4529 1401 4583 super
1453 4528 1558 4566 nos
1615 4512 1831 4578 lumen,

129 4607 243 4655 etc.
276 4623 303 4651 s
335 4602 524 4670 (Ana)
560 4603 669 4656 Hoc
701 4602 893 4656 lumen
924 4607 1010 4657 est
1041 4606 1243 4666 totum,
1277 4606 1332 4654 et
1360 4616 1557 4654 verum
1586 4599 1834 4653 nominis

128 4691 376 4755 bonum,
438 4706 552 4759 quo
608 4690 887 4760 signatur,
921 4695 983 4743 ut
1032 4689 1299 4744 denarius
1354 4689 1604 4760 imagine
1662 4687 1829 4759 regis.

136 4802 158 4825 ιι
200 4779 445 4832 Lumen.
486 4796 512 4827 »
548 4777 731 4847 (Ars)
765 4778 1000 4844 Lumen,
1032 4778 1089 4831 id
1138 4782 1241 4843 est,
1279 4776 1593 4830 luminosus
1624 4776 1831 4836 vultus,

124 4872 187 4921 et
231 4866 569 4920 illuminans
624 4882 748 4927 nos.
810 4868 1001 4938 imago
1064 4882 1177 4937 qua
1224 4866 1598 4936 cognosceris.
1633 4864 1831 4935 (Cass)

127 4956 228 5008 Vel
259 4971 272 5007 :
304 4957 452 5012 Crux
478 4954 645 5007 nobis
676 4954 951 5024 impressa
972 4959 1073 5018 est,
1106 4954 1167 5007 in
1193 4954 1421 5024 signum
1454 4953 1605 5024 regis
1628 4951 1829 5016 nostri,

126 5060 267 5114 qua:
299 5048 381 5097 est
436 5045 629 5096 lumen
672 5044 861 5097 vultus
895 5060 907 5096 :
945 5043 1081 5113 quia
1110 5044 1171 5096 in
1210 5042 1418 5096 talibus
1448 5042 1631 5095 radiat
1663 5042 1829 5120 Deus.

126 5133 333 5199 Imago
385 5129 708 5196 creationis,
767 5131 952 5195 ratio;
989 5130 1375 5197 recreationis,
1410 5129 1592 5199 gratia
1626 5144 1642 5198 ;
1676 5128 1833 5181 simi-

124 5217 415 5284 litudinis,
447 5223 562 5270 tota
584 5218 848 5272 Trinitas.
882 5238 907 5269 «
942 5220 1001 5272 In
1030 5218 1218 5272 corde.
1270 5238 1297 5268 ››
1329 5217 1517 5287 (Aes)
1548 5219 1671 5271 Non
1698 5216 1837 5270 foris

129 5308 188 5361 in
218 5305 407 5371 vanis,
442 5306 535 5359 sed
591 5306 746 5360 intus
776 5307 875 5361 ubi
930 5307 1145 5361 habitat
1201 5308 1365 5372 Deus,
1401 5307 1712 5377 quaerenda
1752 5310 1836 5359 est

132 5394 361 5450 laetitia.

202 5486 374 5537 Vens.
410 5487 467 5538 8.
508 5516 571 5523 —
605 5503 631 5534 ι(
684 5487 728 5539 Α
758 5484 969 5539 fructu.
1005 5506 1031 5534 ››
1090 5485 1287 5553 (Cass)
1347 5483 1487 5549 Quia
1541 5488 1748 5554 putant
1775 5484 1833 5538 in

136 5574 223 5628 bis
271 5578 737 5628 consummatum
802 5574 1037 5629 bonum.
1093 5576 1221 5628 Haec
1274 5573 1381 5627 tria
1412 5577 1681 5643 tanquam
1714 5572 1832 5626 usi-

1953 3099 2080 3153 ﬁeri
2104 3099 2341 3152 alienos.
2370 3096 2455 3151 Ad
2513 3101 2867 3166 postremum
2924 3112 3381 3151 commemorans
3411 3100 3649 3168 praemia

1951 3189 2270 3251 beatorum,
2327 3190 2391 3239 ut
2449 3202 2564 3239 una
2612 3184 3019 3254 praedicatione
3077 3190 3130 3238 et
3173 3187 3350 3239 malos
3378 3187 3647 3256 prcedicta

1948 3292 2118 3347 poena
2146 3278 2521 3341 converteret,
2573 3278 2629 3327 et
2649 3273 2833 3343 justos
2888 3273 3164 3343 promissa
3196 3275 3432 3343 praemia
3462 3276 3644 3327 couci-

1950 3368 2158 3419 tarent.

2018 3452 2177 3506 Vens.
2240 3454 2292 3505 ‘2.
2350 3480 2417 3490 -—
2452 3472 2473 3499 ι
2532 3449 2713 3503 Verba
2770 3464 2976 3502 mea.»
3038 3448 3237 3519 (Cass)
3294 3448 3389 3504 Hic
3456 3451 3643 3505 innuit

1948 3540 2227 3612 propheta
2278 3540 2489 3594 trinam
2558 3538 2876 3593 orationem
2936 3554 3056 3591 esse
3104 3538 3445 3593 faciendam.
3502 3540 3643 3593 Sunt

1948 3631 2103 3683 enim
2132 3630 2241 3683 tria
2300 3628 2637 3699 principalia
2690 3628 2823 3681 vitia
2880 3626 2941 3680 in
2992 3627 3299 3697 prosperis,
3330 3628 3440 3681 tria
3460 3627 3518 3680 in
3538 3629 3642 3682 ad-

1945 3718 2161 3770 versis:
2197 3724 2398 3769 contra
2424 3733 2552 3785 quae
2613 3716 2823 3768 trinam
2894 3715 3171 3767 debemus
3216 3713 3398 3767 facere
3429 3713 3640 3767 oratio-

1947 3822 2104 3859 nem.
2145 3806 2208 3858 In
2241 3804 2548 3874 prosperis,
2610 3808 2808 3856 contra
2860 3801 3045 3855 carnis
3097 3801 3635 3871 concupiscentiam,

1944 3898 2142 3947 contra
2171 3892 2688 3961 concupiscentiam
2727 3891 3047 3950 oculorum,
3086 3894 3285 3943 contra
3318 3890 3639 3959 superbiam

1944 3981 2093 4036 vitae.
2122 3983 2186 4035 In
2231 3979 2499 4047 adversis,
2567 3983 2762 4031 contra
2815 3978 3083 4031 timorem
3129 3977 3351 4044 mortis,
3379 3977 3637 4047 periculi,

1945 4069 2226 4125 utilitatis.
2281 4068 2472 4135 (lbid.)
2526 4067 2696 4122 Trina
2725 4066 2929 4132 oratio,
2986 4066 3179 4131 verba,
3243 4065 3358 4118 oris
3399 4067 3642 4135 psalmo-

1945 4158 2466 4223 diam,clamorem.
2493 4154 2680 4209 cordis
2708 4152 3142 4221 alfectum,ideo
3168 4170 3181 4206 :
3228 4173 3253 4203 «
3286 4153 3581 4207 Exaudies.
3608 4176 3635 4203 ››

1946 4249 2081 4302 Ecce
2136 4251 2223 4300 ter
2281 4246 2348 4300 de
2408 4245 2629 4299 eodem.
2670 4266 2691 4293 ι
2736 4242 3004 4297 Auribus.
3039 4263 3065 4292 ι
3118 4246 3298 4296 Aures
3356 4241 3455 4296 Dei
3510 4247 3642 4295 sunt

1944 4335 2215 4409 potentia,
2279 4332 2599 4389 clementia.
2658 4331 2936 4397 Potentia,
2970 4348 3081 4402 qua
3139 4335 3367 4401 potest;
3400 4332 3640 4383 clemen-

1942 4426 2021 4479 tia
2037 4440 2150 4495 qua
2170 4424 2287 4478 vult
2309 4422 2507 4477 audire
2531 4421 2670 4487 ;nisi
2725 4420 2878 4475 enim
2904 4424 3049 4475 esset
3074 4419 3396 4481 clementia,
3429 4418 3640 4472 nullius

1942 4529 2138 4584 preces
2159 4511 2473 4566 exaudiret.

2012 4603 2170 4656 Vens.
2204 4604 2253 4655 3.
2318 4617 2444 4651 —-«
2500 4599 2654 4653 Voci.
2708 4619 2733 4646 ››
2797 4599 2898 4652 Illa
2951 4597 3135 4651 oratio
3200 4612 3393 4649 vocem
3448 4595 3636 4659 habet,

1943 4705 2072 4761 quae
2102 4694 2188 4743 est
2218 4688 2390 4759 digna
2413 4687 2623 4741 audiri.
2667 4708 2693 4737 «
2731 4688 2868 4741 Rex.
2904 4704 2930 4736 ι›
2964 4687 3103 4755 {Anc
3135 4686 3150 4753 )
3186 4684 3413 4754 Proprie
3444 4682 3635 4747 Filius,

1943 4780 2087 4834 bene
2120 4778 2305 4848 primo
2331 4794 2446 4838 rex,
2480 4776 2614 4846 quia
2640 4762 2761 4846 per
2789 4791 2918 4827 eum
2979 4774 3092 4827 itur
3122 4773 3189 4826 ad
3226 4775 3467 4833 Patrem,
3492 4770 3640 4824 unde

1943 4867 2135 4922 subdit
2164 4883 2178 4920 :
2214 4867 2282 4920 Et
2316 4889 2335 4914 «
2376 4867 2521 4919 Deus
2540 4881 2700 4919 meus
2728 4881 2739 4917 :
2777 4888 2803 4912 ιι
2840 4868 2895 4915 et
2923 4868 3116 4916 tamen
3146 4878 3261 4915 non
3288 4860 3423 4914 dicit
3453 4860 3639 4913 inten-

1942 4957 2079 5022 dite,
2111 4954 2207 5009 sed
2237 4954 2489 5023 intende,
2513 4954 2649 5025 quia
2679 4969 2825 5006 unus
2858 4954 3024 5005 Deus.

2010 5045 2169 5098 Vens.
2203 5044 2257 5099 4.
2318 5073 2386 5084 -—-
2445 5061 2474 5094 α
2537 5042 2839 5106 Quoniam,
2872 5045 2977 5093 etc.
3016 5058 3041 5090 ››
3105 5039 3292 5107 (Acs)
3340 5040 3638 5106 Hucusque

1943 5133 2122 5187 oratio
2155 5137 2218 5186 ut
2263 5132 2548 5197 audiatur,
2581 5134 2707 5193 etc.,
2741 5144 2909 5196 usque
2968 5128 3042 5181 ad
3071 5132 3127 5179 et
3182 5126 3285 5179 huc
3318 5140 3482 5178 mane
3510 5140 3635 5177 mox

1945 5227 2006 5275 ut
2024 5221 2291 5275 tenebras
2322 5219 2551 5275 deserit.

2014 5312 2176 5364 Vnns.
2207 5311 2263 5363 5.
2300 5339 2369 5347 -
2418 5327 2445 5358 α
2490 5308 2648 5360 Mane
2698 5305 2913 5359 astabo.
2954 5326 2975 5353 ο
3033 5304 3236 5372 (Cass)
3301 5302 3415 5367 Vel,
3473 5317 3638 5355 mane

1944 5398 2171 5469 quando
2238 5396 2473 5465 incipiet
2522 5394 2831 5459 mternitas,
2894 5398 2949 5447 et
3025 5398 3159 5445 tunc
3212 5394 3378 5463 plene
3434 5391 3637 5444 videbo

1943 5485 2097 5557 quod
2121 5501 2235 5539 non
2265 5484 2454 5554 placet
2479 5482 2785 5553 iniquitas:
2829 5482 2965 5552 quia
2993 5486 3128 5536 tunc
3185 5496 3299 5534 non
3340 5478 3635 5543 habitabit,

1950 5595 1973 5622 ι
2012 5573 2107 5627 sed
2152 5573 2385 5626 tolletur
2430 5569 2661 5641 impius,
2715 5585 2787 5626 ne
2838 5570 3027 5624 videat
3074 5568 3315 5640 gloriam
3374 5566 3470 5621 Dei
3499 5566 3633 5634 (lsa.
