4082 6184
407 308 504 361 851

1033 298 1431 354 κνΑιΑιμῚιιυι
1471 293 1717 351 STRABI
1757 294 1951 350 FULD.
1998 292 2129 347 MON

2247 286 2362 342 Pi’.
2399 284 2573 342 PARS
2612 284 2653 338 Ι.
2684 310 2748 321 -—
2790 278 3245 336 THEOLOGICA.

3796 270 3901 323 85?.

407 420 599 491 xm):
632 442 660 471 »
691 423 750 475 et
775 423 912 475 tunc
947 434 1065 474 non
1116 417 1556 490 permanebunt,
1632 414 1739 470 etsi
1782 411 2112 469 misericor-
2142 413 2188 466 A
2225 408 2670 463 aediﬁcaverunt.
2716 401 2855 457 Dicit
2912 416 3047 470 ergo
3086 399 3217 454 hic:
3259 420 3281 447 ι
3334 397 3502 465 Sana,
3540 416 3563 447 ι
3620 410 3689 450 ne
3735 393 3813 448 ibi
3838 393 3907 446 sit

409 510 564 566 diam
595 509 715 580 ejus
736 508 1068 564 habuerint.

483 600 654 653 Vsus.
710 601 762 672 6.
812 628 881 636 —
910 615 939 647 «
988 596 1181 667 Neque
1227 593 1652 665 permanebunt
1691 591 1908 665 injusti.
1941 611 1966 644 »
2002 590 2110 657 Q'ui

414 689 565 742 mala
618 686 851 740 faciunt.
913 685 1051 739 Nam
1098 682 1267 738 odisti
1317 684 1418 755 qui
1461 686 1795 753 operantur,
1843 697 1959 736 non
2011 680 2111 752 qui

414 776 633 847 operati
661 777 813 829 sunt.

484 866 644 919 Vsus.
680 867 734 918 7.
764 892 833 904 —
869 883 891 912 ι
951 860 1162 917 Perdes
1209 876 1409 915 omnes
1441 860 1540 931 qui
1580 860 1898 930 loquuntur
1951 873 2111 912 men—

414 954 662 1009 dacium.
702 972 724 1001 ι
758 950 937 1023 (Αυο.)
970 950 1113 1015 Quia
1161 950 1270 1005 hoc
1327 956 1414 1005 est
1462 948 1687 1002 veritati
1738 947 2107 1002 contrarium.

415 1042 633 1097 Veritas
654 1045 739 1096 est
757 1041 826 1095 de
853 1056 920 1094 eo
951 1039 1106 1110 quod
1157 1043 1259 1092 est.
1321 1036 1673 1092 Mendacium
1699 1052 1814 1090 non
1866 1040 1950 1089 est
1981 1035 2112 1088 sub-

416 1132 623 1187 stantia
661 1131 746 1184 vel
775 1133 998 1188 natura.
1048 1128 1149 1181 sed
1192 1127 1262 1181 de
1309 1143 1374 1179 eo
1422 1125 1577 1196 quod
1607 1141 1725 1178 non
1774 1130 1882 1190 est,
1915 1128 1972 1178 et
2000 1139 2115 1176 me-

414 1221 528 1276 rito
566 1218 847 1289 perditur,
899 1216 1050 1287 quod
1110 1215 1356 1269 declinat
1420 1215 1490 1268 ab
1521 1229 1587 1268 eo
1637 1213 1791 1284 quod
1833 1218 1917 1266 est
1943 1214 2014 1266 ad
2055 1211 2114 1265 id

417 1308 573 1379 quod
613 1322 728 1360 non
767 1309 869 1361 est.
909 1304 1110 1374 (Ibid.)
1166 1302 1391 1358 Mentiri
1449 1306 1533 1355 est
1570 1302 1727 1372 loqui
1780 1308 1978 1355 contra
2007 1302 2115 1354 hoc

419 1395 576 1467 quod
619 1394 811 1448 animo
869 1393 1133 1447 sentitur.
1184 1391 1377 1461 (Ibid.)
1426 1390 1572 1445 Sunt
1608 1390 1906 1444 mendacia
1956 1405 2112 1460 quas-

419 1484 551 1539 dam
573 1498 677 1555 pro
703 1483 903 1547 salute,
944 1486 1075 1548 etc.,
1117 1496 1285 1552 usque
1343 1480 1417 1533 ad
1457 1494 1572 1532 non
1630 1478 1875 1548 cogitavi
1924 1478 2117 1533 fureno

418 1577 534 1643 tem
557 1587 721 1641 posse
750 1575 1026 1640 repetere.

494 1662 654 1715 Vens.
688 1662 739 1714 8.
770 1689 840 1700 —
883 1679 903 1706 ι
934 1659 1047 1728 Ego
1092 1661 1305 1712 autem.
1343 1677 1365 1704 ι
1419 1655 1599 1727 (Anc)
1648 1655 1858 1722 Tertio,
1892 1655 2030 1710 dicit
2056 1672 2117 1709 se

421 1748 676 1804 futuram
721 1747 960 1803 domum
1000 1744 1121 1812 Dei,
1164 1750 1219 1799 et
1265 1760 1415 1798 nunc
1462 1742 1789 1814 proximare
1833 1744 1892 1798 in
1914 1744 2121 1799 timore

422 1842 555 1891 ante
586 1834 1164 1902 consummationem,
1195 1849 1324 1904 quin
1354 1832 1590 1903 expellit
1620 1833 1906 1886 timorem.

500 1946 522 1973 ι
586 1922 862 1977 lntroibo.
894 1921 1105 1992 (Cass)
1176 1924 1281 1976 Per
1335 1921 1445 1975 hoc
1475 1921 1749 1988 introibo,
1822 1920 1959 1992 quia
1989 1919 2124 1974 ado-

427 2012 591 2065 rabo.
657 2010 838 2080 (lbid.)
873 2009 1021 2062 Petit
1066 2014 1262 2063 contra
1316 2024 1384 2063 ea
1437 2023 1566 2080 quas
1614 2008 1822 2062 aemula
1874 2008 2121 2079 ingerit:

428 2099 581 2154 unde
610 2099 731 2168 ipsa
757 2096 987 2168 peribit.

499 2188 660 2241 Vnus.
695 2189 747 2241 9.
788 2215 856 2225 —
889 2204 918 2236 οι
977 2184 1236 2251 Domine,
1306 2184 1509 2241 deduc.
1554 2204 1581 2237 »
1640 2184 1828 2257 (Ara)
1890 2184 2125 2250 Quarto,

428 2276 735 2349 proﬁciens
782 2275 934 2329 inter
987 2274 1399 2345 impedimenta
1454 2280 1581 2330 orat
1625 2276 1814 2346 juvari
1844 2276 2019 2342 intus,
2056 2291 2126 2328 ne

430 2365 639 2436 linguis
663 2363 875 2419 dolosis
905 2368 1213 2419 avertatur.
1258 2383 1286 2415 α
1320 2365 1384 2417 In
1435 2364 1659 2436 justitia
1694 2369 1811 2419 tua.
1843 2386 1864 2412 ι
1925 2363 2126 2435 (Cass)

429 2454 574 2519 Quia
620 2452 963 2524 pmnitentes
1018 2457 1076 2506 et
1126 2452 1411 2523 supplices
1450 2454 1676 2523 recipis.
1704 2473 1732 2501 ‹‹
1767 2454 1830 2507 In
1886 2468 2121 2523 conspe-

429 2548 545 2598 ctu.
579 2560 607 2593 ι)
641 2539 950 2611 (Aua.)Ubi
1001 2540 1176 2594 homo
1212 2556 1329 2595 non
1373 2540 1544 2608 videt,
1596 2540 1689 2595 cui
1729 2540 1988 2595 laudanti
2041 2541 2127 2595 vel

430 2629 775 2701 vituperanti
805 2644 925 2682 non
965 2635 1049 2682 est
1102 2628 1491 2683 credendum:
1526 2628 1664 2699 quia
1716 2644 1835 2682 non
1889 2627 2128 2699 videtin

431 2717 798 2783 conscientia,
840 2717 899 2768 in
962 2732 1076 2787 qua
1123 2717 1231 2771 iter
1282 2717 1352 2771 ad
1409 2718 1590 2771 Deum
1646 2716 1932 2788 dirigitur.
1992 2717 2128 2772 Ideo

434 2806 658 2861 subdit:
694 2826 722 2858 (ι
754 2804 1038 2870 Quoniam
1074 2821 1186 2858 non
1216 2809 1303 2858 est
1344 2805 1403 2858 in
1456 2821 1553 2859 ore
1606 2821 1807 2859 eorum
1837 2805 2063 2860 veritas.
2097 2825 2125 2853 n

501 2894 663 2948 Vnus.
696 2896 779 2948 10.
811 2922 880 2934 -
907 2916 928 2943 α
969 2893 1251 2958 Quoniam
1305 2909 1419 2947 non
1449 2898 1554 2961 est,
1589 2898 1701 2949 etc.
1743 2914 1769 2942 ››
1806 2894 1929 2948 Non
1961 2893 2130 2947 modo

2216 515 2380 571 opus,
2408 497 2559 552 unde
2590 494 2818 549 subdit:
2857 513 2880 541 ι
2926 491 3215 546 Miserere.
3256 510 3275 536 ι

2291 590 2451 641 Vsus.
2483 590 2532 641 3.
2584 615 2651 623 —-
2681 606 2701 631 α
2743 582 3027 637 Inﬁrmus.
3066 602 3088 627 ι
3147 576 3335 648 (Ana)
3367 579 3549 632 Reatu
3596 574 3909 629 inﬁrmatur

2217 677 2427 739 anima,
2455 693 2488 729 a
2509 690 2623 745 quo
2667 687 2827 743 sana,
2872 669 3007 741 quia
3039 684 3185 734 ossa,
3239 667 3299 720 id
3329 671 3432 732 est,
3492 680 3651 717 meus
3682 667 3908 716 contur-

2216 766 2385 820 batur
2413 763 2483 818 ad
2533 760 2917 832 praesentiam,
2967 762 3025 811 et
3053 756 3266 819 anima,
3300 755 3354 808 id
3402 758 3507 817 est,
3541 750 3867 805 sensualitas
3895 765 3907 802 :

2217 869 2373 923 ergo,
2408 866 2708 921 usquequo
2745 848 2960 911 άὶίϊρνς,
2994 844 3157 916 quasi
3177 843 3363 898 dicat:
3399 840 3546 907 Quid
3580 844 3755 893 restat
3782 838 3911 910 quin

2221 930 2471 995 sanes‘M
2506 940 2834 1009 Usquequo.
2876 957 2895 982 θ
2931 932 3325 1005 (.Jiue.)lunuit
3349 947 3408 985 se
3442 929 3542 984 diu
3573 927 3771 982 luctari
3793 943 3911 981 cum

2219 1029 2391 1083 vitiis.
2434 1028 2561 1083 Non
2612 1030 2697 1080 est
2739 1028 2930 1079 autem
2978 1021 3282 1077 crudelitas
3324 1018 3518 1074 dilatio
3576 1017 3700 1083 Dei,
3733 1016 3825 1070 sed
3854 1020 3910 1069 ut

2221 1116 2561 1189 persuadeat
2621 1115 2847 1179 animas,
2905 1111 2966 1166 in
3015 1127 3144 1182 quae
3190 1109 3339 1164 mala
3405 1125 3464 1162 se
3522 1104 3906 1178 praecipitavit.

2225 1207 2492 1260 Nondum
2545 1203 2701 1258 enim
2756 1206 2875 1255 tam
2935 1198 3184 1270 perfecte
3232 1201 3375 1260 orat,
3438 1201 3499 1249 ut
3565 1195 3619 1248 ei
3669 1196 3907 1247 dicatur:

2228 1316 2247 1343 ι
2284 1294 2481 1348 Adhuc
2512 1298 2567 1346 te
2594 1284 2864 1362 loquente
2905 1288 3110 1354 dicam,
3144 1302 3272 1340 ecce
3304 1285 3504 1339 adsum
3546 1285 3684 1355 (Isa.
3718 1283 3856 1351 va).
3886 1300 3909 1330 ιι

2222 1384 2292 1438 Ut
2315 1399 2383 1437 ex
2412 1381 2747 1437 difﬁcultate
2797 1376 3110 1433 sanationis
3161 1376 3295 1429 inde
3330 1373 3512 1444 magis
3571 1378 3767 1426 caveat
3796 1370 3908 1434 sibi,

2223 1476 2281 1526 et
2335 1476 2395 1525 ut
2446 1472 2782 1525 ostendatur
2833 1482 2963 1538 quas
3013 1480 3183 1535 paena
3239 1463 3311 1518 sit
3373 1478 3489 1516 non
3522 1460 3826 1524 conversis,
3874 1456 3915 1511 si

2224 1564 2385 1613 tanta
2461 1557 2764 1613 difﬁcultas
2817 1555 2890 1609 sit
2944 1552 3250 1620 conversis,
3310 1551 3507 1606 unde:
3563 1570 3585 1598 ιι
3654 1549 3712 1603 Si
3743 1548 3915 1618 justus

2230 1646 2319 1700 vix
2350 1647 2680 1713 salvabitur,
2730 1642 2944 1713 impius
2981 1641 3077 1695 ubi
3131 1638 3476 1710 apparebit?
3514 1660 3533 1685 ι
3573 1636 3627 1708 (Ι
3655 1638 3800 1691 Petr.
3833 1633 3917 1703 1v.)

2307 1738 2467 1791 Vens.
2516 1740 2568 1791 5.
2624 1765 2690 1775 —
2728 1756 2748 1783 ι
2805 1734 3168 1788 Convertere.
3213 1748 3239 1780 ι)
3279 1729 3476 1800 (Ολεε.)
3533 1727 3642 1791 Qui
3692 1741 3911 1779 aversus

2232 1841 2377 1892 eras,
2408 1825 2495 1879 vel
2526 1841 2559 1877 a
2588 1823 2856 1877 vindicta.
2895 1842 2915 1869 ι
2944 1819 3135 1890 Eripe,
3178 1839 3197 1866 ι
3233 1817 3303 1871 ab
3335 1816 3681 1871 imminente
3729 1820 3913 1868 morte.

2235 1913 2331 1966 Vel
2399 1912 2556 1982 eripe
2609 1910 2861 1965 animam
2912 1910 3154 1979 peccatis
3200 1907 3454 1978 ligatam.
3496 1926 3515 1953 ι
3558 1905 3788 1959 Salvum
3839 1918 3915 1955 me

2234 2002 2339 2063 fac,
2371 2006 2500 2068 etc.,
2536 2022 2556 2048 ι
2589 1999 2778 2054 dando
2809 1998 3065 2051 virtutes.

2306 2089 2555 2143 Vsus.6.
2621 2117 2688 2126 —
2724 2108 2745 2135 ι
2805 2085 3088 2151 Quoniam
3146 2099 3263 2138 non
3323 2087 3427 2136 est.
3467 2104 3486 2128 ι
3551 2079 3750 2147 (Cass)
3806 2079 3915 2133 Ideo

2235 2175 2328 2231 hic
2355 2174 2566 2230 festino
2614 2173 2851 2239 dimitti,
2881 2173 3018 2244 quia
3072 2176 3202 2243 post
3241 2176 3487 2224 mortem
3515 2175 3572 2223 et
3598 2169 3664 2222 iu
3715 2168 3914 2221 inferno

2234 2280 2353 2318 non
2411 2262 2687 2334 accipitur
2742 2259 3039 2316 confessio.
3069 2282 3089 2309 ι
3147 2259 3208 2312 In
3242 2258 3485 2325 inferno.
3516 2278 3544 2305 ››
3571 2255 3759 2326 (Aea)
3802 2256 3914 2309 Cou-

2234 2352 2415 2407 fessus
2444 2359 2532 2407 est
2562 2351 2738 2416 dives,
2770 2350 2870 2421 qui
2902 2350 3176 2404 Lazarum
3204 2347 3360 2415 vidit,
3393 2346 3497 2400 etsi
3529 2345 3598 2400 de
3631 2344 3915 2414 profundo,

2235 2442 2396 2513 cujus
2442 2440 2867 2511 comparatione
2924 2443 3151 2493 coactus
3204 2441 3288 2490 est
3325 2433 3583 2489 conﬁteri
3638 2434 3789 2487 mala
3815 2448 3921 2500 sua,

2240 2546 2418 2600 usque
2447 2530 2612 2596 adeo,
2644 2534 2711 2582 ut
2734 2533 2793 2582 et
2820 2528 3025 2581 fratres
3078 2530 3240 2596 roget
3293 2524 3363 2578 ab
3393 2524 3481 2578 his
3544 2520 3916 2593 praemoncri:

2238 2620 2335 2673 sed
2372 2622 2501 2689 post
2539 2616 2820 2687 judicium
2848 2615 2905 2668 in
2934 2613 3402 2685 profundioribus
3445 2612 3702 2666 tenebris
3727 2610 3922 2665 nullam

2238 2708 2422 2761 lucem
2470 2705 2570 2760 Dei
2623 2703 2917 2769 videbunt,
2970 2702 3064 2756 cui
3119 2701 3518 2756 confiteantur.
3562 2691 3673 2753 ‘Vel
3705 2702 3925 2752 mortem

2241 2796 2374 2850 dicit
2399 2797 2694 2864 peccatum
2750 2792 2811 2845 in
2848 2806 2963 2862 quo
3020 2791 3329 2844 immemor
3358 2795 3442 2844 est
3493 2787 3591 2842 Dei
3642 2787 3745 2860 qui
3776 2802 3926 2839 man-

2240 2884 2370 2938 data
2392 2884 2514 2953 ejus
2544 2880 2878 2936 contemnit.

432 3000 548 3039 non
606 2987 691 3037 est
736 2982 941 3037 veritas
990 2983 1051 3036 in
1107 2998 1225 3047 ore,
1286 2982 1384 3035 sed
1422 2982 1796 3053 sepulcrum:
1856 2982 1993 3054 quia
2012 2982 2127 3035 ‘fe-
2168 2984 2207 3037 C
2314 2979 2469 3031 Vrsas.
2502 2981 2555 3031 7.
2585 3006 2654 3018 -
2690 2999 2711 3026 α
2761 2975 3051 3031 LaboraVi.
3098 2997 3118 3024 ι
3158 2972 3352 3044 (CAss.)
3408 2974 3613 3028 Narrat
3659 2988 3931 3028 erumnas

434 3072 551 3127 tida
576 3076 853 3143 promunt
879 3070 949 3125 ad
979 3069 1487 3139 corrumpendum,
1530 3070 1739 3141 quibus
1782 3071 1826 3123 si
1855 3086 1969 3124 non
1998 3086 2134 3141 pro-

434 3160 652 3227 ﬁciunt,
690 3160 882 3215 dolose
913 3164 1114 3230 agunt,
1154 3158 1214 3213 id
1245 3164 1348 3226 est,
1408 3175 1525 3212 non
1579 3159 1746 3213 modo
1787 3160 2131 3225 moliuntur,

436 3249 536 3304 sed
561 3248 834 3303 efﬁciunt.

508 3338 669 3390 Vens.
727 3338 935 3399 11,12.
993 3364 1061 3372 -
1094 3352 1121 3385 α
1175 3334 1373 3387 Judica
1430 3334 1556 3388 illos
1588 3335 1754 3390 Deus.
1804 3334 2075 3389 Decidant
2104 3353 2143 3391 a.

444 3446 466 3473 ι
497 3422 947 3494 cogitationibus
984 3421 1121 3477 suis.
1164 3440 1192 3473 η
1236 3423 1357 3476 Non
1383 3427 1562 3492 optat,
1587 3423 1686 3476 sed
1712 3423 1862 3494 quod
1879 3423 2135 3479 futurum

442 3516 528 3565 est
554 3509 833 3581 prazdicit.
862 3508 1082 3563 Decidit
1109 3508 1210 3579 qui
1244 3525 1344 3578 spe
1369 3510 1520 3564 bona
1567 3510 1894 3567 frustratur.

517 3622 540 3648 ι
575 3599 643 3652 Et
679 3598 964 3651 laetentur.
997 3618 1025 3647 ››
1080 3597 1279 3667 (Cass)
1335 3599 1472 3653 Post
1523 3598 1929 3654 retributiones
1960 3598 2140 3654 malo-

444 3703 573 3741 rum
593 3685 783 3740 subdit
811 3685 1050 3755 praemia
1098 3685 1408 3753 bonorum,
1460 3690 1520 3740 ut
1566 3686 1711 3741 sicut
1739 3703 1907 3758 paena
1943 3692 2136 3757 terret,

447 3776 685 3847 praemia
713 3774 967 3828 incitent.

518 3865 677 3917 Vsus.
712 3865 797 3918 13.
832 3882 951 3914 —«
988 3863 1054 3917 Ut
1084 3868 1263 3917 scuto.
1293 3862 1506 3933 (Casa)
1541 3865 1660 3918 Uno
1704 3865 1876 3919 verbo
1925 3863 2142 3918 indicat

444 3948 722 4006 beneﬁcia
777 3948 876 4003 Dei
942 3950 1208 4019 gratuita.
1292 3949 1566 4004 Voluntas
1622 3966 1751 4021 quas
1832 3955 1989 4005 vocat
2059 3958 2142 4004 est

447 4036 701 4092 defensio
756 4042 952 4090 contra
1007 4036 1221 4103 omnia,
1254 4040 1309 4090 et
1345 4050 1575 4103 corona,
1637 4042 1694 4091 et
1730 4039 1978 4109 clypeus.
2039 4038 2141 4093 Ca-

446 4126 552 4197 piti
572 4129 795 4197 aptatus
815 4130 1027 4179 cerona
1056 4131 1157 4191 est,
1186 4125 1345 4180 cordi
1374 4126 1650 4182 defensio.

1119 4265 1432 4322 PSALMUS
1507 4267 1593 4322 VI.

523 4388 678 4441 Vsus.
716 4392 763 4442 1.
795 4418 865 4428 ——
912 4408 939 4439 «
998 4388 1206 4443 Octava
1235 4409 1258 4438 ι
1314 4393 1399 4444 est
1443 4389 1721 4444 adventus
1784 4390 2034 4459 Domini,
2084 4391 2145 4447 in

451 4492 565 4547 qua
584 4481 848 4546 peccator
906 4476 1072 4530 timet
1126 4476 1312 4547 argui,
1366 4481 1423 4531 et
1475 4477 1606 4532 ideo
1668 4478 1926 4548 poenitet.
1963 4479 2145 4551 (Auc.)

452 4563 720 4618 Octavum
760 4564 956 4619 dicunt
984 4564 1162 4636 aliqui
1192 4565 1500 4620 adventum
1533 4565 1783 4633 Domini,
1820 4572 1951 4636 etc.,
1979 4583 2147 4638 usque

451 4651 526 4706 ad
545 4651 697 4705 unde
728 4651 936 4706 timens
961 4652 1205 4707 Ecclesia
1226 4653 1317 4707 hic
1337 4660 1479 4708 orat.

526 4739 690 4793 Vaas.
745 4742 799 4794 2.
861 4770 929 4779 —
967 4764 987 4789 ιι
1050 4740 1311 4808 Domine,
1363 4757 1436 4795 ne
1470 4742 1541 4795 in
1589 4741 1802 4797 furore.
1837 4762 1865 4795 ››
1921 4743 2146 4813 (ΒΑειι.)

453 4827 741 4881 Confessio
794 4832 880 4882 est
933 4827 1312 4898 deprecativa,
1355 4845 1484 4900 qua:
1541 4830 1692 4900 apud
1744 4832 1920 4886 Deum
1975 4833 2144 4887 valet.

452 4916 644 4969 Primo
676 4921 763 4970 est
809 4917 1131 4985 exordium,
1158 4918 1221 4971 in
1273 4934 1386 4989 quo
1447 4923 1636 4988 captat
1666 4919 2145 4989 benevolentiam,

452 5019 556 5074 per
574 5005 1172 5074 potestatemjudicis,
1233 5021 1332 5077 per
1386 5006 1780 5061 inﬁrmitatem
1813 5024 1999 5075 suam,
2048 5024 2151 5080 per

454 5092 927 5147 consuetudinem
965 5094 1270 5164 parcendi:
1317 5095 1453 5165 quia
1504 5110 1619 5149 non
1668 5096 1852 5149 vulta
1882 5095 2148 5165 mortuis,
2209 5090 2221 5102 ’

454 5180 551 5234 sed
578 5196 613 5233 a
639 5180 779 5234 vivis
805 5181 1014 5250 rogari.
1051 5203 1072 5230 ι
1106 5185 1344 5253 Arguas.
1377 5204 1405 5233 »
1463 5182 1647 5254 (Aea)
1694 5183 1874 5254 Argui
1920 5183 2149 5253 gravius

455 5274 540 5321 est
565 5284 739 5339 quam
768 5269 1038 5334 accusari,
1098 5270 1246 5325 unde
1299 5271 1589 5326 damnatio
1639 5271 1891 5325 timetur.
1930 5271 2152 5342 Corripi

456 5355 675 5423 mitius,
727 5356 784 5412 id
810 5363 913 5420 est.
958 5359 1250 5414 emendari
1301 5360 1390 5414 vel
1418 5358 1652 5414 erudiri.
1703 5364 2038 5430 Arguuntur
2090 5360 2151 5415 in

452 5443 686 5515 judicio,
729 5445 829 5516 qui
886 5445 1008 5502 sine
1063 5447 1455 5506 fundamento.
1516 5448 1927 5516 Emendantur,
1960 5448 2018 5503 id
2045 5453 2146 5515 est,

457 5538 798 5604 purgantur,
826 5533 927 5607 qui
952 5550 1125 5605 supra
1153 5535 1294 5590 illud
1332 5536 1577 5608 lignum,
1632 5537 1852 5612 fenum,
1882 5536 2151 5609 stipulam

2242 3065 2453 3136 quibus
2477 3065 2819 3137 poenitentes
2868 3063 3181 3130 avertitur;
3215 3062 3397 3134 gemit
3433 3065 3571 3115 dum
3624 3061 3780 3116 videt
3810 3060 3930 3132 quid
4024 3106 4027 3135 τ

2242 3153 2379 3223 egit,
2413 3158 2469 3208 et
2499 3169 2629 3224 quas
2655 3169 2823 3224 poena
2848 3152 3062 3207 futura.
3102 3173 3122 3199 ε
3161 3153 3410 3206 Lectum.
3450 3172 3470 3199 ι
3501 3150 3927 3213 Conscientiam,
4026 3144 4027 3207 ἰ

2243 3258 2373 3312 quas
2445 3242 2790 3312 quibusdam
2865 3239 3048 3311 quies,
3130 3239 3473 3311 quibusdam
3563 3244 3926 3293 tormentum.
4026 3274 4027 3293 ι

2243 3330 2514 3396 Stratum,
2562 3329 3026 3394 sensualitatem;
3085 3328 3332 3382 fertilem
3377 3327 3602 3393 faciam,
3661 3344 3791 3398 quas
3821 3331 3927 3381 erat

2243 3418 2420 3472 arida.
2456 3418 2575 3488 Vel,
2603 3418 2780 3472 lectus
2826 3417 3127 3473 delectatio
3182 3416 3457 3487 corporis,
3514 3415 3571 3469 in
3603 3433 3721 3486 qua
3775 3417 3927 3469 homo

2246 3506 2564 3561 resolvitur.
2588 3506 2830 3570 Stratus,
2864 3506 3128 3560 cumulus
3168 3510 3527 3577 peccatorum
3569 3510 3636 3558 ut
3680 3504 3927 3567 vestium,

2248 3612 2360 3666 quo
2386 3596 2650 3660 resoluto,
2682 3594 2864 3649 imbre
2897 3596 3299 3665 lacrymarum,
3344 3609 3487 3647 nova
3534 3593 3739 3647 messis
3770 3592 3928 3646 virtu-

2249 3689 2370 3738 tum
2401 3688 2635 3739 crescat.

2321 3773 2479 3827 V’Eas.
2514 3775 2565 3826 8.
2594 3803 2657 3811 -—
2691 3792 2719 3822 ιι
2748 3776 2793 3827 Α
2847 3772 3059 3826 furore.
3101 3793 3121 3819 ι

2249 3876 2377 3935 qua:
2434 3861 2494 3915 in
2545 3860 2781 3931 judicio,
2832 3866 2963 3927 etc.,
2993 3876 3161 3930 usque
3190 3859 3265 3914 ad
3301 3875 3372 3913 ne
3424 3859 3551 3929 quis
3600 3855 3932 3929 desperetde

2249 3949 2525 4020 gravitate
2597 3954 2981 4019 peccatorum,
3040 3948 3282 4002 subdit:
3346 3968 3373 3997 α
3428 3947 3731 4013 Discedite,
3792 3953 3930 4000 εὶς.»

2251 4038 2451 4109 (ρυλες.)
2481 4037 2791 4109 Correptio,
2829 4044 2894 4092 ut
2946 4042 3240 4107 separetur
3270 4037 3339 4090 ab
3385 4036 3521 4101 illis,
3551 4051 3803 4106 quorum
3830 4032 3934 4093 col-

2171 4190 2175 4195 η
2250 4126 2397 4196 legio
2427 4126 2696 4197 peccavit,
2748 4130 2805 4180 et
2856 4126 3085 4181 insistat
3144 4125 3428 4179 mandatis
3505 4124 3626 4178 Dei.
3665 4143 3692 4173 ι
3755 4120 3933 4177 Inimi-

2251 4232 2365 4283 cos,
2393 4237 2414 4262 ι
2447 4215 2639 4284 (Aura)
2686 4213 2744 4268 id
2774 4219 2879 4282 est,
2935 4214 3091 4277 vitia,
3148 4214 3234 4268 vel
3295 4213 3475 4266 malos
3526 4211 3815 4279 homines,
3846 4207 3932 4279 qui

2172 4322 2213 4376 ι)
2253 4319 2381 4357 vere
2405 4309 2541 4356 sunt
2565 4302 2786 4357 inimici
2821 4304 2890 4356 ad
2924 4303 3103 4357 Deum
3135 4318 3196 4355 se
3250 4301 3732 4367 convertenlium,
3765 4315 3799 4353 a
3824 4298 3931 4368 qui-
4026 4290 4027 4297 “

2253 4390 2361 4445 bus
2409 4396 2704 4461 separatur
2749 4390 2935 4444 omnis
2960 4391 3170 4458 bonus,
3221 4404 3338 4442 non
3398 4389 3540 4460 loco,
3593 4388 3697 4441 sed
3741 4386 3930 4441 animo.
4026 4398 4027 4469 ξ

2254 4479 2398 4542 Quia
2429 4495 2559 4532 vero
2590 4494 2707 4532 non
2740 4483 2825 4532 est
2869 4478 3057 4531 inanis
3116 4482 3306 4531 tantus
3369 4475 3531 4530 labor
3577 4474 3931 4546 paenitentia,
4026 4484 4027 4509 ἀ

2255 4568 2587 4622 exauditum
2608 4584 2666 4620 se
2694 4568 3042 4637 signiﬁcans,
3070 4566 3292 4620 subdit:
3331 4588 3350 4613 α
3385 4565 3687 4618 Discedite.
3729 4586 3749 4613 ι

2327 4658 2491 4711 Vens.
2526 4659 2577 4722 9,
2614 4660 2689 4710 lO.
2728 4687 2797 4696 —-
2832 4679 2852 4705 ι
2893 4656 3184 4711 Dominus.
3228 4677 3247 4702 ι
3300 4655 3407 4708 Ter
3464 4654 3763 4715 Dominus,
3818 4648 3934 4721 quia

2256 4733 2593 4800 Trinitatem
2622 4745 2849 4799 etfuisse
2904 4745 3167 4815 precibus
3222 4742 3517 4797 ostendit:
3578 4740 3919 4812 lncepitala

2257 4832 2484 4902 crymis,
2538 4832 2837 4886 exauditus
2890 4833 3152 4886 exsultat.
3191 4854 3211 4880 ι
3259 4829 3558 4883 Exaudivit
3608 4828 3933 4883 Dominus.»
4026 4866 4027 4903 ξ

2254 4921 2429 4990 (ὼε.)
2462 4921 2567 4974 Dat
2595 4921 2922 4992 exemplum
2954 4918 3218 4983 ﬁdeliter,
3250 4924 3477 4973 orantes
3502 4917 3714 4972 audiri.

2354 5009 2512 5064 Vens.
2594 5013 2676 5064 11.
2737 5038 2809 5053 -—
2854 5032 2873 5058 ι
2941 5009 3286 5063 Erubescant
3340 5012 3398 5061 et
3453 5006 3880 5060 couturbentur.
3912 5021 3926 5044 ι

2258 5096 2455 5171 (ωδε.)
2508 5097 2678 5161 Quasi
2725 5097 2785 5151 in
2843 5097 3226 5164 conclusione,
3281 5097 3403 5166 jam
3449 5096 3596 5149 liber
3624 5111 3658 5148 a
3696 5088 3933 5164 peccatis.

2258 5186 2563 5252 exsultans,
2622 5202 2725 5255 pro
2785 5185 3054 5253 inimicis,
3110 5190 3173 5238 ut
3226 5188 3653 5249 convertantur,
3704 5186 3844 5241 orat.
3885 5186 3933 5227 υι

2259 5273 2403 5327 sicut
2431 5273 2573 5343 ipse,
2622 5273 2867 5328 habeant
2924 5272 3171 5328 veniam.
3223 5272 3410 5343 (Αυθ.)
3449 5294 3469 5320 ι
3530 5271 3924 5325 Ετιώεδεειιῐ.»

2261 5362 2379 5417 Hoc
2426 5378 2545 5415 non
2591 5361 2684 5416 hic
2741 5360 2861 5432 (ubi
2933 5362 3126 5432 potius
3180 5361 3425 5414 irridens
3448 5376 3545 5413 eos
3610 5359 3709 5430 qui
3765 5350 3924 5411 omnia

2258 5448 2606 5521 relinquunt,
2664 5454 2728 5509 ut
2779 5448 3039 5504 inﬁrmos
3095 5451 3427 5503 erubescere
3480 5447 3733 5515 faciunt).
3767 5443 3850 5499 sed
3876 5439 3923 5490 in
4026 5514 4027 5527 ἦ

2253 5536 2491 5608 judicio.
2916 5594 2924 5601 η
3386 5593 3391 5604 ,
3912 5599 3916 5603 _
4026 5542 4027 5608 γ

3182 3771 3368 3842 (Αω.)
3404 3769 3480 3824 Ab
3529 3770 3636 3837 ira,
3701 3769 3785 3822 vel
3828 3766 3931 3825 Dei.
4026 3812 4027 3815 η
