4082 6184
235 275 341 327 853

849 400 1163 454 PSALMUS
1205 401 1313 455 VII.

310 523 475 577 Vens.
546 526 592 577 Vl.
637 554 701 563 —-
755 546 782 574 ι(
822 524 883 578 In
939 525 1139 594 tinem,
1175 527 1448 597 psalmus.
1494 528 1680 599 (Λευ.)
1740 530 1933 595 Chusi,

236 611 338 681 qui
410 611 668 666 transivit
717 612 779 666 in
848 619 1071 683 partem
1122 615 1385 682 Absalon,
1443 620 1573 685 etc.,
1632 632 1799 687 usque
1858 619 1932 671 ad

235 717 355 753 non
415 700 567 753 enim
624 706 746 755 erat
775 701 857 755 eis
915 703 1403 769 abscondendum,
1454 721 1559 774 pro
1593 706 1800 776 quibus
1830 723 1931 776 ge-

234 792 388 840 stum
451 793 556 843 est.
628 792 831 856 (AUG.)
901 792 1095 844 Potest
1156 792 1246 846 hic
1294 794 1546 862 psalmus
1574 794 1631 846 in
1687 811 1929 864 persona

234 876 446 930 Christi
474 877 748 948 intelligi;
784 879 831 931 si
891 896 1003 949 qua
1035 880 1327 934 humiliter
1383 882 1530 935 dicta
1567 889 1718 948 sunt,
1748 883 1817 937 ad
1853 885 1930 938 in-

234 965 568 1019 tirmitatem
644 973 894 1020 nostram
982 969 1324 1034 referantur,
1405 987 1577 1039 quam
1669 972 1926 1042 gestavit.

232 1053 427 1105 Primo
458 1052 598 1121 petit
632 1070 695 1106 ex
728 1054 993 1107 omnibus
1026 1056 1491 1109 tribulationibus
1511 1057 1763 1111 liberari.

306 1159 464 1212 Vens.
517 1163 568 1212 2.
624 1189 691 1199 --
749 1179 775 1209 α
834 1160 1072 1213 Domine
1125 1162 1288 1215 Deus.
1341 1183 1367 1213 ι)
1430 1163 1627 1233 (Cass)
1678 1166 1787 1218 Iste
1846 1154 1933 1219 ast

227 1247 455 1316 primus
487 1248 737 1317 psalmus
794 1266 1017 1315 eorum,
1083 1251 1141 1303 in
1194 1250 1401 1321 quibus
1432 1268 1534 1320 per
1567 1258 1722 1305 actus
1760 1254 1926 1307 David

226 1333 423 1388 futura
493 1336 761 1405 mysteria
833 1338 1060 1391 Domini
1117 1338 1529 1407 significantur.
1603 1341 1928 1410 Mysterium

228 1420 657 1487 incarnationis,
717 1425 1013 1477 silentium
1070 1425 1178 1478 fuit
1235 1427 1479 1491 Iudaeis;
1535 1431 1595 1479 ut
1672 1429 1843 1482 David
1898 1448 1927 1483 a

230 1509 377 1575 lilio,
412 1512 491 1563 ita
549 1511 804 1565 Christus
835 1531 865 1565 ιι
898 1515 1133 1582 populo,
1191 1530 1363 1584 quem
1400 1515 1696 1582 nutrierat,
1730 1534 1927 1587 perse-

228 1599 519 1653 cutionem
571 1600 864 1655 sustinuit.
916 1624 936 1649 ι
1003 1603 1282 1656 Libera.»
1346 1605 1543 1673 (Δια.)
1593 1594 1784 1670 Quasi,
1828 1623 1927 1659 su-

228 1694 431 1757 perato
473 1689 629 1742 omni
676 1689 825 1743 bello
878 1690 1167 1757 vitiorum,
1194 1692 1313 1762 jam
1368 1692 1619 1761 profecto
1675 1693 1815 1747 nihil
1848 1711 1927 1747 re-

227 1780 361 1839 stat,
399 1776 509 1829 nisi
539 1777 767 1832 invidus
795 1778 1073 1833 diabolus.

300 1865 457 1919 Vens.
493 1869 544 1918 3.
576 1897 645 1906 —
670 1890 693 1913 α
732 1867 952 1936 Rapiat,
986 1873 1090 1922 etc.
1120 1888 1146 1919 »
1174 1890 1200 1916 ‹‹
1235 1868 1633 1931 Redimat,etc.
1664 1890 1691 1919 ››
1727 1869 1923 1938 (ΟΑεε.)

226 1954 469 2023 PrOpria
498 1954 697 2009 verba:
742 1956 971 2009 Domini
1020 1964 1105 2011 est
1136 1958 1401 2025 liberare,
1462 1958 1644 2011 leonis
1698 1975 1918 2028 rapere.

224 2041 398 2105 Ordo,
430 2042 589 2111 prius
626 2052 1030 2115 persequentes
1088 2046 1271 2115 ponit,
1333 2046 1465 2099 inde
1523 2047 1767 2100 leonem.
1816 2048 1922 2100 Ex-

222 2128 418 2198 piatus
473 2130 627 2183 enim
673 2131 742 2183 ab
808 2132 1076 2184 omnibus
1119 2134 1513 2201 spiritualibus
1564 2134 1836 2205 nequitiis
1893 2150 1927 2187 a

221 2217 454 2271 diabolo
489 2218 778 2273 liberatur.

304 2324 459 2378 Vens.
494 2326 545 2391 -ἱ,
702 2356 770 2364 —
830 2348 856 2374 ‹‹
911 2327 1171 2389 Domine,
1204 2326 1249 2379 si
1281 2327 1388 2380 feci
1418 2328 1591 2381 istud.
1637 2352 1662 2376 ››
1724 2328 1922 2398 (Ibid.)

222 2410 313 2465 Ad
341 2410 588 2466 litteram
621 2413 689 2467 de
728 2412 919 2477 David,
953 2418 1008 2466 et
1054 2414 1328 2467 Absalon.
1375 2436 1401 2463 α
1435 2415 1491 2468 Si
1524 2416 1630 2468 feci
1685 2416 1857 2482 istud,
1900 2440 1919 2462 -

222 2499 288 2553 id
326 2505 426 2566 est,
456 2500 502 2553 si
558 2502 661 2555 hoc
694 2503 907 2555 malum
970 2502 1111 2555 mihi
1172 2519 1272 2572 per
1314 2503 1662 2571 praeteritam
1696 2504 1919 2573 culpam

225 2589 491 2658 contigit.
558 2591 651 2643 Vel
714 2591 758 2642 si
792 2592 963 2643 modo
998 2596 1081 2644 est
1113 2590 1387 2661 iniquitas
1437 2592 1497 2644 in
1546 2591 1826 2651 manibus.
1864 2594 1923 2645 id

227 2682 333 2741 est,
376 2680 643 2746 operibus
694 2679 855 2732 meis.
902 2680 1017 2747 Vel,
1055 2698 1081 2729 «
1131 2680 1177 2731 si
1212 2679 1434 2733 reddidi
1479 2680 1923 2734 retribuentibns

231 2766 375 2818 mihi
402 2768 569 2832 mala,
603 2774 731 2833 etc.,
765 2791 792 2816 ››
825 2768 999 2836 (quod
1042 2768 1251 2820 dicitur
1297 2767 1537 2837 mquitas
1566 2769 1716 2837 apud
1747 2769 1924 2822 homi-

233 2854 373 2922 nes),
410 2874 436 2905 α
472 2856 674 2909 merito
708 2876 733 2905 υ
770 2856 891 2921 (etsi
927 2873 1041 2909 non
1101 2856 1356 2909 videatur
1389 2856 1736 2925 hominibus)
1771 2877 1797 2907 α
1831 2858 1923 2910 de-

1402 279 1656 336 CLOSSA
1696 280 2105 339 OIIDINARIA.
2150 317 2217 327 —
2261 290 2388 343 LIB.
2434 291 2671 346 PSALM.

1960 410 2006 460 A
2044 410 2226 478 gloria
2255 427 2359 466 sua
2405 413 2477 467 sit
2506 414 2685 468 solida
2715 415 2890 483 intus,
2927 416 3021 472 ubi
3052 423 3199 476 Deus
3247 420 3433 487 videt;
3476 427 3557 476 est
3588 424 3741 479 enim

1970 1685 2008 1739 Β

225 2941 416 2995 cidam
450 2944 516 2997 ab
575 2944 822 2997 inimicis
862 2946 1003 2997 meis
1060 2944 1270 3013 inanis,
1307 2966 1328 2993 ι
1355 2962 1386 2999 a
1429 2948 1615 2998 fructu
1656 2963 1917 2999 mansue-
1955 2975 1993 3026 ρ

223 3031 464 3085 tudinis.

302 3138 481 3203 (Ασο.)
515 3159 541 3187 (ι
564 3138 619 3192 Si
672 3139 780 3192 feci
821 3139 997 3207 istud,
1033 3160 1058 3190 υ
1108 3139 1217 3204 vel,
1249 3139 1569 3195 universale
1604 3148 1916 3212 peccatum,

222 3227 383 3297 quod
415 3226 535 3279 sine
591 3227 823 3280 nomine
855 3228 1017 3293 dixit,
1051 3229 1203 3298 quod
1244 3234 1326 3281 est
1355 3230 1640 3298 superbia,
1677 3247 1805 3301 qua:
1837 3238 1921 3286 est

220 3315 383 3369 radix
415 3316 674 3370 omnium
707 3318 1009 3371 malorum.
1047 3318 1166 3382 Vel,
1202 3318 1356 3387 quod
1381 3318 1663 3388 sequitur,
1701 3342 1728 3369 «
1759 3320 1805 3373 si
1838 3326 1921 3374 est

220 3402 522 3473 iniquitas,
553 3424 579 3454 ι)
622 3405 775 3473 quod
817 3404 886 3458 de
947 3404 1104 3458 omni
1163 3411 1395 3475 peccato
1454 3406 1748 3475 accipitur.
1787 3429 1813 3456 ‹‹
1844 3408 1901 3463 Si

223 3488 481 3543 reddidi.
512 3511 538 3537 ››
564 3491 706 3557 (Ibid
735 3492 755 3559 )
784 3492 843 3545 Id
875 3498 980 3557 est,
1014 3491 1061 3545 si
1091 3497 1143 3545 te
1175 3508 1291 3545 non
1318 3508 1445 3547 sum
1475 3492 1731 3547 imitatus
1753 3495 1919 3563 inju-

225 3582 318 3631 sto
348 3578 594 3643 silentio,
631 3580 686 3633 id
733 3585 838 3640 est.
893 3580 1184 3650 patientia,
1230 3597 1359 3651 quas
1398 3598 1501 3651 pro
1527 3599 1616 3635 me
1653 3588 1920 3652 operatus

225 3681 307 3718 es.
344 3685 371 3715 ιι
423 3667 683 3721 Decidam
733 3668 936 3721 merito
966 3670 1037 3722 ab
1067 3668 1335 3721 inimicis.
1369 3690 1394 3719 ι)
1448 3670 1638 3739 (Ibid)
1676 3672 1797 3724 Non
1823 3672 1917 3739 ju-

223 3755 539 3823 rejurando
572 3755 679 3808 hoc
708 3755 815 3808 sibi
858 3756 1227 3825 imprecetur,
1258 3756 1354 3810 sed
1388 3756 1524 3809 dicit
1576 3757 1727 3827 quod
1783 3772 1918 3809 con-

224 3843 400 3911 tingit
456 3859 515 3897 se
572 3843 1018 3898 vindicantibus:
1078 3846 1354 3915 propheta
1402 3860 1560 3914 ergo,
1612 3861 1730 3897 non
1764 3846 1920 3914 jurat

222 3947 332 4001 per
380 3930 859 3998 exsecrationem;
910 3933 1067 4003 quod
1118 3939 1201 3987 est
1228 3932 1630 4004 gravissimum
1683 3931 1920 4001 jurisju-

220 4019 392 4073 randi
420 4035 619 4089 genus.
680 4021 871 4074 Inanis
900 4022 1080 4075 factus
1110 4038 1254 4075 vana
1300 4026 1356 4076 et
1413 4019 1661 4090 superba
1692 4020 1913 4083 laetitia,

218 4107 380 4176 quod
412 4106 575 4176 quasi
618 4108 767 4162 vinci
816 4125 932 4163 non
978 4110 1194 4180 potuit:
1225 4112 1516 4173 Salomon,
1548 4126 1578 4161 α
1611 4107 1807 4163 Melior
1835 4110 1920 4159 est

216 4195 326 4265 qui
366 4195 539 4249 vincit
570 4196 737 4263 iram,
770 4214 943 4269 quam
996 4200 1095 4269 qui
1153 4198 1302 4269 cepit
1351 4198 1637 4251 civitatem
1668 4216 1695 4249 ι)
1734 4196 1913 4263 (Prov.

215 4286 365 4352 xvr).

297 4374 460 4429 Vens.
497 4378 555 4429 6.
584 4404 654 4415 -
683 4397 709 4424 ‹‹
745 4376 1063 4441 Conculcet,
1105 4379 1213 4428 etc.
1249 4394 1278 4425 ν
1333 4372 1758 4442 (Ibid.)Anima
1789 4388 1916 4442 pec-

218 4462 437 4515 catoris
472 4463 565 4531 (de
591 4480 728 4535 quo,
762 4485 789 4512 ‹‹
820 4465 994 4519 Terra
1018 4480 1102 4533 es,
1135 4468 1191 4518 et
1244 4463 1305 4517 in
1353 4474 1567 4517 terram
1618 4462 1919 4516 reverteris

220 4550 382 4619 [Gem
412 4550 535 4623 [11]),
562 4571 587 4601 ι)
642 4553 800 4606 cibus
831 4554 1111 4623 serpentis
1143 4557 1225 4607 est
1269 4552 1382 4616 (cui
1416 4552 1475 4605 in
1520 4550 1918 4604 maledictione

221 4638 448 4693 dictum
479 4644 581 4705 est,
614 4660 640 4690 α
671 4642 900 4695 Terram
957 4640 1348 4707 manducabis,
1382 4642 1431 4709 υ)
1458 4641 1514 4692 id
1548 4644 1651 4705 est,
1684 4638 1913 4700 diaboli,

220 4727 362 4797 quia
422 4732 591 4792 terra,
652 4728 705 4781 id
764 4733 867 4793 est,
918 4734 1140 4782 terrena
1195 4736 1293 4782 est.
1352 4728 1418 4782 Et
1473 4728 1601 4782 ideo
1670 4727 1765 4781 hic
1809 4726 1913 4780 ait:

222 4834 251 4865 α
311 4816 616 4869 Conculcct
647 4815 706 4868 in
740 4821 890 4869 terra
924 4817 1092 4870 vitam
1141 4833 1347 4882 meam,
1401 4815 1457 4870 id
1482 4821 1587 4884 est,
1620 4816 1677 4869 in
1708 4822 1918 4869 terram

216 4904 516 4957 redactam
567 4904 675 4957 sibi
742 4905 1086 4975 incorporet,
1149 4911 1205 4959 et
1260 4905 1339 4959 ibi
1394 4905 1469 4958 sit
1526 4903 1909 4974 despicabilis.

217 5011 248 5043 α
279 4991 532 5047 Gloriam
588 5008 794 5046 meam.
832 5012 857 5043 ι)
894 4994 1086 5062 (ωειλ.)
1125 4994 1263 5057 Quae
1306 4994 1475 5047 debet
1528 5010 1645 5045 esse
1676 4993 1736 5045 in
1781 5009 1915 5045 con-

212 5081 478 5146 scientia,
502 5079 601 5134 ubi
660 5082 806 5134 Deus
852 5081 1040 5145 videt;
1102 5088 1160 5135 et
1210 5082 1389 5135 solida
1432 5081 1489 5134 in
1536 5080 1791 5147 Domino,
1827 5085 1914 5133 ut:

216 5189 250 5221 α
300 5169 410 5233 Qui
450 5168 747 5239 glorietur,
800 5168 861 5223 in
911 5168 1150 5224 Domino
1208 5170 1550 5239 glorietur(l
1601 5170 1718 5224 Cor.
1780 5171 1836 5235 ι).
1890 5189 1915 5216 »

217 5278 251 5310 «ι
295 5257 550 5312 Deducat
591 5258 648 5310 iu
698 5258 1013 5327 pulverem,
1044 5278 1070 5307 »
1129 5257 1189 5310 id
1248 5263 1353 5321 est,
1386 5257 1446 5310 in
1507 5256 1832 5328 superbiam
1865 5263 1919 5309 et

204 5345 578 5418 jactantiam,
611 5350 674 5400 ut
722 5346 935 5400 scilicet
973 5347 1139 5399 velim
1173 5344 1406 5417 gloriari
1437 5347 1586 5414 apud
1637 5344 1915 5398 homines.

211 5454 246 5486 α
286 5436 351 5488 In
410 5435 704 5504 pulverem
735 5435 995 5489 deducat.
1049 5435 1236 5489 Pulvis
1297 5450 1469 5506 quem
1517 5433 1745 5503 projicit
1784 5449 1916 5487 ven-

210 5528 397 5578 tus.»
453 5522 648 5593 (Ibid)
710 5523 1099 5595 Superborum
1156 5523 1450 5594 jactantia.
1502 5523 1633 5576 Vult
1687 5527 1917 5591 ergout

1955 4256 1999 4309 D

3640 306 3743 359 834

2042 498 2250 580 pulvis,
2305 500 2350 553 si
2409 502 2561 572 apud
2616 503 2878 560 homines
2935 509 3238 577 gloriatur;
3272 525 3396 562 ecce
3433 526 3604 580 quam
3650 528 3739 564 ca-

2043 577 2222 631 venda
2245 581 2532 648 superbia.

2113 665 2272 719 Vens.
2307 674 2353 732 7,
2386 672 2436 722 8.
2490 700 2558 710 —
2595 692 2614 719 ι
2653 672 2928 742 Exsurge,
2962 674 3222 729 Domine.
3285 696 3311 725 »
3348 678 3491 730 Petit
3526 683 3586 730 ut
3616 680 3741 745 glo-

2041 756 2126 808 ria
2172 759 2609 813 resurrectionis
2657 762 2865 815 Christi
2895 765 3211 817 subveniat.
3251 785 3277 815 ιι
3314 766 3373 818 In
3432 766 3518 818 ira
3562 773 3678 821 tua.
3714 791 3735 815 ι

2044 846 2329 899 Perfectus
2382 847 2535 901 enim
2566 848 2670 902 iste
2723 866 2834 903 non
2895 858 3159 920 precatur
3189 853 3278 905 hic
3338 852 3605 907 adversus
3636 855 3735 907 ho-

2042 934 2245 1003 mines,
2273 935 2367 989 sed
2399 936 2670 991 adversus
2696 939 3013 1015 diabolum,
3051 949 3111 994 ut
3160 941 3581 1011 possessionem
3614 942 3737 1010 ejus

2040 1020 2282 1085 amittat,
2309 1031 2647 1091 peccatores,
2703 1028 2913 1082 scilicet
2944 1036 3000 1082 et
3035 1029 3267 1099 impios,
3303 1030 3404 1099 qui
3453 1035 3587 1082 sunt
3610 1030 3735 1099 ejus

2040 1110 2337 1177 possessio.
2402 1114 2462 1165 Et
2504 1114 2637 1182 quia
2687 1116 2896 1169 ablatio
2952 1117 3222 1185 hominis,
3270 1117 3404 1186 quia
3433 1134 3605 1186 paena
3651 1124 3736 1171 est

2039 1198 2285 1264 dlabolo,
2332 1201 2539 1255 dicitur
2592 1204 2676 1257 ira
2736 1206 2831 1257 Dei
2883 1212 3079 1259 contra
3118 1223 3270 1259 eum.
3322 1207 3420 1258 Vel
3472 1210 3735 1275 precatur

2037 1285 2128 1339 hic
2158 1289 2360 1342 Christi
2392 1293 2887 1359 resurrectionem,
2924 1295 3068 1347 sicut
3121 1296 3179 1347 in
3211 1293 3576 1363 praecedenti,
3612 1295 3734 1364 ejus

2037 1375 2514 1432 incarnationem:
2565 1386 2627 1432 ut
2682 1402 2703 1428 ι
2740 1383 2781 1436 Ο
2834 1384 3069 1437 Domine
3128 1384 3273 1436 Deus
3323 1398 3504 1449 meus,
3561 1387 3665 1435 etc.
3702 1400 3729 1432 ››

2043 1485 2064 1511 ι
2104 1466 2167 1517 In
2220 1466 2448 1519 finibus.
2476 1487 2500 1517 ››
2529 1469 2785 1535 Mundus,
2814 1473 2893 1524 vel
2941 1471 3217 1536 infernus,
3272 1476 3405 1524 sunt
3446 1472 3589 1524 tinos
3611 1471 3729 1525 dia-

2037 1552 2174 1606 boli.

2113 1660 2140 1692 α
2178 1644 2240 1696 Et
2271 1660 2531 1713 exsurge,
2568 1646 2826 1700 Domine.
2862 1670 2884 1695 υ
2934 1648 3221 1717 Superbus
3278 1646 3559 1715 diabolus,
3596 1647 3731 1718 quia

2038 1747 2141 1801 per
2173 1732 2534 1802 iniquitatem
2586 1735 2848 1801 vincitur,
2900 1736 3123 1789 subdit:
3157 1737 3277 1800 Vel,
3332 1755 3359 1785 <<
3404 1738 3725 1803 Exsurge,»

2034 1819 2089 1872 id
2114 1826 2215 1882 est,
2242 1822 2300 1873 in
2338 1826 2454 1874 toto
2486 1823 2621 1875 orbe
2655 1827 2821 1877 notus
2870 1825 3116 1889 efﬁcere,
3179 1825 3549 1893 resurgendo.
3586 1841 3611 1875 α
3665 1825 3727 1877 1η

2034 1914 2342 1978 praecepto,
2386 1929 2412 1960 λ)
2476 1916 2533 1964 ut
2592 1918 2943 1982 praeceptum
3010 1912 3349 1966 humilitatis
3389 1912 3559 1965 facias
3619 1911 3726 1964 im-

2035 1996 2221 2067 plere:
2273 2002 2329 2051 et
2358 1997 2466 2051 hoc
2519 1998 2649 2051 inde
2682 2002 2960 2069 sequitur,
3023 2002 3157 2070 quia
3188 2001 3488 2071 Synagoga
3526 2000 3593 2053 de
3634 1999 3722 2052 di-

2035 2085 2210 2138 versis
2237 2087 2485 2156 populis,
2514 2090 2599 2141 vel
2635 2089 2957 2157 specialiter
2993 2089 3224 2153 Judaeis,
3260 2107 3284 2140 α
3351 2087 3727 2141 circumdabit

2034 2180 2108 2237 te,
2142 2193 2169 2224 »
2200 2176 2464 2241 amando,
2529 2177 2613 2229 vel
2666 2178 3097 2246 persequendo:
3144 2200 3169 2225 ‹‹
3206 2179 3439 2247 Propter
3498 2177 3661 2239 hanc,
3699 2196 3724 2225 η

2032 2261 2091 2314 id
2119 2268 2223 2329 est,
2250 2269 2560 2329 amantem,
2605 2284 2631 2314 (ί
2669 2266 2988 2333 regredere,
3028 2289 3047 2312 υ
3084 2266 3141 2319 id
3198 2272 3301 2330 est,
3338 2267 3422 2318 fac
3457 2266 3597 2318 scire
3629 2280 3726 2316 eos

2033 2352 2512 2420 omnipotentiain
2547 2359 2724 2417 tuam,
2759 2354 2859 2423 qui
2889 2354 3231 2407 descendisti
3265 2359 3325 2406 ut
3355 2360 3409 2407 te
3440 2354 3722 2416 viderent;

2034 2440 2117 2493 vel
2153 2446 2433 2510 «propter
2480 2442 2646 2506 hanc,
2680 2461 2705 2491 ››
2741 2442 2796 2495 id
2849 2448 2951 2508 est,
2996 2446 3454 2512 persequentem.
3499 2440 3554 2493 in
3615 2456 3728 2510 qua

2032 2529 2219 2581 locum
2265 2545 2376 2581 non
2426 2529 2665 2589 invenis,
2704 2548 2729 2579 ί(
2767 2531 3065 2599 regredere
3109 2530 3166 2581 in
3218 2530 3417 2593 altum,
3454 2550 3481 2577 »
3530 2528 3585 2581 id
3618 2539 3721 2587 est,

2033 2618 2365 2670 subtrahere
2413 2618 2498 2669 bis
2539 2618 2636 2688 qui
2676 2624 2728 2671 te
2785 2625 3223 2689 persequuntur.
3271 2638 3297 2668 «
3344 2618 3659 2687 Synagoga.
3699 2635 3724 2665 υ

2031 2707 2223 2776 (Ibid)
2282 2707 2657 2776 Congregatio
2715 2708 2934 2776 populi.
2989 2712 3115 2771 etc.,
3148 2722 3315 2775 usque
3343 2706 3416 2758 ad
3454 2706 3725 2758 Dominus

2028 2795 2263 2863 judicat,
2297 2796 2364 2848 de
2413 2796 2630 2861 judicio
2689 2796 2950 2865 regressi,
2994 2796 3047 2848 id
3078 2801 3182 2859 est,
3237 2793 3462 2847 Christi.
3499 2814 3525 2841 ››
3562 2795 3727 2846 Inno-

2031 2883 2291 2937 centiam.
2335 2904 2361 2933 ››
2422 2883 2605 2952 (ξιὺίιί.)
2656 2884 2797 2947 Quia
2847 2901 2961 2936 non
3014 2883 3237 2936 reddidi
3280 2881 3726 2934 retribuentibus

2031 2970 2192 3025 mihi.
2226 2992 2252 3020 α
2304 2973 2486 3040 Super
2536 2988 2646 3024 me.
2692 2992 2718 3021 ι)
2776 2972 2967 3039 (Ιόίιί.)
3024 2972 3248 3024 Iustitia
3289 2976 3346 3023 et
3402 2969 3725 3022 innocentia

2030 3064 2163 3113 sunt
2190 3076 2361 3129 super
2391 3075 2500 3125 me,
2537 3060 2670 3129 quia
2702 3075 2816 3111 non
2850 3076 2879 3111 a
2911 3076 3020 3123 me,
3055 3060 3149 3112 sed
3179 3076 3210 3111 a
3242 3060 3375 3112 Deo.

2104 3149 2265 3202 Vens.
2331 3150 2411 3201 lO.
2463 3178 2531 3186 —
2578 3169 2605 3193 ‹‹
2654 3148 2923 3201 Scrutans
2984 3148 3171 3199 corda.
3228 3169 3247 3193 ι»
3329 3145 3518 3214 (Ibid)
3579 3144 3724 3208 Quid

2031 3235 2272 3306 quisque
2304 3234 2534 3303 cogitet.
2574 3234 2593 3281 ἑ
2648 3236 2848 3287 Renes.
2886 3258 2909 3282 ι
2942 3233 3086 3296 Quid
3129 3249 3417 3303 quemque
3453 3232 3721 3296 delectet;

2031 3324 2166 3394 quia
2221 3322 2351 3376 linis
2410 3338 2562 3375 cura:
2620 3328 2674 3375 et
2720 3322 3083 3387 cogitationis
3133 3327 3221 3374 est
3277 3320 3598 3385 delectatio,
3656 3321 3723 3373 ad

2030 3428 2204 3481 quam
2256 3410 2457 3464 nititur
2501 3410 2816 3479 pervenire.
2851 3410 3036 3480 Opera
3077 3409 3355 3463 nostrain
3386 3408 3548 3463 dictis
3579 3414 3636 3461 et
3664 3407 3724 3460 in

2029 3499 2190 3553 factis
2220 3504 2460 3570 possunt
2488 3499 2679 3552 videre
2730 3498 3020 3565 homines;
3055 3498 3151 3551 sed
3187 3514 3300 3568 quo
3334 3497 3527 3551 animo
3558 3496 3719 3559 ﬁant,

2030 3594 2085 3642 et
2114 3605 2227 3658 quo
2262 3587 2556 3657 pervenire
2583 3587 2835 3657 cupiant,
2872 3588 3025 3641 solus
3077 3586 3227 3639 videt
3260 3588 3434 3650 Deus;
3468 3585 3723 3655 quicum

2028 3676 2181 3730 videt
2235 3691 2333 3728 cor
2384 3691 2503 3729 esse
2556 3675 2615 3728 in
2646 3676 2806 3742 coelo,
2866 3679 2922 3727 et
2971 3690 3085 3727 non
3124 3672 3391 3726 delectari
3424 3672 3484 3726 in
3532 3688 3721 3737 carne,

2029 3763 2124 3815 sed
2157 3762 2215 3815 in
2249 3761 2511 3826 Domino,
2559 3761 2613 3814 id
2645 3766 2746 3825 est,
2780 3776 2909 3813 cum
2952 3760 3118 3813 bonas
3162 3764 3294 3811 sunt
3330 3758 3722 3827 cogitationes,

2029 3853 2085 3901 et
2114 3864 2310 3901 earum
2342 3850 2483 3900 tines
2541 3847 2733 3915 dirigit
2765 3847 3007 3915 justum,
3042 3850 3097 3899 et
3128 3861 3246 3898 non
3292 3844 3479 3897 solum
3509 3844 3723 3915 dirigit,

2030 3936 2126 3989 sed
2158 3936 2361 4004 adjuva
2381 3936 2623 4004 justum.

2101 4024 2261 4077 Vens.
2309 4027 2491 4077 H.——-
2551 4022 2824 4075 «Iustum
2884 4020 3256 4090 adjutorium.
3314 4018 3538 4090 »(Ibid.)
3602 4020 3723 4073 Duo

2027 4117 2159 4165 sunt
2211 4111 2397 4164 or‘licia
2457 4110 2775 4176 medicinas,
2834 4109 3047 4163 scilicet
3100 4108 3369 4161 morbum
3417 4124 3618 4160 sanare
3671 4112 3726 4160 et

2029 4200 2330 4253 sanitatem
2361 4198 2659 4252 custodire.
2700 4197 3024 4252 Secundum
3058 4196 3311 4266 primum
3361 4195 3501 4249 dixit
3522 4195 3581 4249 in
3611 4195 3722 4249 alio

2030 4289 2280 4358 psalmo:
2314 4305 2341 4337 (ί
2374 4286 2639 4339 Inﬁrmus
2688 4302 2832 4349 sum,
2885 4302 3021 4339 sana
3050 4301 3163 4346 me,
3212 4283 3469 4337 Domine.
3514 4285 3725 4338 .Juxta

2031 4378 2268 4429 alteram
2314 4375 2452 4429 dicit
2505 4374 2597 4428 hic
2648 4374 2946 4444 perfectus,
3010 4395 3037 4422 ‹‹
3090 4374 3311 4443 justum
3371 4371 3723 4442 adjutorium

2030 4482 2223 4520 meum
2254 4481 2287 4517 a
2345 4465 2604 4517 Domino.
2640 4484 2667 4512 »
2733 4465 2794 4516 Et
2835 4463 2933 4515 illa
2990 4462 3144 4515 enim
3173 4466 3229 4515 et
3272 4462 3377 4514 ista
3441 4459 3724 4514 medicina

2028 4556 2211 4608 salvos
2263 4553 2422 4607 facit:
2484 4552 2581 4605 sed
2631 4551 2730 4605 illa
2803 4568 2868 4605 ex
2948 4550 3289 4620 mgriludine
3338 4549 3605 4602 transfert
3653 4548 3723 4600 ad

2029 4644 2290 4707 salutem,
2325 4642 2444 4694 haec
2477 4640 2535 4693 in
2584 4640 2707 4710 ipsa
2755 4640 2935 4693 salute
2985 4642 3301 4692 conservat.
3336 4637 3438 4690 Illa
3466 4636 3537 4690 ad
3578 4652 3724 4689 mor-

2025 4730 2168 4786 bum
2200 4729 2577 4793 evadendum,
2613 4728 2968 4793 remedium;
3004 4728 3128 4780 haec
3160 4732 3353 4780 autem
3384 4742 3454 4779 ne
3485 4725 3552 4779 ad
3576 4742 3720 4778 mor-

2028 4818 2166 4870 bum
2230 4817 2464 4883 recidat,
2521 4815 2836 4869 remedium
2892 4819 3141 4885 praastat.
3203 4816 3305 4868 Illa
3351 4818 3583 4867 sanatur
3635 4813 3721 4867 in-

2028 4906 2201 4971 ﬁrmi,
2229 4906 2331 4959 hac
2361 4906 2713 4959 custodimur
2742 4903 2885 4959 sani.

2102 4995 2260 5048 Vens.
2326 4997 2407 5047 l2.
2464 5023 2533 5033 -—
2589 5013 2610 5042 ι
2673 4993 2819 5046 Deus
2856 4991 3049 5061 judex.
3088 5010 3115 5043 »
3152 4989 3341 5059 (Cass)
3411 4988 3514 5042 Hic
3569 4993 3723 5042 metu

2028 5082 2206 5135 futuri
2250 5080 2454 5147 judicii
2513 5084 2704 5142 terret,
2766 5084 2821 5133 et
2878 5094 3037 5149 spem
3104 5077 3345 5131 reversis
3412 5076 3719 5147 promittit.

2034 5193 2054 5218 ι
2088 5168 2353 5238 Nunquid
2397 5168 2678 5221 irascitur.
2705 5190 2733 5217 »
2790 5170 2924 5236 (Anc
2953 5168 2969 5237 )
3010 5166 3132 5221 Alia
3153 5165 3370 5219 littera:
3402 5188 3422 5213 ι
3453 5164 3723 5234 Nunquid

2029 5258 2257 5311 adducit
2286 5256 2429 5310 iram
2477 5272 2582 5326 per
2618 5256 2872 5326 singulos
2903 5255 3044 5309 dies.
3101 5275 3127 5306 ι)
3158 5257 3221 5309 In
3269 5255 3463 5309 Graeco
3498 5253 3721 5323 signiti-

2029 5347 2267 5411 cantius,
2306 5369 2326 5395 ι
2381 5344 2612 5399 adducit
2650 5344 2829 5398 iram:
2865 5364 2892 5396 π
2947 5343 3082 5414 quia
3112 5360 3227 5398 non
3260 5342 3320 5396 in
3371 5343 3496 5413 ipso
3528 5347 3613 5395 est
3640 5342 3725 5394 ira

2030 5450 2144 5505 qua
2192 5434 2377 5504 punit,
2418 5434 2515 5487 sed
2551 5433 2613 5486 in
2643 5432 2862 5503 angelis
2917 5432 3041 5499 iras,
3081 5448 3183 5502 per
3214 5448 3354 5502 quos
3404 5430 3597 5502 punit:
3626 5434 3725 5501 qui

2033 5538 2148 5576 non
2172 5524 2405 5591 propter
2428 5520 2711 5590 justitiam
2735 5508 2849 5592 qua
2876 5537 2991 5575 non
3035 5519 3306 5593 gaudent,
3367 5519 3462 5573 sed
3486 5524 3726 5589 propter
