4082 6184
368 280 472 332 855

990 272 1385 327 WALAFBIDI
1426 271 1667 326 STRABI
1710 270 1904 325 FULD.
1953 267 2113 323 ΜΟΝ.
2153 267 2301 322 OPP.
2351 265 2532 321 PARS
2571 266 2613 320 Ι.
2656 295 2723 303 —-
2762 262 3211 319 TIIEOLOGICA.

3762 264 3857 313 836

368 402 674 468 malitiam,
731 416 901 472 pcena
943 400 1197 453 humana
1227 398 1609 453 delectantur:
1643 412 1787 467 quos
1819 410 1920 465 per
1952 394 2066 447 sin-
2104 396 2152 449 A
2180 392 2279 464 qni
2314 390 2625 446 Dominum
2655 388 2982 452 laudabant,
3006 387 3065 440 in
3091 402 3235 457 quos
3268 387 3376 440 hoc
3401 386 3580 438 utitur
3601 384 3865 438 Dominus

368 495 533 566 gulos
564 492 684 547 dies
715 506 832 545 non
889 492 1197 559 congregat
1244 487 1313 541 ad
1345 485 1675 552 vindictam,
1709 486 1804 539 sed
1837 499 1939 555 per
1969 500 2068 554 pa-

368 582 632 638 tientiam
664 580 731 634 ad
766 576 1165 650 paenitentiam
1194 575 1416 630 invitat.

437 673 592 725 Vens.
630 672 712 723 13.
768 686 897 717 -α
930 665 1196 721 Gladium
1250 679 1438 718 suum.
1478 686 1499 711 ι
1552 662 1731 733 (Aea)
1789 662 1914 715 Alia
1974 661 2068 713 lit-

365 765 517 815 tera:
570 760 865 813 Frameam
919 770 1081 809 suam
1139 751 1571 823 splendiﬁcavit.
1620 753 1815 819 (Cass)
1864 771 1890 801 (ι
1942 751 2067 805 Gla-

365 848 523 902 dium
555 861 747 913 suum,
781 868 806 890 ››
841 843 1203 898 manifestam
1239 841 1547 895 vindictam
1595 840 1905 908 exercebit,
1966 855 2071 892 ncc

364 935 555 1004 impar
586 932 802 987 dictum
834 937 919 987 est
963 934 1090 998 hoc,
1134 930 1269 1002 quia
1301 946 1499 984 arcum
1529 946 1698 983 suum
1730 927 1989 995 tetendit,
2040 952 2065 973 »ι

367 1022 638 1088 minatur,
673 1038 743 1075 ne
792 1025 1028 1091 putetur
1057 1020 1294 1074 remissa
1324 1018 1632 1089 pitientia;
1669 1038 1690 1066 ι
1752 1016 1994 1086 paravit,
2034 1036 2057 1063 ι

364 1116 430 1166 ut
456 1127 593 1165 mox
624 1111 900 1165 missurus
930 1110 1193 1179 sagittam
1230 1112 1477 1179 putetur.
1518 1124 1543 1158 ι
1577 1110 1785 1160 Arcum
1808 1122 1995 1159 suum.
2044 1127 2064 1150 ι

366 1199 556 1269 (Ibid.)
587 1202 632 1254 A
670 1199 863 1253 simili.
902 1200 1059 1253 Sicut
1111 1197 1263 1251 enim
1298 1197 1395 1268 qui
1442 1195 1684 1249 tetendit
1738 1211 1932 1248 arcum
1966 1193 2066 1246 mi-

368 1293 557 1353 natur,
619 1286 695 1340 ita
726 1303 829 1357 per
888 1302 1105 1340 sacram
1166 1285 1517 1355 Scripturam
1577 1284 1829 1337 minatur
1884 1282 2066 1348 malis,

370 1392 442 1430 ne
502 1375 741 1429 remissa
782 1380 1016 1445 putetur
1075 1374 1177 1428 Dei
1232 1373 1539 1443 patientia;
1576 1378 1633 1426 et
1694 1371 1999 1441 «paravit,
2040 1390 2067 1421 »

367 1464 468 1535 qui
500 1480 627 1518 mox
659 1464 937 1518 missurus
986 1463 1249 1533 sagittam
1285 1467 1549 1531 putetur:
1600 1460 1747 1514 sicut
1800 1460 1927 1529 quis
1975 1475 2071 1512 ar-

368 1568 498 1606 cum
538 1558 721 1624 parat,
768 1558 833 1605 ut
862 1551 1129 1622 sagittam
1188 1550 1397 1603 mittat.
1438 1572 1457 1597 ‹
1491 1552 1713 1602 ’Arcum
1767 1563 1937 1600 suum
1994 1552 2070 1600 te-

366 1641 570 1707 tendit,
622 1663 642 1689 ι

369 1745 474 1799 per
527 1729 747 1783 Novum
803 1729 1261 1782 Testamentum:
1302 1748 1322 1774 ι
1372 1724 1677 1791 Paravit,»
1740 1740 1842 1794 per
1870 1726 2067 1794 expla~

368 1816 685 1871 nationem.
743 1816 938 1886 (Ibid.)
995 1816 1112 1881 Vel,
1149 1836 1174 1863 α
1210 1814 1451 1885 paravit.
1490 1836 1509 1861 ι
1547 1816 1715 1867 Parat
1766 1817 1824 1867 et
1885 1813 2069 1881 dispo-

369 1905 457 1959 nit
516 1906 682 1965 Deus,
748 1909 878 1972 etc.,
936 1918 1105 1971 usque
1169 1902 1244 1955 ad
1310 1901 1410 1955 sed
1468 1900 1802 1955 ardentibus
1857 1900 2065 1967 studio,

371 1992 619 2063 sagittas.

443 2082 609 2136 Vens.
653 2083 734 2135 l5.
770 2069 838 2118 -ὲ
874 2102 895 2128 ι
929 2080 1086 2132 Ecce.
1130 2101 1151 2127 ι
1180 2078 1372 2143 Quasi,
1423 2078 1547 2132 haec
1574 2075 1796 2147 paravit
1837 2077 1983 2130 Deus
2009 2074 2071 2127 in

371 2167 701 2237 Scripturis.
747 2167 927 2235 (Ibid)
993 2167 1151 2222 Unde
1204 2166 1428 2220 videtur
1482 2165 1701 2218 homini
1751 2180 1871 2217 esse
1901 2180 2073 2217 causa

370 2256 775 2311 damnationis.
808 2256 914 2310 Sed
950 2276 976 2302 «
998 2271 1124 2309 ecce
1157 2274 1185 2305 ν
1220 2254 1368 2324 ψιοᾶ
1430 2270 1544 2307 non
1574 2270 1641 2307 ex
1697 2254 1826 2317 Deo,
1862 2252 1957 2305 sed
2007 2268 2070 2305 ex

371 2344 605 2398 homine
662 2348 765 2409 est,
815 2343 950 2413 quia
1007 2365 1027 2390 ι
1092 2343 1276 2396 lacum
1335 2341 1579 2412 aperuit.
1639 2345 1743 2394 etc.
1805 2340 2075 2409 Concepit

372 2431 647 2495 dolorem,
681 2451 701 2477 ι
749 2430 961 2499 (ιὸἱᾱ.)
994 2429 1052 2484 id
1100 2435 1204 2489 est.
1253 2428 1507 2499 appetitu
1555 2428 1957 2498 temporalium
1988 2444 2076 2481 re-

372 2534 523 2573 rum.
562 2539 583 2566 ι
612 2517 859 2588 Peperit,
898 2539 917 2565 ι
958 2517 1163 2583 etfacit,
1219 2517 1447 2571 emisit:
1487 2521 1544 2570 et
1608 2517 1667 2569 in
1699 2516 1907 2569 emissa
1963 2515 2072 2569 iiii-

373 2606 594 2679 quitate
647 2611 733 2660 est
784 2607 960 2672 lacus,
1016 2605 1075 2659 id
1126 2610 1229 2669 est,
1266 2604 1649 2675 praecipitium
1700 2605 1848 2658 aliis.
1918 2605 2072 2658 Unde

376 2693 567 2748 subdit
590 2709 604 2746 :

447 2783 608 2836 Vens.
647 2784 730 2835 16.
766 2809 835 2820 -
885 2802 906 2828 ι
963 2781 1169 2835 Lacum
1210 2779 1455 2850 aperuit.
1488 2798 1519 2833 υ
1557 2781 1620 2834 Et
1675 2780 1754 2834 sic
1783 2785 1867 2835 est
1918 2797 2078 2834 com-

375 2869 646 2940 parabilis
692 2868 974 2938 aperienti
1003 2869 1227 2922 lacum:
1261 2868 1445 2937 aperit
1497 2869 1652 2923 enim
1707 2869 2078 2941 concipiendo

2179 481 2528 536 testimonio.
2590 480 2652 533 Et
2680 478 2767 532 his
2812 476 3043 547 perfecit
3080 475 3325 536 laudem,
3357 474 3491 545 quia
3539 474 3581 525 si
3616 474 3721 526 soli
3744 488 3863 543 per-

2178 570 2306 624 fecti
2338 574 2525 622 essent
2580 569 2639 621 in
2694 566 2954 633 Ecclesia,
3008 581 3127 619 non
3182 564 3575 618 consuleretur
3620 563 3864 616 humano

2179 658 2410 727 generi;
2437 658 2582 710 sicut
2624 672 2797 721 nunc,
2831 670 2961 708 cum
2994 658 3049 707 et
3078 652 3304 707 minimi
3356 652 3608 705 nondum
3636 666 3863 720 capaces

2178 746 2523 818 cognitionis
2553 761 2744 799 rerum
2780 742 3164 812 spiritualium
3203 741 3540 818 nutriuntur
3566 740 3678 794 fide
3727 746 3861 792 tem-

2179 835 2392 906 poralis
2439 834 2712 888 historim.
2748 858 2769 877 ‹‹
2811 831 3050 896 Inimici,
3088 854 3113 877 ››
3168 833 3301 883 sunt
3346 844 3564 893 omnes,
3620 827 3720 898 qui
3753 828 3863 880 dis-

2178 922 2499 995 pensationi
2555 938 2656 993 per
2690 922 3036 976 Crucilixum
3086 920 3268 984 factae,
3325 917 3611 971 contraria
3658 917 3863 969 dicunt.

2184 1036 2203 1062 ι
2260 1012 2590 1066 Defensores
2638 1033 2657 1057 ι
2714 1010 2980 1064 videntur
3034 1006 3289 1062 haeretici
3340 1006 3494 1071 fidei,
3550 1006 3867 1076 philosophi

2179 1100 2501 1171 sapientia},
2535 1116 2664 1152 cum
2698 1104 2890 1153 tamen
2920 1104 2977 1150 et
2999 1097 3081 1150 illi
3108 1097 3303 1161 fidem,
3336 1102 3393 1149 et
3442 1096 3501 1150 hi
3532 1094 3865 1164 sapientiam

2179 1206 2373 1244 veram
2400 1189 2763 1259 impuguent.
2803 1211 2822 1234 ι
2854 1186 3227 1245 Lactentium,
3263 1210 3288 1230 ››
3314 1183 3509 1254 (Cass)
3544 1200 3659 1237 non
3692 1189 3868 1245 aetate,

2180 1279 2274 1333 sed
2331 1284 2391 1332 ut
2436 1280 2653 1338 Petrus.
2694 1300 2713 1325 α
2749 1277 2916 1348 quasi
2940 1277 3107 1329 modo
3161 1275 3340 1346 geniti
3369 1277 3408 1341 (I
3440 1276 3577 1329 Petr.
3617 1274 3698 1342 ii),
3727 1298 3751 1317 ι»
3782 1273 3868 1342 qui

2180 1368 2437 1422 nondum
2467 1383 2675 1432 escam,
2710 1366 2805 1420 sed
2843 1367 2924 1418 lac
2959 1379 3184 1417 sumere
3217 1368 3482 1434 possunt;
3519 1368 3575 1415 et
3629 1366 3736 1426 est,
3766 1377 3868 1412 non

2181 1458 2365 1510 solum
2398 1455 2735 1527 aperfectis,
2771 1455 2864 1508 sed
2899 1459 2953 1508 et
2983 1454 3053 1506 ab
3084 1452 3490 1522 insipientibus
3522 1449 3866 1520 praedicaris.

2181 1547 2301 1613 Vel,
2332 1545 2579 1599 infantes
2609 1550 2664 1598 et
2694 1545 2966 1597 lactentes
3005 1542 3141 1596 dicit
3173 1541 3482 1612 apostolos,
3516 1540 3615 1609 qui
3650 1540 3871 1592 fuerunt

711 1640 896 1710 (Auo.)
957 1638 1330 1709 temperando
1390 1638 1559 1691 Vetus
1638 1638 2065 1690 Testamentum
2100 1677 2138 1730 Β
2182 1634 2445 1688 homines
2498 1633 2781 1703 simplices
2811 1637 2869 1685 et
2902 1630 3148 1693 indocti;
3182 1630 3362 1683 unde:
3404 1652 3423 1677 ι
3462 1628 3647 1683 Stulta
3682 1627 3869 1679 mundi

2181 1743 2207 1774 α
2240 1723 2411 1793 elegit
2472 1723 2616 1776 Deus
2646 1726 2709 1775 ut
2739 1720 3049 1774 confundat
3080 1718 3246 1772 fortia
3275 1718 3328 1787 (Ι
3361 1720 3479 1773 Cor.
3516 1717 3572 1786 1).
3611 1738 3631 1763 ι
3694 1715 3872 1770 Perfe-

2178 1812 2324 1865 ctior
2353 1815 2438 1865 est
2467 1812 2607 1864 laus.
2639 1811 2760 1875 Vel,
2792 1825 2859 1862 ex
2893 1825 2990 1863 ore
3015 1808 3319 1861 infantium
3342 1816 3400 1860 et
3444 1806 3800 1870 lactentium,
3825 1804 3874 1857 id

2181 1906 2287 1965 est,
2341 1916 2406 1953 ex
2444 1898 2632 1952 verbis
2662 1914 2968 1968 puerorum
3006 1896 3377 1951 Hebraeorum
3409 1893 3701 1964 perfecisti
3757 1893 3877 1946 lau-

2180 1988 2334 2053 dem,
2367 2004 2498 2058 qum
2530 1986 2832 2041 videbatur
2861 1984 3158 2056 pueriliter
3189 1984 3281 2054 agi
3332 1989 3568 2052 propter
3599 1981 3876 2044 inimicos,

2180 2093 2251 2130 ne
2284 2076 2543 2129 videatur
2595 2076 2849 2128 humana
2901 2072 3201 2142 sapientia,
3249 2072 3343 2126 sed
3389 2071 3670 2125 divinitus
3734 2070 3872 2122 data.

2185 2188 2206 2213 ι
2244 2164 2509 2219 Inimicos
2539 2169 2685 2219 tuos.
2722 2186 2741 2211 ι
2786 2164 3060 2233 Paganos.
3100 2184 3121 2211 ι
3167 2161 3484 2215 Inimicum.
3530 2182 3550 2208 ι
3586 2159 3868 2225 Judaeum,

2181 2252 2280 2323 qui
2308 2252 2575 2305 inimicus
2619 2256 2703 2305 est
2738 2251 2854 2317 Dei,
2906 2251 3044 2304 dum
3102 2252 3328 2304 Patrem
3360 2251 3545 2302 solum
3596 2246 3871 2302 defendit:

2182 2341 2315 2411 quia
2355 2364 2375 2389 «
2402 2340 2501 2412 qui
2554 2357 2670 2394 non
2710 2339 3053 2393 lionoriticat
3108 2338 3333 2405 Filium,
3392 2354 3508 2392 non
3538 2337 3874 2390 honorificat

2187 2453 2211 2475 «
2240 2432 2485 2495 Patrem,
2512 2448 2540 2479 ››
2572 2429 2657 2482 vel
2684 2428 2946 2481 inimicus
2967 2432 3117 2480 voto.

2256 2520 2411 2571 Vens.
2449 2519 2497 2571 4.
2532 2546 2600 2557 -
2624 2536 2649 2567 ι(
2675 2516 2956 2581 Quoniam
2977 2514 3198 2569 videbo.
3229 2536 3257 2563 ››
3280 2516 3396 2568 Pim
3416 2513 3638 2581 Iudaeo,
3658 2512 3867 2585 spiritu.

2189 2628 2215 2655 ι(
2240 2608 2421 2661 Οωιοε
2444 2610 2593 2671 tuos,
2628 2627 2647 2653 ι
2674 2605 2979 2674 apostolos,
3007 2603 3209 2658 videbo
3242 2602 3685 2674 praesentialiter
3706 2602 3767 2655 in
3794 2618 3877 2671 po-

2185 2696 2382 2759 steris;
2405 2694 2513 2747 hoc
2532 2694 2677 2748 bene
2691 2691 3291 2762 convenitprimitivis.
3312 2712 3333 2740 ι
3358 2692 3545 2761 Opera
3573 2690 3879 2759 digitorum

2186 2788 2438 2837 tuorum.
2468 2802 2493 2831 ιο
2525 2782 2667 2846 Quia
2697 2781 3096 2851 cooperatione
3125 2780 3415 2833 Trinitatis
3456 2779 3720 2849 perfecti,
3761 2793 3882 2848 quas

2188 2870 2541 2940 signiﬁcatur
2570 2870 2629 2923 in
2652 2870 2830 2923 tribus
2864 2868 3058 2937 digitis
3092 2868 3202 2934 hic,
3228 2873 3293 2922 ut
3320 2867 3435 2921 ibi:
3466 2891 3491 2913 ‹‹
3522 2866 3633 2931 Qui
3666 2881 3885 2936 appen-

375 2958 666 3013 fraudem:
700 2957 900 3012 effodit
955 2956 1348 3027 parturieudo,
1392 2956 1653 3011 instando
1707 2957 1863 3028 operi
1915 2959 2074 3012 frau-
2117 2952 2156 3006 C
2187 2958 2464 3013 dittribus
2489 2956 2681 3026 digitis
2704 2958 2915 3011 molem
2944 2962 3130 3009 terras.
3165 2976 3193 3005 s
3219 2956 3348 3026 (Isa.
3383 2956 3494 3024 XL.)
3531 2956 3594 3009 Et
3638 2970 3745 3027 per
3771 2971 3884 3011 eos.

377 3048 506 3114 dis;
579 3046 777 3101 incidit
864 3045 1139 3116 pariendo
1209 3046 1488 3112 fraudem,
1567 3045 1800 3115 scilicet,
1869 3061 2074 3117 perpe-

379 3136 605 3191 trando.

452 3224 613 3277 Vens.
652 3226 736 3277 17.
795 3252 865 3261 -
895 3240 925 3274 α
969 3222 1343 3277 Convertetur
1398 3222 1580 3289 dolor,
1656 3227 1760 3277 etc.
1801 3246 1821 3271 ι
1871 3224 2073 3293 Caput,

382 3311 592 3374 anima,
648 3316 861 3377 vertex,
918 3311 1097 3365 ratio:
1145 3311 1238 3364 cui
1292 3311 1664 3365 dominantur
1720 3316 1971 3382 peccata,
2023 3317 2078 3366 et

382 3401 717 3466 supersunt:
787 3401 845 3451 et
884 3398 1403 3467 superdescendent
1447 3414 1577 3453 cum
1626 3398 1687 3453 in
1742 3414 1939 3469 pinnas
1970 3399 2070 3453 de-

384 3483 634 3538 trudent.

455 3572 615 3627 Vens.
652 3575 737 3628 l8.
764 3602 833 3612 —
867 3594 889 3621 ι
925 3573 1247 3629 Confitebor
1297 3574 1564 3629 Domino.
1592 3601 1618 3622 ι»
1674 3575 1870 3645 (ωδε.)
1928 3576 2076 3630 Con-

384 3659 585 3727 clusio,
620 3660 782 3733 quasi
824 3661 1021 3715 omnia
1052 3661 1112 3717 in
1159 3678 1444 3717 summam
1492 3663 1787 3735 colligens,
1820 3663 2080 3718 alacriter

384 3763 443 3802 se
472 3747 611 3804 dicit
639 3748 919 3804 conﬁteri.

983 3873 1294 3930 PSALMUS
1332 3876 1471 3930 VIII.

458 4012 612 4067 Vens.
675 4017 724 4068 1.
763 4042 833 4055 -
872 4034 901 4063 α
934 4014 998 4068 In
1052 4016 1247 4082 tinem,
1305 4031 1409 4086 pro
1465 4014 1865 4082 torcularibus,
1904 4019 2009 4070 etc.
2050 4039 2070 4064 ι

385 4099 493 4152 Pro
548 4100 941 4165 torcularibus,
994 4102 1050 4155 id
1108 4106 1211 4167 est,
1270 4102 1552 4171 Ecclesiis,
1602 4108 1734 4170 etc.,
1784 4118 1954 4172 usque
2005 4104 2079 4157 ad

384 4187 592 4241 animae
623 4187 682 4241 in
702 4189 961 4259 requiem
990 4195 1277 4245 emanant.

457 4277 645 4330 Vens.
688 4278 740 4331 2.
768 4307 833 4317 —
862 4296 889 4327 α
923 4278 1180 4343 Domine,
1216 4277 1492 4333 Dominus
1522 4283 1733 4346 noster,
1766 4296 1937 4351 quam
1966 4280 2071 4334 ad-

388 4364 646 4418 mirabile
694 4366 937 4419 nomenl
998 4370 1156 4419 etc.»
1213 4366 1411 4437 (Cass)
1473 4367 1662 4421 Primo
1723 4369 1920 4422 laudes
1954 4368 2072 4436 Dei,

386 4453 651 4522 majestas
684 4454 825 4523 ejus,
859 4460 916 4507 et
968 4455 1222 4525 operatio
1252 4456 1473 4510 excelsa
1499 4456 1911 4511 describuntur.
1953 4478 1979 4509 α
2014 4459 2076 4512 In

387 4540 669 4595 universa.
703 4562 723 4588 ι
760 4542 941 4610 (Ιὸἰει.)
1003 4543 1123 4597 Non
1155 4558 1291 4613 ergo
1342 4543 1523 4598 Judtei
1577 4545 1662 4598 vel
1694 4544 1933 4616 quilibet
1980 4546 2076 4600 alii

384 4627 465 4682 ibi
490 4627 777 4682 vindicent
806 4630 957 4700 quod
1008 4630 1267 4684 omnium
1306 4635 1410 4691 est,
1468 4631 1624 4701 quod
1673 4638 1759 4685 est
1806 4632 2071 4687 intentio.

390 4737 417 4765 «
447 4715 629 4788 Super
664 4718 854 4771 caelos.
890 4737 918 4768 ιο
953 4717 1132 4788 (Αυο.)
1164 4718 1246 4773 Ad
1280 4719 1548 4787 litteram,
1591 4720 1678 4774 vel
1721 4720 2073 4792 Scripturas:

386 4804 523 4875 quia
573 4806 796 4860 excedit
843 4806 1071 4877 eloquia
1136 4806 1397 4863 omnium
1452 4808 1905 4879 Scripturarum;
1966 4809 2074 4875 vel,

388 4910 612 4965 «super
651 4894 841 4948 cmlos.
877 4915 904 4944 »
946 4896 1343 4950 Continuando
1375 4913 1505 4951 cum
1565 4898 1959 4967 sequentibus,
2018 4898 2076 4952 id

385 4988 489 5049 est,
519 4982 582 5036 iu
606 4982 944 5054 Scripturas,
988 5000 1130 5056 quas
1173 4984 1402 5039 inclinat
1459 4985 1792 5054 infantibus,
1844 4992 2078 5058 propter

384 5070 647 5125 inimicos
671 5072 889 5126 crucis:
921 5073 1017 5143 qui
1077 5073 1470 5141 destruantur,
1524 5090 1655 5128 cum
1684 5075 1967 5141 videntur,
2016 5075 2075 5129 id

385 5164 489 5221 est,
522 5159 921 5231 intelliguntur
942 5161 1246 5234 Scriptura;
1277 5180 1457 5234 usque
1482 5163 1552 5218 ad
1584 5163 1829 5217 infantes
1857 5164 2070 5218 ductae:

384 5250 589 5302 etcum
610 5264 714 5319 per
758 5265 852 5303 eas
877 5265 1058 5321 usque
1086 5250 1154 5304 ad
1202 5251 1381 5304 robur
1429 5251 1782 5317 nutriuntur,
1812 5255 1870 5306 et
1899 5251 2072 5306 subli-

384 5333 645 5389 mitatem
673 5335 1071 5407 intelligentia:
1098 5338 1421 5408 eriguntur.

456 5421 613 5477 Vens.
646 5426 695 5477 3.
727 5451 799 5465 —
830 5446 858 5473 ‹‹
888 5426 962 5479 Ex
1000 5441 1099 5479 ore
1126 5425 1456 5481 infantium.
1491 5448 1518 5475 »
1579 5428 1765 5497 (Ibid.)
1797 5428 2073 5499 lnsipien-

384 5508 553 5579 tium,
575 5510 781 5582 quibus
808 5514 1118 5584 Apostolus
1138 5514 1224 5569 lac
1242 5515 1434 5586 dabat,
1468 5533 1610 5588 quos
1631 5516 1933 5588 signabant
1965 5518 2069 5585 illi,

2195 3068 2214 3092 ιι
2250 3045 2465 3098 Lunam
2487 3050 2542 3099 et
2571 3046 2761 3099 stellas
2793 3061 2921 3115 quae
2949 3051 3007 3098 tu
3039 3044 3359 3099 fundasti.»
3395 3045 3517 3097 Non
3540 3044 3649 3097 illi.

2258 3134 2416 3188 Vens.
2452 3137 2503 3187 5.
2537 3163 2605 3173 —
2636 3153 2665 3185 α
2718 3133 2865 3197 Quid
2924 3138 3010 3187 est
3059 3132 3250 3186 homo.
3286 3153 3313 3181 »
3355 3132 3541 3201 (Ibid.)
3597 3132 3881 3197 Secundo,

2188 3226 2453 3275 naturam
2497 3221 2745 3275 hominis
2796 3222 2933 3275 olim
2984 3220 3243 3274 vitiatam
3277 3221 3413 3273 dicit
3441 3221 3497 3273 in
3533 3220 3767 3273 Christo
3800 3237 3885 3273 su-

2188 3326 2291 3379 per
2315 3309 2508 3363 omnia
2557 3310 2881 3364 exaltatam.
2929 3309 3092 3363 Prius
3144 3309 3299 3363 enim
3345 3309 3677 3363 ostenderat
3706 3309 3887 3362 omni-

2187 3398 2503 3467 potentiam
2565 3398 2817 3451 Deitatis.
2881 3400 2985 3452 Per
3015 3397 3330 3461 hominem,
3387 3402 3753 3465 peccatores;
3790 3412 3888 3467 per

2187 3485 2371 3539 ﬁlium
2404 3485 2673 3549 hominis,
2733 3486 3080 3556 spirituales.
3146 3485 3338 3555 (Ibid.)
3389 3486 3591 3551 Homo,
3645 3486 3887 3555 quilibet

2187 3574 2311 3641 viis,
2338 3575 2499 3644 cujus
2541 3590 2763 3628 memor
2812 3575 2959 3627 Deus
2992 3574 3333 3639 miserendo,
3386 3574 3560 3627 Filius
3606 3574 3862 3627 hominis

2188 3660 2441 3716 Christus
2492 3661 2992 3731 homozquoniam
3044 3677 3148 3731 per
3210 3676 3341 3715 eum
3391 3666 3451 3714 tu
3482 3661 3678 3714 visitas
3732 3677 3882 3724 eum,

2186 3765 2315 3803 cum
2342 3750 2586 3803 Verbum
2632 3766 2762 3803 caro
2794 3750 3007 3803 factum
3058 3753 3159 3816 est,
3192 3749 3252 3802 in
3298 3765 3411 3819 quo
3444 3751 3703 3803 medicus
3734 3750 3883 3803 venit

2188 3838 2255 3891 ad
2300 3838 2577 3893 infirmos.
2614 3857 2642 3889 α
2675 3842 2786 3892 Aut
2833 3838 2999 3892 ﬁlius.
3040 3858 3066 3889 io
3125 3838 3303 3907 (Αυο.)
3352 3838 3669 3907 Disjunctio
3698 3839 3883 3893 innuit

2187 3926 2396 3980 distare
2451 3926 2601 3981 inter
2654 3926 2949 3982 hominem
2999 3932 3057 3980 et
3110 3927 3294 3980 tilium
3348 3927 3620 3980 hominis.
3689 3929 3884 3982 Omnis

2188 4015 2337 4069 filius
2366 4014 2617 4068 hominis
2656 4015 2851 4081 homo,
2895 4016 2993 4069 sed
3044 4031 3159 4068 non
3188 4032 3218 4068 e
3264 4032 3533 4068 converso
3565 4022 3626 4068 ut
3686 4017 3883 4070 Adam.

2192 4105 2366 4157 Homo
2417 4119 2554 4173 ergo
2615 4105 2819 4165 omnis,
2876 4105 2975 4175 qui
3034 4108 3222 4173 portat
3281 4103 3597 4174 imaginem
3627 4106 3881 4159 terreni:

2114 4232 2157 4285 υ
2190 4190 2381 4257 Filius,
2414 4190 2680 4259 hominis,
2716 4190 2813 4262 qui
2847 4191 3109 4257 ctelestis,
3158 4196 3217 4246 et
3245 4191 3450 4246 merito
3479 4207 3663 4245 novus
3691 4192 3883 4255 homo,

2185 4279 2336 4334 ﬁlius
2385 4279 2661 4333 hominis:
2718 4279 2852 4350 quia
2883 4296 3063 4333 novus
3093 4296 3161 4333 ex
3199 4280 3377 4334 veteri
3408 4280 3657 4351 quadam
3694 4287 3880 4334 muta-

2186 4369 2340 4423 tione
2387 4368 2471 4422 fit.
2507 4368 2688 4437 (AUG.)
2730 4368 2843 4422 Cur
2862 4368 3076 4422 relictis
3097 4368 3397 4423 altioribus
3423 4369 3675 4422 haecima
3698 4368 3882 4423 dicit?

2184 4457 2292 4512 Sed
2324 4472 2476 4524 oves,
2508 4463 2638 4522 etc.,
2677 4471 2846 4525 usque
2874 4457 2948 4510 ad
2993 4456 3091 4527 qui
3119 4456 3334 4511 semine
3363 4456 3520 4511 verbi
3550 4458 3655 4511 Dei
3689 4458 3881 4512 homi-

2186 4561 2322 4600 num
2344 4544 2516 4599 corda
2535 4544 2876 4599 fructiﬁcare
2898 4545 3127 4599 faciunt.

2256 4634 2441 4688 Vnus.
2475 4636 2525 4688 8.
2554 4663 2625 4674 —
2655 4651 2680 4686 ι
2703 4635 2943 4704 Insuper
2971 4642 3026 4687 et
3040 4650 3265 4705 pecora.
3299 4654 3327 4683 »
3362 4634 3533 4689 Malos
3549 4650 3693 4705 ergo
3725 4634 3879 4690 Chri-

2184 4726 2270 4776 sto
2314 4722 2596 4792 subjectos
2646 4738 2766 4777 esse
2812 4726 2990 4788 notat,
3047 4723 3197 4793 quod
3257 4722 3446 4776 minus
3498 4723 3771 4778 videtur:
3822 4723 3877 4777 bi

2184 4811 2337 4863 enim
2364 4810 2619 4864 carnales
2647 4810 2707 4864 in
2752 4810 3056 4865 latitudine
3086 4810 3294 4881 campi,
3332 4811 3388 4865 id
3417 4815 3521 4879 est,
3562 4812 3623 4866 in
3667 4812 3879 4882 ampli-

2181 4899 2377 4953 tudine
2405 4900 2781 4970 voluptatum,
2806 4915 2921 4953 non
2950 4900 3008 4953 in
3063 4899 3354 4953 montibus
3400 4899 3678 4954 virtutum
3714 4901 3879 4955 habi-

2183 4992 2387 5045 tantes.
2414 5010 2440 5036 ‹‹
2472 4988 2683 5042 Pecora
2712 4988 2917 5058 campi.
2948 5007 2975 5039 in
3011 4988 3197 5058 (Ibid.)
3231 4988 3338 5053 Qui
3358 4988 3419 5042 in
3445 5004 3614 5043 carne
3664 4994 3879 5053 vivunt,

2185 5076 2282 5130 ubi
2305 5076 2447 5130 nihil
2509 5076 2752 5131 arduum
2785 5077 3125 5131 ascendunt:
3159 5077 3256 5133 sed
3298 5077 3412 5131 lata
3442 5076 3551 5144 via,
3578 5078 3668 5131 cui
3702 5079 3879 5131 inhae-

2183 5169 2329 5231 rent,
2379 5170 2464 5219 est
2510 5180 2640 5234 quas
2694 5165 2851 5219 ducit
2878 5165 2949 5219 ad
2993 5166 3319 5220 interitum:
3351 5166 3501 5220 unde
3556 5170 3612 5219 et
3654 5166 3793 5219 Abel
3825 5166 3878 5218 in

2183 5269 2385 5324 campo
2417 5253 2710 5307 occiditur.

2257 5341 2412 5395 Vens.
2462 5342 2514 5394 6.
2570 5370 2638 5379 —
2690 5358 2718 5391 α
2775 5339 3059 5405 Volucres,
3109 5360 3137 5390 »
3199 5340 3464 5411 superbi:
3524 5340 3593 5395 de
3647 5341 3871 5412 quibus,

2188 5452 2208 5478 ι
2244 5428 2643 5495 Posueruntin
2674 5429 2881 5484 coalum
2929 5445 2992 5483 os
3042 5445 3211 5484 suum
3244 5430 3409 5500 (Psal.
3460 5446 3688 5484 nun.»
3734 5430 3872 5493 Quo-

2184 5534 2309 5572 rum
2340 5522 2511 5589 caput
2566 5518 2735 5571 dicit:
2774 5518 3137 5572 «Ascendam
3185 5518 3243 5571 in
3274 5520 3479 5573 coelum
3510 5526 3565 5572 et
3612 5518 3867 5572 exaltalw
