4082 6184
198 286 301 337 857

1336 282 1597 338 GLOSSA
1635 282 2040 339 OHDINARIA.
2083 315 2150 323 —
2195 286 2321 339 LIB.
2369 286 2605 341 PSALSI.

3602 290 3705 342 858

197 407 407 461 solium
445 422 657 472 meum,
692 412 749 461 et
795 422 892 460 ero
950 405 1153 460 similis
1207 406 1498 461 Altissimo
1548 408 1679 473 (Isa.
1749 409 1887 476 xiv).
1931 409 1973 461 Α
2005 408 2201 473 scitur,
2236 425 2365 463 cum
2397 410 2493 463 ille
2522 409 2687 479 cujus
2712 415 2797 464 est
2851 424 3085 475 nomen,
3146 411 3419 464 noscitur.
3483 412 3704 466 Nomen

202 518 225 545 ιι
264 498 450 552 Pisces
501 496 675 550 maris
743 495 842 566 qui
895 494 1299 565 perambulaut
1345 494 1577 549 semitas
1636 498 1825 560 maris,
1870 516 1897 547 ι)

198 586 427 639 curiosi.
490 587 615 638 Haec
646 585 774 652 tria,
822 585 1082 655 voluptas
1148 583 1353 649 carnis,
1390 584 1676 655 superbia,
1710 584 1897 638 curio-

195 676 358 742 sitas,
393 673 692 728 includunt
712 673 910 727 omnia
941 673 1095 733 vitia,
1118 688 1245 743 quin
1276 678 1412 726 sunt
1441 673 1901 741 concupiscentia

196 764 408 824 carnis,
465 762 704 816 ambitio
761 761 958 827 seculi,
1045 761 1103 815 id
1161 767 1246 814 est
1290 761 1579 831 superbia,
1627 761 1896 832 concupi-

196 852 437 906 scientia
451 853 769 916 oculorum,
798 866 902 919 per
920 850 1117 903 oculos
1144 849 1442 903 curiositas
1470 849 1715 903 maxime
1752 866 1898 920 prae.-

197 942 371 995 valet.

827 1010 1139 1065 PSALMUS
1182 1011 1268 1064 1X.

277 1118 434 1172 Vuas.
474 1121 521 1171 1.
553 1148 621 1157 -—
650 1138 670 1165 α
698 1118 763 1171 In
793 1118 969 1171 ﬁnem
996 1133 1099 1188 pro
1131 1115 1367 1170 occultis
1398 1116 1548 1171 ﬁliis.
1588 1136 1614 1167 ι)
1647 1118 1755 1171 Nec
1795 1118 1900 1171 ad-

196 1207 356 1260 ditur
421 1208 604 1277 cujus,
662 1222 764 1276 per
816 1205 1212 1259 excellentiam
1260 1210 1346 1259 est
1398 1205 1728 1275 uuigeuitus
1783 1206 1896 1259 1)ι·ἱ.

203 1318 225 1343 ε
264 1295 533 1349 Occultis.
595 1314 623 1345 ‹‹
676 1294 820 1358 Quia
876 1295 987 1348 alia
1033 1296 1157 1364 ejus
1206 1299 1340 1348 sunt
1396 1294 1718 1360 manifesta,
1769 1300 1898 1359 etc.,

196 1384 463 1451 usquead
491 1387 548 1436 et
574 1383 644 1437 de
677 1399 860 1450 poma,
896 1398 1010 1453 qua
1035 1381 1253 1451 judicat
1308 1383 1626 1454 purgando,
1664 1399 1899 1437 conver-

198 1472 396 1537 tendo,
443 1472 798 1525 excaecando.

275 1561 433 1614 Vens.
485 1564 533 1613 2.
595 1591 664 1599 —
716 1582 736 1608 ι
799 1559 1129 1614 Conlitebor
1176 1559 1302 1626 tibi,
1366 1561 1627 1625 Domine,
1687 1561 1746 1614 in
1778 1566 1898 1614 toto

202 1672 225 1697 ι
262 1651 429 1703 corde
459 1665 607 1714 meo,
641 1656 746 1703 etc.
779 1669 806 1699 ι)
843 1650 1129 1718 Propheta
1159 1650 1324 1703 laatus
1358 1650 1569 1719 psallit,
1603 1651 1739 1720 quia
1779 1653 1898 1704 cul—

197 1742 331 1793 tura
360 1737 574 1793 diaboli
624 1739 867 1792 adventu
908 1737 1115 1793 Christi
1164 1737 1477 1792 destruitur
1510 1755 1522 1792 :
1556 1744 1611 1793 et
1640 1740 1900 1794 Christus

197 1831 423 1896 regnat,
451 1827 691 1896 judicat,
723 1826 975 1895 adjuvat.

274 1918 436 1970 Vens.
468 1917 520 1969 4.
570 1946 637 1955 -—
688 1934 715 1966 α
770 1916 827 1969 In
875 1915 1260 1969 convertendo
1318 1914 1621 1968 inimicum
1683 1932 1896 1983 meum,

199 2008 331 2069 etc.,
374 2028 400 2054 ι
439 2028 458 2052 ι
494 2004 784 2073 peribunt,
821 2008 924 2058 etc.
957 2027 976 2051 ι
1024 2006 1207 2071 (Avo)
1242 2003 1385 2067 Quia
1437 2003 1574 2057 dum
1608 2004 1897 2058 diabolum

195 2092 530 2146 convertisti
562 2097 737 2153 retro,
772 2091 1029 2145 membra
1064 2090 1453 2157 intirmautur,
1488 2097 1551 2144 ut
1583 2091 1661 2143 nil
1697 2108 1897 2145 nocere

194 2180 439 2251 possint,
472 2184 526 2234 et
568 2196 682 2234 non
714 2185 900 2244 erunt,
961 2180 1068 2245 vel,
1124 2179 1493 2232 destrueutur
1541 2196 1607 2232 ex
1658 2185 1778 2233 toto
1831 2181 1901 2233 ab

192 2268 637 2340 impugnatione
668 2274 788 2330 tua,
819 2285 947 2321 cum
996 2268 1167 2327 dices.
1205 2288 1229 2317 ‹‹
1265 2268 1364 2332 Ite,
1396 2268 1682 2322 maledicti
1715 2270 1895 2335 (Matt.

194 2356 351 2428 xxv),
390 2380 410 2405 ι
443 2358 546 2420 vel,
583 2357 855 2427 peribunt
896 2373 1025 2410 cum
1085 2356 1270 2409 aufert
1329 2357 1478 2410 Deus
1532 2358 1602 2410 ab
1660 2356 1740 2410 eis
1787 2358 1897 2411 iui-

193 2446 504 2517 quitatem.

272 2536 429 2589 Veas.
598 2571 650 2581 _
683 2556 703 2583 ι
742 2533 945 2589 Fecisti
986 2533 1268 2603 judicium
1318 2549 1507 2587 meum
1561 2538 1615 2588 et
1670 2551 1898 2589 causam

201 2647 221 2671 ε
263 2639 465 2677 meam.
500 2646 519 2671 ι
558 2623 745 2693 (Ibid)
777 2623 920 2687 Quia
944 2621 1086 2675 mihi
1117 2621 1436 2675 servierunt
1465 2622 1533 2675 ad
1569 2622 1895 2690 utilitatem,

198 2710 338 2780 quia
376 2732 395 2758 ε
432 2710 646 2765 sedisti.
688 2734 707 2759 ι
744 2733 764 2760 α
795 2711 1037 2765 Iudicas.
1075 2731 1101 2761 ι)
1136 2712 1355 2779 (illum)
1398 2713 1583 2771 Pater.
1636 2716 1698 2763 ut
1744 2712 1895 2766 Chri-

202 2806 324 2850 stus
384 2799 664 2852 moriatur
712 2816 817 2869 pro
888 2816 1097 2869 genere
1146 2800 1468 2854 hominum.
1525 2798 1717 2871 (AUG.)
1775 2801 1891 2861 Vel,

203 2888 460 2940 Christus
504 2888 563 2940 in
614 2888 726 2941 ﬁne
778 2887 1075 2959 judicabit,
1100 2888 1192 2941 cui
1226 2889 1390 2942 Pater
1419 2904 1588 2942 omne
1612 2888 1895 2959 judicium

200 2975 376 3028 dedit.

272 3066 436 3117 Vens.
471 3068 521 3116 6.
556 3094 621 3103 »υ
660 3086 679 3111 α
718 3065 779 3117 In
812 3065 1083 3118 saeculum
1115 3072 1169 3117 et
1201 3065 1259 3118 in
1303 3065 1597 3118 saeculum.
1637 3088 1656 3113 »
1712 3065 1899 3137 (Ibid)

200 3154 485 3208 Sasculum
517 3158 600 3207 est
630 3154 737 3207 hoc
778 3170 1024 3224 praesens
1084 3154 1238 3224 quod
1286 3154 1570 3207 volvitur:
1622 3154 1899 3207 saeculum

200 3242 723 3307 smculiaaternum,
756 3243 918 3312 cujus
947 3242 1086 3295 illud
1140 3242 1329 3311 imago
1383 3247 1484 3294 est.
1539 3242 1657 3305 Vel,
1714 3242 1899 3294 deter-

202 3330 443 3385 minatio
475 3336 577 3395 est,
601 3347 672 3383 ne
702 3332 811 3384 hoc
842 3347 1091 3400 prmsens
1124 3331 1427 3399 aeriperes.

276 3420 437 3473 Vens.
475 3424 525 3473 7.
570 3450 637 3457 ——
691 3442 711 3468 ι
750 3421 1019 3474 Frameae.
1083 3419 1300 3490 (Cass)
1354 3420 1539 3472 Virtus
1592 3418 1809 3472 diaboli
1841 3418 1898 3473 in

201 3509 317 3562 fine
351 3508 543 3562 saeculi
574 3508 915 3562 destruetur.
982 3531 1001 3557 α
1069 3507 1350 3563 Civitates.
1415 3530 1432 3554 ο
1495 3508 1699 3576 Populi
1752 3507 1895 3577 ejus.

206 3615 232 3646 ι
265 3596 407 3651 Cum
440 3596 650 3657 sonitu,
688 3618 708 3644 ι
743 3597 795 3649 id
829 3603 933 3662 est,
965 3598 1213 3649 clamore
1270 3596 1544 3661 maximo,
1577 3600 1637 3648 ut
1678 3596 1740 3649 lit
1769 3611 1899 3648 cum

201 3700 292 3738 res
323 3701 613 3756 prosperas
644 3684 801 3754 gravi
838 3707 857 3733 ι
896 3686 1009 3738 ﬁue
1050 3705 1078 3735 ι)
1112 3684 1475 3737 clauduntur.
1510 3683 1613 3737 Sed
1646 3700 1674 3736 e
1703 3689 1900 3736 contra

204 3774 480 3828 Dominus
520 3778 838 3843 permanet.
878 3796 897 3821 ε
963 3773 1178 3839 Finem,
1228 3774 1419 3842 (Ara)
1470 3790 1497 3822 ››
1547 3776 1631 3825 est
1675 3772 1899 3842 gladius

196 3879 376 3934 quem
408 3862 652 3916 vibrabit
681 3863 739 3915 in
784 3864 1035 3916 secundo
1085 3863 1329 3915 adventu
1383 3866 1577 3930 aperte
1612 3860 1896 3929 judicans,

194 3957 257 4005 et
287 3951 389 4021 qui
418 3952 586 4004 modo
614 3953 851 4014 occulte,
886 3967 1065 4022 usque
1118 3950 1186 4004 ad
1220 3966 1390 4021 quem
1442 3949 1659 4019 aliquid
1708 3948 1901 4003 valent

192 4039 382 4094 hostis
412 4041 659 4101 framem,
699 4040 795 4094 sed
828 4047 962 4093 timc
1010 4039 1237 4109 penitus
1289 4038 1571 4092 deﬁcient.
1606 4059 1627 4084 ι
1667 4038 1895 4090 Eorum.

192 4130 422 4198 (Cass)
470 4129 790 4189 Pluraliter,
848 4145 979 4183 cum
1030 4144 1203 4197 supra
1254 4126 1473 4181 inimici
1532 4126 1900 4197 singulariter

191 4217 363 4282 dixit,
392 4216 527 4287 quia
556 4234 686 4271 cum
719 4217 910 4288 plures
941 4221 1073 4269 sunt
1104 4216 1414 4282 dmmones,
1446 4215 1581 4285 quia
1614 4220 1806 4269 tamen
1838 4214 1895 4267 iu

192 4305 421 4359 malitia
445 4305 658 4359 similes
688 4309 841 4369 sunt,
875 4304 1038 4375 quasi
1071 4320 1270 4357 unum.
1339 4326 1358 4351 κ
1423 4304 1562 4358 Cum
1622 4304 1833 4357 sonitu.
1869 4326 1889 4350 ι

194 4394 391 4463 (Anc)
428 4394 488 4448 Id
519 4399 622 4461 est,
656 4400 714 4447 et
739 4392 1011 4464 strepitus
1068 4398 1125 4446 et
1154 4392 1435 4447 tumultus
1466 4392 1776 4461 impietatis
1806 4409 1896 4461 pe-

189 4482 295 4536 riit
328 4499 347 4534 :
378 4482 484 4543 vel,
526 4497 655 4534 cum
687 4481 952 4551 impietas
991 4480 1285 4545 evertitur,
1316 4478 1589 4549 strepitus
1645 4480 1727 4544 ﬁt,
1761 4480 1897 4550 quia

190 4586 319 4625 non
349 4570 501 4623 venit
517 4570 584 4624 ad
603 4586 885 4623 summam
912 4585 1128 4639 parem,
1164 4568 1387 4638 nisiqui
1418 4583 1627 4637 magno
1654 4568 1895 4637 strepitu

189 4675 329 4714 cum
357 4658 509 4712 vitiis
541 4658 836 4729 pugnavit.
876 4681 895 4706 ι
917 4660 1207 4712 Throuum
1224 4673 1412 4711 suum.
1434 4679 1454 4705 ι
1491 4658 1717 4726 (Cass.)
1745 4658 1896 4713 Judi—

189 4748 433 4802 ciariam
465 4753 824 4818 potestatem,
856 4747 956 4818 qui
986 4746 1046 4800 in
1097 4746 1419 4800 humilitate
1450 4745 1732 4814 judicatus
1790 4750 1893 4810 est,

190 4838 257 4891 in
292 4838 595 4907 majestate
610 4835 909 4907 judicabit.

269 4927 431 4981 Vsus.
470 4928 553 4979 10.
583 4954 656 4967 -
697 4946 718 4973 ι
757 4926 821 4979 Et
877 4925 1071 4979 factus.
1114 4945 1134 4971 ι
1174 4924 1463 4987 Quantum
1495 4926 1597 4988 est,
1632 4938 1761 4975 eum
1796 4922 1896 4992 qui

184 5015 371 5088 judex
398 5019 502 5079 est,
527 5030 647 5067 esse
701 5013 985 5083 refugium
1020 5013 1279 5083 pauperi,
1330 5010 1430 5082 qui
1486 5011 1633 5064 nihil
1691 5011 1893 5063 mundi

183 5105 381 5174 cupit.
422 5126 441 5151 ι
478 5104 543 5158 In
573 5101 1117 5173 opportunitatibus.
1155 5123 1175 5148 ι
1210 5101 1397 5169 (Αυθ.)
1449 5101 1570 5154 Non
1618 5104 1893 5169 opportu-

182 5194 329 5248 nius
356 5194 531 5247 homo
564 5209 597 5246 a
626 5191 834 5246 smculo
865 5190 1160 5257 avertitur,
1195 5189 1306 5243 nisi
1337 5188 1424 5242 his
1478 5188 1890 5258 voluptatibus,

186 5282 425 5337 labores
458 5286 517 5335 et
536 5282 760 5336 dolores
782 5280 1152 5333 misceantur.

268 5371 432 5424 Vens.
468 5374 551 5424 11.
583 5399 652 5413 -ο
713 5393 733 5418 ι
770 5370 1030 5441 Sperent.
1095 5389 1116 5416 ι
1178 5368 1363 5437 (AUG)
1413 5367 1552 5421 Cum
1625 5366 1895 5421 desinunt

182 5459 506 5532 sperareiu
538 5459 706 5512 rebus
727 5459 936 5513 saeculi.
979 5460 1219 5510 Aversos
1248 5473 1279 5508 a
1345 5457 1577 5521 saeculo,
1631 5471 1889 5526 quaeren-

182 5557 276 5604 tes
308 5548 411 5602 ubi
442 5549 619 5615 ﬁgant
642 5564 823 5617 spem,
852 5547 1064 5617 excipit
1088 5544 1341 5615 cognitio
1366 5544 1635 5598 numinis.
1671 5546 1888 5599 Nomen

2008 504 2094 552 est
2133 499 2214 552 illi
2249 499 2544 563 Dominus,
2579 499 2732 569 quod
2764 498 2940 557 novit.
2978 499 3078 569 qui
3107 499 3354 553 libenter
3406 501 3458 553 ei
3511 501 3704 564 servit,

2012 589 2115 649 vel,
2146 588 2245 658 qui
2267 593 2371 653 est,
2408 594 2463 641 et
2492 588 2622 641 ideo
2656 605 2822 642 nemo
2854 595 3043 659 speret
3071 590 3129 644 in
3160 590 3522 655 transitoriis,
3556 590 3703 644 nihil

2011 676 2354 731 habentibus
2380 682 2606 748 praeter,
2644 678 2769 744 fuit,
2802 684 2856 732 et
2890 679 3017 732 erit.
3064 678 3205 732 Nam
3264 679 3420 748 quod
3480 678 3538 733 in
3595 678 3708 733 illis

2012 765 2264 819 futurum
2301 771 2404 830 est,
2433 782 2563 819 cum
2598 767 2836 833 venerit,
2870 767 2935 820 ﬁt
2977 767 3164 820 statim
3196 767 3573 837 praeteritum,
3609 784 3706 821 ex-

2009 858 2298 924 spectatur
2328 871 2458 908 cum
2491 853 2827 924 cupiditate,
2852 855 3133 909 amittitur
3180 872 3307 909 cum
3344 855 3555 920 dolore,
3592 872 3707 910 non

2009 949 2237 997 tenetur
2266 959 2393 997 cum
2426 943 2787 999 certitudine.
2828 968 2847 993 ι
2874 945 3155 1009 Quoniam
3187 961 3301 999 non
3338 944 3638 1016 reliquisti.
3681 966 3700 991 ι

2013 1033 2229 1087 Fideles
2259 1038 2527 1103 provocat
2556 1034 2621 1087 ad
2648 1034 2873 1088 laudem
2935 1034 3238 1102 Propheta,
3272 1033 3581 1105 respiciens
3611 1033 3706 1087 be-

2008 1121 2211 1176 neﬁcia
2271 1121 2568 1191 prteseutis
2597 1122 2870 1193 temporis
2900 1127 2956 1176 et
2989 1122 3183 1176 futuri.

2084 1212 2251 1266 Vens.
2289 1216 2368 1266 l2.
2393 1242 2460 1253 —
2490 1234 2510 1260 ι
2544 1212 2698 1267 Sion.
2732 1234 2751 1259 ι
2785 1212 2984 1281 (Ibid.)
3017 1210 3505 1281 Speculatio,qua3
3533 1210 3705 1264 modo

2010 1300 2216 1369 agitur,
2254 1306 2317 1353 ut
2348 1300 2748 1369 perveniamus
2778 1300 2846 1354 ad
2879 1299 3031 1369 pacis
3063 1299 3361 1367 visionem,
3396 1299 3450 1353 id
3482 1302 3584 1365 est,
3636 1300 3706 1353 de

2010 1388 2145 1443 Sion
2178 1388 2236 1441 in
2264 1388 2614 1443 Jerusalem:
2650 1388 2923 1458 quaelibet
2971 1392 3163 1441 autem
3211 1387 3465 1441 studiosa
3512 1402 3707 1456 specu-

2012 1476 2145 1529 latio
2198 1477 2262 1529 ﬁt
2316 1478 2373 1529 in
2421 1492 2696 1539 errorem,
2751 1476 2859 1528 nisi
2905 1476 3184 1529 Dominus
3237 1476 3295 1529 in
3348 1492 3413 1529 ea
3462 1475 3699 1530 habitet.

2016 1586 2037 1613 ι
2073 1564 2286 1619 Studia.
2331 1586 2352 1613 ι
2386 1565 2610 1633 (Ηιειι.)
2644 1565 2703 1620 Id
2735 1570 2837 1631 est,
2866 1564 3136 1618 mandata
3168 1565 3292 1635 ejus
3340 1565 3547 1636 quibus
3588 1569 3706 1618 stu-

2010 1653 2259 1707 dendum
2290 1659 2390 1706 est.

2088 1743 2243 1796 Vsus.
2309 1746 2391 1797 13.
2434 1772 2507 1783 -
2542 1764 2561 1789 α
2599 1741 2880 1806 Quoniam
2930 1742 3228 1812 requirens
3266 1779 3278 1795 .
3318 1764 3339 1790 ι
3371 1742 3559 1812 (Ibid)
3599 1741 3705 1797 Sed

2012 1830 2174 1899 quasi
2209 1830 2419 1897 dicant,
2453 1830 2551 1901 qui
2586 1830 2743 1884 missi
2772 1834 2905 1884 sunt
2933 1830 3337 1900 evangelizare,
3378 1846 3547 1884 nemo
3586 1846 3702 1885 cre-

2011 1917 2095 1971 dit
2126 1918 2310 1985 uohis,
2339 1924 2393 1971 et
2426 1918 2759 1983 occidimur,
2785 1919 3075 1989 respondit
3108 1934 3121 1971 :
3156 1934 3271 1972 non
3325 1917 3446 1970 sine
3494 1918 3704 1984 fructu,

2012 2006 2148 2076 quia
2180 2030 2199 2053 ι
2237 2007 2532 2077 requirens
2553 2007 2769 2061 ultione
2800 2008 3138 2076 sanguinem
3169 2022 3389 2072 eorum,
3420 2029 3438 2054 ι
3476 2007 3532 2060 iu
3563 2006 3711 2075 judi-

2011 2094 2117 2157 cio,
2168 2094 2265 2147 ubi
2296 2094 2481 2164 gloria
2511 2095 2717 2160 occiso,
2748 2111 2917 2164 poena
2969 2095 3206 2148 occisori
3253 2095 3394 2149 erit:
3435 2118 3453 2143 ι
3516 2111 3708 2148 recor-

2018 2203 2039 2229 α
2076 2181 2239 2235 datus
2269 2186 2374 2247 est,
2405 2186 2510 2235 etc.
2555 2202 2581 2231 ι)
2614 2182 2795 2251 (Ibid)
2829 2198 2943 2235 non
2989 2189 3116 2251 post
3170 2182 3540 2240 oblivionem.
3610 2181 3710 2235 sed

2011 2276 2139 2340 post
2170 2272 2403 2341 longum
2461 2274 2705 2340 tempus,
2765 2271 3081 2324 secundum
3131 2271 3394 2323 affectum
3451 2270 3711 2324 inﬁrmo-

2011 2375 2160 2427 rum,
2199 2359 2300 2430 qui
2337 2359 2579 2414 oblitum
2609 2362 2832 2430 putant,
2867 2359 3000 2430 quia
3032 2375 3149 2412 non
3202 2364 3318 2413 tam
3361 2360 3471 2413 cito
3527 2360 3591 2413 ﬁt
3645 2364 3711 2414 ut

2008 2448 2248 2502 volunt:
2279 2448 2488 2519 quibus
2517 2448 2688 2501 etiam
2716 2448 2881 2513 adde,
2933 2447 3048 2501 imo
3099 2463 3213 2501 non
3264 2452 3349 2501 est
3380 2447 3590 2501 oblitus
3642 2452 3707 2503 ut

2008 2536 2258 2607 putatis:
2293 2540 2350 2590 et
2405 2537 2453 2590 si
2506 2536 2620 2591 dixi
2655 2558 2676 2583 «
2711 2537 3059 2601 recordatus,
3107 2559 3126 2583 ι
3162 2537 3269 2589 hoc
3312 2541 3509 2589 contra
3565 2551 3703 2607 que-

2010 2631 2221 2690 rentes,
2256 2625 2356 2695 qui
2386 2641 2491 2694 pro
2530 2624 2804 2679 dilatione
2836 2630 3038 2695 putant
3066 2625 3327 2678 oblitum.

2082 2716 2240 2768 Vens.
2280 2714 2368 2768 14.
2406 2744 2477 2754 -
2512 2736 2533 2763 ι
2574 2714 2856 2768 Miserere.
2894 2736 2912 2760 ι
2948 2714 3166 2784 (Cass)
3200 2714 3261 2767 In
3323 2729 3423 2766 sua
3463 2730 3710 2782 persona

2010 2803 2148 2857 dicit
2181 2803 2334 2872 quod
2366 2802 2760 2873 unusquisque
2793 2801 2952 2871 petit.
2992 2823 3019 2850 «
3055 2802 3205 2855 Vide.
3246 2824 3266 2850 ι
3304 2800 3493 2870 (lbid.)
3530 2804 3706 2870 Aspe-

2010 2897 2133 2945 ctus
2166 2890 2288 2954 Dei,
2313 2890 2590 2944 auxilium
2624 2894 2726 2957 est,
2762 2890 2861 2960 qui
2901 2906 3031 2943 cum
3083 2890 3167 2953 ﬁt,
3200 2896 3257 2944 et
3317 2891 3408 2944 lux
3442 2890 3706 2944 tenebras

1927 2980 1967 3033 C
2005 2978 2198 3050 fugat:
2233 2978 2302 3032 de
2331 2977 2600 3048 superbia
2631 2977 2849 3031 inimici
2895 2979 3213 3031 aestimatur
3262 2978 3554 3031 humilitas
3601 2994 3707 3047 pa—

2012 3065 2226 3131 tientis,
2262 3065 2397 3135 quia
2430 3070 2651 3120 tantum
2684 3065 2743 3119 hi
2764 3066 3161 3129 humiliantur,
3195 3070 3472 3136 quantum
3497 3066 3580 3119 illi
3611 3082 3707 3120 ex-

2010 3156 2311 3209 tolluntur.

2083 3244 2245 3297 Vens.
2286 3246 2367 3297 l5.
2400 3272 2467 3282 —
2510 3264 2531 3290 α
2575 3242 2683 3307 Qui
2732 3243 2945 3296 exaltas
2989 3258 3079 3296 me
3125 3241 3195 3297 de
3246 3240 3425 3312 porﬁs
3482 3240 3701 3304 mortis,

2011 3337 2117 3385 etc.
2158 3354 2178 3378 ι
2214 3331 2400 3403 (Ana)
2429 3331 2484 3385 ld
2518 3336 2601 3385 est
2626 3332 2697 3385 ab
2728 3332 2999 3385 omnibus
3027 3330 3462 3401 cupiditatibus,
3498 3330 3706 3401 quibus

2010 3420 2124 3474 itur
2152 3420 2223 3474 ad
2255 3425 2500 3474 mortem
2536 3437 2547 3474 :
2584 3436 2736 3474 mors
2787 3420 2908 3490 jam
2940 3425 3027 3474 est
3082 3419 3204 3491 ipsa
3244 3418 3441 3473 laetitia
3480 3418 3539 3472 iu
3571 3434 3707 3489 per-

2008 3508 2251 3563 fruendo
2280 3508 2520 3577 cupitis;
2556 3509 2707 3562 unde
2730 3509 3067 3580 Apostolus:
3098 3530 3119 3556 ‹
3154 3508 3355 3573 Vidua,
3388 3524 3519 3579 qum
3568 3506 3709 3561 vivit

2015 3619 2035 3645 ι
2072 3597 2131 3650 in
2163 3596 2402 3663 deliciis,
2455 3602 2683 3651 mortua
2711 3602 2796 3651 est
2836 3598 2888 3666 (Ι
2914 3599 3050 3651 Tim.
3095 3598 3172 3665 v).
3207 3616 3235 3649 »
3273 3616 3299 3648 ‹‹
3333 3596 3519 3650 Portis
3574 3595 3707 3649 ﬁlias

2012 3702 2039 3735 ‹‹
2071 3685 2226 3739 Sion.
2270 3706 2290 3732 ι
2327 3684 2472 3739 Sunt
2497 3684 2689 3738 omnia
2714 3685 2931 3754 optima
2971 3685 3179 3749 studia,
3221 3690 3364 3751 etc.,
3422 3700 3591 3753 usque
3635 3684 3711 3738 ad

2010 3787 2139 3841 quas
2171 3787 2273 3825 nec
2298 3771 2495 3824 oculus
2523 3771 2685 3837 vidit,
2719 3787 2821 3825 nec
2850 3770 3250 3825 aurisaudivit.
3273 3770 3494 3838 (Cass)
3526 3773 3707 3825 Porta:

2009 3865 2208 3913 contra
2238 3865 2452 3928 portas,
2486 3859 2621 3929 quia
2653 3860 2741 3913 has
2772 3860 2993 3925 mortis,
3042 3860 3155 3913 illa:
3211 3859 3359 3912 vitae.
3415 3880 3437 3908 ι
3485 3859 3639 3912 Sion.
3678 3878 3704 3909 ιο

2010 3948 2203 4019 (Ibid)
2240 3948 2447 4002 Omnes
2505 3947 2775 4001 Ecclesias
2834 3947 3037 4001 mundi
3073 3946 3392 4017 generavit,
3434 3946 3568 4018 quia
3627 3947 3706 4001 ibi

2009 4041 2176 4090 natus
2205 4041 2289 4091 est
2312 4034 2569 4091 Christus
2599 4036 2750 4089 unde
2779 4036 2920 4090 ﬁdes
2951 4035 3202 4105 incmpit.

2082 4126 2238 4180 Vens.
2277 4128 2359 4179 16.
2392 4156 2458 4163 —
2494 4146 2515 4173 ι
2549 4125 2867 4179 Exsultaho.
2906 4146 2926 4172 ι
2989 4123 3170 4194 (Aue.)
3224 4125 3525 4194 Hucusque
3584 4124 3702 4176 cla—

2008 4230 2155 4279 mor,
2189 4214 2322 4268 inde
2349 4213 2488 4267 dicit
2542 4213 2786 4268 Ecclesia
2835 4230 2962 4284 quae
2993 4213 3289 4283 affligitur,
3323 4212 3614 4266 exsultabo
3645 4212 3704 4265 in

2006 4305 2159 4357 Jesu.
2192 4304 2419 4372 (Cass)
2445 4303 2553 4373 Spe
2581 4302 2735 4356 enim
2759 4303 2912 4356 salva
2935 4306 3036 4356 est.
3066 4320 3093 4351 α
3118 4302 3181 4356 In
3206 4302 3434 4371 laqueo.
3458 4322 3484 4349 »
3520 4301 3701 4367 (Ibid.)

2006 4393 2265 4463 Laqueus
2346 4393 2617 4457 occultus,
2698 4392 2897 4446 dolosa
2952 4390 3259 4461 cogitatio:
3322 4391 3447 4455 Pes,
3498 4390 3705 4443 anima:

2004 4497 2187 4548 amor,
2214 4480 2337 4552 qui,
2369 4481 2415 4535 si
2451 4496 2659 4551 pravus
2689 4485 2793 4546 est,
2822 4479 3031 4533 dicitur
3056 4479 3357 4550 cupiditas,
3414 4477 3462 4531 si
3494 4484 3704 4543 rectus,
3764 4474 3767 4475 ⁷

2003 4570 2267 4624 θῢᾶΐὶῐῑιδ.
2314 4570 2388 4623 Eo
2419 4569 2572 4623 enim
2606 4574 2867 4623 movetur
2897 4568 3087 4621 anima
3146 4568 3308 4638 quasi
3366 4567 3439 4621 ad
3492 4567 3702 4632 locum,

2003 4674 2117 4728 quo
2137 4673 2195 4711 se
2226 4658 2551 4728 pervenisse
2579 4674 2682 4727 per
2711 4673 2967 4711 amorem
3002 4658 3246 4711 laetatur.
3286 4678 3305 4707 ι
3337 4657 3399 4709 In
3436 4657 3642 4727 laqueo
3676 4674 3702 4706 ι)

2004 4763 2162 4817 ergo,
2188 4746 2246 4800 id
2267 4751 2373 4815 est,
2405 4746 2769 4800 fraudulento
2800 4746 3069 4800 consilio:
3103 4761 3225 4815 pes,
3270 4745 3326 4799 id
3379 4749 3481 4810 est,
3542 4759 3707 4797 amor

2004 4835 2103 4905 qui
2136 4850 2238 4905 per
2294 4835 2552 4889 fraudem
2582 4835 2840 4905 pervenit
2894 4835 2960 4888 ad
3002 4850 3206 4887 vanam
3240 4832 3514 4910 lzetitiam,
3548 4848 3702 4885 com-

2002 4924 2318 4993 prehensus
2369 4928 2473 4989 est,
2528 4923 2661 4995 quia
2691 4922 2789 4976 illa
2837 4922 3135 4976 delectatio
3193 4922 3390 4991 alligat
3464 4937 3582 4986 eos,
3642 4925 3707 4973 ut

2002 5012 2136 5066 inde
2188 5014 2530 5082 abrumpere
2586 5028 2865 5078 amorem,
2904 5017 2959 5065 et
3008 5011 3075 5064 ad
3134 5010 3295 5064 utilia
3328 5014 3547 5063 vertere
3587 5025 3702 5062 non

2002 5101 2269 5155 audeant.
2302 5101 2359 5155 Si
2390 5102 2543 5155 enim
2576 5104 2873 5165 conentur,
2914 5100 3079 5153 dolor
3113 5104 3198 5152 est
3254 5098 3532 5163 deserere,
3571 5114 3700 5168 quae

2002 5189 2303 5254 delectant,
2337 5195 2393 5243 et
2419 5189 2513 5242 ille
2547 5188 2709 5242 dolor
2741 5188 2877 5241 sinit
2914 5187 3238 5242 abscedere.

2074 5279 2251 5333 Vnus.
2300 5282 2383 5332 l7.
2416 5308 2485 5317 —
2517 5278 2897 5344 Cognoscctur.
2929 5274 3138 5347 (Cass.)
3166 5276 3261 5329 Vel
3287 5274 3578 5330 dafnturo
3603 5273 3701 5344 ju-

2001 5367 2169 5433 dicio,
2196 5371 2327 5430 etc.,
2370 5381 2536 5434 usque
2589 5365 2664 5418 ad
2692 5370 2753 5419 ut
2785 5365 3019 5435 quidam
3050 5365 3190 5418 falso
3232 5367 3457 5434 putant.

2070 5457 2247 5509 Vens.
2308 5458 2386 5509 18.
2438 5483 2507 5495 -
2545 5454 2939 5509 Convertuntur
2991 5457 3315 5523 peccatores.
3352 5454 3535 5521 (AUG.)
3598 5451 3700 5506 Hic

2004 5550 2087 5598 est
2110 5544 2393 5598 canticum
2460 5542 2872 5613 diapsalmatis,
2919 5541 3081 5615 quasi
3114 5544 3332 5597 occulta
3382 5542 3577 5596 lmtitia
3608 5560 3703 5597 se-
