4082 6184
394 280 498 333 859

1011 277 1405 332 WALAFRIDI
1442 277 1689 332 STRABI
1729 277 1925 332 μου).
1968 278 2138 334 MON.
2186 279 2339 334 Ol’P.
2384 279 2558 333 PARS
2597 279 2640 332 Ι.
2679 305 2750 318 --
2788 270 3245 334 THEOLOGICA.
3778 281 3871 335 860

387 394 736 468 parationis:
767 411 897 467 quae
934 395 1029 450 hic
1063 397 1131 451 tit
1178 412 1299 450 non
1350 397 1494 465 loco,
1545 396 1643 451 sed
1674 397 1901 464 affectu,
1934 398 2084 453 intra
2121 403 2162 453 Α
2271 399 2429 454 Vens.
2463 401 2515 454 8.
2552 427 2614 439 —
2672 400 2736 454 In
2784 400 3033 465 occultis,
3080 403 3186 454 etc.
3241 398 3447 469 {Auc,),
3510 398 3569 454 id
3623 405 3725 470 est,
3772 419 3874 457 am.

391 486 576 543 bonos
607 490 664 540 et
695 487 894 540 malos.
947 486 1156 554 (Cass)
1206 486 1604 541 Peccatoribus
1635 502 1767 541 cum
1797 486 2094 543 Antichri-

391 578 479 629 sto
503 573 681 628 finem
720 575 1004 629 malorum
1035 573 1332 644 praedicit;
1358 574 1522 645 quasi
1553 574 1662 629 hoc
1713 574 1968 643 interim,
1996 577 2094 631 sed

395 663 631 739 tandem
661 668 1053 727 convertentur,
1087 677 1159 715 ne
1208 662 1267 716 in
1317 662 1433 716 suis
1486 663 1791 733 gaudeant.
1822 666 1885 720 In
1914 666 2091 731 infer—

396 767 546 818 num,
570 767 642 805 ne
668 750 806 804 alibi
825 751 1136 806 mittendos
1162 768 1220 806 se
1251 757 1476 823 putent.

468 840 644 893 Vens.
687 843 769 894 l9.
801 867 867 880 -
897 841 1189 894 Patientia.
1246 840 1445 909 (Αυα.)
1499 842 1807 901 Patieuter.
1859 847 2098 912 propter

396 926 505 981 hoc
532 927 823 999 prmcipue
889 945 1113 984 memor
1159 930 1266 985 erit
1321 931 1467 984 Deus
1505 946 1845 1001 pauperum,
1882 932 2096 986 scilicet

395 1021 636 1087 propter
670 1016 1028 1087 patientiam.

468 1106 632 1159 Vens.
682 1108 767 1160 20.
830 1136 896 1145 -ο
930 1108 1196 1173 Exsurge.
1251 1107 1447 1177 (Auc.)
1507 1108 1777 1162 Precatur
1833 1109 2093 1163 futurum

389 1192 694 1264 judicium.
730 1195 925 1263 (CASS.)
960 1196 1221 1266 Loquens
1258 1197 1328 1250 de
1380 1196 1496 1251 ﬁne
1539 1197 1733 1251 saeculi
1788 1198 2089 1269 propheta,

394 1283 687 1353 prospexit
715 1282 1025 1338 adventum
1057 1278 1428 1351 Antichristi;
1464 1286 1615 1341 unde
1641 1285 1806 1357 quasi
1860 1285 2093 1341 territus

396 1371 606 1425 clamat
635 1388 650 1426 :
683 1387 931 1439 exsurge.

467 1461 624 1515 Vens.
655 1463 743 1517 2t.
777 1492 845 1501 —
892 1463 1099 1518 Sciant.
1155 1461 1216 1516 Id
1260 1466 1365 1529 est,
1428 1462 1665 1518 cruciati
1723 1462 2093 1535 experiantur

393 1549 547 1620 quod
578 1549 841 1604 homines
869 1550 1029 1603 stulti
1060 1552 1317 1605 fuerunt.

677 1639 990 1695 PSALMUS
1017 1641 1076 1694 X.
1110 1671 1179 1681 —-
1209 1641 1512 1696 Secundum
1540 1640 1808 1696 Hebraeos.

2200 473 2419 556 higuis,
2448 486 2546 541 ubi
2574 502 2695 541 non
2739 486 2906 541 facile
2937 486 3163 541 videtur
3206 486 3348 558 quid
3396 488 3724 557 petendum,
3751 490 3875 560 quid

2203 588 2338 630 non.

2275 664 2436 718 Vens.
2472 666 2523 719 9.
2572 693 2637 703 —
2683 664 2839 720 Oculi
2894 665 3014 733 ejus
3074 665 3135 718 in
3178 680 3475 734 pauperem
3533 669 3640 719 etc.
3697 666 3874 736 (Ibid)

2206 752 2454 823 Exponit
2482 752 2740 821 insidias,
2797 755 2959 822 oculi,
3016 752 3183 824 quasi
3226 753 3619 808 misericordia
3646 758 3703 808 et
3725 755 3876 810 aﬂ'ec-

2201 847 2318 908 ctu,
2349 842 2461 909 vel,
2491 841 2631 895 alios
2680 841 2761 895 sic
2807 840 3042 911 decipit,
3080 842 3231 913 quod
3279 841 3431 895 oculi
3471 842 3771 897 crudeliter
3799 859 3872 897 re-

2203 930 2451 1002 spiciunt
2481 930 2539 983 in
2584 946 2866 1001 pauperes
2894 930 3119 1000 spiritu.

2270 1021 2374 1075 Leo
2396 1021 2454 1073 in
2501 1020 2777 1089 spelunca.
2818 1024 2924 1072 etc.
2953 1017 3097 1083 Quia
3127 1017 3186 1072 in
3217 1034 3285 1071 eo
3316 1018 3400 1071 vis
3449 1024 3505 1073 et
3534 1018 3720 1086 dolus,
3748 1022 3876 1083 etc.,

2200 1123 2371 1176 usque
2389 1108 2465 1162 ad
2494 1124 2595 1177 per
2624 1106 2918 1161 haereticos
2948 1113 3005 1160 et
3033 1107 3204 1161 falsos
3232 1107 3453 1160 fratres.

2273 1197 2433 1251 Vnus.
2474 1200 2558 1250 10.
2591 1225 2660 1235 -
2685 1195 2994 1250 Inclinabit.
3046 1195 3251 1265 (CAss.)
3304 1197 3447 1251 Cum
3487 1194 3667 1248 nimia
3719 1193 3880 1248 felici-

2201 1290 2317 1340 tate
2370 1286 2428 1339 in
2480 1284 2664 1339 otium
2730 1284 3013 1339 remiserit
3048 1283 3332 1352 animum,
3381 1286 3545 1338 cadet
3600 1284 3881 1354 repentino

2201 1375 2433 1428 interitu
2459 1390 2471 1427 :
2506 1378 2561 1427 et
2585 1373 2861 1427 Dominus
2890 1372 3092 1444 spiritu
3122 1373 3236 1428 oris
3265 1375 3389 1444 ejus
3406 1373 3713 1427 iuterticiet
3738 1387 3876 1425 eum.

2270 1465 2332 1517 1n
2360 1466 2544 1530 ﬁnem.
2605 1463 2825 1531 Negant
2855 1463 3044 1517 videre
3073 1464 3273 1530 Deum,
3316 1466 3403 1516 etc
3435 1504 3449 1529 ,
3504 1478 3674 1530 usque
3705 1461 3777 1514 ad
3801 1476 3881 1513 ex—

2199 1552 2335 1605 citat
2369 1551 2696 1617 Dumiuum,
2730 1554 2998 1617 Exsurge,
3032 1553 3308 1605 DomineJ‘s

2132 1689 2171 1743 Β
2276 1659 2434 1713 Vens.
2475 1661 2556 1712 1'2.
2602 1687 2674 1698 —
2725 1660 2993 1725 Exsurge,
3056 1660 3278 1712 Domine
3328 1660 3482 1722 Deus,
3530 1661 3581 1709 et
3627 1655 3884 1743 exaltatur

466 1728 626 1781 Vens.
662 1729 710 1781 l.
742 1757 811 1768 —
846 1730 913 1782 Ut
959 1729 1114 1796 quid.
1176 1730 1361 1799 (AUG.)
1424 1729 1772 1798 Diapsalma,
1823 1730 1959 1801 quia
2008 1731 2091 1786 illi

2231 1763 2418 1815 manus,
2466 1752 2527 1801 ut
2582 1747 2944 1812 obliviscaris,
2990 1751 3093 1800 etc.
3152 1746 3336 1816 (Ibid.)
3411 1746 3683 1798 Precatur
3735 1742 3884 1813 judi-

396 1815 794 1887 (Antichristo)
825 1816 1016 1871 licebit
1074 1820 1231 1871 tanta
1263 1818 1470 1887 facere,
1501 1824 1567 1872 ut
1616 1819 1766 1873 Deus
1819 1824 2090 1889 putetur:

394 1904 589 1960 subdit
619 1904 784 1976 quasi
814 1921 1007 1960 vocem
1040 1908 1395 1977 gementium
1429 1913 1485 1963 et
1517 1909 1898 1978 quaerentium
1924 1909 1992 1965 de
2013 1910 2094 1965 di~

394 1994 608 2048 latione
630 1993 854 2064 judicii.

467 2082 662 2148 (Cass,
696 2082 866 2154 Anc.)
900 2085 967 2138 Ut
1004 2084 1154 2154 quid.
1191 2084 1334 2140 Mala
1381 2085 1537 2141 illius
1568 2085 1845 2157 temporis
1873 2093 2093 2160 pertra-

394 2175 530 2237 ctat,
563 2175 694 2237 etc.,
729 2186 899 2241 usque
934 2172 1010 2226 ad
1037 2173 1132 2227 sed
1165 2178 1507 2245 opportune,
1568 2176 1647 2230 ita
1686 2176 1911 2242 scilicet,
1950 2179 2095 2233 Dum

396 2260 674 2328 superbit.

468 2347 629 2401 Vens.
682 2349 734 2401 2.
784 2378 851 2388 —
906 2349 1219 2403 Incenditur
1280 2365 1512 2420 pauper,
1574 2352 2098 2420 comprehendantur

393 2436 454 2488 in
483 2436 722 2490 consiliis
771 2435 967 2505 quibus
1025 2439 1284 2504 cogitant.
1341 2437 1536 2507 (AUG.)
1568 2438 1704 2492 Mire
1734 2438 2096 2510 providentia

396 2522 498 2576 Dei
528 2522 597 2576 de
627 2523 791 2576 malis
817 2527 1106 2593 operatur,
1130 2529 1261 2595 etc.,
1291 2541 1461 2594 usque
1515 2526 1590 2579 ad
1640 2526 1720 2581 sic
1748 2527 2097 2583 damnantur

395 2610 554 2676 mali,
575 2611 716 2681 justi
761 2613 1071 2667 salvantur.

470 2699 629 2753 Vnus.
663 2702 715 2755 3.
749 2731 818 2739 —
859 2702 1122 2767 Quoniam
1165 2701 1454 2756 laudatur.
1514 2701 1648 2756 Ideo
1707 2703 1965 2774 superbit
2006 2705 2094 2758 vel

396 2785 922 2856 comprehenditur,
981 2787 1117 2859 quia
1170 2789 1437 2842 laudatur
1480 2807 1514 2843 a
1559 2789 1697 2856 suis,
1757 2790 2095 2861 impletione

394 2872 809 2931 desideriorum
842 2877 1223 2929 sensualitatis
1263 2893 1400 2930 suae.

472 2961 662 3032 (Auc.)
693 2963 1067 3018 Adulantium
1097 2964 1310 3034 lingua!
1340 2965 1578 3035 alligant
1607 2966 1825 3021 animas
1868 2967 1926 3022 in
1957 2984 2095 3038 pec—
2135 2969 2176 3024 C

396 3049 568 3103 catis:
593 3050 835 3104 delectat
866 3050 1021 3105 enim
1057 3067 1125 3105 ea
1178 3053 1385 3120 facere,
1434 3053 1494 3106 in
1523 3054 1732 3125 quibus
1761 3071 1878 3109 non
1909 3055 2095 3109 solum

396 3153 515 3193 non
551 3138 826 3193 metuitur
877 3140 1279 3211 reprehensor,
1330 3141 1428 3196 sed
1483 3143 1657 3197 etiam
1704 3143 1934 3198 auditur
1969 3145 2090 3198 lau-

400 3226 588 3281 dator.
1712 3296 1720 3302 ,

470 3313 631 3368 Vens.
680 3315 733 3368 4.
769 3344 837 3353 —
866 3317 970 3369 Ira:
1006 3331 1133 3371 sua}.
1179 3318 1376 3387 (Cass)
1423 3318 1774 3388 Antichristi,
1805 3318 1943 3390 quia
1971 3336 2092 3374 om-

398 3399 496 3454 nia
535 3399 896 3455 turbulenter
925 3407 980 3456 et
1017 3405 1329 3459 crudeliter
1384 3405 1582 3460 faciet:
1632 3407 1742 3473 vel,
1801 3407 1922 3472 Dei,
1976 3424 2095 3463 nou

400 3493 623 3558 quaeret
648 3489 829 3543 Deum
857 3491 1190 3559 paenitendo
1216 3509 1231 3558 ;
1263 3492 1373 3560 vel,
1407 3494 1554 3547 Deus
1586 3510 1741 3564 eum,
1775 3500 1838 3549 ut
1882 3495 1975 3551 hic
1999 3498 2094 3552 ul-

400 3574 663 3644 ciscatur,
693 3577 790 3631 sed
815 3578 875 3631 in
906 3577 1100 3633 futuro
1128 3579 1358 3649 gravius
1381 3580 1712 3651 puniturus.

470 3664 632 3719 Vens.
675 3669 727 3720 5.
762 3696 821 3707 —
857 3668 1184 3737 Inquinatz.
1218 3670 1410 3739 (Cass)
1442 3670 1720 3742 Nequitia:
1767 3688 1937 3727 causa
1987 3678 2093 3741 est,

401 3752 557 3823 quod
589 3755 771 3809 Deum
800 3771 916 3810 non
936 3756 1110 3812 habet
1146 3762 1277 3812 ante
1322 3760 1537 3827 oculos,
1571 3766 1628 3815 et
1657 3760 1786 3815 ideo
1820 3762 1922 3817 via:
1950 3762 2090 3833 ejus,

400 3840 459 3897 id
488 3846 592 3911 est,
626 3843 1001 3914 cogitationes
1030 3850 1088 3900 et
1115 3862 1287 3917 opera
1310 3848 1561 3904 sordent.

468 3931 533 3985 In
614 3934 760 3986 omni
847 3937 1098 4002 tempore.
1174 3936 1362 4004 (Αυα.)
1439 3936 1576 4002 Suo,
1669 3937 1886 3993 scilicet
1964 3938 2095 3992 vitae

400 4033 539 4083 suae,
593 4024 721 4088 etc.,
778 4036 945 4090 usque
990 4021 1066 4076 ad
1118 4026 1173 4077 et
1235 4023 1374 4094 quia
1441 4027 1684 4080 omnium
1751 4029 2093 4082 inimicorum

399 4120 621 4162 suorum
636 4108 1028 4164 dominabitur.

474 4195 642 4250 Vens.
676 4204 728 4252 6.
761 4228 828 4237 —
888 4199 1070 4262 Dixit,
1104 4204 1212 4253 etc.
1263 4200 1474 4255 Omnes
1528 4206 1729 4269 gentes
1783 4204 2092 4275 occupabo,

403 4284 501 4338 sed
531 4301 647 4339 non
676 4287 793 4340 sine
829 4288 993 4354 malo,
1023 4286 1081 4340 id
1115 4293 1218 4354 est,
1251 4294 1500 4359 peccato,
1533 4291 1686 4360 quod
1717 4291 1770 4345 ei
1795 4292 2096 4363 proprium

406 4378 509 4429 est.
554 4374 652 4427 Vel
684 4390 913 4444 semper
943 4391 1040 4428 ero
1072 4376 1195 4429 sine
1237 4377 1428 4431 malo:
1477 4377 1588 4432 hoc
1632 4379 1742 4434 sibi
1795 4381 2097 4450 promittit,

404 4461 560 4531 cujus
591 4463 967 4518 maledictione
1024 4480 1081 4518 os
1109 4466 1352 4533 plenum,
1389 4470 1493 4520 etc.

474 4552 591 4606 Non
610 4552 872 4606 movebar.
908 4554 1100 4621 (AUG.)
1137 4552 1252 4619 Vel,
1284 4553 1507 4623 putabit
1537 4572 1595 4609 se
1648 4556 1812 4610 malis
1864 4557 2098 4624 artibus,

404 4641 464 4698 et
490 4654 607 4693 non
636 4639 822 4706 aliter,
880 4646 1183 4694 venturum
1234 4641 1303 4696 de
1357 4642 1587 4698 mortali
1634 4646 2006 4714 generatione
2040 4647 2100 4701 in

404 4732 703 4793 aeternam,
745 4728 897 4799 quod
930 4734 987 4784 et
1026 4729 1224 4784 Simon
1254 4746 1457 4801 magus
1488 4733 1725 4803 putavit.

477 4816 638 4870 Vens.
667 4821 719 4871 7.
761 4847 827 4858 -
852 4818 961 4874 Sub
1010 4821 1222 4889 lingua.
1260 4819 1456 4889 (Cass)
1499 4821 1559 4875 Id
1591 4826 1697 4890 est,
1727 4822 2102 4893 cogitationes

404 4905 528 4976 ejus
557 4910 691 4959 sunt
722 4905 793 4961 de
845 4907 1037 4962 labore
1091 4911 1415 4963 sanctorum
1473 4914 1531 4964 et
1574 4910 1773 4965 dolore
1804 4896 2101 4982 corporeo,

404 4993 652 5064 quodin
684 4994 1029 5065 martyribus
1070 5000 1243 5066 patet.
1303 4997 1418 5063 Vel,
1487 4997 1648 5052 labor
1688 5005 2017 5055 sanctorum
2048 5006 2104 5056 et

405 5081 589 5150 dolor,
622 5082 719 5155 qui
750 5089 831 5138 est
866 5084 923 5137 iu
966 5085 1151 5154 poenis
1181 5084 1437 5155 corporis
1476 5091 1560 5139 est
1585 5086 1687 5140 sub
1718 5087 1909 5155 lingua
1963 5089 2097 5158 ejus,

406 5169 466 5225 id
485 5177 570 5226 est
600 5171 798 5233 levior,
831 5172 1028 5243 lingua
1057 5174 1202 5244 ejus,
1240 5189 1370 5245 quas
1417 5173 1573 5228 intus
1601 5179 1803 5229 nocet:
1836 5174 1952 5241 illa,
1987 5177 2101 5231 sci—

407 5257 538 5312 licet
564 5275 735 5329 pmna
767 5267 943 5315 extra.

477 5346 598 5416 Vel,
629 5348 728 5403 sub
766 5349 977 5420 lingua,
1018 5349 1153 5421 quia
1209 5350 1377 5404 verba
1427 5349 1557 5420 plus
1605 5349 1883 5406 timentur
1910 5356 1968 5405 et
1996 5367 2099 5406 uo-

407 5433 618 5488 cebuut
648 5452 826 5506 quam
884 5437 1137 5503 verbera,
1187 5438 1397 5509 quibus
1452 5439 1844 5510 praecipitatur
1890 5445 1949 5495 et
1996 5454 2095 5510 pe-

407 5522 542 5579 ribit
569 5523 781 5578 anima.

2202 1835 2378 1903 cium,
2449 1842 2514 1889 ut
2566 1834 2660 1888 hic
2715 1835 2825 1888 cito
2880 1835 3176 1900 liniantur,
3238 1850 3368 1904 quae
3425 1838 3582 1887 tanta
3651 1836 3800 1895 sunt,
3830 1834 3886 1883 ut

2204 1941 2371 1978 nemo
2399 1923 2532 1977 velit
2557 1927 2785 1992 tempus
2814 1938 2928 1994 quo
2959 1923 3078 1976 haec
3118 1923 3265 1977 tiunt
3294 1920 3540 1975 dilatari.

2273 2013 2540 2079 Exsurge.
2602 2010 2773 2074 Quasi
2830 2025 2896 2063 ex
2974 2008 3302 2080 improviso,
3382 2012 3443 2061 ut
3507 2011 3879 2062 conterantur.

2201 2099 2341 2155 dum
2366 2099 2450 2153 tui
2481 2104 2669 2153 tecum
2696 2098 2923 2152 exaltati
2958 2099 3371 2167 gloriﬁcantur.

2274 2207 2436 2260 Vens.
2479 2207 2562 2259 l3.
2596 2235 2663 2244 —
2704 2207 2930 2273 Propter
2958 2203 3104 2271 quod
3151 2204 3407 2257 irritavit
3456 2204 3661 2272 impius
3714 2204 3877 2257 Deum.

2204 2296 2391 2366 (Αυα.)
2453 2296 2573 2348 lam
2635 2294 2828 2365 itaque
2873 2298 2928 2346 et
2978 2293 3046 2346 de
3082 2292 3299 2362 judicio
3356 2293 3454 2345 illo
3500 2292 3883 2363 intelligenset

2202 2384 2512 2449 exsultans,
2575 2381 2732 2450 dicit,
2765 2385 3000 2451 propter
3029 2379 3215 2451 quid?
3247 2379 3300 2435 id
3350 2385 3456 2445 est,
3502 2379 3641 2450 quid
3682 2378 3884 2450 prolicit

2205 2478 2362 2528 tanta
2393 2473 2541 2525 mala
2573 2472 2797 2525 facere?

2277 2563 2438 2616 Dixit
2467 2564 2612 2614 enim
2651 2561 2799 2615 Deus
2831 2561 2888 2612 in
2919 2558 3075 2613 corde
3103 2573 3218 2625 suo,
3280 2563 3380 2611 elc.
3432 2556 3639 2624 (Ibid.)
3693 2556 3882 2610 Sensus

2202 2651 2305 2703 iste
2345 2647 2871 2719 pronuntiationem
2905 2645 3112 2716 quaerit
3149 2654 3236 2699 etc
3265 2685 3280 2710 ,
3348 2659 3516 2713 usque
3552 2643 3628 2697 ad
3687 2659 3756 2696 ne
3809 2642 3882 2693 la-

2202 2737 2424 2801 borent,
2462 2736 2547 2789 vel
2579 2734 2916 2788 irascantur.

2275 2828 2462 2895 (Αυα.)
2493 2822 2749 2877 Christus
2796 2821 2999 2875 ludam
3058 2819 3320 2874 toleravit
3373 2823 3430 2872 et
3477 2819 3544 2873 ad
3578 2818 3887 2889 praedicau—

2205 2913 2344 2969 dum
2377 2912 2548 2976 misit,
2601 2916 2658 2965 et
2708 2910 2762 2964 ei
2795 2908 3196 2964 eucharistiam
3261 2908 3419 2962 dedit
3453 2912 3517 2961 ut
3573 2908 3891 2961 ostenderet

2207 3004 2358 3059 dona
2386 3001 2685 3073 pervenire
2730 3000 2800 3055 ad
2841 3018 2937 3054 eos
2970 3000 3070 3072 qui
3119 2999 3292 3054 tidem
3348 2997 3662 3069 accipiunt,
3717 2995 3889 3068 qualis

2203 3093 2377 3148 ludas
2408 3092 2534 3147 fuit.

2274 3200 2435 3253 Vens.
2475 3199 2556 3252 14.
2618 3228 2681 3236 -
2722 3196 2884 3251 Vides
2943 3198 3083 3249 enim
3143 3195 3400 3264 quoniam
3462 3198 3520 3247 tu
3571 3193 3806 3247 laborem
3848 3194 3892 3242 et

2204 3286 2454 3341 dolorem.
2521 3287 2583 3340 ld
2636 3286 2756 3356 jam
2805 3283 3227 3356 prmordinasti,
3287 3281 3385 3336 ubi
3442 3280 3638 3335 tradas
3693 3296 3787 3335 eos
3837 3279 3892 3332 in

2268 3392 2378 3428 anu
2413 3379 2527 3428 tua.

2207 3392 2378 3429 manu
2413 3392 2527 3428 tua.

2275 3465 2551 3534 Orphano,
2611 3466 2717 3515 etc.
2773 3459 2961 3532 (Αυο.)
3007 3459 3109 3515 Cui
3162 3457 3406 3512 moritur
3432 3462 3599 3528 pater
3628 3455 3888 3519 mundus,

2202 3570 2307 3624 per
2336 3568 2505 3623 quem
2539 3550 2843 3604 carnaliter
2868 3556 2951 3602 est
2975 3548 3222 3620 genitus,
3254 3552 3317 3601 ut
3345 3546 3496 3600 dicat
3525 3562 3539 3600 :
3572 3546 3717 3601 Mihi
3745 3560 3892 3599 mun-

2203 3643 2304 3697 dus
2334 3639 2633 3711 cruciﬁxus
2658 3645 2755 3706 est,
2789 3643 2838 3692 et
2879 3654 2973 3707 ego
3004 3637 3222 3692 mundo.

2275 3750 2438 3803 Vens.
2473 3749 2557 3802 1ὅ.
2583 3777 2650 3786 ——
2689 3746 2908 3803 Conterc
2955 3745 3256 3799 brachium.
3311 3740 3498 3798 Pmnis
3537 3745 3736 3808 terret,
3791 3740 3890 3795 ὕοι

2203 3837 2292 3892 nis
2318 3836 2624 3891 demulcet.

2277 3928 2572 3994 qurelur.
2629 3920 2815 3995 (Auo.)
2874 3920 3111 3986 Quando
3162 3920 3348 3974 adhuc
3398 3917 3785 3973 necessarium
3830 3915 3897 3970 sit

2205 4014 2272 4068 ad
2309 4011 2638 4084 purgandos
2693 4026 2817 4076 nos,
2877 4009 3023 4063 sicut
3079 4024 3254 4079 supra
3308 4009 3444 4062 dum
3492 4005 3761 4077 superbit
3794 4006 3894 4058 im-

2206 4102 2354 4173 pius,
2388 4107 2539 4167 etc.;
2598 4099 2696 4154 sed
2752 4097 2889 4169 quia
2944 4114 3060 4152 non
3114 4096 3457 4161 invenietur,
3512 4095 3569 4149 id
3618 4100 3726 4162 est,
3771 4091 3897 4165 quia

2203 4192 2323 4260 jam
2355 4205 2470 4243 non
2526 4193 2613 4242 est
2654 4187 2711 4241 in
2767 4203 2881 4258 quo
2937 4186 3012 4240 sit
3063 4186 3219 4240 locus
3256 4190 3485 4256 peccato
3516 4184 3697 4250 illius,
3732 4184 3894 4253 plano

2208 4278 2359 4333 ferro
2388 4294 2505 4332 non
2536 4282 2620 4330 est
2645 4291 2789 4345 opus
2820 4273 2972 4327 lima.

2279 4385 2442 4438 Vens.
2480 4386 2562 4436 16.
2595 4411 2665 4421 ——
2719 4382 2978 4436 Dominus
3033 4378 3288 4446 regnabit
3334 4378 3393 4431 in
3437 4381 3703 4431 aeternum
3749 4380 3800 4430 et
3841 4376 3892 4426 in

2207 4473 2459 4529 saeculum
2495 4471 2699 4526 seaculi.
2763 4470 2877 4523 tloc
2910 4483 3151 4538 regnum
3183 4464 3401 4538 gratius
3456 4464 3568 4519 erit
3623 4481 3733 4535 pro
3778 4481 3892 4519 con-

2208 4561 2570 4616 currentibus
2601 4558 2785 4624 matis,
2811 4557 2963 4628 quod
2999 4554 3186 4610 veniet
3221 4554 3511 4608 destructo
3531 4552 3893 4617 Antichristo,

2210 4651 2279 4705 ab
2323 4650 2431 4703 hoc
2461 4663 2639 4718 regno
2670 4645 2929 4717 peribitis
2959 4649 3176 4715 gentes,
3234 4642 3332 4696 sed
3389 4657 3682 4713 pauperes
3730 4641 3893 4696 habe-

2212 4737 2375 4801 bunt,
2398 4734 2537 4807 quia
2564 4735 2896 4789 desiderium
2939 4747 3262 4802 pauperum,
3296 4735 3403 4785 etc.

2277 4824 2438 4877 Vens.
2502 4826 2583 4876 l7.
2635 4853 2700 4862 —
2747 4822 3206 4890 Przparationem
3262 4818 3459 4875 cordis.
3521 4818 3730 4890 (Cassi)
3788 4816 3894 4881 Vel,

2209 4910 2748 4980 concupiscentiam,
2775 4909 2928 4980 quod
2959 4913 3045 4962 est
3072 4907 3172 4962 ubi
3201 4907 3473 4961 omnibus
3528 4907 3748 4962 viribus
3779 4904 3894 4959 ani-

2211 5016 2320 5054 mae
2345 4999 2565 5070 aliquid
2596 4999 2890 5054 ardentius
2920 4997 3153 5068 petitur.
3186 4996 3307 5062 Vel,
3338 4996 3465 5061 hoc,
3496 4995 3653 5067 quod
3696 4996 3758 5053 in
3784 5009 3895 5049 cor-

2208 5090 2375 5145 dibus
2405 5104 2607 5143 eorum
2638 5087 2760 5158 ipse
2792 5088 2943 5141 Deus
2999 5084 3361 5156 preparavit.
3413 5084 3531 5152 Vel,
3591 5099 3766 5155 quam
3796 5088 3893 5136 sta-

2208 5177 2312 5232 tim
2342 5178 2542 5231 volunt
2568 5180 2760 5247 petere
2800 5176 2949 5229 Deus
2987 5173 3201 5228 audiat.

2280 5268 2470 5320 Auris.
2536 5269 2640 5319 etc.
2673 5266 2856 5332 (Auc.)
2888 5262 3208 5319 Nominatis
3240 5259 3531 5327 membris,
3565 5276 3698 5331 quae
3720 5259 3778 5313 in
3804 5274 3886 5311 no-

2210 5353 2296 5408 bis
2324 5353 2572 5407 visibitia
2602 5359 2659 5406 et
2687 5367 2966 5422 corporea
3004 5354 3159 5418 sunt,
3192 5350 3252 5403 in
3283 5349 3398 5404 Deo
3429 5347 3723 5419 potentias
3770 5359 3883 5417 ope-

2207 5443 2496 5496 rationum
2530 5440 2776 5510 intelligi
2806 5444 3051 5511 Oportet.

2276 5531 2544 5585 Judicare
2558 5531 2772 5600 pupillo
2800 5535 2849 5584 et
2878 5529 3091 5589 ltumili,
3124 5529 3232 5581 etc.
3274 5524 3567 5582 Secundus
3624 5525 3883 5580 adventus
