4034 6180
245 290 344 341 861

1383 290 1633 348 GLOSSA
1673 292 2076 350 OIlDlNAIlIA.
2119 323 2184 333 --
2225 293 2354 349 LIB.
2400 295 2638 349 PSALM.

3644 300 3746 352 86:2

241 411 581 464 manifestus
614 412 742 479 erit,
766 416 898 480 etc.,
952 428 1118 481 usque
1163 413 1237 468 ad
1282 420 1480 469 auctor
1508 417 1790 470 malorum
1815 433 1944 472 cum
1985 422 2030 473 Α
2058 417 2152 471 hic
2183 417 2322 488 petit
2359 419 2636 488 propheta
2665 416 3028 488 iniquitatem
3059 416 3253 472 mundi
3284 417 3521 485 destrui,
3559 423 3619 474 ut
3676 420 3748 474 ad

241 515 348 552 sua
375 499 542 570 plebe
561 500 946 554 damnabitur.

887 636 1192 690 I’SALMUS
1240 637 1298 690 Χ.

312 766 472 818 Vens.
519 771 564 820 l.
608 797 671 806 —
702 768 768 821 In
817 770 993 835 fimm.
1051 768 1238 836 (AUC.)
1277 768 1417 822 Psal.
1467 768 1641 823 David
1690 770 1939 841 prophe-

234 856 311 906 ta:
345 854 598 906 docentis
628 856 888 908 resistere
933 856 1229 910 haereticis.

311 943 545 997 Vens.2.
581 973 647 982 —
670 945 736 1000 In
762 945 989 998 Domino
1039 945 1262 1012 conﬁdo.
1300 946 1485 1014 (Avo)
1523 947 1600 1000 De
1656 947 1942 1001 hiereticis

233 1032 343 1101 qui
389 1032 690 1086 catholicos
757 1033 816 1086 in
883 1050 1048 1087 suam
1103 1035 1297 1088 volunt
1372 1043 1700 1090 convertere
1760 1037 1943 1107 pravi-

234 1125 441 1174 tatem.

313 1209 502 1279 (Ibid)
556 1211 622 1263 In
673 1213 891 1264 Domino
945 1211 1168 1280 conﬁdo.
1226 1212 1423 1276 Quoad
1470 1212 1717 1266 litteram
1757 1219 1943 1283 potest

235 1296 357 1361 legi
390 1297 459 1350 de
489 1298 772 1367 passione,
822 1304 879 1352 et
905 1298 1062 1367 dicit,
1094 1299 1351 1353 Christus
1401 1303 1716 1354 secundum
1752 1302 1939 1354 homi—

237 1401 402 1451 nem,
460 1391 524 1438 ut
571 1386 713 1440 solet
768 1391 968 1442 contra
1020 1393 1264 1442 terrores
1317 1388 1672 1457 Judieorum,
1731 1391 1791 1443 In
1839 1393 1942 1444 Do-

238 1476 392 1526 mino
425 1474 653 1542 confido.

317 1564 377 1615 In
414 1563 642 1616 Domino
687 1565 913 1633 conﬁdo.
971 1566 1109 1620 Cum
1171 1571 1466 1635 peccantes
1524 1567 1725 1621 volunt
1776 1568 1943 1637 sagit-

234 1655 364 1703 tare
396 1659 594 1704 rectos.

315 1741 584 1804 Quoniam
604 1756 738 1795 cccc.
775 1741 963 1809 (Ibid)
1001 1743 1063 1796 lli
1111 1747 1246 1797 sunt
1300 1747 1542 1798 terrores
1581 1745 1937 1798 comminan-

237 1829 391 1882 tium
427 1831 588 1884 nobis
637 1831 708 1884 de
757 1833 1170 1901 peccatoribus,
1226 1840 1290 1888 ut
1337 1834 1404 1888 ad
1455 1852 1514 1887 se
1573 1836 1941 1903 quasijustos

236 1922 625 1974 transeamus.
689 1921 894 1974 Dicunt
955 1922 1154 1978 enim:
1225 1923 1538 1978 Pcccatores
1598 1923 1941 1978 intenderunt

235 2022 451 2070 arcum,
504 2008 843 2078 Scripturas,
881 2011 1028 2064 unde
1058 2016 1363 2065 venenatas
1394 2012 1626 2081 sagittas
1685 2011 1938 2080 mittant,

237 2112 388 2166 quas
411 2096 468 2148 iu
501 2096 687 2150 cordis
713 2100 930 2152 occulto
971 2105 1193 2168 parant.

317 2184 478 2239 Vens.
530 2189 583 2239 3.
616 2187 772 2241 —1n
815 2189 1055 2242 obscuro.
1106 2188 1325 2255 (CAss.)
1395 2188 1457 2241 In
1491 2188 1732 2258 simplici
1771 2205 1941 2242 sensu

238 2272 539 2343 degentes,
574 2276 662 2328 vel
689 2275 748 2328 in
802 2276 918 2329 suis
973 2276 1258 2346 ambiguis
1287 2277 1608 2345 sententiis,
1641 2293 1754 2330 non
1786 2278 1941 2347 quod

238 2361 540 2432 Scriptura
569 2365 639 2416 ad
696 2364 802 2418 hoc
833 2365 1036 2431 valeat,
1069 2365 1168 2419 sed
1202 2365 1368 2436 quia:

317 2451 476 2504 Vens.
512 2453 566 2506 4.
599 2482 667 2492 --
700 2454 962 2518 Quoniam
1017 2469 1136 2523 qua:
1180 2455 1478 2523 perfecisti.
1536 2455 1824 2509 Convertit
1872 2455 1942 2508 ab

239 2536 336 2590 his
366 2554 690 2593 sermonem
721 2542 788 2594 ad
818 2543 992 2594 Deum
1025 2543 1186 2612 quasi
1219 2558 1231 2595 :
1259 2543 1371 2596 Cur
1418 2542 1617 2595 dicunt
1663 2543 1938 2595 transmi-

239 2628 540 2695 gra?Cur
597 2628 666 2682 de
719 2629 1115 2698 peccatoribus
1173 2634 1440 2698 terretur,
1491 2630 1589 2700 qui
1634 2630 1944 2684 intendunt

240 2715 516 2785 sagittare
555 2719 786 2772 rectos?
819 2721 949 2786 quia
993 2735 1112 2788 quae
1144 2721 1429 2788 perfecisti
1467 2719 1852 2792 distraxerunt
1881 2719 1942 2774 in

241 2805 363 2858 suis
391 2805 783 2871 conventibus,
832 2807 930 2860 ubi
959 2809 1249 2876 parvulos,
1283 2808 1380 2877 qui
1415 2813 1580 2861 erant
1634 2809 1776 2862 lacte
1833 2825 1937 2862 nu-

241 2892 474 2959 triendi,
504 2909 574 2947 ex
603 2910 850 2965 quorum
907 2912 1004 2949 ore
1046 2897 1166 2950 laus
1205 2897 1516 2967 perﬁcitur,
1562 2897 1793 2951 venenis
1836 2913 1942 2951 ne-

238 2987 396 3034 cant.

317 3071 517 3126 Justus
543 3076 740 3138 autem,
774 3073 910 3142 quid
937 3075 1068 3140 fecit
1093 3079 1120 3128 ?
1143 3075 1323 3143 (Avo)
1357 3075 1682 3129 Secundum
1742 3081 1943 3128 utram-

239 3172 357 3227 que
387 3164 633 3228 partem,
667 3166 794 3225 etc.,
829 3175 995 3228 usque
1032 3161 1106 3214 ad
1161 3161 1369 3222 anima:
1415 3178 1532 3215 sua:
1591 3166 1779 3228 nocet,
1825 3178 1942 3215 non

232 3247 412 3316 justo,
452 3247 549 3317 qui
583 3249 697 3300 Deo
727 3249 922 3301 credit.

321 3336 481 3389 Vens.
528 3340 580 3400 6,
617 3366 677 3375 —
712 3339 971 3391 Dominus
1000 3339 1321 3406 intirrogat,
1377 3343 1482 3392 etc.
1512 3340 1710 3394 Justus
1741 3345 1938 3393 auum.

240 3423 492 3476 Minatur
519 3423 822 3492 judicium,
871 3424 1032 3494 cujus
1084 3424 1286 3479 timore
1336 3427 1601 3480 deserant
1646 3427 1938 3482 falsitates.

317 3513 640 3578 Interrogat.
671 3512 866 3582 (Ibid)
923 3514 978 3566 Id
1013 3519 1096 3566 est
1128 3515 1352 3582 probat,
1384 3516 1518 3585 quia
1552 3516 1686 3570 boni
1748 3517 1816 3570 de
1847 3517 1942 3570 ob-

243 3601 425 3652 scuris
447 3616 565 3653 non
593 3601 925 3671 fatigantur,
952 3603 1047 3655 sed
1079 3611 1416 3656 exercentur
1445 3603 1514 3657 de
1569 3604 1899 3674 cognitione
1925 3621 1939 3658 :

238 3705 359 3742 non
398 3690 690 3752 inﬂantur,
726 3691 820 3744 sed
841 3692 1273 3744 conlirmantur.

317 3778 448 3842 Qua
477 3780 775 3846 per/scisti.
834 3779 892 3831 Id
936 3784 1041 3842 est,
1093 3779 1336 3848 perfecte
1390 3779 1636 3846 edidisti,
1692 3781 1778 3834 vel
1837 3781 1941 3834 ini-

237 3866 455 3936 plendo
487 3867 774 3936 praedicta.
810 3867 1244 3932 Destruxerunt,
1280 3869 1428 3920 male
1454 3869 1812 3937 exponendo.

315 3955 503 4023 (Ibid)
553 3957 622 4009 In
676 3955 918 4009 obscuro.
995 3956 1084 4008 Vel
1139 3957 1368 4010 obscura
1423 3958 1574 4011 (una.
1629 3958 1763 4010 Dum
1808 3963 1942 4011 sunt

235 4042 544 4112 opiniones
572 4043 746 4106 lunzP,
780 4050 911 4109 etc.,
959 4060 1126 4112 usque
1171 4045 1244 4097 ad
1288 4045 1386 4115 qui
1420 4051 1555 4098 tunc
1584 4045 1719 4098 dicit
1746 4050 1940 4100 sancta

235 4139 618 4185 sacramenta.
653 4149 783 4186 cum
814 4150 916 4202 per
956 4139 1182 4187 sanctos
1213 4133 1437 4188 dentur.

317 4221 546 4272 Vens.7.
581 4222 828 4276 —Pluet
847 4237 1030 4290 super.
1073 4222 1215 4285 Quid
1278 4221 1440 4274 malis
1493 4221 1691 4275 reddat
1739 4226 1934 4276 osten-

237 4309 345 4364 dit.
384 4311 574 4379 (Auc.)
612 4310 762 4364 Pluit
815 4311 883 4365 de
918 4311 1182 4373 nubibus,
1243 4313 1299 4366 id
1334 4319 1417 4365 est
1471 4313 1936 4382 pseudoprophe-

239 4399 335 4452 tis.
385 4399 477 4451 Vel
512 4399 771 4453 debonis
825 4402 973 4454 unde
1032 4408 1302 4454 emanant
1336 4401 1547 4472 laquei,
1604 4418 1733 4455 cum
1794 4404 1939 4457 male

239 4487 627 4556 intelligitur:
659 4488 756 4542 sed
805 4489 1063 4542 nonnisi
1121 4489 1210 4542 his
1260 4489 1356 4560 qui
1415 4495 1737 4560 peccatores
1787 4497 1934 4546 sunt.

243 4578 414 4642 Ignis.
453 4578 640 4629 Primo
669 4577 804 4647 igne
831 4577 1208 4648 cupiditatum
1241 4584 1564 4631 vastantur:
1624 4578 1755 4632 inde
1810 4596 1939 4631 ma-

240 4665 434 4717 lorum
493 4682 733 4735 operum
797 4667 973 4720 fetore
1027 4666 1374 4736 abjiciuntnr
1430 4683 1462 4720 a
1522 4667 1750 4732 sanctis,
1803 4667 1937 4722 inde

243 4740 590 4822 merguntur
619 4755 850 4808 aeternis
883 4755 1084 4824 poenis.

318 4843 486 4896 Vens.
519 4845 966 4897 8.—Justitias.
1023 4845 1219 4913 (lbid.)
1276 4843 1594 4906 Pluraliter,
1645 4849 1706 4898 ut
1753 4844 1937 4914 justos

237 4930 508 4998 accipias,
541 4930 599 4984 in
635 4931 843 5001 quibus
876 4933 1068 4985 multa:
1095 4932 1356 5001 jnstitiee,
1389 4948 1518 4985 cum
1555 4948 1666 4985 una
1695 4933 1766 4985 sit
1818 4933 1932 4986 Dei.

313 5020 660 5086 ﬂs'quitatem
685 5020 846 5074 vidit.
882 5020 1136 5091 .‘Equitas
1163 5021 1280 5074 visa
1325 5026 1405 5074 est
1439 5019 1498 5072 in
1546 5021 1709 5084 facie,
1742 5021 1799 5074 id
1831 5027 1932 5086 est,

238 5107 446 5160 notitia
475 5107 598 5176 ejus
630 5107 838 5160 :facies
861 5108 1015 5160 enim
1065 5113 1149 5162 est
1197 5108 1400 5161 notitia
1426 5109 1568 5177 ejus,
1602 5108 1657 5162 id
1691 5113 1792 5174 est,
1827 5126 1936 5179 po—

237 5194 417 5248 tentia
447 5209 561 5263 qua
591 5194 781 5263 dignis
818 5194 1155 5248 innotescat.
1193 5196 1284 5248 Vel
1318 5195 1475 5260 vidit,
1523 5195 1657 5266 quia
1713 5212 1825 5249 non
1877 5213 1935 5250 se

235 5283 334 5336 dat
365 5283 716 5336 noscendum
780 5285 959 5348 malis,
995 5285 1090 5338 sed
1122 5284 1310 5350 bonis,
1345 5285 1499 5354 quod
1529 5292 1615 5338 est
1668 5285 1910 5354 zequitas

767 5434 771 5438 '
869 5425 1180 5482 PSALMUS
1218 5427 1305 5480 XI.

309 5549 474 5602 Vens.
506 5551 548 5601 Ι.
582 5577 648 5586 —
684 5547 790 5618 Pro
849 5555 1060 5603 octiu'a.
1105 5550 1315 5617 (Cass)
1375 5552 1476 5604 Pro
1529 5556 1736 5614 octava,
1796 5550 1932 5620 quia

2050 506 2346 560 veritatem
2379 506 2768 576 promissionis
2799 508 3002 560 futurae
3031 506 3346 576 perveniat.

2122 594 2307 664 (Αυα.)
2341 594 2543 649 Octava
2569 611 2671 665 pro
2702 594 2790 649 die
2818 594 3041 664 judicii,
3065 594 3212 648 sicut
3241 593 3301 647 in
3333 599 3490 648 sexto
3520 595 3744 664 psalmo

2049 681 2265 734 dictum
2295 688 2397 736 est.

2121 771 2279 824 Vens.
2313 773 2364 823 2.
2401 798 2466 812 —
2511 771 2733 826 Salvum
2761 786 2843 824 me
2871 771 2981 836 fac.
3017 770 3262 824 Revocat
3314 774 3507 823 autem
3553 786 3586 824 a
3639 771 3742 823 fal-

2049 858 2311 912 sitatibns
2339 859 2529 912 saeculi
2552 861 2620 912 ad
2654 859 2882 929 eloquia
2916 857 3034 921 Dei,
3063 857 3159 912 ubi
3209 858 3381 924 salus,
3431 874 3466 910 a
3511 873 3740 927 perver-

2047 947 2215 1000 sitate
2247 949 2435 1001 seaculi
2468 950 2608 1017 petit
2638 947 2860 1002 salvari.

2121 1039 2388 1101 Quoniam
2453 1038 2666 1102 defecit.
2755 1036 2972 1107 (Cass)
3049 1034 3294 1107 Exponit
3365 1050 3490 1105 quas
3548 1033 3741 1089 timuit

2049 1128 2261 1178 multa:
2296 1142 2651 1194 congregans
2673 1126 2728 1179 iu
2767 1142 2967 1192 unum,
3024 1130 3086 1179 ut
3125 1125 3198 1179 sit
3228 1123 3412 1194 major
3440 1123 3550 1179 vis.

2119 1215 2365 1268 Sanctus.
2402 1215 2590 1284 (Ibid)
2643 1215 2788 1268 Deus
2837 1215 2936 1285 qui
2994 1213 3209 1285 ubique
3254 1229 3523 1284 praesens,
3565 1229 3741 1283 quan—

2048 1308 2171 1357 tum
2199 1304 2270 1356 ad
2303 1305 2565 1358 homines
2597 1305 2819 1372 defecit,
2862 1304 2961 1376 qui
2991 1320 3120 1358 eum
3157 1319 3272 1357 non
3301 1303 3559 1356 credunt.

2124 1393 2280 1446 Vens.
2335 1397 2384 1447 3.
2445 1423 2512 1432 —
2568 1395 2900 1448 Proximum.
2959 1393 3153 1462 (Αυο.)
3206 1392 3504 1446 Proximus
3555 1390 3741 1444 omnis

2050 1479 2244 1546 homo,
2269 1497 2398 1534 cum
2425 1483 2585 1536 nullo
2602 1483 2747 1535 male
2763 1483 3048 1550 agendum
3069 1488 3151 1535 est
3176 1497 3188 1534 :
3216 1481 3506 1549 proximus
3535 1479 3734 1548 prima:

2051 1569 2360 1623 nativitatis
2401 1569 2727 1624 conditione
2777 1576 2860 1624 est
2913 1570 3100 1624 omnis
3159 1569 3359 1633 homo;
3415 1567 3601 1620 carnis
3653 1584 3743 1620 co-

2053 1658 2346 1728 gnatione,
2378 1659 2548 1714 amici
2573 1666 2630 1713 et
2670 1659 2932 1730 cognati;
2984 1658 3386 1712 misericordia:
3443 1673 3740 1726 compara-

2054 1746 2230 1810 tione,
2265 1747 2551 1801 beneticus
2580 1748 2839 1819 quilibet.

2120 1835 2309 1900 Corde,
2359 1842 2466 1890 etc.
2501 1835 2872 1904 Germinatio,
2930 1835 3134 1907 duplex
3193 1850 3292 1889 cor
3344 1833 3645 1904 signiticet,
3683 1831 3741 1884 in

2050 1939 2164 1993 quo
2208 1924 2442 1978 dolosus
2500 1925 2859 1991 describitur,
2908 1926 3094 1978 unde:
3157 1926 3256 1979 Vir
3303 1923 3506 1992 duplczc
3563 1924 3743 1974 animo

2048 2013 2357 2066 inconstans
2386 2018 2464 2067 est
2495 2029 2550 2067 in
2578 2015 2823 2068 omnibus
2850 2017 2954 2067 viis
2997 2016 3130 2068 suis.
3159 2012 3296 2066 Boni
3327 2011 3536 2065 habent
3565 2025 3743 2063 unum

2050 2115 2148 2153 cor
2168 2107 2223 2154 et
2247 2118 2418 2154 unam
2439 2102 2710 2156 animam.

2120 2187 2281 2240 Vens.
2317 2188 2376 2242 -i-.
2408 2217 2477 2228 —
2508 2187 2808 2257 Dispcrdat
2840 2190 3096 2242 Dominus
3130 2191 3390 2243 universa.
3418 2187 3587 2255 labia,
3635 2191 3742 2239 etc.

2048 2274 2267 2345 (0.455.)
2302 2277 2359 2330 Id
2391 2281 2492 2344 est,
2528 2277 2738 2348 passim
2771 2281 3028 2348 pereant,
3065 2275 3163 2347 qui
3219 2276 3277 2329 in
3313 2293 3427 2329 una
3467 2275 3744 2345 pravitate

2050 2365 2419 2418 conveniunt.

2123 2455 2390 2520 Linguam
2419 2457 2848 2524 magniloquam.
2890 2454 3066 2521 (Ibid.)
3097 2453 3157 2507 Id
3179 2457 3282 2517 est,
3316 2453 3620 2522 superbam
3649 2471 3663 2505 :
3691 2452 3748 2505 lii

2050 2546 2184 2595 sunt
2237 2542 2566 2613 hypocritie,
2622 2544 2895 2596 habentes
2951 2543 3197 2613 speciem
3251 2541 3309 2594 in
3356 2558 3619 2595 sermone
3676 2543 3745 2594 ad

2051 2629 2416 2697 decipiendos
2475 2632 2756 2702 homines,
2797 2637 2852 2686 et
2897 2633 3012 2686 Deo
3071 2649 3187 2686 non
3221 2630 3462 2685 subditi.
3494 2630 3743 2700 (Ri-zelo.)

2055 2719 2169 2782 Vel,
2207 2721 2565 2792 philosophi.

2125 2809 2287 2862 Vens.
2423 2841 2472 2849 —
2497 2813 2601 2880 Qui
2619 2811 2879 2864 dicarunt
2904 2825 2915 2863 :
2945 2811 3187 2876 linguam
3217 2813 3482 2862 nostram.
3524 2806 3744 2876 (Cass)

2048 2896 2268 2951 lactant
2316 2917 2373 2951 se
2423 2899 2492 2952 dc
2552 2905 2828 2970 potestate
2886 2899 3194 2967 lubiorum,
3226 2898 3390 2968 quasi
3424 2913 3538 2950 non
3566 2913 3598 2948 a
3631 2897 3744 2949 Deo

1979 2996 2018 3050 (ζ
2050 2987 2390 3056 acceperint.

2124 3074 2282 3128 Vens.
2320 3081 2378 3128 6.
2418 3105 2483 3114 —
2513 3077 2738 3144 Inopu-m
2785 3081 2834 3129 ct
2873 3080 3129 3143 gemitum
3177 3090 3504 3144 pauperum.
3547 3073 3739 3142 (Aean

2050 3157 2235 3228 Cass.)
2268 3160 2479 3227 Inopes,
2513 3159 2773 3228 gentiles,
2809 3161 2907 3230 qui
2959 3177 3061 3214 nec
3091 3161 3297 3229 legem,
3335 3176 3436 3212 nec
3495 3158 3742 3227 prophe-

2049 3253 2136 3299 tas
2166 3247 2489 3301 habuerunt
2523 3264 2536 3309 ;
2568 3264 2835 3317 pauperes
2863 3247 3064 3303 Judtei.
3112 3251 3294 3304 Nunc.
3345 3247 3508 3311 Quod
3540 3263 3655 3300 non
3685 3247 3745 3299 in

2053 3334 2226 3401 priori
2261 3337 2500 3405 populo.
2541 3338 2869 3404 Exsurgam.
2906 3337 3206 3407 Apparebo
3236 3337 3290 3389 in
3325 3337 3482 3390 Filio.
3510 3337 3743 3389 Ponam.

2049 3423 2509 3478 Consolationcm
2543 3441 2884 3496 pauperum.
2921 3426 3286 3479 Fiduciulitcr.
3325 3426 3608 3493 Potenter,
3656 3423 3746 3477 cui

2048 3511 2128 3564 nil
2160 3512 2388 3567 resistit.

2122 3601 2286 3654 Vens.
2321 3607 2372 3656 7.
2415 3632 2484 3642 —-
2511 3605 2748 3671 Eloquia
2805 3607 3035 3658 Domini.
3099 3603 3294 3672 (lbid.)
3327 3604 3536 3658 Contra
3596 3603 3748 3658 mala

2046 3689 2240 3743 saeculi
2289 3690 2545 3745 Christus
2582 3709 2614 3744 a
2645 3693 2809 3746 Patre
2857 3693 3082 3754 missus,
3129 3693 3291 3762 cujus
3335 3693 3567 3763 eloquia
3617 3710 3747 3746 vera

2047 3782 2200 3832 sunt.
2237 3779 2544 3848 impiorum
2579 3781 2735 3833 falsa.
2767 3782 2955 3836 Casta.
2994 3782 3198 3833 Contra
3230 3781 3334 3833 lioc
3363 3781 3518 3851 quod
3549 3797 3742 3849 supra,

2045 3883 2190 3921 vana
2229 3868 2392 3921 locuti
2418 3873 2562 3921 sunt.
2600 3895 2668 3906 —
2722 3871 3139 3922 Emminatum.
3204 3869 3431 3932 Contra,
3467 3869 3614 3921 labia
3645 3869 3746 3922 do-

2048 3956 2162 4008 losa
2186 3957 2240 4008 in
2262 3956 2418 4009 corde
2440 3961 2489 4009 et
2519 3956 2676 4010 corde
2697 3957 2860 4010 locuti
2887 3960 3031 4009 sunt.

2117 4045 2458 4112 Septaplum.
2501 4045 2693 4112 (AUC)
2763 4043 3036 4108 Perfecte,

2048 4133 2204 4201 quod
2236 4133 2546 4201 perfectum
2575 4138 2657 4184 est
2686 4132 3072 4187 demonstrat.

2121 4221 2288 4274 Vens.
2321 4224 2372 4275 8.
2406 4251 2470 4260 -—
2506 4223 2603 4285 Ta,
2647 4223 2882 4276 Domine.
2928 4223 3096 4292 (Cass
3127 4227 3140 4279 l
3178 4221 3480 4276 Utilitatem
3514 4220 3740 4293 divino-

2051 4325 2180 4362 rum
2255 4309 2637 4379 eloquiorum,
2721 4311 2791 4364 ad
2874 4310 3182 4364 Dominum
3265 4296 3332 4362 se
3385 4315 3740 4374 convertens,

2051 4397 2324 4451 ostendit.

2125 4487 2283 4540 Vens.
2317 4489 2369 4538 9.
2410 4488 2559 4540 —1n
2586 4489 2834 4541 circuitu.
2871 4485 3170 4541 Conclusio
3197 4486 3266 4540 de
3291 4490 3530 4556 utraque
3556 4490 3737 4554 parte.

2050 4574 2247 4645 (Λυθ.)
2281 4576 2344 4628 In
2375 4577 2630 4642 circuitu,
2691 4575 2743 4628 id
2788 4579 2892 4641 est,
2945 4575 3256 4645 cupiditate
3313 4573 3738 4644 temporalium,

2049 4681 2178 4734 qua:
2212 4670 2429 4733 septem
2463 4664 2663 4717 diebus
2692 4665 3019 4731 volvuntur,
3053 4669 3110 4718 et
3140 4679 3254 4717 non
3283 4665 3522 4717 veniunt
3549 4663 3608 4716 in
3640 4678 3740 4716 oc-

2047 4755 2261 4818 tavnm,
2317 4753 2373 4806 id
2403 4758 2510 4818 est,
2538 4759 2856 4806 aiternum:
2895 4753 3042 4806 unde
3095 4753 3385 4807 ventilator
3420 4757 3499 4806 est
3542 4750 3738 4820 impio-

2045 4857 2166 4896 rum
2231 4858 2330 4895 νεα)
2380 4845 2618 4910 sapiens,
2687 4846 2736 4894 et
2782 4843 3028 4894 immittit
3081 4842 3192 4894 illis
3258 4846 3434 4894 rotam
3477 4841 3740 4894 malorum

2047 4931 2232 5000 (Prov.
2271 4933 2354 5001 ιι),
2377 4931 2431 4985 id
2456 4935 2556 4996 est,
2591 4929 2870 4984 ambitum
2898 4929 3254 4982 volubilium.

2117 5021 2662 5088 Mulliplicastiﬁlios
2695 5020 2986 5072 hominum.
3044 5018 3234 5088 (Ibid.)
3287 5018 3382 5072 Est
3435 5021 3492 5071 et
3538 5017 3736 5071 multi-

2047 5105 2278 5176 plicatio
2324 5108 2382 5161 in
2416 5109 2829 5178 temporalibus
2859 5124 2987 5178 quin
3015 5107 3218 5162 avertit
3249 5107 3318 5161 ab
3348 5107 3567 5161 unitate
3599 5107 3733 5161 Dei:

2047 5195 2144 5249 sed
2219 5196 2360 5266 justi
2433 5196 2886 5266 multiplicantur
2965 5197 3277 5250 secundum
3352 5196 3734 5263 altitudinem,

2047 5285 2279 5355 quando
2310 5290 2448 5339 eunt
2478 5285 2545 5338 de
2578 5285 2783 5339 virtute
2817 5285 2873 5338 in
2909 5285 3192 5356 virtutem.

2658 5427 2969 5482 PSALMUS
3001 5428 3116 5482 XII.

2119 5552 2292 5605 Vens.
2332 5553 2385 5611 t.
2429 5579 2486 5591 --
2520 5553 2581 5605 In.
2611 5555 2787 5621 ﬁncm.
2823 5553 3042 5623 (Cass)
3078 5553 3332 5608 Psalmus
3363 5553 3432 5606 de
3462 5553 3735 5608 charitate

3126 4047 3256 4108 etc.,
3311 4058 3480 4111 usque
3549 4043 3624 4097 ad
3689 4048 3746 4096 et
