4034 6180
272 303 376 355 863

889 298 1282 353 WALAFRIDI
1320 298 1568 353 STRABI
1609 297 1806 352 FULD.
1850 295 2010 351 MON.
2053 295 2205 352 OPP.
2248 294 2444 352 PARS.
2482 295 2526 350 Ι.
2569 324 2638 336 -—-
2676 295 3139 352 THEOLOGICA.

3689 299 3791 352 864

275 421 509 491 Christi,
559 425 690 487 etc.,
750 437 917 491 usque
963 421 1042 476 ad
1083 421 1396 476 secundum
1437 421 1577 476 illud
1612 437 1625 476 :
1659 422 1826 491 Cupio
1857 421 1970 475 dis-
2008 423 2049 475 Α
2085 422 2306 475 cautela
2331 426 2434 484 est,
2493 425 2817 492 opportune
2874 421 3124 488 timere;
3182 423 3259 477 ita
3313 423 3562 495 ignavia,
3598 425 3788 496 inepte

278 513 418 568 solvi
446 516 496 566 et
524 527 636 566 esse
660 527 778 566 cum
805 512 1018 568 Christo
1047 511 1214 580 (Phil.
1243 511 1305 571 ι.)

353 601 520 656 Vens.
556 604 610 654 2.
644 629 710 641 —
741 599 1014 665 Quandiu.
1060 598 1233 668 (Cas)
1293 599 1528 668 Magnus
1585 597 1758 652 ardor
1814 597 1978 652 susti-

282 689 493 755 nentis,
527 693 656 754 etc.,
705 703 873 757 usque
903 687 976 740 ad
1005 686 1140 757 quia
1164 703 1291 758 spes
1321 687 1693 757 protrahitur.

353 777 611 832 Consilia.
661 774 812 846 (Anc
842 778 862 847 )
898 774 1146 830 Consilio
1185 791 1302 828 non
1333 779 1418 828 est
1449 790 1614 846 opus,
1649 778 1780 842 etc.,
1809 789 1979 845 usque

285 865 360 919 ad
387 865 585 920 dolens
618 879 969 934 precansque
1001 867 1231 917 aeterna.

355 954 516 1008 Vens.
552 956 603 1007 3.
653 983 722 993 —
759 955 1039 1021 Usquequo
1068 951 1422 1016 exaltabitur,
1458 955 1563 1006 etc.
1603 951 1801 1021 (ωδε.)
1833 950 1980 1006 Dicit

284 1042 442 1113 quia,
464 1048 598 1096 ante
629 1042 936 1095 adventum
959 1040 1187 1107 Christi,
1212 1039 1980 1112 diaboluscaptivostenebat

283 1131 566 1185 homines.
605 1131 701 1184 Vel
730 1146 893 1198 super
939 1145 1040 1194 me,
1094 1129 1150 1183 id
1182 1134 1287 1194 est,
1344 1145 1528 1182 meam
1559 1128 1976 1190 crudelitatem,

284 1201 571 1292 quia'toto
602 1220 739 1273 orbe
770 1219 996 1283 colitur,
1017 1223 1074 1272 et
1100 1218 1234 1288 quia
1256 1216 1334 1270 sic
1359 1218 1513 1272 orbis
1533 1217 1748 1285 interit,
1769 1217 1974 1286 plorat.

354 1309 522 1363 Vens.
574 1309 626 1362 4.
690 1309 928 1376 Respice.
1007 1305 1200 1376 Ubii.)
1273 1306 1410 1360 Post
1482 1305 1976 1377 conquestionem,

281 1396 487 1462 oratio,
523 1401 586 1450 ut
624 1396 1004 1460 illuminetur,
1055 1411 1124 1448 ne
1163 1394 1327 1449 cedat
1385 1395 1682 1449 fraudibus
1737 1394 1976 1460 inimici,

279 1483 380 1555 qui
418 1484 478 1538 in
526 1484 919 1538 misericordia
970 1481 1223 1537 conlidit.
1287 1485 1524 1554 Respice.
1576 1484 1768 1551 (Ave)
1823 1483 1978 1537 Mitte

281 1589 454 1644 quem
514 1573 793 1626 missurus
842 1589 922 1626 es.
980 1572 1227 1626 Exaudi.
1281 1573 1490 1640 (Cass)
1547 1573 1655 1626 Pro
1686 1572 1975 1638 omnibus,

2089 509 2398 579 trepidare,
2429 514 2492 563 ut
2523 526 2626 580 pro
2663 513 2832 580 gente
2874 517 2932 564 et
2963 510 3108 576 loco,
3145 511 3352 565 timore
3397 512 3496 566 Dci
3541 513 3785 582 abjecto.

2158 599 2298 652 Vens
2363 603 2415 654 6.
2466 629 2534 638 -—
2586 601 2882 662 Consilium
2909 601 3108 669 inopis.
3171 601 3385 670 (Cass)
3435 602 3690 655 Invectio
3732 601 3788 656 in

2085 687 2326 747 Judzeos,
2379 692 2522 752 etc.,
2580 703 2748 756 usque
2804 688 2878 742 ad
2929 688 2988 741 id
3042 694 3145 753 est,
3191 689 3261 743 de
3322 689 3536 743 Judaais
3592 706 3787 760 proce-

2088 774 2246 836 dens,
2282 780 2388 829 etc.

2157 863 2324 917 Vens.
2362 867 2413 916 7.
2450 863 2674 928 —Quis
2719 863 2876 917 dabit
2928 878 2996 917 ea:
3051 861 3200 929 Sion,
3256 869 3362 918 etc.
3424 864 3620 933 (Cass)
3678 865 3780 919 Po-

2086 955 2299 1006 stremo
2350 951 2680 1006 Iudaeorum
2730 955 3026 1006 conversio
3083 952 3431 1022 prazdicitur,
3501 970 3634 1024 qua:
3694 957 3788 1008 tiet

2087 1055 2216 1094 cum
2274 1040 2572 1111 plenitudo
2629 1040 2888 1110 gentium
2956 1040 3273 1094 intraverit.
3309 1043 3442 1098 Cum
3498 1045 3781 1096 averterit.

2087 1130 2194 1182 Pro
2219 1129 2426 1184 ludatis
2454 1129 2627 1182 etiam
2659 1129 2766 1182 hoc
2817 1128 3217 1183 testimonium
3250 1129 3409 1184 Isaiae
3442 1131 3607 1201 ponit
3635 1134 3783 1200 Apo-

2087 1218 2301 1272 stolus:
2376 1219 2561 1273 Veniet
2590 1234 2658 1271 ea:
2685 1218 2814 1272 Sion
2874 1219 3008 1287 quia
3059 1219 3225 1271 vertit
3274 1221 3678 1288 captivitatem,
3710 1223 3788 1273 vel

2086 1308 2420 1376 impietatem
2445 1323 2477 1360 a
2502 1305 2698 1360 Jacob.

2689 1429 3000 1485 PSAI.MUS
3040 1431 3174 1486 XIV.

2160 1571 2238 1625 Va
2253 1585 2344 1626 ns.
2365 1574 2496 1624 1.-
2510 1572 2754 1637 Domine,
2772 1573 2924 1639 quis?
2936 1570 3106 1637 (Cass.
3122 1572 3136 1641 )
3154 1571 3413 1626 Psalmus
3431 1570 3537 1626 iste
3553 1573 3789 1643 proprie

278 1678 383 1732 pro
409 1662 619 1732 quibus
673 1661 1018 1732 generaliter
1068 1660 1227 1731 petit.
1285 1662 1558 1715 lllumina.
1617 1659 1674 1714 Si
1704 1674 1819 1713 non
1851 1676 1974 1713 cor-
2018 1701 2056 1755 Β
2087 1676 2315 1714 morum
2347 1665 2430 1713 est
2461 1659 2867 1726 institutorius,
2897 1660 3363 1731 prmsumptionis
3391 1661 3674 1731 repressio
3693 1662 3788 1715 ubi

276 1765 437 1821 pore,
467 1750 762 1804 videamus
788 1750 875 1803 vel
919 1753 1129 1803 mente.
1209 1749 1576 1804 Obdormiam.
1637 1749 1875 1813 Quando
1906 1750 1973 1804 ti-

279 1838 373 1892 dei
406 1839 622 1892 lumine
660 1839 905 1908 sepulto,
939 1837 1153 1891 carnali
1182 1837 1558 1891 delectatione
1609 1837 1973 1892 clauduntur.

276 1929 345 1982 In
384 1932 569 1980 morte.
625 1926 684 1981 ld
731 1930 835 1993 est,
887 1926 944 1979 in
993 1931 1221 1996 peccato
1271 1925 1423 1996 quod
1471 1926 1534 1979 tit
1585 1925 1644 1979 in
1699 1925 1974 1996 Spiritum

278 2020 537 2069 sanctum
565 2015 635 2069 de
674 2031 790 2086 quo
818 2015 1098 2068 Joannes:
1160 2015 1266 2070 Est
1302 2019 1580 2085 peccatum
1608 2014 1682 2068 ad
1732 2021 1973 2082 mortem,

278 2119 384 2159 non
433 2119 536 2173 pro
565 2119 621 2158 ro
651 2104 769 2158 dico
795 2107 856 2157 ut
886 2105 1007 2171 quis
1037 2108 1165 2157 oret.

351 2193 513 2246 Vens.
546 2195 596 2244 6.
631 2221 699 2232 -—
729 2191 1116 2247 Exsultabunt.
1150 2191 1342 2261 (Ava.)
1375 2192 1495 2246 Non
1523 2192 1710 2247 solum
1739 2196 1979 2263 propter

281 2295 374 2334 me
424 2280 776 2348 illuminare,
828 2280 924 2334 sed
983 2296 1054 2334 ne
1111 2279 1378 2334 inimicus
1419 2281 1681 2352 gaudeat.
1748 2282 1980 2351 Speraui

282 2367 470 2438 (Cass)
517 2369 582 2421 Et
610 2367 657 2421 si
697 2368 944 2432 festinat,
1000 2373 1190 2424 tamen
1251 2367 1475 2440 patiens
1515 2374 1600 2424 est
1633 2386 1646 2424 :
1681 2369 1815 2440 quia
1844 2374 1901 2423 et
1931 2368 1978 2422 si

283 2456 568 2519 differtur,
616 2457 816 2510 firmus
873 2461 958 2511 est
1003 2456 1064 2512 in
1111 2473 1230 2529 spe,
1263 2463 1318 2512 et
1346 2457 1588 2512 interius
1611 2458 1732 2528 jam
1776 2457 1976 2512 videns

279 2545 546 2608 exsultat,
590 2561 760 2615 quem
789 2561 958 2599 carne
1001 2545 1194 2600 videre
1223 2545 1544 2601 desiderat:
1600 2546 1754 2600 unde
1784 2551 1842 2600 et
1869 2546 1977 2600 sibi

282 2633 432 2687 bona
462 2633 593 2686 data
626 2633 760 2688 dicit
807 2633 906 2704 qui
938 2633 1094 2704 prius
1145 2635 1518 2705 querebatur.
1586 2636 1819 2690 Tribuit.
1855 2636 1974 2690 Non

279 2721 522 2776 tribuet:
559 2738 771 2791 magna
798 2722 975 2776 virtus
1003 2723 1141 2777 tidei
1163 2724 1285 2793 jam
1337 2723 1507 2778 habet
1533 2725 1689 2795 quod
1718 2725 1974 2779 futurum

278 2814 378 2864 est.
411 2811 738 2864 Exsultabit
766 2825 880 2866 cor.
928 2809 988 2865 Si
1021 2815 1244 2865 tantum
1276 2811 1578 2880 desiderat,
1600 2811 1648 2866 si
1675 2813 1754 2868 sic
1781 2813 1975 2867 famu-

282 2899 434 2952 latur
464 2903 723 2966 venturo,
745 2898 883 2970 quid
915 2898 1240 2953 faciendum
1276 2902 1584 2971 suscepto?

885 2987 1195 3044 PSALMUS
1230 2988 1367 3043 Xlll.

337 3071 511 3132 Vens.
548 3080 596 3132 l.
634 3107 703 3117 —
733 3078 896 3131 Dixit
934 3080 1217 3147 insipiens.
1269 3078 1472 3149 (CASS.)
1528 3079 1848 3150 lncrepatio
1876 3079 1972 3133 Ju-

283 3166 562 3232 daaorum,
614 3166 898 3235 descripta
951 3173 1151 3220 eurum
1199 3168 1434 3221 malitia.
1469 3167 1694 3222 Primus
1726 3168 1976 3237 psalmus

283 3254 352 3308 de
383 3254 772 3324 increpatione
797 3255 1149 3321 Judaeorum,
1192 3261 1324 3322 etc.,
1373 3271 1542 3326 usque
1579 3255 1653 3309 ad
1682 3256 1774 3309 hic
1804 3256 1976 3309 homo

287 3358 400 3395 non
431 3347 516 3395 est
548 3344 715 3396 Deus.

355 3430 516 3483 Vens.
570 3433 620 3484 2.
685 3457 745 3469 —
797 3431 1051 3484 Dominus
1109 3431 1172 3484 de
1233 3433 1378 3489 caelo.
1441 3430 1627 3502 (lbid.)
1683 3432 1790 3486 Sed
1847 3431 1976 3486 inde

281 3517 718 3584 inexcusabiles,
777 3518 914 3588 quia
969 3517 1246 3572 Dominus
1302 3521 1612 3590 prospexit,
1661 3520 1719 3575 id
1750 3525 1851 3587 est,
1907 3521 1977 3575 de

282 3607 539 3660 humana
578 3611 783 3660 natura
813 3605 1076 3660 eminuit.
1134 3607 1321 3678 (Auc.)
1352 3609 1430 3662 De
1455 3609 1618 3675 caelo,
1651 3609 1706 3663 id
1739 3614 1842 3673 est,
1875 3625 1979 3680 per

288 3700 512 3748 sanctas
540 3694 760 3748 animas
816 3690 1126 3766 prospicit:
1159 3711 1290 3750 nam
1331 3712 1436 3767 per
1464 3715 1523 3751 se
1552 3698 1632 3751 nil
1658 3713 1790 3752 eum
1821 3699 1972 3753 latet.

289 3783 409 3849 Vel,
455 3783 524 3838 de
555 3784 714 3848 caelo,
749 3799 853 3854 per
876 3784 1099 3839 animas
1147 3790 1386 3851 sanctas,
1419 3802 1550 3857 qua:
1596 3798 1729 3842 sunt
1771 3789 1975 3843 caelum

287 3875 345 3926 et
373 3871 536 3926 sedes
591 3870 709 3927 Dei.
768 3873 886 3937 Vel,
938 3873 1213 3927 Dominus
1265 3875 1430 3928 Pater
1485 3875 1554 3930 de
1583 3876 1744 3943 caalo,
1779 3876 1837 3930 id
1869 3883 1974 3942 est,

285 3966 506 4016 secreto
534 3961 742 4016 divina:
773 3961 1001 4016 mentis.
1035 3963 1218 4033 (Cas)
1261 3963 1358 4017 Vel
1393 3962 1462 4017 de
1493 3964 1818 4034 (equalitate
1878 3965 1976 4018 Dei

284 4048 487 4105 Patris.
527 4051 589 4106 Si
615 4055 695 4104 est
715 4051 1037 4118 intelligens.
1075 4051 1171 4106 Vel
1201 4051 1363 4118 vidit,
1395 4051 1443 4105 si
1495 4056 1580 4106 est
1626 4052 1973 4122 intelligens,

286 4143 340 4193 et
373 4138 593 4192 invenit
624 4138 773 4209 quod
808 4139 1014 4209 aliquis
1060 4155 1173 4193 non
1206 4139 1512 4211 intelligit:
1547 4141 1682 4212 quia
1729 4157 1847 4196 non
1879 4157 1975 4195 re-

284 4227 482 4298 quirit,
516 4227 612 4281 sed
644 4227 909 4293 declinat,
959 4243 1132 4282 nam:
1165 4229 1354 4284 Omnes
1393 4231 1813 4296 declinaverunt,
1868 4235 1974 4285 etc.

356 4317 516 4371 Vens.
565 4318 616 4370 3.
676 4346 745 4356 -—
803 4317 1117 4386 Sepulcrum
1194 4317 1376 4389 (Ibid)
1436 4319 1517 4371 lta
1569 4318 1800 4372 inutiles
1853 4319 1976 4372 aliis

285 4403 440 4470 facti,
469 4404 605 4476 quia
635 4409 836 4474 guttur
868 4421 1065 4459 eorum
1097 4409 1181 4459 est
1234 4407 1578 4476 sepulcrum.
1639 4410 1743 4460 etc.
1797 4408 1983 4476 Sepul-

285 4507 455 4546 crum.
521 4492 798 4547 Dicuntur
852 4493 911 4547 hi
963 4497 1077 4547 tres
1118 4508 1333 4559 versus,
1381 4493 1481 4565 qui
1514 4499 1648 4548 sunt
1703 4509 1883 4565 usque
1913 4493 1982 4547 ad

285 4579 592 4634 secundam
651 4579 1008 4646 divisionem,
1051 4580 1149 4642 ibi.
1221 4583 1404 4636 Nonne
1457 4587 1788 4649 cognoscent,
1848 4587 1980 4644 etc.,

287 4683 404 4722 non
435 4683 554 4721 esse
585 4667 656 4722 de
689 4667 944 4736 Hebraeo,
978 4674 1107 4734 etc.,
1139 4684 1307 4739 usque
1351 4669 1426 4723 ad
1455 4688 1554 4724 eos
1615 4687 1731 4724 non
1789 4671 1979 4725 habet.

351 4757 614 4813 Contritio
663 4756 848 4827 (AUG.)
893 4758 978 4812 Ita
1027 4757 1261 4812 inutiles
1300 4757 1409 4813 sibi
1449 4759 1580 4813 facti
1637 4764 1790 4824 sunt,
1850 4764 1980 4826 etc.,

283 4860 455 4914 usque
485 4845 560 4898 ad
586 4850 642 4899 et
670 4845 974 4899 infelicitas
1022 4846 1081 4899 in
1113 4846 1324 4900 futuro.

359 4934 560 5003 (Cass)
594 4934 694 4987 Via
716 4933 1051 5004 impiorum,
1071 4939 1200 5002 etc.,
1223 4951 1393 5004 usque
1421 4936 1496 4990 ad
1518 4951 1530 4990 :
1565 4937 1854 4991 TimorDei
1882 4953 1982 4992 an-

287 5027 336 5078 te
361 5023 559 5087 oculos,
599 5028 706 5076 etc.

359 5112 520 5166 Vsus.
569 5113 624 5166 4.
680 5141 748 5149 -
798 5113 986 5166 Nonne
1036 5117 1368 5180 cognoscent.
1431 5113 1676 5169 Minatur
1698 5114 1982 5186 judicium

289 5200 507 5271 impiis.

356 5290 519 5344 Vens.
553 5293 606 5344 5.
641 5319 706 5331 —
752 5292 1034 5359 Dominum
1061 5308 1186 5357 non,
1235 5296 1345 5347 etc.
1396 5293 1580 5363 (Auc.)
1643 5295 1771 5349 Non
1828 5292 1982 5348 enim

285 5392 416 5430 vere
450 5377 600 5431 hunc
623 5378 907 5442 invocant,
941 5379 1040 5450 qui
1073 5381 1187 5434 Deo
1232 5379 1618 5452 displicentias
1667 5385 1881 5436 amant.
1917 5412 1976 5422 -—

286 5464 483 5536 ((ῖΑςε.)
516 5467 650 5520 lude
684 5472 930 5538 augetur
957 5466 1244 5532 interitus,
1275 5469 1410 5540 quia
1463 5486 1688 5524 necesse
1720 5474 1806 5524 est
1836 5471 1983 5524 mala

291 5570 483 5624 agere,
527 5571 659 5608 cum
719 5555 951 5625 superbi
1010 5557 1214 5610 nolunt
1275 5559 1452 5612 Deum
1504 5557 1787 5614 invocare.
1828 5559 1984 5614 Sicut

2089 1748 2280 1819 agitur
2313 1748 2382 1802 de
2411 1749 2628 1802 unitate
2659 1748 2956 1819 praesentis
2989 1749 3245 1804 Ecclesiae
3266 1754 3323 1803 et
3349 1749 3545 1803 futura
3567 1750 3784 1820 quiete.

2087 1836 2279 1892 Primo
2307 1835 2626 1906 interrogat
2655 1837 2958 1910 propheta,
2986 1839 3150 1908 quasi
3187 1838 3449 1892 sacerdos
3507 1843 3642 1893 ante
3702 1840 3787 1894 fa-

2085 1925 2230 1980 ciem
2288 1923 2512 1978 Domini
2544 1929 2717 1990 stans,
2753 1929 2809 1980 et
2853 1941 3125 1996 responsa
3153 1926 3330 1997 petit;
3380 1927 3577 1981 volens
3643 1927 3789 1982 scire

2087 2029 2230 2085 quos
2259 2013 2406 2067 Deus
2438 2029 2538 2066 sua
2571 2014 2778 2084 dignos
2805 2015 3027 2083 judicet
3055 2014 3316 2070 Ecclesia.

2157 2102 2333 2155 Vens.
2380 2103 2432 2154 2.
2475 2130 2546 2142 —
2591 2104 2718 2166 Qui.
2757 2101 2944 2172 (Ibid.)
3006 2103 3322 2173 Responsio
3371 2103 3627 2172 Domini,
3679 2110 3785 2159 etc.

2087 2205 2255 2260 usque
2281 2189 2356 2243 ad
2387 2194 2450 2242 ut
2506 2189 2760 2244 Christus
2814 2207 2998 2260 agnus
3029 2191 3149 2245 sine
3203 2191 3449 2246 fractura
3497 2193 3788 2246 membro-

2087 2294 2237 2344 rum,
2264 2276 2365 2348 qui
2384 2278 2613 2348 proprie
2634 2279 3217 2350 templumingressus
3247 2285 3350 2340 est.
3372 2296 3487 2335 non
3500 2286 3566 2335 ut
3590 2281 3789 2352 expia-

2087 2371 2246 2421 retur
2265 2364 2410 2418 sicut
2429 2366 2643 2430 caeteri,
2685 2367 2784 2422 sed
2833 2367 2958 2422 sine
3004 2370 3243 2422 macula.
3307 2370 3580 2438 Operatur
3609 2370 3788 2439 justi-

2086 2457 2240 2509 tiam.
2270 2453 2339 2506 Ut
2367 2451 2505 2508 dum
2532 2455 2853 2511 vendentes
2878 2461 2934 2511 ct
2964 2461 3220 2511 ementes
3250 2457 3418 2527 ejecit
3442 2458 3512 2512 de
3544 2459 3785 2529 templo.

2158 2546 2317 2596 Vsus.
2349 2542 2400 2594 3.
2432 2575 2502 2584 —
2549 2545 2655 2611 Qui
2683 2546 2941 2614 loquitur.
2998 2547 3097 2600 Hic
3149 2546 3483 2616 exsequitur
3533 2547 3785 2617 plenius.

2085 2637 2302 2690 Veritas
2333 2643 2415 2693 est
2458 2651 2588 2689 cum
2615 2649 2706 2688 res
2731 2634 2811 2688 ita
2831 2637 2934 2701 est,
2990 2638 3052 2687 ut
3081 2633 3327 2688 dicitur:
3389 2636 3498 2688 Hoc
3550 2636 3789 2706 proprie

2085 2725 2335 2781 Christus
2379 2724 2530 2781 fecit.
2563 2725 2634 2776 In
2665 2721 2839 2787 corde,
2895 2722 2994 2792 qui
3041 2722 3350 2793 aliquando
3406 2723 3584 2777 tacuit
3628 2723 3786 2778 iudi-

2084 2815 2211 2884 gnis
2241 2815 2636 2869 fraudulenter
2665 2811 3075 2881 querentibus.
3111 2813 3228 2866 Non
3275 2814 3384 2879 egit
3429 2811 3633 2868 dolum.
3673 2815 3783 2867 Do-

2087 2904 2170 2955 lus
2197 2908 2281 2958 est
2299 2902 2593 2972 inlingua,
2618 2915 2746 2953 cum
2769 2898 2923 2952 aliud
2939 2898 3169 2966 dicitur,
3183 2898 3333 2952 aliud
3349 2900 3502 2953 estin
3524 2905 3782 2970 pectore.

2017 2986 2056 3038 C
2087 2991 2202 3056 Vel,
2233 3007 2339 3045 non
2367 2993 2474 3058 egit
2496 2990 2698 3052 dolum,
2723 2987 2858 3058 quia
2893 2987 3086 3040 omnia
3146 3003 3274 3058 quae
3323 2988 3540 3042 audivit
3592 3005 3624 3042 a
3685 2991 3786 3045 Pa-

2084 3084 2192 3145 tre,
2228 3080 2350 3134 sine
2400 3079 2593 3150 aliqua
2643 3075 2957 3146 adjectione
3006 3076 3096 3130 vel
3160 3077 3584 3146 suppressione,
3646 3084 3785 3132 nota

2086 3168 2218 3222 fecit
2239 3167 2535 3238 proximis,
2587 3166 2644 3220 id
2681 3169 2782 3229 est,
2845 3163 3178 3234 discipulis;
3235 3165 3465 3232 Judmis,
3505 3167 3786 3236 proximis

2085 3255 2402 3308 secundum
2432 3247 2683 3308 carnem.
2739 3253 2844 3306 Nec
2889 3253 3021 3316 fecit
3076 3254 3328 3320 promimo
3389 3254 3611 3306 malum.
3672 3254 3782 3308 Sed

2087 3359 2190 3416 pro
2219 3345 2302 3397 eis
2329 3342 2550 3398 oravit:
2609 3357 2723 3395 non
2779 3345 3074 3410 acceptum
3153 3340 3354 3394 habuit
3408 3341 3786 3412 opprobrium

2087 3434 2354 3488 adversus
2384 3430 2678 3501 proximos
2728 3444 2880 3493 suos,
2940 3428 3084 3482 sicut
3133 3431 3217 3482 est
3271 3433 3470 3499 patens
3524 3446 3628 3500 per
3676 3431 3790 3485 hoc

2087 3521 2240 3593 quod
2271 3521 2473 3575 ludam
2527 3534 2644 3572 non
2677 3517 2925 3572 mordaci
2955 3516 3343 3589 increpatione.
3375 3519 3674 3573 lacerabat.

2156 3612 2324 3663 Vsus.
2353 3609 2406 3664 4.
2453 3637 2526 3649 -
2569 3608 2659 3662 Ad
2699 3607 2953 3671 nihilum,
2985 3612 3091 3659 etc.
3126 3606 3314 3676 (Aes)
3363 3607 3498 3660 Haec
3542 3615 3629 3662 est
3659 3625 3790 3678 per-

2086 3698 2275 3762 fectio,
2306 3701 2369 3750 ut
2388 3695 2528 3750 nihil
2550 3696 2608 3750 in
2647 3694 2882 3749 homine
2914 3696 3096 3747 valeat
3127 3695 3434 3761 malignus,
3468 3702 3524 3749 et
3579 3702 3645 3750 ut
3693 3698 3788 3752 hic

2087 3787 2161 3841 sit
2191 3786 2248 3840 in
2280 3789 2607 3855 conspectu.
2646 3783 2699 3838 id
2731 3788 2834 3848 est,
2880 3787 3030 3836 certe
3087 3782 3248 3849 sciat,
3311 3784 3632 3854 malignum
3668 3803 3786 3841 non

2087 3891 2228 3941 esse,
2261 3874 2370 3928 nisi
2396 3873 2494 3945 qui
2530 3889 2562 3926 a
2593 3873 2859 3927 Creatore
2891 3871 2961 3926 ad
2993 3878 3182 3925 creata
3234 3872 3604 3927 convertitur.
3663 3877 3786 3930 Ma-

2087 3967 2287 4032 lignus,
2322 3961 2382 4017 id
2441 3966 2543 4028 est,
2590 3960 2872 4026 diabolus,
2919 3959 3268 4030 despicitur;
3302 3965 3364 4014 ut
3413 3978 3544 4015 cum
3603 3962 3779 4018 dixit:

2092 4053 2249 4109 Vade
2275 4057 2438 4115 retro,
2472 4051 2729 4113 Satanas,
2760 4054 2868 4102 etc.
2934 4048 2975 4102 E
3026 4053 3246 4114 contra,
3308 4052 3550 4104 timentes
3593 4053 3789 4106 Domi-

2086 4158 2215 4196 num
2241 4143 2526 4209 gloriﬁcat.
2581 4137 2817 4206 Juravit,
2849 4138 3077 4209 quando
3135 4137 3407 4208 apostolis
3470 4141 3789 4195 certissima

2090 4229 2325 4284 veritate
2356 4226 2668 4299 promisit:
2717 4227 2853 4280 Jam
2901 4241 3009 4280 non
3061 4226 3242 4281 dicam
3284 4242 3376 4282 vos
3430 4243 3636 4298 servos,
3689 4230 3787 4285 sed

2089 4321 2306 4372 amicos.

2162 4408 2341 4460 Vens.
2377 4409 2428 4460 5.
2485 4435 2551 4444 —
2587 4405 2696 4470 Qui
2726 4404 2885 4472 jurat
2922 4405 3193 4473 proximo,
3253 4407 3359 4457 etc.
3417 4404 3614 4474 (lbid.)
3665 4407 3792 4460 Haec

2089 4495 2199 4549 tria
2225 4511 2338 4549 non
2371 4497 2502 4548 sunt
2531 4509 2760 4562 magna,
2796 4497 2938 4560 etc.,
2967 4492 3225 4561 usquead
3252 4508 3383 4546 cum
3413 4492 3469 4546 in
3501 4495 3792 4565 superiori

2089 4582 2448 4638 conclusione
2487 4581 2810 4652 praeteritus
2857 4580 3130 4652 posuerit,
3189 4580 3264 4635 ad
3308 4582 3543 4636 nihilum
3583 4583 3788 4638 deduc-

2092 4679 2177 4728 tus
2197 4678 2292 4728 est.
3583 4731 3588 4736 .

2157 4763 2463 4816 Pecuniam.
2507 4759 2605 4812 Vel
2659 4762 2887 4812 terrena
2929 4761 3032 4823 est,
3071 4773 3200 4828 quae
3249 4758 3477 4828 penitus
3522 4759 3595 4813 ad
3643 4777 3791 4816 usu-

2095 4866 2214 4904 ram
2245 4849 2366 4903 dari
2397 4847 2751 4919 prohibetur,
2786 4861 2958 4917 quam
3012 4846 3287 4900 Dominus
3340 4847 3498 4902 Judm
3553 4850 3792 4904 tradidit

2091 4939 2161 4993 ad
2192 4938 2543 5008 erogandum
2575 4935 2945 5007 pauperibus,
2997 4951 3110 4989 non
3139 4935 3208 4989 ad
3241 4952 3492 4990 usuram.
3527 4938 3627 4992 Vel
3660 4939 3788 5010 spi-

2090 5028 2332 5094 ritualis,
2365 5041 2495 5097 quae.
2521 5025 2592 5080 ad
2651 5039 2881 5078 usuram
2921 5023 3045 5078 dari
3067 5024 3328 5095 jubetur,
3375 5024 3433 5078 id
3489 5031 3597 5092 est,
3640 5043 3791 5097 prae-

2091 5115 2238 5171 catio
2270 5115 2340 5170 ad
2371 5113 2736 5168 instruendos
2766 5112 3048 5167 homines.
3091 5115 3159 5167 Et
3185 5129 3410 5167 munera
3433 5129 3598 5183 super
3634 5118 3795 5172 inno-

2091 5210 2311 5261 centem.
2345 5202 2562 5274 Accipit
2593 5201 2823 5273 quidem
2857 5199 3109 5255 Christus
3163 5217 3425 5266 munera,
3471 5207 3535 5256 ut
3586 5219 3620 5256 a
3676 5219 3797 5258 ma-

2092 5294 2200 5363 gis,
2229 5299 2283 5347 et
2319 5291 2579 5363 quotidie
2608 5289 2729 5361 pias
2757 5289 3115 5350 oblationes;
3147 5289 3246 5343 sed
3278 5305 3394 5343 non
3453 5295 3653 5344 contra
3707 5291 3798 5345 in-

2093 5386 2383 5449 nocentes,
2412 5380 2531 5434 imo
2559 5379 2812 5435 animam
2853 5394 2957 5449 pro
3001 5377 3083 5432 eis
3112 5378 3285 5433 dedit.
3318 5380 3422 5448 ()ui
3470 5381 3615 5445 facit
3658 5381 3795 5446 haec,

2091 5487 2198 5524 non
2223 5469 2542 5524 movebitur.
2575 5470 2712 5523 Ecce
2742 5468 3002 5522 absoluta
3033 5466 3330 5536 responsio
3366 5467 3751 5540 interroganti
3778 5487 3790 5521 :

2095 5559 2227 5614 facit
2257 5557 2461 5629 (dicit),
2498 5563 2559 5612 ut
2591 5557 2657 5612 ad
2692 5561 2881 5612 actum
2914 5573 3016 5611 nos
3045 5555 3266 5622 invitet,
3301 5571 3415 5609 non
3468 5557 3658 5611 solum
3719 5558 3786 5612 at.
