4082 6184
262 282 365 336 863

1382 282 1636 339 GLOSSA
1676 282 2081 339 ORDINARIA.
2121 313 2187 322 -—
2231 281 2360 337 LIB.
2408 281 2644 336 PSALM.

3666 291 3769 343 866

260 402 607 457 cantandum
641 400 772 455 haec.
815 401 923 467 Qui
953 402 1094 467 facit
1113 400 1240 466 ἧκε,
1278 418 1383 456 non
1403 404 1720 459 movebitur.
1759 405 1959 475 (Cass.)
1990 408 2035 460 Α
2078 404 2255 457 Deum
2301 418 2529 473 semper
2585 402 2701 457 acie
2760 402 2966 457 mentis
3024 403 3299 467 intuetur,
3351 422 3467 460 non
3519 410 3769 478 peccatis

263 493 583 547 Conclusio.
638 490 914 545 Similiter
975 491 1076 562 qui
1134 491 1271 545 facit
1327 492 1469 558 haec,
1538 494 1857 565 requiescet
1899 495 1960 548 in

264 588 481 634 monte.

880 702 1192 757 PSALMUS
1222 704 1328 757 XV.

340 847 497 900 Vnus.
538 849 580 899 Ι.
608 874 676 885 —
712 845 883 899 Tituli
904 846 1208 913 inscriptio.
1249 846 1443 912 (Cass)
1478 845 1576 898 Hic
1634 844 1837 898 titulus
1892 845 1961 899 de

266 934 592 1003 Evangelio,
627 949 743 987 non
768 933 838 987 de
868 932 1057 986 Veteri
1088 934 1467 1000 Testamento,
1500 932 1765 987 sumitur.
1803 933 1961 996 Quod

264 1022 466 1076 titulus
494 1021 733 1087 notavit,
769 1021 829 1075 id
860 1025 964 1085 est,
999 1021 1239 1074 victoria
1279 1026 1335 1074 et
1387 1037 1652 1091 regnum,
1697 1020 1967 1075 convenit

265 1110 511 1176 Christo,
543 1110 696 1181 quod
754 1109 843 1164 hic
875 1109 1084 1179 agitur.

337 1199 497 1251 Vsus.
556 1202 591 1252 2
692 1227 761 1239 -—-
828 1198 1117 1264 Conserva,
1174 1203 1279 1251 etc.
1341 1199 1598 1251 Psalmus
1657 1198 1961 1264 secundus,

262 1286 365 1357 qui
414 1287 660 1340 breviter
706 1287 775 1341 de
832 1287 1097 1357 passione
1155 1290 1213 1340 et
1263 1287 1686 1340 resurrectione
1735 1286 1956 1357 tangit;

263 1374 476 1443 primo,
511 1390 683 1427 unam
718 1374 968 1427 hominis
1006 1380 1271 1428 naturam
1329 1374 1586 1429 Christus
1633 1376 1963 1442 ostendens,

264 1463 409 1532 petit
439 1479 495 1515 se
543 1463 778 1528 servari,
811 1463 1008 1517 dicens
1039 1463 1233 1517 omnia
1289 1479 1419 1534 quae
1474 1465 1709 1535 pertulit
1737 1464 1805 1517 ad
1839 1465 1967 1535 glo-

268 1552 409 1604 riam
446 1552 792 1605 hmreditatis
836 1568 953 1605 sua:
984 1552 1283 1621 perducta.
1340 1552 1521 1623 (Am)
1570 1553 1823 1606 Christus
1872 1569 1964 1605 se-

266 1641 514 1693 cundum
550 1640 839 1693 hominem
880 1641 973 1693 hic
1025 1641 1301 1711 loquitur,
1330 1641 1399 1695 de
1451 1658 1565 1712 quo
1614 1641 1812 1695 titulus
1878 1657 1967 1695 re-

266 1729 413 1799 galis
437 1729 495 1781 in
546 1729 809 1799 passione
850 1729 1133 1783 eminuit:
1166 1731 1331 1784 Jesus
1378 1732 1696 1787 Nazarenus
1746 1747 1845 1785 rea:
1871 1733 1965 1785 Ju-

267 1818 523 1871 dzorum.
557 1847 625 1857 —
670 1820 939 1871 Bonorum
967 1834 1223 1883 meorum,
1275 1826 1381 1874 etc.
1415 1820 1622 1889 (Cass.)
1654 1820 1711 1874 Si
1760 1819 1965 1875 Christi

268 1906 520 1960 hominis
563 1906 727 1960 bonis
776 1923 892 1960 non
942 1913 1074 1977 eget
1128 1908 1294 1975 Deus,
1356 1908 1451 1963 sed
1505 1908 1577 1962 ab
1635 1908 1758 1980 ipso
1793 1910 1967 1963 habet

268 1994 483 2057 omnia,
516 1995 830 2049 destruitur
874 1996 1201 2065 arrogantia
1270 1997 1571 2051 hominum
1627 2004 1684 2051 et
1734 1997 1966 2051 haeresis

271 2084 734 2154 Pelagianorum,
809 2090 1014 2155 putant
1070 2084 1287 2155 aliquid
1344 2084 1508 2138 bonis
1565 2084 1683 2139 suis
1748 2086 1965 2140 viribus

269 2172 416 2225 ﬁeri.

340 2261 504 2314 Vsus.
539 2262 589 2314 3.
623 2291 691 2299 —-
721 2261 937 2314 Sanctis
975 2264 1073 2329 qui
1104 2268 1229 2316 sunt
1256 2264 1315 2315 in
1356 2266 1524 2316 terra.
1570 2262 1755 2332 (Ibid.)
1789 2264 1967 2333 Expo-

268 2349 386 2402 suit
409 2349 528 2418 jam
563 2349 815 2403 Christus
845 2350 1094 2420 qualiter
1136 2351 1338 2419 oravit,
1394 2355 1588 2403 narrat
1646 2366 1800 2404 nunc
1838 2368 1967 2421 quae

270 2437 422 2490 bona
469 2436 599 2489 fecit
639 2436 722 2490 illi
754 2438 918 2492 Deus.
973 2437 1169 2507 (AUG.)
1228 2439 1463 2505 Sanctis,
1519 2443 1647 2506 elc.,
1697 2454 1868 2507 usque
1896 2441 1969 2494 ad

270 2531 329 2579 et
357 2525 614 2594 potentia
650 2529 711 2578 ut
735 2541 1113 2596 resurgerem.

340 2616 675 2682 Mirificavit.
711 2614 909 2683 (Cass.)
962 2614 1154 2680 Quasi,
1209 2614 1329 2668 haec
1359 2614 1474 2668 dixi
1526 2614 1812 2669 Domino:
1852 2617 1969 2670 Do—

269 2701 459 2754 minus
490 2708 683 2755 autem
736 2702 1074 2767 mirificavit,
1106 2702 1165 2756 id
1211 2708 1315 2769 est,
1375 2703 1507 2756 fecit
1539 2704 1711 2756 miras
1766 2705 1969 2757 volun-

271 2795 429 2854 tates,
476 2790 565 2843 haz
599 2795 729 2843 sunt
783 2790 944 2843 mira:
986 2790 1124 2844 dum
1182 2790 1265 2844 eis
1320 2790 1669 2855 obedientes,
1728 2790 1873 2846 ﬁunt
1899 2793 1968 2846 de

271 2878 512 2931 terrenis
542 2879 813 2931 ccelestes.

344 2966 501 3019 Vens.
561 2967 613 3020 4.
672 2996 740 3004 -
797 2968 1196 3036 Multiplicatae.
1248 2967 1439 3036 (Ibid.)
1523 2968 1644 3031 Qua
1699 2967 1970 3020 miriﬁca-

270 3056 365 3119 vit,
424 3060 551 3117 etc.,
606 3070 773 3123 usque
823 3055 897 3109 ad
950 3072 1080 3124 quae
1135 3056 1193 3109 iu
1255 3072 1368 3110 uno
1427 3072 1567 3110 sono
1626 3061 1964 3124 consonant,

268 3143 481 3213 quibus
510 3144 830 3197 voluntates
869 3144 992 3211 ejus
1032 3144 1432 3199 ostenduntur.

346 3233 508 3285 Vens.
566 3234 615 3285 5.
674 3260 742 3273 --
808 3234 942 3287 Pars
992 3233 1346 3287 hereditatis.
1406 3232 1819 3303 (Auo.)Eligant
1875 3232 1970 3285 alii

269 3320 409 3385 alia,
451 3327 538 3372 etc
579 3360 593 3385 ,
649 3334 827 3387 usque
878 3320 951 3373 ad
979 3322 1077 3374 sed
1125 3321 1228 3391 qui
1266 3322 1443 3374 Deum
1478 3321 1699 3390 eligunt
1723 3325 1965 3390 partem.

270 3407 471 3477 (Cass)
505 3408 619 3472 Vel,
654 3409 909 3461 Dominus
945 3413 1030 3461 est
1084 3424 1239 3477 pars,
1295 3408 1353 3462 id
1385 3414 1488 3477 est,
1521 3409 1707 3477 portio
1738 3413 1795 3461 et
1821 3424 1971 3477 prte-

270 3495 835 3561 mium,hxreditatis
864 3511 1011 3561 meae,
1062 3496 1121 3549 id
1178 3500 1277 3563 est,
1337 3503 1686 3550 sanctorum.
1722 3497 1787 3549 Et
1836 3510 1969 3565 pars

270 3585 458 3637 calicis
508 3586 630 3648 mei,
706 3583 763 3636 id
822 3588 926 3646 est,
987 3600 1205 3637 merces
1276 3584 1575 3653 passionis.
1662 3584 1971 3638 Hereditas

270 3673 427 3727 enim
468 3674 539 3727 ad
582 3677 801 3743 gentes,
834 3673 972 3726 calix
1031 3674 1102 3728 ad
1157 3674 1485 3744 passionem
1537 3674 1810 3744 pertinet,
1871 3672 1971 3743 qui

268 3761 485 3814 bibitus
516 3760 615 3815 dat
654 3761 1155 3817 resurrectionem.
1195 3762 1304 3816 Sed
1333 3777 1500 3815 nemo
1533 3778 1591 3815 se
1646 3767 1808 3832 putet
1850 3763 1971 3815 hae-

269 3850 465 3902 redem
498 3849 605 3902 nisi
652 3850 980 3918 praeclarus.

349 3938 508 3990 Vens.
570 3938 628 3991 6.
707 3966 761 3975 -—
805 3939 998 4004 Funes,
1049 3942 1155 3991 etc.
1218 3938 1407 4008 (Ibid.)
1462 3937 1632 4002 Quasi
1688 3938 1853 4003 forte,
1913 3935 1972 3990 in

272 4040 390 4095 qua
416 4030 473 4077 et
504 4024 694 4077 divina
723 4024 947 4091 electio,
981 4030 1045 4078 ut
1069 4031 1127 4079 et
1156 4042 1278 4079 sors
1343 4026 1549 4080 cecidit
1605 4042 1777 4096 super
1832 4025 1972 4079 Mat-

271 4112 479 4177 thiam,
523 4117 578 4165 et
626 4112 869 4184 quisque
919 4114 1069 4184 capit
1133 4114 1205 4168 ad
1286 4130 1618 4169 mensuram
1676 4129 1858 4167 suam.
1911 4116 1975 4168 In

269 4202 574 4271 praclaris.
608 4201 671 4255 Id
704 4207 806 4267 est,
836 4201 897 4255 in
928 4202 1155 4257 sanctis.

348 4292 592 4345 Vsas.7.
643 4321 711 4330 —
769 4291 1097 4346 Benedicam
1148 4293 1450 4347 Dominum.
1504 4291 1688 4364 (Ibid)
1754 4290 1975 4346 Gratias

275 4378 397 4450 agit
425 4379 580 4433 Patri
633 4379 702 4434 de
741 4380 1056 4442 intellectu,
1097 4386 1152 4434 et
1198 4381 1485 4451 passione,
1528 4380 1584 4435 in
1616 4394 1731 4451 qua
1788 4394 1854 4432 eo
1886 4378 1971 4431 fa-

275 4473 445 4522 vente
490 4467 682 4530 vincit,
736 4472 792 4521 et
822 4469 891 4523 de
924 4469 1359 4535 resurrectione,
1420 4475 1476 4523 et
1505 4468 1886 4534 confessione,
1918 4472 1976 4521 et

277 4558 401 4611 hazc
422 4562 579 4621 sunt,
614 4572 719 4626 per
768 4572 896 4626 quae
948 4556 1249 4610 hmreditas
1298 4556 1615 4610 restituitur
1660 4562 1725 4610 ut
1754 4556 1824 4609 sit
1877 4571 1974 4608 rex

280 4644 636 4709 Judamrum,
664 4649 727 4697 ut
765 4644 962 4698 titulus
1015 4644 1168 4698 dicit.
1226 4645 1573 4709 Intellectum,
1623 4649 1727 4697 etc.
1786 4642 1975 4713 (AUG.)

278 4732 403 4795 Quo
430 4732 551 4785 huic
582 4732 887 4786 hereditas
918 4732 1098 4786 videri
1128 4736 1183 4786 et
1230 4731 1510 4803 possideri
1560 4737 1763 4802 potest.
1828 4734 1978 4785 Insu-

275 4835 398 4889 per,
429 4825 535 4875 etc.
570 4820 632 4874 Id
665 4825 770 4887 est,
831 4837 1005 4889 super
1058 4821 1433 4875 intellectum.
1500 4822 1673 4888 Usque
1725 4819 1799 4873 ad
1854 4835 1976 4873 noc-

281 4913 407 4971 tem,
456 4915 563 4962 etc.
593 4909 651 4963 Id
690 4913 793 4975 est,
826 4914 1088 4976 mortem,
1146 4909 1393 4963 erudivit
1424 4926 1535 4975 me,
1582 4909 1819 4963 inferior
1848 4925 1979 4978 pars

282 5013 410 5051 mea
439 4997 622 5050 carnis
652 4997 987 5069 assumptio,
1030 5002 1092 5052 ut
1146 4999 1451 5069 expelleret
1511 4998 1774 5053 tenebras
1828 4990 1979 5051 mar-

285 5085 519 5139 talitatis
545 5101 688 5157 quas
717 5085 816 5140 ille
848 5086 1170 5142 intellectus
1192 5103 1306 5141 non
1334 5086 1526 5152 habet,
1574 5086 1708 5157 quia
1761 5102 1865 5157 pro
1897 5084 1980 5139 eis

283 5190 389 5227 nec
444 5175 662 5230 turbari
720 5192 826 5231 nec
872 5176 1113 5231 deiicere
1164 5175 1372 5246 potuit.
1424 5178 1590 5231 Renes
1646 5176 1718 5228 Ex
1771 5174 1981 5245 quibus

282 5262 598 5317 secundum
631 5281 862 5323 carnem
913 5264 1086 5332 exivi,
1137 5263 1351 5318 scilicet
1410 5264 1745 5335 parentela:
1795 5262 1979 5318 incre-

281 5356 540 5420 puerunt
565 5350 810 5421 injuriis,
861 5352 1180 5408 tentatione
1207 5359 1263 5406 et
1294 5351 1576 5423 passione.

357 5440 519 5494 Vens.
580 5442 632 5496 8.
675 5472 742 5480 —
797 5443 1152 5497 Providebam
1202 5442 1514 5497 Dominum.
1563 5439 1748 5511 (Ibid.)
1840 5440 1982 5495 Hinc

280 5527 449 5582 trahe
504 5530 851 5599 exemplum,
905 5546 1019 5601 quo
1070 5535 1301 5601 peccata
1357 5530 1644 5585 vitentur:
1676 5529 1777 5600 qui
1827 5528 1982 5583 enim

2070 492 2404 547 inclinatur.

2677 562 2986 618 PSALMUS
3024 565 3159 618 XVI.

2144 668 2299 721 Vsus.
2336 670 2388 720 t.
2432 698 2491 705 —
2548 668 2736 722 Oratio
2767 667 2970 720 David.
3005 669 3207 739 (Cass.)
3266 670 3457 724 Oratio
3504 688 3768 741 personae

2073 756 2303 811 Domini
2351 756 2639 823 convenit,
2671 756 2933 825 adjuncta
2959 757 3222 823 Ecclesia,
3273 775 3401 828 qua:
3467 762 3589 830 ejus
3647 778 3772 815 cor-

2070 861 2178 915 pus
2209 850 2309 899 est.
2352 844 2599 912 Exaudi,
2629 848 2864 899 Domine.
2893 846 3079 916 (Ibid)
3130 847 3236 900 Iste
3291 849 3547 918 psalmus
3578 866 3771 906 veram

2072 939 2335 987 naturam
2358 933 2732 987 humanitatis
2760 933 2889 987 facit
2950 934 3262 989 attendere.
3316 936 3510 991 Oratio
3563 938 3772 994 Christi

2074 1021 2356 1076 institutio
2397 1028 2481 1075 est
2511 1021 2803 1075 tidelinm:
2838 1022 2981 1074 sicut
3032 1022 3220 1076 ﬂendo
3273 1023 3542 1079 Lazarum
3585 1027 3771 1081 chari-

2075 1116 2247 1164 tatem
2280 1110 2523 1181 proximi
2553 1110 2761 1164 habere
2795 1127 2897 1164 nos
2955 1111 3186 1179 docuit;
3243 1120 3642 1182 persecutores
3695 1117 3773 1171 fu-

2075 1199 2179 1268 git,
2210 1204 2273 1252 ut
2304 1198 2741 1252 inconsideratae
2770 1199 3107 1252 temeritatis
3153 1201 3317 1254 nobis
3366 1203 3615 1257 auferret
3662 1220 3765 1259 au-

2076 1287 2315 1341 daciam.
2347 1287 2561 1353 Primo,
2593 1288 2737 1357 petit
2767 1288 3081 1342 secundum
3105 1289 3390 1357 justitiam
3442 1290 3552 1345 sibi
3604 1294 3772 1347 retri-

2075 1376 2194 1429 bui.
2227 1377 2347 1431 Non
2372 1377 2429 1428 in
2461 1375 2623 1429 labiis
2652 1375 2868 1429 dolosis.
2904 1377 2973 1429 Ut
3021 1377 3121 1447 qui
3184 1378 3381 1449 inique
3423 1379 3767 1435 damnatur:

2072 1465 2179 1529 vel,
2233 1469 2293 1519 ut
2348 1464 2449 1534 qui
2501 1463 2679 1517 dicit:
2724 1465 2982 1529 Domine,
3033 1465 3293 1533 Domine,
3353 1472 3411 1519 et
3458 1483 3576 1521 non
3632 1470 3769 1523 facit

2075 1568 2266 1622 opera.
2304 1551 2492 1621 (Αυο.)
2554 1552 2672 1615 Vel,
2726 1568 2842 1604 non
2897 1552 2954 1604 in
3006 1552 3171 1605 labiis
3214 1553 3423 1607 dolosis
3482 1555 3552 1608 de
3608 1558 3767 1610 vultu

2075 1645 2173 1694 tuo
2195 1639 2479 1710 judicium
2512 1655 2704 1691 meum
2734 1640 2984 1708 prodeat,
3043 1644 3102 1693 ut
3132 1641 3399 1710 judicans
3429 1659 3545 1697 non
3576 1645 3767 1715 profe-

2076 1744 2197 1783 ram
2226 1727 2381 1781 aliud
2413 1743 2585 1797 quam
2612 1727 2889 1797 intelligo.

2147 1817 2300 1869 Vens.
2332 1818 2393 1869 2.
2420 1845 2488 1853 ——
2515 1815 2599 1867 De
2626 1816 2780 1868 vultu
2818 1819 2926 1868 tuo.
2997 1815 3192 1883 (Cass)
3226 1815 3287 1869 Id
3318 1820 3420 1883 est,
3452 1819 3766 1874 secundum

2072 1918 2138 1956 ea
2168 1918 2299 1973 quas
2333 1902 2393 1956 in
2433 1918 2524 1957 me
2563 1902 2880 1972 cognoscis,
2913 1904 3013 1974 qui
3072 1904 3290 1957 nullum
3342 1905 3527 1959 habeo
3567 1923 3772 1976 pecca-

2071 1996 2212 2045 tum.
2239 1991 2547 2044 Judicium.
2574 1991 2697 2055 Quo
2724 1990 2811 2044 sui
2840 1990 3131 2059 judicatus
3197 1992 3458 2046 videatur
3488 1995 3770 2063 prodisse.

2072 2080 2316 2133 Devultu
2368 2084 2480 2145 tuo,
2530 2096 2646 2133 non
2702 2080 2771 2133 de
2808 2079 3176 2149 dispositione
3228 2081 3578 2138 Iudaeorum.
3613 2085 3771 2154 quod

2071 2168 2285 2222 factum
2334 2173 2499 2238 putet
2554 2168 2614 2221 in
2658 2169 3089 2223 resurrectione.
3154 2169 3268 2236 Vel,
3310 2169 3606 2240 judicium,
3655 2189 3772 2243 quo

2074 2254 2343 2310 discernit
2367 2255 2580 2309 omnia.

2144 2345 2305 2398 Vsus.
2357 2346 2407 2398 3.
2460 2375 2521 2383 --
2555 2344 2825 2399 Probasti.
2861 2343 3062 2414 (Cass.)
3094 2348 3139 2398 A
3170 2346 3548 2401 similitudine
3579 2348 3771 2404 forna-

2074 2432 2173 2496 cis,
2206 2439 2332 2496 etc.,
2368 2448 2536 2501 usque
2555 2433 2630 2486 ad
2668 2439 2729 2486 tu
2761 2432 2867 2486 scis
2888 2449 2979 2486 me
3006 2449 3235 2503 purum.

2149 2524 2306 2575 VERs.
2341 2523 2391 2575 4.
2424 2552 2492 2560 —-
2533 2524 2663 2575 Vias
2693 2522 2881 2575 duras.
2914 2521 3097 2591 (Ibid)
3129 2523 3352 2577 Scilicet
3380 2540 3555 2593 opera
3584 2526 3775 2579 homi-

2078 2626 2216 2664 num
2246 2626 2257 2661 :
2293 2625 2433 2679 quas
2476 2607 2689 2661 scilicet
2735 2613 3027 2661 merentur
3074 2625 3247 2679 opera
3301 2610 3619 2665 hominum.
3674 2612 3771 2666 Vel

2078 2713 2220 2767 quas
2250 2696 2458 2749 debent
2487 2695 2700 2748 imitari
2754 2696 3033 2761 homines,
3072 2697 3282 2766 quibus
3340 2697 3449 2752 iter
3498 2699 3772 2754 vitiorum

2078 2787 2199 2839 leve
2230 2791 2334 2848 est,
2371 2784 2644 2837 virtutum
2676 2784 2925 2837 difficile.
2960 2784 3078 2852 Vel,
3108 2801 3224 2838 non
3251 2790 3335 2839 est
3388 2786 3643 2854 inventa,
3697 2790 3777 2842 ita

2080 2879 2143 2925 ut
2172 2889 2288 2926 non
2320 2873 2605 2942 loquatur,
2640 2871 2693 2925 id
2727 2877 2830 2937 est,
2866 2877 2928 2925 ut
2959 2888 3073 2925 non
3099 2874 3381 2942 jactanter
3411 2875 3532 2929 haec
3564 2876 3773 2943 dicam,

2012 2968 2052 3023 ι]
2084 2962 2191 3027 vel,
2222 2965 2287 3014 ut
2317 2976 2431 3013 non
2462 2975 2687 3029 peccem
2721 2959 2781 3012 in
2828 2959 3042 3029 lingua,
3078 2961 3231 3030 quod
3265 2967 3349 3015 est
3404 2980 3548 3033 opus
3593 2964 3777 3018 homi-

2078 3063 2234 3101 num.
2266 3048 2449 3117 (ΑΕΘ.)
2474 3047 2591 3115 Vel,
2624 3048 2741 3100 vias
2795 3047 2966 3101 duras
2996 3049 3253 3115 latronis,
3296 3056 3426 3116 etc.,
3485 3067 3654 3121 usque
3701 3054 3776 3106 ad

2080 3140 2383 3206 postquam
2412 3134 2635 3204 perrexi
2666 3134 2782 3188 vias
2806 3135 2977 3188 duras
3006 3140 3063 3190 et
3094 3137 3303 3205 perfeci
3343 3154 3592 3208 gressus.

2149 3223 2305 3278 Vens.
2341 3226 2393 3277 5.
2426 3253 2495 3262 —
2540 3225 2752 3287 Perﬁce.
2787 3222 2981 3293 (Cass.)
3005 3224 3231 3295 Uusque
3261 3225 3322 3279 in
3377 3226 3585 3281 tinem:
3638 3234 3771 3283 ante

2080 3328 2197 3364 non
2224 3317 2309 3366 est
2340 3311 2445 3366 nisi
2476 3311 2784 3365 inchoatio.
2823 3312 3076 3379 Gressus,
3109 3313 3167 3367 id
3224 3324 3329 3380 est,
3379 3314 3662 3370 humanas
3691 3334 3774 3370 ac-

2078 3400 2281 3465 tiones,
2314 3405 2375 3455 ut
2395 3400 2495 3470 qui
2526 3400 2725 3454 volunt
2774 3399 2989 3453 imitari
3047 3416 3163 3455 non
3223 3410 3559 3458 moveantur
3615 3421 3647 3458 a
3699 3410 3777 3472 te,

2078 3490 2165 3542 vel
2196 3489 2433 3559 vestigia
2466 3489 2537 3542 ab
2563 3488 2664 3543 eis.

2150 3579 2311 3632 Vens.
2346 3581 2396 3632 6.
2431 3609 2498 3617 —
2528 3580 2641 3646 Ego
2670 3578 2921 3632 clamavi.
2948 3578 3135 3648 (Ibid.)
3178 3580 3456 3647 Secundo,
3513 3586 3779 3653 precatur

2080 3677 2145 3725 ut
2174 3671 2560 3725 aJudeorum
2594 3670 2819 3724 insidiis
2875 3672 2997 3741 ejus
3041 3672 3258 3743 paritas
3306 3673 3600 3729 liberetur.
3657 3676 3778 3746 Ego

2081 3760 2255 3814 etiam
2317 3759 2571 3820 clamavi,
2624 3759 2788 3828 quasi
2845 3759 3084 3826 diceres,
3143 3761 3253 3813 hoc
3303 3777 3418 3815 non
3466 3762 3577 3816 nisi
3626 3764 3777 3833 justo

2082 3848 2368 3911 convenit,
2402 3847 2501 3916 qui
2529 3847 2884 3899 conﬁdenter
2921 3851 3064 3909 orat,
3106 3848 3242 3916 quia
3272 3849 3374 3901 scit
3402 3850 3608 3905 audiri.

2153 3936 2316 3988 Vens.
2348 3939 2399 3988 7.
2432 3964 2497 3973 —
2523 3936 2776 3999 Miriﬁca.
2813 3936 3000 4003 (Auc.)
3031 3934 3187 4000 Mira,
3252 3941 3387 3989 sunt
3453 3953 3581 4007 quae
3632 3955 3780 3993 nova

2084 4030 2252 4077 sunt:
2279 4023 2400 4077 haec
2449 4028 2583 4076 sunt
2621 4039 2749 4092 quae
2782 4022 2841 4075 in
2875 4038 3043 4076 carne
3091 4022 3259 4077 cessit
3309 4023 3651 4080 mirantibus
3680 4027 3777 4081 Ju-

2085 4113 2243 4166 clasis.

2159 4202 2335 4255 Vens.
2368 4203 2420 4253 8.
2444 4228 2513 4240 —
2543 4200 2835 4269 Pupillam.
2870 4200 3183 4268 Perexigua
3210 4206 3314 4268 est,
3345 4206 3400 4255 et
3429 4206 3620 4256 tamen
3672 4219 3777 4273 per

2085 4305 2209 4343 eam
2241 4288 2389 4342 acies
2414 4287 2649 4341 luminis
2675 4286 2961 4357 dirigitur,
2993 4304 3106 4358 quo
3128 4289 3226 4343 lux
3256 4294 3313 4342 et
3342 4291 3595 4344 tenebrm
3629 4291 3774 4361 diju-

2082 4378 2325 4443 dicatur,
2397 4376 2544 4430 sicut
2621 4392 2726 4447 per
2790 4377 3207 4431 humanitatem
3259 4378 3467 4433 Christi
3515 4380 3782 4434 divinitas

2082 4466 2408 4521 discernens
2437 4469 2520 4519 est
2549 4464 2701 4518 inter
2736 4464 2919 4521 bonos
2949 4470 3007 4519 et
3041 4466 3241 4520 malos.

2157 4556 2316 4607 Vens.
2356 4556 2436 4608 l0.
2469 4582 2539 4593 —
2567 4554 2821 4623 Adipem.
2867 4554 3065 4622 (Cass)
3142 4557 3188 4608 Α
3246 4554 3619 4610 similitudine
3667 4556 3785 4610 ani-

2086 4644 2347 4710 malium,
2404 4658 2533 4714 qum
2583 4658 2646 4695 ex
2700 4642 2867 4712 adipe
2897 4642 3192 4709 inﬂantur,
3228 4643 3283 4696 id
3313 4650 3418 4709 est,
3451 4645 3780 4715 superbiam

2084 4732 2464 4795 retinuerunt,
2510 4746 2625 4784 non
2674 4730 2872 4799 macri,
2926 4730 2984 4783 id
3032 4735 3135 4796 est,
3186 4747 3303 4785 non
3353 4733 3620 4800 humiles,
3661 4734 3781 4788 adi-

2084 4837 2240 4892 pem,
2292 4820 2350 4874 id
2402 4824 2507 4881 est,
2575 4819 2861 4872 carnalem
2936 4834 3166 4872 sensum
3243 4820 3623 4890 retinuerunt,
3694 4823 3781 4876 vel

2084 4909 2388 4963 sceleribus
2418 4906 2664 4979 saginati
2690 4923 2882 4961 veram
2913 4906 3349 4978 intelligentiam
3384 4910 3776 4979 perdiderunt,

2088 4998 2241 5053 unde
2297 5000 2472 5050 restat
2526 4995 2771 5067 superba
2823 4995 3003 5066 loqui.
3059 4996 3128 5051 Os
3183 5012 3365 5052 eorum
3412 4999 3645 5053 locutum
3704 5006 3783 5055 est

2086 5086 2415 5156 superbiam.
2450 5086 2573 5140 Non
2598 5100 2715 5153 cor,
2743 5083 2881 5155 quia
2910 5100 3061 5155 saepe
3096 5084 3281 5156 iniqui
3328 5086 3483 5156 quod
3532 5080 3635 5141 ore
3681 5089 3780 5143 de-

2088 5174 2348 5240 fendunt,
2380 5172 2551 5227 corde
2600 5172 2892 5226 damnant.

2163 5263 2324 5318 Vaas.
2384 5263 2468 5315 t2.
2512 5290 2580 5299 —
2638 5261 3002 5329 Susceperunt
3053 5276 3155 5327 me,
3222 5264 3329 5317 etc.
3380 5262 3578 5334 (Ibid.)
3625 5264 3783 5318 Unde

2089 5352 2169 5405 eis
2198 5350 2319 5404 haec
2351 5348 2793 5419 opportunitas?
2825 5348 3163 5418 Respondeo
3201 5357 3578 5422 susceperunt
3602 5369 3635 5407 a
3667 5354 3783 5407 Deo

2089 5440 2252 5509 cujus
2279 5435 2575 5509 dispositio
2618 5441 2723 5501 est,
2766 5437 2876 5503 vel,
2934 5453 2968 5490 a
3021 5437 3322 5505 traditore,
3361 5441 3469 5503 vel,
3530 5440 3783 5511 ajudice

2092 5530 2436 5596 acceperunt
2464 5526 2647 5581 avide.
2680 5525 2833 5582 Sicut
2856 5526 2933 5581 leo
2956 5530 3212 5595 paratus,
3243 5532 3353 5583 etc.
3386 5528 3571 5599 (Auc.,
3604 5532 3781 5601 Cass.)
