4082 6184
333 302 433 355 867
970 290 1361 346 WAIJAHtIDI
1401 288 1643 344 STRABI
1688 284 1886 341 emt.
1933 285 2026 338 ΜΟ

2162 284 2287 338 1ΡΡ.
2335 278 2510 337 PARS
2548 283 2589 336 I.
2630 310 2703 323 —
2739 281 3194 339 THEOLOGICA.
3718 284 3818 337 863

339 418 634 491 Principes
681 414 1056 488 comparandi
1104 412 1252 468 leoni
1299 410 1544 473 diabolo,
1608 425 1722 480 quo
1798 413 2026 463 auctore
2058 410 2103 462 Α
2204 408 2387 462 Vens.
2427 410 2510 462 11.
2542 437 2612 446 -
2641 409 2712 461 Et
2735 406 3004 461 ascendit.
3039 408 3195 461 Facit
3224 408 3377 461 enim
3403 408 3677 478 quosdam
3711 408 3822 477 ple-

337 509 586 564 faciunt:
611 507 864 578 Populus
902 505 1111 560 catulus
1141 503 1324 568 leonis,
1348 500 1400 554 id
1429 503 1533 563 est,
1594 499 1746 552 tilius
1796 497 2028 562 diaboli,

338 598 634 660 habitans,,
667 589 1355 668 permanensinjinsidiis,
1389 588 1524 659 quia
1573 604 1699 640 mos
1753 591 1840 640 est
1865 586 2030 640 malis

328 692 458 741 vota
487 690 700 756 tegere,
732 687 798 737 ut
828 683 1070 735 latenter
1098 678 1316 750 possint
1344 678 1641 747 perficere.

404 775 560 828 Vens.
601 774 681 827 t3.
715 802 784 812 —
808 774 1081 837 Exsurge,
1117 769 1349 823 Domine.
1378 767 1576 834 (Cass)
1604 766 1681 818 De
1703 764 2030 818 retributio-

332 862 504 917 nibus
527 860 729 915 oratio.
760 860 1029 923 Praeveni,
1059 861 1168 911 etc.
1200 854 1387 926 (lbid.)
1412 855 1457 909 A
1485 852 1858 907 similitudine
1895 868 2028 906 cur-

331 950 541 1004 rentis:
572 964 744 1003 nemo
775 964 890 1001 non
917 947 1078 1017 prius
1110 946 1169 999 in
1201 961 1260 998 se
1293 959 1467 1014 quam
1517 942 1576 996 in
1610 943 1783 995 alium
1816 945 2028 1012 peccat.

331 1039 640 1109 Supplanta
667 1052 819 1091 eum:
856 1053 884 1089 a
919 1033 1298 1089 similitudine
1331 1030 1619 1097 luctantis,
1653 1031 1707 1085 id
1740 1035 1844 1097 est,
1886 1029 2031 1084 inef-

332 1126 534 1182 ﬁcaces
563 1126 650 1181 fac
678 1132 736 1180 et
756 1124 937 1195 dejice
961 1140 1073 1177 eos.
1102 1124 1268 1191 Eripe
1287 1123 1527 1174 animam
1555 1135 1727 1174 meum
1748 1119 1817 1173 ab
1843 1121 2027 1187 impio.

337 1215 523 1286 (Anc.)
563 1212 971 1269 Resuscitando
1009 1228 1042 1265 a
1081 1217 1266 1265 morte
1297 1209 1368 1263 ab
1420 1208 1615 1279 impiis
1664 1208 1842 1262 illata.
1890 1208 2032 1261 Fra—

336 1319 530 1359 meam.
563 1302 771 1357 Anima
806 1316 936 1355 mea
967 1305 1053 1354 est
1080 1299 1296 1353 framea
1335 1314 1350 1364 ;
1385 1312 1557 1367 quam
1589 1312 1813 1363 manus,
1838 1295 1893 1349 id
1929 1299 2029 1360 est,

339 1392 519 1446 virtus
542 1394 637 1445 tua
672 1389 999 1461 assumpsit,
1035 1392 1103 1441 ut
1147 1403 1254 1458 per
1308 1402 1434 1440 eam
1486 1400 1665 1455 regna
1711 1383 2034 1455 iniquitatis

339 1480 607 1547 debellet,
638 1484 695 1533 et
717 1480 902 1549 justus
933 1476 1148 1531 dividat
1175 1476 1247 1529 ab
1271 1475 1483 1543 impiis.
1510 1473 1699 1528 Divide
1742 1488 1849 1540 eos,
1900 1476 2030 1537 etc.,

337 1569 537 1640 (Cass)
567 1568 623 1623 id
656 1573 758 1631 est,
791 1566 1016 1622 Judmos
1060 1564 1290 1630 divisos,
1348 1567 1433 1616 etc
1461 1602 1475 1628 ,
1534 1577 1703 1630 usque
1757 1562 1830 1615 ad
1863 1562 2032 1615 misc-

2140 511 2245 548 nos
2283 495 2536 561 scientia,
2580 495 2639 548 in
2670 495 2878 566 quibus
2908 496 3314 566 supereminet,
3362 513 3607 566 quorum
3637 497 3822 549 celeri-

2138 587 2314 637 tatem
2346 584 2668 637 intellectus
2700 584 3088 638 transcendit:
3144 584 3461 638 tenebrosis
3513 591 3697 638 autem
3749 585 3823 637 la-

2140 675 2327 725 tenter
2351 671 2565 726 utitur:
2619 672 2795 737 unde,
2853 675 3032 741 Virga
3090 674 3298 740 furoris
3348 674 3453 725 mei
3490 673 3687 735 Assur,
3720 674 3827 740 ipse

2139 777 2261 814 νητοο
2284 776 2389 814 non
2415 762 2681 827 cognovit,
2732 761 2827 814 sed
2861 761 2950 814 sui
2989 765 3361 831 cognoscunt.
3408 762 3622 815 Volavit
3673 776 3826 830 super

2139 864 2348 919 pennas
2395 854 2568 904 vento.
2620 850 2851 915 Ventos,
2894 850 3102 920 quibus
3132 849 3278 904 nihil
3327 854 3411 903 est
3440 850 3704 915 velocius,
3736 866 3826 902 su-

2138 942 2302 1008 perat
2327 938 2476 992 fama
2505 938 2650 1006 ejus,
2682 942 2747 992 ut
2772 937 2910 992 dum
2959 954 3094 992 mox
3127 943 3309 1003 natus,
3349 938 3530 1009 magis
3560 954 3666 1009 per
3695 939 3823 992 stel-

2139 1024 2255 1079 lam
2285 1026 2580 1079 nuntiatus
2630 1031 2731 1079 est.

2211 1115 2393 1169 Vens.
2430 1118 2514 1169 12.
2549 1144 2611 1154 —
2650 1116 2935 1169 Tenebras.
2982 1116 3175 1186 (Aes)
3236 1115 3617 1171 Obscuritates
3649 1130 3827 1168 sacra-

2142 1208 2490 1268 mentorum,
2547 1204 2659 1269 vel,
2711 1203 2769 1257 in
2833 1203 2922 1258 bis
2970 1205 3246 1270 tenebris,
3294 1205 3390 1259 ubi
3421 1205 3680 1259 videntes
3734 1219 3831 1274 per

2142 1289 2311 1344 ﬁdem
2339 1290 2723 1357 ambulamus,
2758 1295 2814 1344 et
2834 1306 2949 1345 non
2981 1307 3084 1363 per
3112 1292 3357 1363 speciem
3392 1292 3612 1357 (Matth.
3643 1292 3730 1356 ιι).

2215 1379 2340 1432 Non
2371 1394 2475 1448 per
2520 1379 2711 1432 ccelos.
2773 1380 2967 1450 (Cass.)
3028 1381 3329 1435 Descendit
3383 1386 3441 1435 et
3488 1380 3741 1435 ascendit
3768 1380 3832 1446 (II

2144 1465 2268 1521 Cor.
2301 1469 2379 1534 v),
2410 1466 2505 1521 sed
2536 1482 2640 1537 per
2669 1466 2848 1521 nubes
2878 1469 3154 1523 aethereas
3212 1469 3388 1540 (quod
3435 1468 3496 1522 in
3554 1466 3827 1535 Hebraeo),

2140 1557 2197 1612 id
2229 1562 2332 1622 est,
2365 1573 2468 1628 per
2496 1558 2807 1629 prophetas
2830 1557 2891 1611 in
2921 1558 3131 1629 quibus
3161 1559 3402 1613 obscura
3458 1557 3715 1611 doctrina
3744 1556 3829 1620 sit,

337 1657 441 1724 ria,
477 1655 642 1728 quasi
686 1655 890 1709 merito
920 1670 933 1708 :
969 1653 1124 1724 quia,
1156 1652 1224 1707 de
1260 1650 1623 1705 absconditis.
1685 1652 1757 1703 De
1808 1650 2028 1704 abscon-
2071 1693 2111 1747 Β
2141 1646 2237 1700 sed
2269 1662 2374 1716 per
2402 1646 2585 1700 nubes
2616 1662 2745 1717 quas
2777 1645 2913 1717 (non
2974 1646 3222 1713 aetheris,
3280 1647 3337 1701 id
3389 1651 3494 1711 est,
3552 1643 3829 1716 Apostoli)

338 1746 471 1801 ditis
502 1747 631 1800 tuis.
663 1744 728 1798 Id
765 1747 867 1810 est,
911 1742 979 1797 de
1038 1740 1445 1802 immunditiis,
1492 1742 1623 1803 otc.,
1674 1753 1844 1807 usque
1872 1738 1946 1792 ad
1974 1737 2031 1791 id

337 1839 442 1897 est,
475 1833 544 1888 ad
578 1831 897 1886 satietatem
936 1846 1117 1900 usque
1169 1829 1451 1883 malorum
1501 1826 1805 1897 participes
1838 1832 2027 1881 erunt.

336 1925 412 1977 De
440 1920 791 1975 absconditis.
827 1919 1011 1988 (Auo.)
1054 1917 1175 1970 Non
1209 1917 1392 1969 solum
1424 1915 1506 1968 eis
1562 1914 1682 1967 haec
1737 1931 1903 1985 pmna
1950 1913 2031 1968 vi-

339 2008 541 2074 sibilis,
574 2008 672 2062 sed
723 2007 791 2061 de
851 2005 1212 2067 absconditis,
1255 2004 1309 2057 id
1367 2008 1468 2070 est,
1519 2002 1765 2073 peccatis
1821 2001 2033 2073 (quase

338 2096 558 2151 lumine
586 2094 840 2149 veritatis
862 2099 976 2147 tua:
1007 2091 1459 2161 absconduntur)
1492 2091 1663 2162 plena
1695 2094 1780 2145 est
1813 2106 2030 2146 memo-

341 2186 423 2239 ria
449 2200 673 2251 eorum,
696 2188 761 2237 ut
791 2182 1200 2236 obliviscantur
1228 2182 1427 2235 Deum.

931 2268 1247 2323 PSALMUS
1276 2267 1433 2322 XVII.

408 2361 571 2414 Vana.
608 2362 659 2413 1.
684 2387 753 2397 -
773 2357 1019 2423 Diligam
1044 2360 1116 2423 te,
1142 2356 1380 2414 Domine,
1412 2353 1687 2421 fortitudo
1716 2370 1856 2416 mea.
1920 2358 2027 2410 etc.

338 2447 543 2519 (Cass)
575 2444 721 2501 Dicit
748 2445 856 2499 hoc
889 2443 1167 2510 Christus,
1196 2443 1351 2514 quod
1386 2443 1655 2509 Ecclesia,
1687 2442 1743 2497 id
1793 2447 1895 2510 est,
1946 2448 2031 2499 to-

338 2545 431 2594 tus
461 2536 734 2591 Christus.

410 2625 611 2696 (Ibid)
642 2623 853 2688 Primo,
883 2622 1162 2693 propheta
1201 2637 1486 2675 summam
1519 2620 1814 2691 colligens,
1869 2622 1939 2677 de
1969 2622 2032 2676 li-

336 2713 628 2771 beratione
659 2711 871 2782 gratias
900 2710 1036 2781 agit.

406 2803 570 2856 Vens.
606 2800 1101 2865 3.—-Refugium.
1173 2797 1368 2870 (Ibid)
1426 2797 1659 2862 Quando
1712 2802 1832 2851 erat
1887 2816 2030 2870 opus

337 2889 593 2956 consilio,
627 2887 800 2942 David
835 2887 905 2941 ad
934 2901 1066 2940 eum
1108 2885 1314 2956 refugit
1348 2891 1404 2941 et
1431 2886 1671 2941 invenit.
1726 2885 2026 2956 Liber-ator,

2140 1734 2496 1805 praefulgidte
2538 1740 2674 1788 sunt
2724 1735 2781 1789 in
2812 1735 3143 1806 cognitione
3173 1736 3319 1806 ejus,
3353 1734 3407 1788 id
3440 1737 3546 1800 est,
3591 1733 3833 1786 vicinius

2142 1824 2615 1894 contemplantes.

2212 1912 2373 1966 Vens.
2412 1914 2496 1967 13.
2530 1940 2603 1953 --
2657 1912 2893 1967 Grande.
2955 1911 3142 1981 (.tuc.)
3198 1909 3660 1982 Objurgationes,
3710 1925 3831 1980 quae

2140 1999 2284 2055 dura
2328 2001 2495 2055 corda
2547 2000 2782 2068 feriunt,
2827 2001 2922 2055 sed
2952 2002 2997 2054 si
3045 2001 3198 2071 ignis
3241 1998 3534 2054 charitatis
3581 1998 3829 2062 resolvit,

2139 2088 2199 2142 in
2232 2087 2357 2142 miti
2388 2089 2582 2142 animo
2614 2090 2679 2143 Iit
2708 2106 2855 2160 aqua
2881 2090 3090 2143 satians
3125 2088 3293 2161 [alias
3314 2085 3572 2160 saliens].
3606 2089 3684 2142 Et
3711 2102 3830 2139 car-

2142 2178 2316 2243 bones,
2352 2178 2488 2249 quia
2518 2178 2616 2233 illo
2647 2178 2780 2249 igne
2827 2178 3131 2233 tenebrosa
3186 2178 3359 2233 corda
3402 2193 3641 2232 accensa
3688 2176 3829 2231 revi-

2139 2267 2381 2321 viscunt.

2213 2357 2372 2411 Vens.
2403 2358 2486 2411 14.
2510 2387 2577 2396 -—-
2599 2359 2860 2412 Intonuit.
2880 2356 3073 2427 (Cass)
3103 2356 3185 2410 Ad
3216 2355 3484 2422 litteram,
3513 2359 3579 2408 ut
3607 2353 3832 2426 quando

2138 2443 2321 2498 visum
2357 2449 2442 2498 est
2472 2446 2811 2506 tonitruum,
2840 2446 2953 2498 Deo
2981 2445 3202 2499 dicente
3227 2460 3239 2498 :
3275 2444 3607 2511 Clariﬁcavi,
3663 2446 3716 2496 et
3739 2443 3830 2494 ite-

2138 2548 2261 2586 rum
2290 2533 2614 2602 ctariﬁcabo.
2646 2533 2806 2588 Dedit
2858 2548 3068 2587 vocem:
3116 2537 3180 2587 ut
3208 2547 3325 2586 non
3382 2530 3522 2587 dixit
3555 2547 3568 2586 :
3602 2530 3706 2585 Hic
3756 2535 3833 2585 est

2142 2621 2316 2675 Filius
2343 2637 2504 2675 meus
2531 2621 2772 2675 dilectus
2802 2621 2860 2675 in
2893 2637 3006 2692 quo
3034 2621 3177 2675 mihi
3206 2619 3545 2691 complacui.

2212 2712 2373 2765 Vnus.
2432 2715 2514 2765 15.
2546 2741 2614 2750 ——
2645 2713 2716 2767 Et
2771 2712 2919 2765 misit
2960 2710 3165 2781 (Ibid.)
3218 2709 3492 2765 Dominus
3559 2707 3832 2771 intonuit,

2140 2803 2196 2853 et
2242 2799 2521 2854 Dominus
2576 2799 2769 2854 misit:
2832 2815 2952 2854 non
3008 2799 3161 2853 enim
3237 2799 3509 2852 transitus
3539 2797 3607 2851 ad
3641 2801 3834 2869 gentes

2140 2903 2368 2957 semper
2387 2892 2506 2941 erat
2536 2873 2722 2942 certus
2752 2903 2939 2958 neque
2968 2886 3323 2941 rationabilis
3366 2886 3614 2940 habitus.

337 2977 476 3033 utsi
506 2982 728 3049 potens,
761 2981 989 3046 captum
1033 2974 1105 3028 ab
1156 2975 1416 3029 hostibus
1471 2975 1692 3029 liberet.
1738 2976 2027 3046 Protector,
2069 2979 2111 3035 C
2211 2976 2373 3029 Vens.
2414 2979 2494 3029 16.
2531 3005 2593 3016 -
2632 2976 2712 3031 Et
2767 2981 3140 3046 apparuerunt
3197 2978 3400 3042 ﬁnies.
3460 2974 3693 3029 Christo
3741 2989 3834 3027 ve-

336 3065 503 3137 (Auc)
534 3065 671 3137 quia
699 3064 769 3119 de
799 3079 892 3118 me
949 3078 1066 3118 non
1097 3062 1456 3134 priesumpsi,
1491 3063 1654 3135 quasi
1700 3080 1877 3119 cornu
1936 3082 2029 3120 su-

334 3156 547 3228 perbia:
575 3160 774 3210 contra
804 3159 857 3208 te
884 3154 1146 3226 erigens;
1177 3154 1271 3207 sed
1300 3158 1355 3207 te
1384 3153 1782 3208 celsitudinem
1831 3155 2029 3209 salutis

332 3244 547 3312 inveni,
579 3242 733 3315 quod
764 3247 829 3297 ut
858 3242 1176 3297 invenirem
1208 3241 1500 3313 suscepisti
1541 3257 1653 3296 me.

406 3334 569 3386 Vens.
603 3333 656 3385 4.
699 3360 768 3371 —
797 3330 1057 3385 Laudans
1106 3329 1378 3384 invocabo.
1415 3330 1615 3399 (Cass)
1672 3331 1806 3385 Post
1834 3331 2029 3385 omnia

334 3437 449 3476 non
478 3421 660 3474 elatus
708 3434 768 3472 se
809 3418 1006 3488 jactat,
1041 3418 1138 3472 sed
1178 3418 1370 3472 omnia
1402 3418 1515 3472 Deo
1541 3417 1740 3472 tribuit
1769 3434 1783 3472 :
1816 3424 1872 3473 et
1898 3420 2026 3474 ideo

335 3510 718 3575 salvus;nam
771 3505 873 3577 qui
899 3506 1065 3560 aliter
1094 3505 1247 3573 facit,
1279 3507 1381 3562 sibi
1432 3507 1665 3563 relictus
1720 3507 1887 3577 perit,
1924 3509 2025 3563 etsi

335 3596 535 3651 vicisse
569 3594 884 3649 videbatur.

345 3721 351 3726 -
407 3682 568 3735 Vens.
603 3683 653 3735 5.
684 3710 755 3721 —-
784 3679 1265 3737 Circumdederunt
1293 3697 1392 3736 me.
1427 3682 1608 3751 (Ibid)
1665 3683 1725 3736 In
1784 3698 2025 3752 persona

328 3770 614 3841 justorum
646 3772 776 3822 ante
820 3767 1127 3822 adventum
1158 3768 1381 3834 Christi,
1428 3774 1559 3837 etc.,
1618 3785 1788 3840 usque
1822 3771 1898 3825 ad
1927 3772 2024 3843 qui

332 3857 549 3928 rapidis
580 3855 978 3928 iniquitatibus
1003 3857 1328 3912 conturbati
1361 3863 1512 3912 sunt.

403 3947 566 4001 Vens.
599 3948 753 4000 6.—
803 3947 1019 4001 Dolores
1085 3948 1311 4014 inferni.
1366 3947 1615 4002 Gentiles
1672 3947 1733 4001 in
1798 3948 2022 4004 inferno

332 4032 522 4087 debito
554 4033 748 4089 dolore
790 4034 1119 4106 torquendi.
1172 4037 1687 4105 Prwoccupaverunt
1732 4052 1816 4091 me
1843 4038 2028 4106 laquei

334 4125 543 4188 mortis,
576 4122 837 4193 sequitur
859 4139 872 4175 :

407 4210 565 4265 Vens.
619 4212 676 4265 8.
744 4240 812 4249 —
865 4211 1136 4266 Commota
1187 4214 1284 4265 est.
1338 4211 1472 4264 Ecce
1518 4213 1830 4282 quomodo,
1887 4220 2016 4281 etc.,

332 4312 501 4367 usque
529 4299 603 4353 ad
632 4305 689 4354 et
721 4300 832 4355 hoc
857 4300 956 4370 qui
984 4299 1403 4370 praeoccupavit
1436 4300 1751 4355 mortalitas
1780 4307 1833 4356 et
1887 4319 2023 4374 pos-

337 4386 600 4441 sibilitas.

403 4477 478 4529 De
509 4476 726 4544 templo.
761 4477 962 4543 (Cass)
997 4476 1089 4529 Vel
1113 4475 1183 4530 de
1213 4475 1373 4543 C(EIO,
1396 4475 1482 4530 vel
1510 4476 1579 4531 de
1599 4482 1842 4533 venturo
1872 4478 2027 4535 Chri-

337 4561 406 4615 sti
431 4578 690 4633 corpore.

406 4652 678 4707 Commota
732 4654 829 4706 est.
889 4649 1023 4721 (Anc
1055 4653 1074 4723 )
1107 4652 1191 4706 Ita
1233 4651 1539 4707 clariﬁcato
1595 4653 1816 4709 Christo
1873 4671 2026 4709 com-

336 4740 479 4794 moti
528 4744 664 4794 sunt
716 4746 774 4793 et
843 4746 1315 4795 contremuerunt
1393 4746 1735 4812 peccatores.
1814 4742 2031 4798 Funda-

337 4833 538 4893 menta,
589 4834 694 4883 etc.
748 4827 944 4899 (Cass.)
1003 4830 1486 4900 Prresumptiones
1538 4830 1936 4901 superborum,
1970 4832 2029 4887 id

339 4922 443 4984 est,
487 4917 699 4972 divitia:
737 4922 793 4971 et
838 4916 1171 4987 bujusmodi
1202 4919 1409 4989 quibus
1440 4919 1868 4977 innitebantur:
1901 4936 2029 4993 spes

338 4999 489 5054 enim
517 4999 719 5054 mundi
745 4999 907 5065 abiit,
934 5015 1109 5070 quam
1140 5001 1261 5055 odit
1292 5002 1459 5057 Dens.

409 5088 572 5143 Vens.
607 5091 688 5143 10.
712 5117 782 5128 -
822 5089 1017 5145 Calas.
1050 5089 1247 5160 (Ibid.)
1278 5090 1338 5145 Id
1372 5094 1474 5159 est,
1506 5091 1909 5162 prmdicatores
1937 5091 2028 5147 in-

336 5175 570 5231 clinavit
618 5193 650 5231 a
697 5177 1137 5248 contemplativa
1185 5179 1257 5234 ad
1313 5179 1716 5247 ministerium,
1747 5186 1803 5236 et
1844 5182 1916 5236 ad
1944 5181 2025 5236 fe-

341 5268 543 5321 rendas
564 5266 870 5323 molestias.
905 5268 1219 5335 Descendit,
1281 5274 1387 5325 etc.
1426 5271 1549 5342 lpse
1596 5286 1794 5341 passus
1831 5270 1891 5325 in
1922 5271 2023 5336 eis,

338 5354 478 5409 etin
531 5357 914 5425 quorumdam
964 5357 1250 5413 notitiam.
1310 5359 1527 5426 Caligo:
1585 5360 1892 5426 tenebrosi,
1926 5362 2027 5433 qui

339 5442 510 5497 etiam
540 5449 986 5515 persequuntur,
1044 5446 1150 5501 sub
1198 5447 1322 5517 ejus
1372 5452 1650 5518 potestate
1715 5454 1886 5518 sunt;
1916 5451 2023 5517 vel,

337 5530 437 5603 qui
466 5530 801 5602 simpliciter
854 5534 1118 5603 credunt,
1157 5534 1394 5604 subjecti
1423 5536 1476 5590 ei
1507 5541 1663 5591 sunt.

2139 3063 2352 3128 nieute,
2380 3064 2567 3134 patuit
2592 3066 2743 3135 quod
2774 3066 3089 3119 obscuritas
3135 3064 3311 3120 divini
3336 3064 3563 3135 tegebat
3593 3064 3829 3136 eloquii.

2138 3153 2226 3208 Ab
2285 3155 2671 3222 increpatione.
2704 3153 3038 3208 ‘Conversio
3087 3153 3156 3207 ad
3209 3154 3427 3208 Deum:
3478 3152 3648 3224 quasi
3708 3168 3833 3206 cum

2138 3241 2455 3312 gratiarum
2501 3242 2739 3309 actione,
2804 3242 2937 3313 quia
2992 3258 3097 3313 per
3151 3241 3618 3314 praedicationem
3651 3241 3833 3295 incre-

2136 3329 2309 3400 pabat
2336 3335 2656 3402 peccantes,
2705 3335 2761 3385 et
2806 3330 3122 3401 inspirabat
3160 3334 3224 3385 ut
3266 3331 3539 3384 timerent
3570 3329 3717 3383 iram
3748 3328 3834 3383 fu-

2136 3422 2195 3472 tu
2204 3434 2346 3473 ram.

2204 3509 2376 3563 Misit.
2410 3506 2599 3579 (Ibid.)
2644 3508 2947 3578 ﬂuensque
2988 3507 3057 3562 de
3087 3507 3332 3561 adventu
3392 3506 3644 3573 Domini,
3701 3506 3833 3560 hinc

2135 3595 2204 3650 de
2261 3596 2616 3667 temporibus
2671 3595 3030 3651 Christianis.
3088 3597 3241 3650 Misit
3285 3597 3452 3650 Pater
3501 3595 3823 3649 Christum.

2134 3685 2358 3754 Accepit
2412 3700 2520 3739 me.
2566 3684 2867 3739 Ecclesiam
2934 3700 3225 3755 sponsam.
3286 3687 3360 3738 De
3414 3686 3578 3753 aquis
3642 3683 3831 3753 (Ibid)

2138 3772 2425 3843 Baptismi.
2463 3773 2560 3827 Vel
2594 3772 2751 3829 misit
2771 3773 3055 3842 Spiritum,
3084 3772 3295 3844 quiest
3327 3773 3566 3826 donum.
3607 3774 3829 3837 Dealto,

2134 3860 2266 3931 quia
2299 3860 2538 3932 aequalis
2564 3860 2715 3915 Patri
2747 3866 2804 3915 et
2833 3860 2993 3916 Filio.
3040 3863 3273 3931 decepit,
3307 3860 3470 3932 quasi
3489 3860 3831 3931 fugativam.

2133 3950 2448 4019 Assumpsit
2473 3948 2531 4002 in
2559 3948 2919 4003 altitudinem
2964 3948 3189 4003 virtutis
3218 3953 3276 4003 et
3306 3949 3441 4003 boni
3474 3950 3689 4019 operis.

2201 4039 2367 4092 Vens.
2415 4039 2499 4092 18.
2530 4067 2598 4077 -
2624 4040 2697 4092 De
2718 4039 2956 4091 inimicis
3004 4039 3155 4092 meis.
3186 4037 3386 4108 (Αυσ.)
3414 4037 3476 4092 Id
3507 4042 3614 4101 est,
3659 4036 3829 4102 vitiis,

2132 4141 2260 4196 quae
2289 4140 2464 4195 super
2510 4141 2710 4180 omnes
2741 4124 3004 4179 inimicos
3056 4126 3187 4195 plus
3238 4129 3468 4179 nocent.
3525 4126 3595 4180 Et
3648 4125 3719 4179 ab
3750 4126 3831 4177 his

2133 4217 2247 4282 qui.
2303 4219 2409 4268 etc.
2488 4215 2548 4269 Id
2600 4218 2684 4268 est
2739 4214 3115 4268 exterioribus
3174 4213 3419 4268 inimicis
3476 4214 3829 4277 hominibus,

2135 4302 2346 4357 scilicet
2376 4307 2434 4356 et
2484 4302 2842 4357 daemonibus
2891 4302 3042 4373 quod
3094 4318 3320 4356 necesse
3364 4307 3470 4368 est,
3527 4302 3671 4373 quia
3700 4317 3832 4355 con-

2136 4390 2330 4448 fortati
2384 4392 2698 4446 secundum
2756 4391 2915 4463 quid.
2978 4394 3110 4446 Ecce
3177 4395 3571 4462 prmumerunt,
3627 4390 3688 4445 id
3730 4393 3830 4455 est,

2137 4481 2578 4551 przevaluerunt.
2613 4481 2721 4535 Per
2771 4480 2878 4534 hoc
2903 4480 3088 4549 magis
3120 4479 3309 4549 eripit,
3369 4479 3505 4550 quia
3554 4477 3645 4533 illi
3705 4480 3836 4531 sunt

2136 4568 2484 4637 confortati;
2533 4584 2664 4624 cum
2739 4568 2889 4623 enim
2950 4569 3224 4639 afﬂigitur
3327 4567 3592 4631 Ecclesia,
3651 4565 3835 4638 magis

2136 4655 2354 4710 crescit.

2206 4744 2368 4797 Vens.
2400 4746 2489 4798 20.
2516 4774 2590 4783 -—
2635 4744 2698 4798 In
2748 4742 3113 4798 latitudinem.
3157 4742 3336 4814 (Ibid)
3390 4745 3497 4799 Per
3553 4742 3834 4798 smvitiam

2137 4832 2443 4899 malorum,
2476 4833 2674 4887 crescit
2703 4832 2944 4886 Ecclesia
2976 4847 3217 4885 numero
3262 4835 3318 4885 et
3347 4830 3573 4885 merito.
3612 4832 3835 4886 Salvum

2135 4935 2218 4974 me
2240 4922 2391 4986 fecit,
2432 4921 2588 4991 quod
2641 4921 2712 4975 ad
2752 4921 2925 4976 ﬁdem
2968 4920 3142 4975 venit.
3204 4919 3469 4986 Quoniam
3515 4920 3693 4974 voluit
3723 4935 3828 4974 me.

2138 5010 2326 5080 (Anc)
2363 5009 2425 5064 Id
2457 5014 2562 5076 est,
2597 5009 2776 5080 gratis
2808 5009 3011 5080 elegit.

2206 5099 2370 5152 Vsus.
2402 5100 2493 5153 2t.
2524 5128 2594 5138 —
2632 5101 2704 5153 Et
2726 5098 2987 5152 retribuet
3024 5095 3317 5151 secundum
3340 5096 3623 5165 justitiam
3670 5096 3833 5150 bona:

2134 5186 2465 5240 voluntatis.
2512 5188 2583 5241 Et
2615 5186 2905 5242 secundum
2961 5186 3258 5255 puritatem
3300 5200 3557 5239 manuum
3605 5184 3830 5254 (Ibid):

2137 5289 2335 5345 opera,
2365 5291 2493 5346 quae
2520 5279 2654 5330 sunt
2695 5280 2826 5345 post
2877 5275 3067 5345 prima
3123 5272 3402 5328 beneﬁcia
3449 5272 3570 5340 Dei,
3619 5272 3834 5327 scilicet

2136 5363 2307 5417 tidem
2341 5369 2398 5418 et
2435 5363 2788 5432 charitatem,
2820 5379 2950 5435 quas
3004 5362 3252 5435 gratuito
3312 5361 3435 5417 sine
3484 5359 3831 5432 praecedenti

2135 5452 2340 5506 merito
2364 5453 2510 5507 Deus
2540 5457 2796 5523 praestat.

2208 5541 2367 5596 Vens.
2401 5544 2489 5595 2'2.
2522 5572 2590 5582 -
2622 5543 2764 5608 Quia
2792 5540 3079 5597 custodiri.
3114 5538 3317 5612 (Ibid)
3362 5538 3457 5593 Vel
3506 5538 3585 5594 ita
3650 5536 3799 5591 conti
