4034 6180
150 304 258 355 869

1310 299 1563 353 CLOSSA
1602 298 2003 353 ORDINARIA.
2049 328 2112 338 —
2155 300 2290 354 LIB.
2343 300 2584 353 PSALM.

3568 311 3673 359 870

146 423 386 478 nuando
416 440 545 477 cum
576 422 934 493 prmcedente
972 437 1158 486 versu,
1210 426 1342 485 etc.,
1374 437 1543 491 usque
1593 422 1667 475 ad
1696 428 1751 477 et
1780 422 1854 475 si-
1892 427 1937 479 Α
1968 423 2120 491 lium,
2150 428 2345 477 contra
2378 423 2692 477 diabolum.
2750 425 2815 478 Ut
2845 439 3056 478 arcum.
3116 431 3245 492 etc.,
3298 428 3671 486 similitudine

142 519 239 566 cut
268 512 437 582 C(epi,
471 528 558 565 ero
588 512 989 570 immaculatus,
1039 510 1187 563 unde
1226 509 1283 561 in
1330 510 1519 563 futuro
1551 511 1854 563 retribuet.

218 603 387 656 Vens.
432 604 521 656 2i.
578 630 641 639 —
685 601 814 656 Cum
846 614 924 663 eo,
978 598 1030 651 ei
1073 598 1389 652 adhaerens.
1447 600 1513 653 Et
1544 600 1854 653 observabo‘

143 706 216 743 ne
272 691 483 743 iterum
536 689 756 742 cadam.
819 688 901 741 Ab
963 687 1287 757 iniquitate,
1346 703 1476 757 quas
1562 693 1645 741 est
1702 704 1857 742 mors

147 777 329 831 beati.

220 867 380 920 Vens.
414 869 506 921 25.
561 868 726 920 -—Et
774 864 1051 919 retribuet.
1108 864 1310 931 (Cass.)
1363 864 1678 934 Dupliciter
1710 866 1860 919 Deus

146 955 454 1008 retribuit:
491 953 583 1007 hic
613 955 673 1006 in
706 954 996 1023 praesenti,
1054 958 1120 1006 ut
1159 953 1349 1021 justus
1400 952 1770 1023 justiﬁcetur,
1805 958 1862 1007 et

145 1043 339 1113 quiin
370 1042 632 1095 sordibus
676 1046 781 1104 est,
835 1042 1122 1093 sordescat
1177 1040 1382 1107 adhuc,
1444 1040 1597 1095 unde
1653 1040 1745 1093 hic
1772 1040 1858 1095 di-

145 1134 421 1186 cit:Cum
442 1136 626 1184 saneto
662 1136 905 1194 sanctus,
957 1134 1090 1193 etc.,
1125 1133 1179 1182 et
1230 1129 1501 1182 iufuturo
1553 1130 1857 1199 prtemium

142 1220 339 1283 bonis,
374 1224 430 1271 et
463 1234 688 1289 poenam
723 1218 909 1282 malis,
942 1217 1091 1271 unde
1126 1216 1205 1270 ibi
1238 1234 1250 1270 :
1281 1218 1547 1282 Quoniam
1594 1222 1649 1270 tu
1676 1233 1858 1287 popu-

144 1310 263 1362 lum
295 1308 567 1369 humilem,
602 1313 731 1373 etc.,
766 1306 950 1376 quasi,
982 1306 1061 1359 ita
1110 1306 1238 1359 hic:
1297 1306 1434 1376 quia
1479 1305 1539 1359 in
1573 1306 1769 1359 futuro
1800 1311 1859 1360 tu

138 1398 412 1467 populum
442 1396 694 1449 humilem
725 1396 936 1449 salvum
963 1397 1152 1461 facies.

220 1485 411 1555 (Avo)
446 1487 508 1539 Et
538 1485 785 1538 tribuet:
812 1486 933 1553 jam
982 1500 1095 1538 non
1157 1485 1342 1537 solum
1399 1488 1638 1554 propter
1670 1484 1853 1537 latitu-

146 1575 348 1628 dinem
382 1573 516 1627 tidei
550 1590 677 1643 qua:
710 1574 1203 1641 perdileclionem
1252 1578 1545 1642 operatur,
1586 1573 1685 1625 sed
1724 1589 1855 1641 pro-

144 1669 280 1734 pter
312 1662 812 1731 Ionganimitatem
872 1663 1145 1714 retribuet
1178 1662 1338 1714 mihi.
1405 1662 1476 1714 In
1534 1667 1851 1729 conspectu:

146 1752 261 1805 hoc
286 1750 456 1820 justis
486 1750 771 1810 convenit,
831 1754 892 1801 ut
921 1750 1065 1802 sicut
1112 1750 1194 1802 illi
1244 1750 1424 1802 Deum
1467 1765 1693 1818 semper
1722 1764 1856 1802 con-

146 1844 409 1903 tuentur,
445 1839 522 1890 ita
558 1840 703 1892 Deus
734 1855 828 1892 eos
851 1838 1069 1907 jugiter
1096 1836 1382 1907 respiciat.

228 1929 389 1981 Vens.
422 1929 510 1980 26.
542 1956 610 1966 —
649 1928 778 1982 Cum
834 1930 1035 1979 sancto.
1068 1926 1269 1992 (Cass.)
1336 1924 1582 1990 Dixerat,
1619 1922 1857 1977 retribui

151 2017 474 2070 secundum
506 2015 811 2085 justitiam,
859 2020 999 2076 etc.,
1031 2030 1199 2082 usque
1246 2014 1320 2067 ad
1350 2012 1482 2084 quia
1524 2019 1580 2067 tu
1614 2015 1852 2076 Domine,

143 2106 414 2174 populum
468 2105 720 2157 humilem
767 2104 977 2157 salvum
1030 2106 1219 2169 facies.
1283 2105 1344 2156 Et
1377 2102 1554 2155 oculos
1610 2102 1861 2170 superbo~

146 2210 275 2247 rum
301 2193 637 2245 humiliabis.

224 2282 527 2349 (Aca.)Est
583 2282 753 2335 etiam
815 2280 1032 2332 occulta
1082 2278 1457 2349 profunditas,
1508 2275 1859 2349 quaintelli-

144 2372 305 2441 geris
335 2387 464 2422 cum
500 2374 691 2422 sancto
727 2374 975 2433 sanctus,
1012 2368 1146 2437 quia
1186 2373 1246 2420 tu
1287 2367 1623 2420 sanctiticas.

220 2460 489 2525 Quoniam
540 2462 595 2511 tu
617 2459 921 2510 illuminas.
974 2457 1130 2520 Quod
1173 2456 1488 2509 enuntiavit
1545 2455 1614 2509 de
1668 2454 1861 2508 electis

146 2552 205 2601 et
240 2546 625 2607 sanctilicatis,
659 2551 782 2597 orat
812 2561 963 2598 nunc
995 2545 1064 2597 de
1095 2544 1239 2598 aliis.

226 2638 393 2689 Vens.
439 2638 533 2688 29.
572 2666 637 2673 —
696 2636 1010 2688 Lucernam.
1061 2633 1243 2703 (Ibid.)
1294 2634 1547 2687 Fuerunt
1593 2632 1861 2703 prmdica-

149 2732 323 2787 tores,
357 2725 416 2777 in
458 2723 664 2794 quibus
723 2723 837 2789 lux,
870 2723 924 2776 id
981 2727 1083 2787 est,
1131 2722 1382 2791 cognitio
1438 2722 1715 2786 veritatis,
1749 2737 1860 2790 qua

153 2814 627 2867 illuminaverunt
707 2812 872 2875 alios,
927 2812 1123 2865 unde:
1198 2811 1467 2864 Habemus
1547 2811 1860 2863 thesaurum

158 2902 323 2951 istum
370 2901 428 2951 in
470 2901 616 2953 vasis
664 2900 943 2968 fictilibus.
1002 2899 1285 2953 Tenebras.
1346 2898 1535 2967 (Αυο.)
1585 2914 1702 2961 eos,
1762 2895 1858 2967 qui

154 2987 347 3041 adhuc
368 2992 501 3040 sunt
540 2988 599 3040 in
649 2987 916 3041 tenebris.
947 2990 1111 3042 Meas.
1155 2986 1682 3041 Prmdestinatione.

227 3082 390 3136 Vsus.
426 3083 510 3136 30.
542 3113 608 3122 -
637 3084 701 3137 In
730 3086 831 3137 Deo
874 3099 1002 3137 meo.
1063 3083 1263 3151 (Cass.)
1300 3084 1445 3136 Deus
1493 3082 1647 3136 enim
1682 3096 1860 3146 meus,

152 3176 241 3224 est
272 3171 383 3237 via,
414 3188 526 3241 qua
556 3171 672 3224 itur
703 3172 769 3225 ad
803 3173 1031 3237 cmlum,
1093 3172 1413 3241 impolluta.
1454 3172 1576 3237 Vel,
1608 3169 1699 3222 via
1752 3185 1867 3239 qua

148 3260 314 3313 venit
370 3259 431 3312 in
492 3260 773 3313 mundum
832 3266 1020 3313 sancta
1052 3266 1109 3313 et
1163 3259 1532 3312 immaculata
1580 3258 1766 3327 Virgo.
1802 3258 1866 3310 Et

146 3348 439 3420 quidquid
488 3348 629 3402 dixit
681 3348 897 3419 Spiritu
950 3354 1141 3401 sancto
1196 3348 1587 3400 examinatum
1656 3351 1761 3411 est,
1808 3345 1862 3399 id

144 3443 256 3500 est,
294 3437 435 3490 utile
469 3442 525 3490 et
574 3437 911 3491 honestum:
958 3442 1019 3489 ut
1064 3435 1312 3505 sapiens,
1371 3433 1651 3506 quidquid
1704 3432 1859 3499 dicit,

150 3526 320 3597 prius
371 3525 519 3595 apud
578 3541 635 3578 se
693 3525 984 3595 dijudicat.
1036 3523 1465 3589 Transgrediar.
1532 3521 1722 3590 (Ibid.)
1770 3522 1862 3574 Di-

147 3631 321 3669 ruere
357 3630 470 3667 non
502 3614 731 3683 penitus
765 3618 951 3681 potest
1000 3612 1197 3677 homo,
1257 3610 1351 3663 sed
1385 3626 1492 3680 ope
1527 3608 1626 3662 Dei
1657 3609 1865 3662 transit

149 3719 389 3758 murum
422 3702 774 3755 obstaculum
819 3705 1198 3770 peccatorum.

228 3793 391 3845 Vens.
446 3794 540 3846 3|.
602 3820 671 3830 —
716 3793 849 3843 Deus
898 3804 1065 3843 meus.
1128 3787 1310 3853 (Ibid;
1360 3787 1426 3839 Et
1478 3785 1862 3839 continuando

143 3880 463 3951 sequitur:
519 3879 747 3946 Eripies
794 3892 875 3929 me
934 3876 999 3929 de
1056 3874 1577 3929 contradictionibus
1651 3874 1861 3941 populi.

148 3971 378 4025 Caetera
442 3966 756 4036 interponit
804 3965 876 4018 ad
961 3963 1535 4017 commendationem.
1592 3962 1858 4029 §Eloqw‘a.

151 4059 295 4128 igne
325 4054 765 4109 examinationis
798 4053 1133 4123 probantur.
1174 4051 1447 4105 Omnium.
1502 4048 1692 4119 (Ibid.)
1729 4048 1862 4101 Nul-

153 4164 226 4201 us
262 4144 571 4213 excipitur,
602 4142 710 4195 nisi
743 4141 841 4211 qui
875 4156 1101 4210 sperare
1129 4155 1245 4192 non
1277 4138 1415 4190 vult.

231 4236 399 4287 Vens.
454 4234 541 4285 32.
579 4261 651 4271 —
712 4232 977 4294 Quoniam
1048 4230 1188 4297 quis.
1251 4226 1433 4297 (Ibid.)
1492 4227 1638 4280 Deus
1689 4224 1861 4279 dico:

155 4323 301 4393 quia
333 4320 464 4391 quis
486 4324 571 4373 est
604 4318 749 4371 alius
791 4319 957 4381 Deus,
992 4316 1101 4369 nisi
1134 4314 1233 4386 qui
1292 4320 1345 4367 et
1378 4316 1651 4367 Dominus
1683 4313 1741 4367 in
1773 4330 1865 4367 re-

155 4413 273 4465 bus
314 4410 448 4462 est?
489 4409 553 4461 Et
588 4406 793 4476 quiain
829 4406 1025 4459 Iudaea
1074 4409 1244 4457 notus
1294 4419 1410 4456 non
1454 4402 1530 4455 dii
1567 4402 1865 4471 gentium;

152 4500 284 4553 huic
306 4502 505 4551 contra
535 4511 806 4565 paganos,
832 4493 929 4564 qui
961 4494 1173 4546 multos
1195 4492 1299 4545 sibi
1332 4492 1571 4561 ﬁngunt.

230 4588 399 4639 Vens.
436 4587 523 4639 33.
557 4614 625 4623 —
651 4587 787 4637 Dr-us
826 4586 921 4650 qui
973 4581 1163 4649 (lbid.)
1223 4581 1419 4634 Adhuc
1469 4583 1675 4650 praeter
1705 4594 1867 4631 com-

152 4676 383 4736 munia,
438 4672 799 4725 commendat
854 4687 956 4740 per
1008 4670 1293 4739 specialia,
1351 4670 1486 4739 quia
1526 4669 1690 4720 tertio
1713 4667 1866 4720 Chri-

153 4772 286 4817 stus
317 4762 390 4815 de
432 4762 645 4813 virtute
668 4765 724 4813 et
771 4758 1024 4830 potentia
1074 4775 1174 4810 sua
1223 4757 1679 4811 commendatur.
1716 4758 1866 4809 Pras-

152 4853 360 4907 cinmit.
391 4849 578 4917 (Ibid.)
631 4849 688 4903 Id
744 4852 848 4914 est,
909 4847 1274 4917 perarmavit.
1298 4846 1394 4899 Vel
1425 4863 1459 4899 a
1489 4844 1865 4898 similitudine

151 4938 606 5004 currentis.Vel,
631 4936 967 5004 dignitatem
990 4940 1147 4988 notat
1167 4940 1223 4988 et
1263 4933 1681 4997 fortitudinem,
1711 4933 1865 5002 quod

149 5030 209 5082 ei
244 5026 537 5089 convenit,
569 5025 667 5096 qui
702 5029 979 5094 potestate
997 5040 1097 5077 sua
1134 5022 1416 5091 judicabit
1446 5022 1743 5092 populum,
1780 5021 1865 5074 vel

152 5116 473 5171 mundum.
507 5115 937 5177 Immaculatam,
971 5111 1092 5165 sine
1134 5116 1383 5181 peccato.
1437 5110 1647 5165 Cervus
1675 5110 1866 5180 spinas

148 5214 217 5261 et.
252 5205 475 5259 hiantia
505 5205 626 5258 loca
657 5204 921 5268 transilit,
956 5202 1034 5255 sic
1079 5201 1335 5257 Christus
1373 5200 1564 5271 spinas
1596 5206 1653 5253 et
1682 5201 1868 5254 foveas

152 5298 535 5369 peccatorum
566 5310 578 5346 :
604 5298 660 5346 ct
699 5292 842 5346 sicut
897 5306 1096 5344 cervus
1146 5292 1278 5358 alta,
1310 5289 1386 5342 ita
1420 5289 1673 5344 Christus
1699 5304 1870 5360 super

150 5397 375 5437 omnes
403 5385 690 5433 creaturas
719 5378 1065 5432 conscendit.

234 5475 409 5527 Vens.
451 5475 537 5525 35.
564 5499 631 5512 -—
678 5472 790 5536 Qui
818 5470 1003 5523 docet:
1037 5469 1107 5523 ab
1166 5467 1606 5522 imminentibus
1644 5466 1870 5521 insidiis

152 5569 404 5621 cautum
435 5561 594 5614 facio.
634 5562 847 5623 Manus,
885 5574 1057 5630 opera
1090 5558 1173 5611 vel
1206 5558 1543 5612 voluntates.
1607 5556 1701 5611 Ad
1726 5572 1869 5626 prae-

1970 512 2052 565 rei
2083 529 2211 582 qua:
2243 529 2357 565 non
2389 519 2491 577 est,
2519 513 2572 565 id
2608 518 2710 576 est,
2746 513 3197 568 irremissibilem
3246 516 3665 575 fortitudinem.

1969 603 2221 655 Brachia.
2258 601 2463 656 Christi
2487 602 2804 671 prophetia,
2837 608 2891 655 et
2922 605 3188 671 apostoli,
3213 622 3316 673 per
3346 622 3491 676 quos
3516 624 3663 678 ope-

1968 692 2287 761 ratur:qui
2319 707 2479 744 arcus
2530 707 2733 757 aereus,
2791 693 2923 762 quia
2960 694 3323 761 praedicando
3370 712 3485 749 non
3532 699 3671 752 mol-

1968 780 2211 846 lescunt,
2237 780 2358 847 sed,
2392 796 2620 849 semper
2650 780 2847 846 fortes,
2882 782 3054 833 verba
3090 782 3285 835 salutis
3310 784 3666 851 jaculantur.

2041 869 2200 921 Vens.
2263 872 2350 922 36.
2399 897 2471 909 —
2514 870 2899 922 Proteclionem
2952 868 3176 923 salutis.
3251 872 3371 923 Non
3425 878 3485 924 ut
3525 874 3669 926 nihil

1965 956 2167 1026 patiar,
2203 956 2357 1027 quod
2388 962 2580 1009 tamen
2614 961 2698 1009 est
2734 957 2804 1010 ad
2852 958 3193 1026 profectum.
3243 960 3557 1013 Tribulatio
3590 968 3673 1015 est

1964 1045 2259 1110 correctio,
2293 1050 2349 1099 et
2379 1045 2657 1109 doctrina,
2690 1050 2745 1098 et
2778 1045 3055 1100 dilatatio.
3092 1052 3149 1099 et
3180 1048 3560 1103 confirmatio.

2040 1135 2197 1188 Vens.
2229 1137 2317 1188 37.
2352 1165 2417 1175 —
2468 1136 2754 1188 Dilatasli.
2784 1138 2960 1200 (Avo)
2996 1137 3072 1189 Ne
3117 1137 3439 1205 impediant
3463 1154 3671 1191 carna-

1963 1224 2043 1276 les
2074 1222 2374 1293 angustim,
2408 1224 2542 1293 quia
2590 1224 2762 1277 latam
2798 1224 2978 1277 fecisti
3019 1226 3356 1279 charitatem
3412 1226 3673 1281 hilariter

1963 1318 2317 1383 operantem,
2354 1313 2527 1365 etiam
2558 1312 2627 1365 de
2675 1312 2762 1365 his
2803 1329 2931 1383 quae
2985 1320 3119 1367 sunt
3158 1314 3264 1368 sub
3315 1331 3427 1381 me,
3458 1316 3671 1369 scilicet

1963 1400 2033 1453 de
2059 1400 2392 1453 mortalibus
2421 1401 2593 1453 rebus
2624 1405 2679 1452 et
2709 1400 3001 1453 membris.

2031 1489 2190 1541 Vens.
2225 1490 2310 1541 38.
2356 1515 2427 1529 -—
2470 1490 2782 1555 Persequar.
2835 1489 3031 1558 (Cass.)
3089 1490 3418 1560 Argziendo,
3486 1492 3675 1546 diver-

1964 1576 2041 1628 sis
2072 1576 2477 1629 aftlictionibus
2507 1577 2822 1647 fatigando.

2036 1666 2198 1723 Vnus,
2232 1666 2319 1719 43.
2353 1695 2421 1703 -
2476 1667 2546 1719 Et
2598 1668 2972 1719 comminuam.
3029 1668 3215 1733 (Are)
3277 1669 3412 1721 Ecce
3469 1669 3671 1723 eadem

1967 1753 2223 1821 operatio
2252 1754 2433 1805 Patris
2472 1758 2528 1807 et
2560 1755 2703 1807 Filii.
2740 1754 2919 1824 Supra
2974 1754 3054 1807 ait
3085 1772 3097 1808 :
3124 1757 3540 1825 Disperdidisli,
3572 1760 3673 1812 Pa-

1966 1846 2066 1905 ter,
2099 1846 2152 1894 et
2196 1842 2317 1910 jam
2376 1843 2455 1895 ait
2498 1844 2907 1905 comminuam,
2945 1844 2996 1895 id
3053 1850 3154 1908 est,
3189 1845 3444 1898 auferam
3490 1846 3674 1900 virtu-

1970 1935 2076 1990 tes,
2109 1937 2167 1983 ut
2200 1936 2328 2000 post
2356 1931 2559 1984 cedant
2589 1933 2746 1985 omni
2775 1937 2942 1985 vento
2974 1932 3264 1986 doctrinm.

2037 2020 2200 2072 Vens.
2262 2020 2615 2087 4’s.Eripies.
2678 2020 2876 2089 (Cass.)
2916 2022 2990 2073 De
3040 2021 3152 2074 illis
3202 2022 3323 2075 ira:
3384 2022 3495 2075 Sed
3568 2026 3675 2077 eri-

1961 2109 2081 2176 pies
2149 2122 2249 2171 me,
2309 2106 2599 2176 depressio
2678 2108 3026 2169 Judaiorum,
3089 2113 3145 2161 et
3202 2109 3468 2162 exaltatio
3530 2126 3673 2180 gen-

1976 2195 2141 2249 tium.

2038 2284 2196 2336 Vens.
2231 2285 2317 2337 46.
2352 2314 2420 2321 —
2452 2284 2596 2337 Filii.
2641 2283 2821 2337 Judaei
2870 2299 3010 2353 quos
3042 2284 3309 2351 enutrivi,
3346 2285 3477 2339 facti
3529 2286 3671 2339 alie-

1968 2371 2027 2425 ni
2060 2388 2071 2425 :
2101 2374 2314 2425 Mentiti
2337 2376 2464 2425 sunt
2489 2372 2639 2438 mihi,
2672 2372 2740 2425 ad
2779 2372 3059 2425 honorem
3116 2388 3327 2425 meum.
3382 2376 3678 2428 Inveterali

1967 2465 2093 2514 sunt
2122 2466 2171 2514 et
2218 2461 2660 2514 claudicarerunt
2692 2478 2725 2513 a
2779 2459 2986 2515 semitis
3044 2463 3181 2529 suis,
3231 2467 3535 2531 sequentes
3565 2479 3676 2532 po-

1967 2548 2078 2602 tius
2108 2564 2237 2602 suas
2260 2541 2593 2603 traditiones
2627 2565 2797 2620 quam
2854 2550 2973 2602 Dei.

2039 2639 2209 2692 Vens.
2271 2640 2357 2691 47.
2429 2668 2493 2678 —-
2556 2640 2725 2692 Vivit.
2779 2638 3218 2706 (Ibid.)Quarto
3263 2639 3549 2692 exsultans
3579 2640 3678 2691 Ec-

1970 2726 2139 2779 clesia
2173 2726 2501 2780 summatim
2531 2742 2772 2779 munera
2802 2726 2900 2779 Dei
2944 2727 3158 2780 laudat.
3208 2727 3305 2780 Vel
3352 2729 3509 2790 vivit,
3544 2728 3677 2797 quia

1968 2813 2227 2867 viviticat.
2259 2814 2606 2880 Benedictus,
2641 2815 2775 2885 quia
2833 2814 3025 2868 omnia
3060 2815 3362 2869 benedicit.
3424 2819 3494 2871 Et
3522 2817 3676 2869 emol-

1969 2906 2111 2955 telur
2142 2905 2277 2957 Deus
2304 2904 2520 2957 salutis.
2580 2903 2765 2971 (Auc.)
2820 2904 2939 2957 Non
3000 2908 3223 2957 terreno
3262 2920 3421 2957 more
3469 2904 3538 2958 de
3566 2905 3678 2957 Deo

1900 2994 1939 3048 C
1975 2990 2175 3044 salutis
2207 3007 2349 3045 mea:
2380 2990 2640 3057 sentiam,
2683 3007 2785 3044 nec
2834 2992 3015 3061 ipsam
3075 2993 3315 3046 salutem
3366 2996 3675 3057 terrenam,

1976 3080 2069 3133 sed
2105 3080 2163 3133 in
2196 3080 2413 3133 excelso
2448 3080 2516 3133 de
2545 3080 2643 3133 illo
2675 3080 2933 3149 sperabo.

2047 3167 2207 3221 Vens.
2242 3167 2330 3221 48.
2366 3197 2433 3206 —
2470 3166 2775 3221 Vindictas.
2831 3168 3037 3237 (Cass)
3088 3168 3186 3222 Pia
3233 3169 3499 3233 vindicta,
3535 3169 3669 3223 dum

1975 3256 2201 3309 rebellis
2255 3256 2535 3310 subditur.
2595 3257 2899 3311 Iracundis.
2963 3257 3139 3327 Major
3197 3258 3378 3327 gloria
3438 3263 3521 3312 est
3562 3259 3673 3310 fcr-

1972 3345 2234 3399 ventibus
2264 3344 2432 3399 malis
2459 3345 2718 3398 liberare.

2045 3433 2202 3487 Vens.
2237 3436 2321 3487 51.
2352 3463 2421 3473 —-
2478 3434 2845 3502 Magniﬁcans
2892 3435 3110 3489 salutes.
3172 3436 3321 3488 Deus
3375 3435 3475 3506 qui
3511 3450 3671 3505 mag-

1975 3522 2205 3576 niﬁcat:
2242 3522 2492 3587 Faciens,
2539 3524 2685 3576 Deus
2717 3524 2814 3594 qui
2847 3523 3000 3577 facit.

2614 3664 2832 3717 PSALM
2848 3664 2926 3717 US
2957 3664 3142 3719 XVIII.

2046 3787 2205 3839 Vens.
2246 3791 2294 3839 t.
2328 3814 2392 3824 -—
2427 3786 2490 3839 In
2541 3787 2719 3851 ﬁnem.
2751 3784 2952 3852 (Cass.)
2984 3784 3235 3839 Psalmus
3264 3785 3332 3839 de
3362 3786 3550 3854 primo
3582 3787 3678 3841 ad-

1973 3874 2347 3935 ventu,unda
2411 3878 2688 3942 tyrannus
2746 3872 2913 3938 cadit,
2973 3872 3148 3925 homo
3209 3873 3548 3937 absoliitur,
3585 3875 3678 3928 hic

1972 3963 2251 4032 propl‘eta
2275 3961 2503 4030 respicit
2535 3960 2803 4026 inlinem,
2838 3960 2893 4013 id
2917 3964 3019 4027 est,
3037 3960 3349 4025 Christum,
3382 3963 3471 4015 vel
3500 3962 3560 4015 in
3593 3963 3676 4014 ul-

1973 4050 2115 4103 tima
2143 4055 2424 4118 tempora.

2044 4139 2202 4192 Vens.
2238 4142 2295 4190 2.
2355 4166 2425 4176 --
2481 4137 2608 4193 Coeli
2637 4141 2897 4190 enarrant
2928 4135 3115 4206 (Ibid)
3175 4136 3387 4201 Primo,
3434 4137 3677 4208 loquens

1975 4226 2043 4279 de
2091 4224 2501 4292 incarnatione,
2553 4225 2916 4279 commendat
2990 4225 3450 4296 praedicationem
3520 4242 3680 4279 novre

1975 4314 2135 4384 legis.
2172 4314 2357 4383 (Avo)
2382 4314 2539 4377 Caeli,
2599 4314 2860 4382 apostoli,
2893 4313 2962 4367 de
3012 4313 3195 4383 gloria
3225 4313 3433 4368 Christi
3474 4313 3530 4365 in
3567 4329 3679 4382 qua

1976 4402 2155 4457 Patris
2184 4403 2439 4473 mqualis.
2497 4402 2693 4472 (Cass)
2727 4403 2821 4455 Vel
2880 4403 3028 4467 coeli,
3087 4402 3187 4473 qui
3235 4403 3456 4455 stellam
3508 4402 3677 4455 mise-

1973 4496 2127 4545 runt.
2186 4491 2460 4546 Gloriam.
2528 4490 2754 4561 (Ibid):
2798 4492 2956 4555 Quod
3040 4493 3184 4545 Deus
3216 4491 3396 4561 gratis
3450 4496 3675 4561 peccata

1974 4580 2242 4634 dimittat.
2301 4580 2475 4648 Opera
2532 4580 2720 4649 (Αυη.)
2779 4581 2917 4644 Qum
2974 4580 3284 4634 secundum
3343 4579 3663 4643 hominem,

1975 4673 2104 4734 etc.,
2134 4684 2301 4737 usque
2348 4668 2421 4721 ad
2468 4673 2524 4721 et
2572 4667 2679 4737 ipsi
2734 4668 2923 4738 cidem
2974 4668 3104 4721 facti
3165 4685 3297 4729 nox,
3357 4668 3677 4722 tenebrosis

1974 4757 2270 4809 scientiam
2303 4772 2431 4826 quae
2452 4756 2520 4809 de
2550 4755 2840 4810 humanis.
2879 4756 3074 4824 (Cass.)
3130 4757 3193 4809 Et
3245 4756 3351 4810 hoc
3373 4760 3486 4809 tam
3520 4756 3682 4809 miri-

1975 4845 2098 4911 ﬁce,
2132 4845 2281 4915 quod
2314 4844 2371 4897 in
2404 4844 2669 4898 omnibus
2702 4844 2912 4914 linguis
2945 4860 2957 4898 :
2992 4850 3047 4899 et
3096 4849 3212 4898 tam
3266 4845 3396 4911 late,
3430 4845 3581 4915 quod
3618 4845 3674 4897 in

1975 4933 2132 4987 omni
2163 4939 2322 5003 parte
2352 4933 2601 4986 ambitus
2630 4938 2796 4986 terra:

2048 5022 2202 5076 Vens.
2247 5024 2296 5074 3.
2332 5050 2403 5063 —
2434 5023 2555 5075 Dies
2603 5021 2731 5075 diei.
2793 5020 2995 5091 (Cass.)
3052 5020 3510 5074 Demonstrative
3541 5021 3679 5091 agit.

1977 5111 2161 5180 (Αυη.)
2189 5112 2309 5164 Dies
2362 5110 2489 5162 diei.
2553 5109 2799 5178 Spiritus
2854 5107 3246 5178 spiritualibus
3298 5110 3519 5178 profert
3548 5110 3681 5178 ple-

1978 5199 2296 5251 nitudinem
2355 5198 2671 5267 sapientiae,
2725 5201 2855 5264 etc.,
2914 5211 3082 5266 usque
3111 5196 3185 5250 ad
3235 5197 3357 5250 hinc
3416 5197 3680 5251 doctrina

1976 5288 2177 5342 diebus
2210 5291 2265 5340 et
2302 5286 2560 5339 noctibus
2585 5285 2953 5339 continuatur
2981 5301 3162 5355 usque
3197 5286 3263 5339 ad
3299 5291 3572 5355 posteros.

2050 5379 2220 5432 Vens.
2284 5378 2337 5430 4.
2369 5405 2439 5416 -
2485 5377 2743 5443 Loquelae.
2804 5375 3007 5445 (Cass)
3067 5376 3314 5428 Publica:
3364 5376 3681 5431 suasiones.

1978 5468 2271 5523 Sermones.
2302 5465 2650 5519 Communes
2679 5464 3062 5517 narrationes.
3100 5464 3341 5529 Quorum
3390 5480 3516 5518 non.
3552 5466 3685 5519 Pla-

1979 5554 2108 5608 nius
2143 5553 2374 5617 diceret,
2409 5551 2469 5606 in
2531 5552 2740 5623 quibus
2787 5568 2903 5606 non
2960 5550 3270 5606 audiantur
3297 5568 3459 5605 voces
3484 5569 3682 5608 eorum
