4034 6180
397 294 493 348 871

1148 292 1536 348 \VALAFRIDI
1579 291 1824 347 STRABI
1865 292 2064 346 FULD.
2111 291 2269 346 NON.
2314 293 2486 346 PARS
2528 293 2566 344 Ι.
2648 322 2677 330 ~
2717 292 3184 350 THEOLOGICA.
3757 303 3835 355 78‘!

398 415 503 482 vel,
537 413 798 469 omnium
829 430 1158 468 sermonum
1186 413 1496 468 audiantur
1533 430 1694 468 voces
1745 431 1945 469 eorum
1981 431 1995 469 :
2029 415 2098 468 il-
2128 416 2174 468 Α
2212 419 2298 467 est
2326 431 2588 484 pressura
2619 414 2994 485 exprimentis
3052 432 3255 470 manus
3307 416 3427 482 Dei,
3489 422 3547 472 ut
3597 423 3676 473 eat
3708 419 3756 474 in
3779 423 3840 476 vi-

399 503 494 558 lud
526 503 678 558 idem
715 503 850 556 facit
878 520 980 573 per
1008 502 1334 556 relativum.

470 593 656 664 (Αυδ.)
707 592 983 648 Omnibus
1026 591 1238 660 linguis
1295 590 1512 660 primos
1545 591 1704 662 loqui
1750 591 1884 646 fecit
1930 591 2100 662 spiri-

399 686 508 749 tus,
541 681 640 751 qui
668 695 866 733 omnes
896 681 1094 749 gentes
1143 677 1201 731 in
1250 694 1428 731 unum
1478 683 1599 732 erat
1628 684 2095 750 congregaturus,

402 787 548 823 unus
578 770 751 822 homo
776 773 909 820 tunc
963 766 1253 833 omnibus,
1288 767 1366 820 sic
1423 769 1594 820 modo
1649 784 1796 821 unus
1844 768 2100 821 Christus

399 863 571 927 caput
599 861 655 910 et
684 872 908 926 corpus.

470 946 628 998 Vens.
663 948 715 999 6.
752 975 818 983 -
847 946 909 998 In
938 944 1065 998 sole.
1115 942 1313 1010 (CASS.)
1366 943 1527 1007 Quod
1561 943 1700 997 alios
1731 943 1928 998 fecisse
1975 945 2098 998 lau-

401 1033 514 1096 dat,
547 1032 668 1102 ipse
697 1031 849 1097 facit,
879 1030 1152 1099 praedicat
1211 1029 1681 1084 incarnationem.
1718 1031 1810 1084 Vel
1869 1030 1929 1083 in
1960 1031 2095 1091 sole,

401 1123 462 1175 in
484 1121 785 1176 manifesto
805 1119 1025 1182 mundi,
1054 1119 1140 1172 vel
1161 1119 1231 1185 :in
1264 1118 1478 1172 labore.
1511 1118 1604 1172 Sol
1661 1118 1795 1183 urit,
1842 1119 2010 1186 lucet,
2045 1125 2101 1172 et

401 1211 584 1264 variat
641 1215 920 1280 tempora.
991 1209 1417 1262 Tabemaculum
1465 1222 1640 1261 suum.
1713 1209 1889 1275 (Λεσ.)
1949 1209 2100 1271 Quas

402 1300 650 1353 militare
682 1297 1094 1362 habitaculum,
1127 1296 1182 1350 id
1238 1301 1338 1357 est,
1393 1295 1880 1366 dispensationem
1912 1297 2096 1350 incar-

396 1387 650 1441 nationis
670 1400 811 1450 suaa,
835 1385 893 1438 in
925 1401 1040 1455 qua
1069 1385 1224 1438 venit
1253 1399 1579 1453 expugnare
1621 1400 1842 1438 errores
1874 1385 2096 1439 mundi.

399 1476 489 1529 Vel
546 1475 1000 1538 tabernaculum,
1055 1473 1354 1526 Ecclesiam
1395 1471 1452 1524 in
1489 1473 1814 1537 manifesto,
1870 1489 1982 1526 non
2038 1473 2096 1526 in

397 1564 638 1629 occulto,
666 1568 730 1616 ut
758 1562 948 1615 lateat.
993 1562 1249 1629 Sponsus.
1295 1561 1512 1630 (Cn-5.)
1562 1560 1748 1614 Toties
1801 1561 2098 1630 prophetis

399 1652 733 1722 promissus,
788 1666 999 1720 magna
1056 1649 1370 1702 similitudo
1418 1648 1804 1702 sacramenti:
1868 1650 1997 1704 ideo
2027 1653 2095 1705 de

397 1740 618 1810 virgine
649 1744 837 1802 natus,
871 1743 933 1790 ut
957 1736 1267 1790 'Ecclesiam
1319 1735 1426 1788 sibi
1479 1734 1759 1804 virginem
1785 1737 2092 1805 copularet.

396 1832 471 1882 De
501 1829 760 1882 thalamo.
797 1830 932 1895 (Anc
971 1825 985 1892 )
1017 1824 1076 1877 ld
1110 1828 1214 1889 est,
1266 1823 1530 1893 virginali
1575 1826 1762 1888 utero,
1822 1825 1917 1877 ubi
1947 1825 2096 1879 Deus

395 1917 663 1970 humanas
685 1920 928 1978 naturae,
975 1918 1038 1966 ut
1088 1928 1328 1982 sponsus
1377 1927 1622 1981 sponsae,
1667 1915 1962 1982 copulatus
1991 1920 2092 1968 est.

395 2005 533 2057 Ecce
563 2002 797 2056 humilis
853 2001 1262 2064 misericordia,
1313 2001 1408 2054 sed
1467 2000 1627 2054 fortis
1659 2002 1968 2071 majestate.
1996 2006 2094 2056 Gi-

393 2107 492 2158 gas
520 2091 596 2145 ad
626 2089 966 2144 currendum.
1011 2089 1214 2157 (Cass)
1249 2088 1758 2158 lmperturbabilis,
1815 2090 2097 2144 irrevoca-

391 2179 542 2244 bilis,
565 2180 875 2232 humanam
898 2181 1161 2230 naturam
1212 2176 1466 2246 potentia
1493 2193 1787 2247 superans.
1843 2181 1889 2232 Α
1945 2194 2092 2234 sum—

393 2285 495 2324 mo.
532 2269 630 2322 Hic
696 2267 943 2322 Trinitas
991 2266 1331 2332 ostenditur,
1385 2272 1516 2332 etc.,
1578 2281 1747 2335 usque
1814 2267 1889 2320 ad
1936 2274 2097 2321 notat

398 2357 673 2410 unitatem
728 2354 1042 2410 Trinitatis.
1073 2357 1176 2410 Nec
1230 2359 1309 2409 est
1356 2358 1454 2423 qui
1503 2369 1558 2409 se
1617 2356 1931 2420 abscondat,
1983 2363 2089 2410 etc.

391 2446 580 2514 (Auc.)
603 2443 852 2498 Verbum
872 2459 1004 2496 caro
1035 2443 1270 2508 factum,
1332 2459 1448 2496 non
1503 2443 1764 2513 permisit
1821 2444 2005 2498 ullum
2033 2461 2092 2498 se

391 2549 658 2587 excusare
689 2532 759 2587 de.
789 2531 993 2585 umbra
1042 2531 1282 2584 mortis:
1341 2531 1476 2601 quia
1507 2536 1562 2584 et
1608 2531 1789 2601 ipsam
1822 2537 2091 2602 penetra-

390 2624 470 2677 vit
497 2623 650 2676 calor
697 2620 872 2674 verbi.
909 2619 1026 2684 Vel,
1081 2619 1236 2672 calor
1280 2624 1364 2672 est
1415 2619 1680 2689 Spiritus,
1738 2635 1909 2689 quem
1939 2620 2095 2676 misit

393 2727 670 2777 reversus,
704 2709 805 2780 qui
839 2707 1386 2775 lex,testimonium,
1423 2706 1666 2778 justitia,
1717 2712 2086 2777 praeceptum,

393 2800 562 2854 timor
591 2803 648 2851 et
665 2795 905 2867 judicia,
940 2795 1076 2866 quia
1105 2795 1227 2848 haec
1251 2795 1389 2865 agit.

465 2889 625 2941 Vens.
659 2889 712 2940 8.
775 2915 845 2925 —
891 2886 1004 2939 Lea:
1047 2886 1282 2938 Domini.
1335 2883 1508 2953 (Cas)
1563 2883 1841 2944 Secundo.
1896 2883 2094 2938 laudat

396 2980 678 3045 praecepta
711 2972 849 3027 Novi
876 2977 933 3026 et
976 2971 1191 3024 Veteris
1237 2971 1598 3025 Testamenti.
1633 2971 1818 3042 (lbid.)
1854 2972 1959 3026 Lex
1993 2988 2094 3042 per
2125 2979 2164 3032 C

397 3066 620 3135 Moysen
654 3064 808 3128 data,
835 3060 1028 3114 omnia
1058 3060 1228 3114 verba
1259 3059 1746 3128 suajdistinctione
1776 3060 2091 3130 corrigens,

389 3159 445 3207 et
477 3153 543 3206 ad
577 3150 784 3207 Christi
813 3150 1055 3220 gratiam
1093 3149 1345 3202 mittens.
1386 3150 1722 3204 Convertens.
1782 3148 1965 3218 (Αυα.)
1999 3149 2086 3202 Li-

389 3241 631 3306 bertate,
644 3239 714 3293 ad
731 3254 790 3291 se
810 3236 1178 3305 imitandum,
1199 3251 1316 3290 non
1330 3251 1600 3306 premens
1612 3238 1756 3306 jugo
1782 3236 2084 3290 servitutis.

390 3330 616 3381 Anima.
649 3326 1004 3392 Voluntates,
1036 3341 1154 3378 non
1186 3327 1354 3378 modo
1374 3341 1595 3391 manus,
1625 3330 1684 3377 ut
1704 3325 1871 3378 Vetus
1896 3326 2089 3378 Testa-

391 3420 671 3468 mentum.
700 3415 1095 3467 Testimonium.
1152 3413 1535 3481 Qumcunqum
1575 3412 1904 3466 testimonia
1933 3413 2092 3467 dedit

391 3503 562 3558 Israel
589 3503 758 3573 plena
783 3505 918 3554 sunt
939 3501 1193 3565 veritate,
1223 3506 1280 3554 et
1301 3500 1614 3555 humilibus
1635 3501 1972 3572 sapientiam
1985 3501 2089 3556 de-

393 3593 619 3647 derunt.
649 3593 988 3661 Sapientiam
1022 3606 1034 3643 :
1072 3589 1140 3642 de
1173 3589 1396 3644 divinis.

487 3681 649 3734 Vens.
716 3681 768 3733 9.
818 3708 887 3717 —
941 3679 1189 3732 Justitiz
1240 3678 1470 3730 Domini.
1530 3676 1715 3747 (lbid.)
1771 3676 1979 3732 Omnes
2026 3676 2086 3730 in

391 3770 488 3823 illo
512 3774 682 3834 recte,
710 3767 810 3838 qui
835 3782 950 3821 non
983 3766 1174 3820 docuit
1200 3765 1354 3836 quod
1380 3782 1496 3818 non
1527 3765 1673 3830 fecit,
1710 3769 1770 3818 ut
1799 3765 2086 3820 imitantes

389 3858 708 3926 gauderent
735 3856 794 3909 in
826 3855 926 3920 eis,
960 3854 1060 3926 qui
1091 3855 1268 3907 libere
1319 3869 1446 3906 cum
1507 3854 1782 3908 charitate
1813 3854 2083 3918 facerent,

389 3961 508 3999 non
540 3943 821 3999 serviliter
849 3959 978 3997 cum
1009 3943 1236 3997 timore.
1271 3943 1466 4013 (CASS.)
1524 3944 1782 4012 Iustitiae,
1831 3943 1919 3996 lex
1953 3958 2083 4013 qua:

382 4033 697 4104 justiﬁcat;
731 4031 1008 4104 quidquid
1042 4031 1303 4102 praecipit
1326 4031 1547 4101 justum
1569 4035 1669 4085 est.

461 4121 617 4175 Vens.
666 4121 750 4174 l0.
806 4150 876 4161 —
937 4120 1122 4173 Timor
1169 4121 1386 4173 Domini
1428 4118 1611 4190 (Ibid.)
1657 4119 1853 4172 Timor
1889 4117 2082 4171 saeculi

390 4227 507 4266 non
535 4215 782 4275 sanctus,
821 4210 956 4281 quia
984 4225 1099 4262 non
1132 4210 1439 4279 proﬁcuus,
1473 4213 1532 4262 et
1563 4223 1693 4261 cum
1722 4207 2080 4278 temporibus

390 4305 661 4354 mutatur.
712 4301 893 4354 Timor
936 4300 1151 4352 Domini
1225 4297 1348 4352 sine
1396 4297 1556 4350 omni
1631 4296 2086 4366 perturbatione,

393 4388 530 4458 quia
585 4392 669 4442 est
720 4387 889 4441 mista
935 4402 1063 4440 cum
1113 4401 1324 4455 pavore
1356 4384 1603 4450 dilectio,
1664 4384 1801 4454 quia
1849 4384 1895 4436 si
1927 4383 2090 4437 timet

381 4475 654 4546 judicem,
709 4475 813 4528 scit
867 4473 1320 4528 misericordem.
1359 4473 1541 4542 (AUG.)
1589 4473 1799 4537 Timor,
1847 4487 1963 4525 non
1992 4470 2088 4524 ille

388 4563 630 4634 paenalis
674 4579 777 4633 pro
833 4562 1078 4617 terrenis
1126 4576 1372 4632 quorum
1419 4575 1615 4614 amore
1666 4559 1937 4614 formidat
1962 4559 2088 4612 ani-

387 4667 500 4716 ma,
534 4650 631 4704 sed
672 4655 878 4715 castus,
914 4667 1028 4720 quo
1081 4654 1298 4720 quanto
1345 4648 1553 4719 diligit,
1610 4654 1771 4702 cavet
1800 4648 2086 4703 offendere

388 4756 682 4812 sponsum,
715 4744 772 4794 et
801 4739 930 4793 ideo
960 4755 1078 4792 non
1111 4739 1259 4792 foras
1311 4737 1579 4804 mittitur,
1638 4737 1735 4792 sed
1765 4742 2084 4808 permanet.

385 4830 624 4884 Judicia.
656 4827 877 4883 Judicia
908 4827 1008 4882 Dei
1039 4843 1157 4880 non
1213 4831 1385 4896 egent
1438 4825 1672 4880 alterius
1729 4825 2082 4880 auctoritate.

462 4920 634 4973 Vens.
669 4922 753 4972 Η.
777 4947 838 4957 —
871 4916 1265 4971 Desiderabilia
1285 4914 1467 4985 (lbid.)
1518 4913 1636 4980 Vel,
1669 4915 1917 4968 multum
1946 4915 2087 4969 desi-

387 5007 681 5072 derabilia,
713 5006 799 5060 vel
816 5005 1061 5060 multum
1080 5020 1284 5059 aurum
1306 5008 1361 5057 et
1380 5002 1523 5074 lapis
1557 5003 1677 5071 ;vel
1693 5004 1936 5058 multum
1958 5019 2085 5073 pre-

386 5097 618 5151 tiosum.
654 5093 1085 5149 Desiderabillia
1104 5109 1274 5161 super
1299 5109 1519 5152 aurum.
1539 5095 1668 5157 etc.,
1690 5107 1858 5160 usque
1877 5092 1970 5156 ad,
1993 5108 2084 5144 cu-

383 5187 476 5256 jus
503 5185 854 5238 voluntatem
878 5198 996 5236 sua:
1026 5181 1332 5252 praeponit,
1365 5185 1423 5235 et
1465 5179 1718 5235 dulciora
1746 5185 1880 5233 sunt
1909 5197 2080 5250 quam

385 5274 506 5343 ipse
529 5273 657 5327 sibi.
691 5273 866 5343 Super
885 5286 1102 5337 aurum,
1157 5269 1213 5326 id
1251 5272 1336 5324 est
1365 5283 1537 5323 omne
1587 5267 1740 5339 quod
1771 5269 2078 5338 appetitur,

384 5375 491 5431 pro
519 5361 749 5428 divitiis,
804 5360 891 5414 vel
950 5358 1226 5428 potentia,
1283 5358 1369 5411 vel
1435 5373 1540 5428 pro
1586 5355 1899 5426 voluptate.
1955 5358 2078 5411 Mel.

385 5448 557 5502 Cibus
620 5447 719 5503 Dei
775 5450 861 5501 est
931 5446 1096 5511 mel;
1155 5446 1376 5501 solutus
1451 5446 1574 5516 jam
1626 5461 1658 5499 a
1713 5443 1964 5510 saeculo;
2027 5449 2082 5498 et

391 5539 566 5603 favus,
591 5535 648 5591 id
678 5538 782 5602 est,
837 5533 972 5606 quia
1030 5534 1217 5590 adhuc
1273 5533 1754 5606 circumplicatnr,
1813 5531 1905 5587 cui
1935 5547 2080 5603 opus

2208 505 2344 554 tam.

2278 591 2434 643 Vens.
2475 593 2557 644 t3.
2615 619 2684 632 -—
2744 591 2958 646 Delicta
3012 594 3154 660 quis.
3213 593 3402 662 (lbid.)
3463 595 3636 648 Tertio
3662 597 3778 665 petit
3800 614 3844 650 se

2207 693 2240 730 a
2264 677 2416 731 vitiis
2441 679 2700 749 purgari,
2735 684 2797 732 ut
2824 678 2897 733 sit
2927 679 3135 750 dignus
3161 681 3480 743 Psalmista,
3535 683 3627 752 qui
3647 684 3747 738 haec
3769 701 3843 739 re-

2209 767 2350 819 ferat
2383 771 2753 829 sacramenta.
2810 767 2981 820 Menti
3039 767 3256 821 videnti
3300 769 3489 821 suavis
3543 775 3622 823 est
3661 771 3842 836 veritas,

2207 852 2394 907 dulcia
2417 853 2632 924 judicia
2658 872 2670 921 ;
2703 872 2820 909 non
2859 855 3076 910 videnti
3107 873 3237 927 qua:
3260 857 3505 911 suavitas
3524 857 3551 912 7
3597 859 3681 912 sed
3707 875 3843 928 quare

2207 957 2321 994 non
2381 942 2652 996 videtur?
2707 950 2940 1014 propter
2996 945 3239 999 delicta:
3297 961 3403 999 nec
3463 945 3657 1000 mirum
3685 951 3847 1002 Delicta

2205 1032 2345 1084 enim
2375 1034 2496 1100 quis
2515 1033 2771 1100 intelligit
2799 1033 2827 1086 ?
2867 1033 3070 1103 (Class)
3104 1035 3348 1088 Delicta:
3399 1034 3604 1098 omnia,
3634 1036 3844 1105 quaedam

2206 1118 2361 1172 enim
2393 1125 2526 1173 nota
2555 1125 2708 1174 sunt.
2741 1122 2862 1175 Mea
2919 1120 3246 1192 inquinant,
3292 1123 3476 1176 aliena
3528 1122 3783 1192 afﬂigunt,
3807 1131 3849 1177 et

2197 1207 2321 1277 jam
2376 1222 2564 1277 parce,
2619 1209 2832 1278 repelle
2893 1225 3204 1264 suasorem.
3261 1211 3352 1264 Ab
3397 1213 3630 1265 occultis.
3688 1211 3850 1266 Omnia

2206 1302 2435 1368 peccata
2463 1297 2687 1351 duobus
2717 1297 2978 1364 includit,
3037 1303 3166 1365 etc.,
3216 1314 3386 1368 usque
3443 1300 3517 1353 ad
3563 1315 3669 1370 quo
3717 1301 3850 1354 homo

2207 1385 2472 1440 seductus
2520 1391 2644 1453 est;
2695 1391 2752 1440 et
2807 1387 3218 1441 consentiendo
3269 1388 3402 1441 fecit
3456 1404 3634 1442 suum.
3705 1391 3845 1456 (Am)

2207 1474 2331 1527 Non
2363 1480 2448 1526 est
2472 1475 2658 1544 majus
2683 1475 2950 1528 delictum
2982 1492 3154 1546 quam
3189 1481 3512 1546 apostatare
3534 1494 3564 1529 a
3587 1477 3708 1540 Deo,
3728 1480 3844 1545 quod

2207 1568 2293 1614 est
2318 1561 2549 1615 initium
2582 1563 2899 1633 superbiae:
2963 1564 3228 1635 superbia
3262 1581 3394 1618 vero
3448 1571 3532 1618 est
3583 1566 3780 1619 initium
3809 1573 3849 1618 et

2206 1666 2374 1704 causa
2403 1651 2589 1705 omnis
2619 1651 2854 1721 peccati.

2843 1812 2964 1868 PSA
2974 1812 3150 1868 LMUS
3181 1815 3313 1868 XIX.

2273 1953 2335 2005 In
2383 1954 2563 2020 ﬁnem.
2630 1951 2824 2021 (ωδε.)
2883 1952 3089 2023 Figura
3155 1953 3458 2024 operandi,
3515 1971 3638 2026 quae
3662 1959 3852 2007 ventura

2203 2045 2338 2093 sunt
2371 2035 2657 2110 Propheta
2686 2041 2856 2095 canit.

2275 2128 2466 2199 (Μία.)
2497 2129 2781 2200 Propheta
2803 2146 2869 2183 ex
2898 2129 3076 2184 nimia
3102 2130 3375 2185 charitate
3425 2135 3585 2202 optat
3623 2147 3847 2201 prospere

2204 2216 2429 2270 evenire
2471 2217 2749 2280 Ecclesiae,
2799 2234 2927 2290 qum
2988 2235 3092 2289 per
3141 2220 3435 2274 Christum
3495 2220 3707 2274 videbat
3747 2235 3844 2272 ven-

2202 2310 2350 2358 tura.

2273 2396 2434 2448 Vens.
2468 2397 2522 2447 2.
2547 2425 2615 2434 —
2658 2394 2940 2448 Exaudiat
2973 2412 2985 2448 :
3016 2412 3144 2466 qum
3202 2400 3465 2467 tempore
3521 2395 3848 2450 tribulationis

2201 2481 2320 2534 vult
2348 2481 2402 2534 ei
2430 2480 2574 2535 ﬁeri.
2604 2483 2675 2535 In
2699 2482 2784 2535 die
2815 2483 3205 2550 tribulationis,
3237 2499 3352 2554 quo
3423 2484 3626 2553 majori
3679 2482 3848 2536 deside-
3965 2543 3967 2550 ι

2200 2570 2285 2623 rio
2319 2571 2498 2623 Deum
2531 2586 2850 2640 precamur.
2886 2573 2985 2626 Dei
3011 2572 3204 2632 Jacob,
3251 2578 3311 2626 ut
3358 2572 3506 2626 sicut
3534 2573 3633 2639 illi,
3684 2571 3750 2626 ita
3774 2571 3848 2624 tibi

2203 2657 2436 2680 Α..-Λζ--.
2477 2658 2505 2680 L
2535 2659 2888 2680 ._-.‘l:-|2.__:_
2928 2659 3008 2680 J-‘
3072 2665 3118 2680 ,Α
3155 2665 3451 2680 __.___A_._A
3484 2661 3673 2680 l_-j--2-

2199 2657 2441 2726 gratiam
2475 2658 2891 2712 benedictionis
2921 2659 3033 2722 det,
3067 2665 3122 2713 et
3149 2665 3454 2730 praeponat
3474 2661 3692 2715 Judazis.

2271 2747 2428 2801 Vens.
2503 2750 2553 2802 3.
2615 2777 2684 2787 —
2763 2749 3016 2802 Mittat:
3093 2757 3273 2820 pater.
3355 2753 3668 2817 Auxilium,
3716 2748 3852 2802 misso

2202 2836 2363 2889 Filio.
3965 2847 3967 2886 I

2225 2923 2228 2928 ’
2273 2924 2431 2977 Vens.
2465 2924 2518 2978 4.
2550 2954 2617 2965 -
2639 2927 2862 2980 Memor.
2902 2925 3034 2996 Agit
3074 2926 3237 2995 quasi
3287 2926 3355 2979 de
3384 2927 3664 2981 sacerdote
3693 2925 3855 2978 immo-

2204 3011 2388 3065 laturo
2441 3017 2495 3065 et
2538 3027 2670 3081 rege
2719 3019 3066 3084 pugnaturo.
3123 3014 3411 3084 Sacriﬁcii.
3457 3012 3852 3085 (lbid.)Sacrili~

2200 3098 2353 3152 cium
2412 3100 2669 3154 Ecclesia;
2725 3101 3092 3171 praevidebat,
3127 3118 3240 3156 non
3285 3102 3591 3172 pecudum,
3645 3101 3729 3155 sed
3759 3116 3858 3152 sau-

2201 3187 2393 3257 guinis
2424 3193 2477 3242 et
2509 3189 2761 3260 corporis
2789 3189 3016 3244 Christi.

2271 3275 2413 3329 Vens
2468 3279 2517 3330 5.
2598 3307 2664 3316 —
2699 3278 2949 3333 Tribuat.
3010 3279 3382 3349 Diaspsalma,
3455 3295 3582 3350 quae
3635 3282 3855 3347 tempore

2199 3363 2397 3432 gloria:
2450 3369 2610 3436 optat
2667 3373 2722 3419 et
2777 3366 3045 3421 afﬁrmat.
3098 3367 3275 3422 Omne.
3336 3367 3526 3437 (Αυο.)
3559 3367 3675 3420 Νοη
3703 3365 3855 3418 solum

2197 3468 2310 3522 quo
2339 3454 2588 3508 animam
2645 3457 2886 3524 posuisti
2938 3472 3041 3527 pro
3085 3457 3199 3511 vita
3256 3455 3633 3527 plurimorum
3663 3470 3676 3524 ;
3706 3455 3788 3508 sed
3815 3460 3858 3504 cl

2198 3557 2311 3610 quo
2363 3544 2574 3596 caecitas
2616 3558 2683 3595 ea:
2709 3549 2870 3613 parte
2906 3547 3132 3612 contigit
3179 3546 3239 3598 in
3268 3546 3460 3614 Israel,
3496 3549 3546 3598 et
3601 3546 3673 3598 sic
3715 3544 3856 3596 omnis

2197 3630 2373 3683 Israel
2398 3632 2580 3684 salvus
2599 3630 2769 3701 ﬁeret.

2267 3719 2426 3772 Vens.
2482 3722 2533 3774 6.
2595 3749 2663 3760 —
2713 3721 3288 3791 Laetabimur.(lbid.)
3335 3722 3468 3776 Ideo
3514 3723 3630 3776 hinc
3681 3719 3852 3778 oratiu,

2196 3808 2331 3876 quia
2359 3808 2686 3862 laetabimur
2713 3816 2771 3862 et
2803 3810 3325 3880 magnificabimur,
3352 3811 3600 3864 ostendit
3625 3826 3678 3862 se
3709 3821 3852 3861 unum

2193 3895 2262 3948 de
2295 3896 2535 3949 Ecclesia
2560 3902 2717 3951 tanto
2750 3902 2880 3952 ante
2911 3904 3186 3968 tempore.

2285 3984 2444 4038 Vens.
2501 3989 2552 4039 7.
2614 4015 2671 4028 -
2733 3987 2804 4040 In
2849 3988 3239 4056 potentatibus.
3315 3989 3504 4057 (Αυο.)
3563 3988 3854 4041 Potentatus

2193 4072 2370 4126 nostri
2403 4077 2535 4126 sunt
2558 4074 2708 4128 salus
2733 4074 2941 4129 favoris
2971 4076 3093 4145 ejus
3123 4092 3253 4130 cum
3312 4081 3367 4129 et
3398 4077 3466 4130 de
3523 4072 3853 4130 tribulatione

2192 4159 2288 4214 dat
2345 4161 2642 4229 auxilium,
2703 4163 2839 4234 quia
2894 4181 3039 4218 vana
3094 4165 3246 4218 salus
3295 4165 3618 4230 hominum,
3649 4177 3763 4234 qua:
3790 4162 3854 4212 est

2122 4256 2167 4310 D
2201 4248 2466 4313 sinistrae,
2491 4250 2645 4304 unde
2676 4256 2732 4306 et
2763 4253 3031 4324 superbia
3090 4253 3361 4308 nascitur.
3418 4253 3581 4310 Salus
3634 4252 3848 4305 dextere.

2200 4337 2406 4408 (Ibid.),
2441 4338 2497 4394 id
2531 4344 2624 4428 est
2663 4341 2847 4411 gratia
2903 4342 3234 4412 spiritualis,
3291 4347 3419 4408 etc.,
3464 4357 3632 4412 usque
3684 4339 3751 4394 ad
3775 4335 3849 4408 qui

2195 4430 2424 4481 terrena
2454 4428 2735 4499 dignitate
2763 4435 3137 4500 praesumunt.

2833 4598 3145 4653 PSALMUS
3173 4598 3277 4654 XX.

2270 4737 2434 4790 Vens.
2470 4741 2516 4792 ί.
2554 4767 2621 4778 -—
2650 4740 2715 4792 In
2741 4741 2920 4808 ﬁnem.
2979 4740 3202 4794 Tertius
3249 4742 3499 4810 psalmus
3547 4740 3617 4794 de
3665 4733 3852 4792 duabus

2195 4825 2411 4880 naturis
2436 4824 2498 4879 in
2527 4825 2768 4893 Christo,
2787 4827 3072 4882 caelestem
3102 4844 3298 4900 regem
3353 4827 3638 4891 describit,
3670 4831 3725 4878 ut
3770 4836 3848 4875 au-

2195 4913 2317 4968 ditu
2362 4914 2558 4969 credat
2614 4915 2882 4984 mundus,
2949 4932 3122 4986 quem
3173 4917 3358 4971 visum
3423 4915 3728 4970 contemnit
3770 4911 3842 4964 lu-

2193 5001 2372 5056 dasus.
2435 5004 2949 5060 Demonstrntivam
3003 5005 3137 5060 facit
3191 5006 3510 5060 orationem
3569 5007 3626 5058 in
3655 5000 3848 5056 laudem

2194 5089 2314 5145 Dei.

2264 5181 2425 5236 Vens.
2458 5183 2510 5236 2.
2543 5211 2612 5222 —
2645 5184 2864 5236 Domine
2892 5185 2951 5236 in
2977 5185 3179 5237 virtute
3225 5187 3320 5236 tua
3357 5183 3641 5238 laetabitur.
3669 5176 3842 5250 (ωδε.)

2189 5267 2484 5323 Summam
2524 5271 2813 5340 proponit,
2857 5270 3084 5332 scilicet,
3133 5273 3401 5326 meritum
3451 5277 3506 5326 et
3559 5268 3837 5341 premium.

2258 5356 2417 5412 Vens.
2447 5360 2502 5412 4.
2536 5387 2602 5399 --
2643 5361 2905 5424 Quoniam
2919 5362 3250 5427 praevenisti.
3279 5360 3479 5431 (Cass)
3522 5357 3838 5430 Diapsalma;

2188 5445 2428 5499 virtutes
2483 5446 2610 5516 ejus
2638 5451 2695 5501 et
2743 5446 2989 5519 gloriam
3045 5447 3334 5517 describit,
3413 5444 3539 5514 etc.,
3609 5437 3840 5514 usquead

2189 5532 2352 5602 quasi
2382 5533 2554 5604 capiti
2605 5533 2666 5587 in
2697 5549 2964 5588 coronam
3015 5533 3297 5590 Coronam.
3339 5535 3534 5605 (lbid.)
3571 5533 3704 5597 Quia
3749 5529 3837 5582 cir-
