4034 6180
154 304 262 356 873

155 517 366 570 mundi
391 518 658 583 circulus,
692 517 746 571 id
778 524 881 584 est,
916 519 1162 573 Ecclesia
1201 523 1502 591 generalis.

236 606 405 659 Vens.
449 609 501 660 6.
554 636 625 647 —
668 609 730 661 In
760 609 999 661 salutari
1045 614 1179 663 tuo:
1231 611 1462 677 gloriam
1508 616 1558 666 et
1614 630 1870 680 magnum

155 694 431 759 decorem,
487 700 592 749 etc.
647 695 845 765 (Cass)
908 697 1089 751 Verbo
1140 698 1345 766 Patris,
1402 715 1529 769 qua:
1584 699 1716 754 inde
1748 702 1869 771 glo-

160 782 271 836 ria.
327 785 575 837 Gloriam
634 784 704 837 de
760 785 998 854 judicio,
1041 786 1177 856 quia
1206 786 1266 840 in
1301 787 1519 841 Deitate
1567 788 1865 857 judicabit.

168 874 421 925 Decorem
482 872 541 925 in
606 873 923 943 majestate,
972 891 1100 944 qua:
1158 880 1295 928 tunc
1360 878 1677 946 apparebit.
1738 879 1867 933 Glo-

164 957 315 1011 riam
366 964 416 1011 et
471 974 728 1027 magnum
767 959 1025 1026 decorem,
1084 967 1191 1015 etc.
1264 964 1576 1030 Gloriosus,
1634 971 1697 1018 ut
1767 967 1869 1019 Pe-

166 1051 319 1113 trus,
368 1048 530 1117 cujus
613 1047 818 1102 umbra
873 1048 1090 1103 inﬁrmi
1151 1051 1538 1117 sanabantur;
1596 1057 1652 1106 et
1700 1052 1870 1106 decor

169 1140 260 1188 est
300 1150 462 1204 super
488 1152 628 1201 eum,
681 1142 890 1204 praeter
920 1154 1092 1207 quem
1151 1155 1269 1192 non
1317 1144 1401 1193 est
1459 1140 1614 1194 aliud
1664 1140 1863 1195 funda-

166 1228 453 1279 mentum.
494 1226 626 1278 Ideo
646 1240 809 1294 super
836 1242 973 1290 eum,
1008 1228 1283 1295 quoniam
1304 1229 1577 1285 dabis.....

243 1313 408 1366 Vens.
470 1318 523 1367 7.
574 1343 643 1353 —
700 1316 759 1368 In
813 1316 1015 1383 gaudio
1079 1332 1198 1370 cum
1246 1319 1401 1372 vultu
1445 1323 1549 1372 tuo.
1601 1321 1867 1389 Quoniam

158 1416 269 1457 rex
318 1406 499 1470 sperat
551 1403 611 1455 in
662 1405 905 1469 Domino,
938 1410 988 1457 et
1043 1406 1102 1457 in
1130 1407 1528 1475 misericordia,
1558 1412 1665 1461 etc.
1719 1406 1862 1477 (11).).

162 1490 228 1543 Id
261 1497 366 1553 est,
428 1490 498 1544 de
530 1490 635 1543 hoc
686 1492 839 1561 quod
874 1493 961 1545 sui
1014 1494 1348 1563 gaudebunt
1393 1511 1524 1549 cum
1580 1501 1679 1550 tua
1718 1512 1864 1566 pra:-

159 1579 373 1644 sentin,
406 1580 639 1649 quando
672 1580 1001 1635 erisiomnia
1030 1583 1087 1636 in
1115 1584 1399 1637 omnibus.

1289 309 1544 366 GLOSSA
1582 310 1984 370 0RDINARIA.
2024 345 2096 358 —
2137 317 2265 372 LIB.
2317 318 2561 373 PSALM.

153 428 414 481 cumitus
445 429 856 498 Apostolorum
887 430 1183 486 docentem
1238 433 1548 501 ambiebat,
1600 437 1684 490 vel
1718 441 1869 491 totus
1897 440 1943 491 A

3580 324 3685 379 874

3133 443 3319 515 (Auc.)
3382 446 3682 517 [lucusque

1982 527 2238 581 Christus
2309 528 2369 582 in
2430 545 2674 599 persona
2762 532 2967 585 veteris
3062 532 3332 597 hominis,
3390 532 3482 587 hic
3557 535 3679 603 jam

1978 614 2211 684 proprie
2245 614 2304 668 in
2360 632 2463 669 sua
2502 634 2746 687 persona
2802 619 3075 689 loquitur.
3133 622 3247 687 Ego
3289 625 3496 675 autem.
3554 621 3680 675 Jam

1980 703 2214 773 proprie
2264 704 2540 773 Christus,
2602 706 2723 759 sine
2765 708 2983 761 semine
3034 712 3198 761 natus
3261 725 3407 774 sum,
3468 714 3530 762 ut
3584 726 3680 763 es-

1980 806 2097 844 sem
2160 792 2310 846 ultra
2365 792 2622 847 homines
2674 795 2731 848 in
2764 796 3019 861 homine,
3070 796 3274 867 inquo
3336 797 3516 851 factus
3548 813 3676 851 sum

1979 879 2377 948 opprobrium,
2437 886 2501 934 ut
2556 883 2637 935 vel
2690 883 2767 936 sic
2798 883 3067 952 superbia
3098 883 3346 937 hominis
3390 884 3673 939 humilem

1978 965 2253 1022 imitetur.
2296 970 2503 1023 Vermis
2548 976 2597 1024 et
2651 986 2756 1024 non
2809 974 2982 1035 homo,
3034 972 3404 1040 opprobrium.
3460 972 3671 1043 (ωδε.)

1979 1056 2061 1108 Ita
2089 1056 2279 1110 viliter
2324 1059 2707 1125 conculcatus,
2761 1065 2889 1125 etc.,
2947 1076 3115 1128 usque
3166 1061 3240 1113 ad
3290 1062 3520 1129 vermis,
3550 1062 3672 1115 sine

1976 1144 2131 1198 coitu
2180 1152 2369 1211 natus,
2401 1147 2677 1214 mortalis,
2725 1148 2960 1202 humilis
2990 1154 3045 1203 et
3089 1149 3232 1214 vilis,
3301 1149 3531 1203 silentio
3580 1166 3671 1205 re-

1975 1248 2134 1302 pens.

2049 1322 2210 1375 Vens.
2267 1325 2319 1378 9.
2351 1353 2420 1363 —
2457 1324 2711 1393 Speravit
2761 1327 2820 1378 in
2872 1328 3110 1391 Domino,
3171 1331 3275 1380 etc.
3310 1326 3513 1396 (Cass)
3573 1326 3668 1380 Di-

1974 1415 2162 1463 centes
2207 1426 2220 1463 :
2270 1410 2442 1479 Spera
2503 1414 2558 1465 in
2612 1415 2853 1477 Domino,
2905 1418 3012 1467 etc.
3078 1415 3264 1467 Ironia
3314 1415 3666 1483 Iudaeorum,

1975 1513 2103 1551 ecce
2175 1499 2341 1569 quasi
2413 1500 2722 1554 historialis
2784 1502 3053 1567 narratio,
3102 1518 3217 1556 non
3246 1503 3568 1573 prophetia,
3597 1520 3667 1558 ne

1974 1601 2085 1655 qua
2102 1586 2173 1639 sit
2198 1587 2507 1653 excusatio,
2541 1605 2612 1642 ne
2637 1605 2751 1659 qua
2781 1589 3142 1659 ambiguitas.

2054 440 2215 494 Vens.
2274 445 2326 494 7.
2378 472 2443 480 —
2499 443 2612 509 Ego
2684 447 2881 497 autem.
2948 447 3052 497 etc.

234 1669 399 1766 v5“;
530 1699 601 1765 ᾖ
649 1670 974 1767 Inveni-"tu"
1017 1686 1207 1767 mafmf'
1250 1677 1364 1767 tu}?!
1433 1676 1544 1767 eis:
1592 1672 1731 1767 (ξιξ)
1784 1675 1862 1727 De
1901 1713 1942 1767 Β
2049 1693 2203 1746 Vens.
2274 1696 2355 1746 10.
2418 1725 2485 1732 —
2541 1694 2622 1748 Ab
2685 1694 2956 1749 uberibus.
3010 1696 3131 1748 Non
3186 1713 3249 1749 ex
3303 1712 3416 1767 quo
3470 1696 3666 1750 lactari

154 1756 346 1825 pcenis
378 1756 765 1822 inimicorum,
796 1762 853 1810 ut
880 1775 1052 1828 supra
1086 1759 1153 1811 de
1184 1760 1449 1813 laudibus
1489 1760 1719 1814 Christi.

232 1845 405 1899 Vens.
468 1848 550 1898 11.
601 1876 670 1884 —
730 1848 982 1899 Fructum
1030 1863 1210 1901 eorum
1257 1849 1322 1901 de
1375 1854 1520 1911 terra
1567 1850 1783 1918 perdes,
1815 1856 1866 1905 et

158 1949 341 1988 semm
399 1950 596 1987 eorum.
636 1935 758 1988 Non
798 1935 907 1988 erit
962 1935 1043 1988 cis
1096 1937 1313 1990 fructus
1370 1938 1741 1992 beatitudinis
1801 1939 1862 1993 in

157 2028 318 2076 terra
344 2022 679 2076 viventium.

235 2112 397 2166 Vens.
460 2115 542 2166 13.
576 2143 643 2151 —
676 2114 943 2177 Quoniam
994 2129 1173 2182 pones.
1229 2114 1430 2183 (Cass)
1486 2115 1643 2168 Dicta
1672 2115 1740 2169 de
1772 2117 1861 2169 fu-

149 2205 309 2263 tura,
352 2205 481 2266 etc.,
527 2215 696 2269 usque
743 2202 817 2254 ad
874 2206 937 2255 ut
961 2218 1089 2254 cum
1122 2207 1393 2272 putarent
1441 2203 1718 2270 occidere,
1770 2221 1859 2257 sa-

155 2288 249 2341 lus
286 2288 467 2341 ﬁeret.

235 2378 400 2430 Vens.
441 2378 523 2431 14.
558 2407 626 2417 -
655 2379 933 2432 Exaltare.
975 2379 1106 2448 (Ιο.)
1133 2379 1451 2434 Conclusio.

765 2571 985 2626 PSALM
997 2571 1079 2626 US
1109 2573 1253 2627 XXI.

234 2729 395 2781 Vens.
450 2729 509 2781 2.
563 2757 631 2765 —
664 2728 819 2793 Deus,
874 2729 1032 2781 Deus.
1062 2726 1266 2794 (CAss.)
1308 2726 1685 2780 Prxmittitur
1717 2744 1858 2780 con—

162 2816 385 2887 questio
411 2815 479 2870 de
533 2816 924 2881 dcrelictioue,
961 2832 1061 2867 nec
1097 2831 1211 2867 non
1269 2820 1323 2868 et
1356 2815 1558 2880 oratio,
1602 2816 1747 2869 sicut
1798 2816 1857 2868 in

160 2905 429 2959 omnibus
476 2904 711 2974 psalmis
766 2904 834 2957 de
884 2904 1167 2973 passione.
1221 2906 1413 2971 (Ana,
1448 2904 1629 2970 CASS.)
1689 2906 1854 2969 Deus,

160 2997 301 3048 Deus
353 3010 367 3046 :

156 3080 467 3135 creationis
526 3081 861 3150 potentiam,
944 3095 1089 3134 meus
1140 3081 1371 3151 proprie
1434 3097 1536 3150 per
1602 3082 1845 3135 cultum.

159 3170 352 3238 (AUG.)
436 3167 673 3232 Quando
737 3168 843 3220 hoc
925 3167 985 3220 in
1033 3183 1197 3219 cruce
1263 3168 1502 3231 dixerat,
1572 3171 1854 3237 psalmum

157 3260 338 3311 istum
409 3257 477 3309 de
566 3272 623 3307 se
671 3254 944 3325 scriptum
1006 3254 1292 3308 indicavit.
1366 3258 1586 3324 Respice
1634 3260 1693 3310 in
1752 3273 1851 3313 me.

157 3346 368 3415 (Cass)
429 3346 550 3397 Non
605 3348 689 3397 est
768 3344 826 3397 in
906 3343 1162 3408 Hebraeo,
1238 3344 1333 3396 sed
1406 3360 1436 3396 a
1492 3345 1857 3415 septuaginta

158 3434 574 3505 interpretibus
606 3432 881 3486 additum.
934 3433 1109 3497 Quare
1146 3447 1228 3485 me
1269 3432 1643 3500 dereliquisti‘?
1671 3432 1854 3503 (Acc.)

164 3524 367 3578 Mirum
394 3521 521 3589 hoc,
552 3536 682 3574 cum
714 3526 771 3574 et
810 3522 958 3575 Deus
1000 3526 1146 3573 esset
1177 3536 1306 3573 cum
1354 3536 1453 3585 eo;
1488 3522 1584 3575 sed
1618 3539 1720 3592 pro
1752 3539 1853 3575 no-

162 3612 271 3677 bis,
328 3611 428 3682 qui
476 3610 536 3663 in
587 3626 653 3663 eo
704 3625 911 3680 corpus
963 3610 1106 3678 ejus.
1182 3612 1354 3676 Longe
1404 3625 1437 3661 a
1492 3612 1667 3664 salute
1716 3627 1852 3677 mea,

158 3701 215 3755 id
249 3706 353 3763 est,
401 3699 517 3753 mei
571 3699 777 3752 veteris
828 3697 1101 3763 hominis,
1153 3697 1286 3767 quia
1342 3698 1493 3764 longe
1550 3706 1854 3767 apeccato.

150 3790 306 3844 ribus
336 3790 505 3853 salus,
564 3794 621 3842 et
651 3787 772 3840 haec
851 3790 995 3841 sunt
1044 3786 1217 3839 verba
1270 3802 1388 3839 non
1441 3788 1705 3856 justitias,
1755 3788 1853 3842 sed

151 3878 519 3934 delictorum.
557 3876 677 3941 Vel,
710 3877 879 3941 longe
937 3891 970 3927 a
1000 3874 1180 3928 salute
1238 3880 1372 3929 sunt
1419 3876 1592 3929 verba
1618 3876 1853 3930 delicto-

153 3983 292 4023 rum
320 3981 603 4032 meorum,
627 3981 755 4035 quae
782 3969 916 4017 sunt
946 3964 1220 4018 tollenda.

228 4057 395 4109 Vens.
439 4058 491 4108 3.
552 4086 616 4093 —
675 4054 945 4109 Clamabo.
1018 4055 1196 4123 (Ana)
1252 4054 1330 4107 De
1370 4053 1557 4119 nobis,
1616 4071 1858 4124 corpore

156 4161 268 4199 suo
300 4144 461 4210 dicit,
488 4147 549 4196 ut
580 4158 709 4197 cum
770 4142 914 4195 forte
941 4141 1078 4195 dicit
1111 4158 1124 4195 :
1190 4144 1452 4197 Transeat
1503 4159 1537 4195 a
1580 4159 1660 4197 me
1712 4144 1857 4197 calix

159 4236 286 4299 iste,
311 4232 494 4297 idest,
545 4235 782 4301 putatur
809 4230 1071 4284 timuisse
1126 4230 1300 4297 mori;
1348 4230 1442 4285 sed
1488 4247 1591 4301 pro
1626 4232 1742 4285 suis
1762 4232 1857 4285 in-

422 2993 678 3063 geminat
735 3009 798 3045 ex
848 2992 1071 3059 atfectu,
1131 2993 1217 3045 vel
1276 2996 1411 3045 Deus
1460 2992 1720 3047 omnium
1754 3009 1857 3063 per
1889 2990 1982 3063 ϐε

1973 1779 2140 1849 cmpi,
2199 1785 2332 1847 etc.,

1972 1874 2172 1922 ventre.

2404 1796 2573 1850 usque
2629 1782 2703 1836 ad
2760 1782 2856 1835 sed
2934 1782 3087 1835 fuisti
3149 1784 3295 1836 Deus
3348 1800 3528 1838 meus.
3592 1787 3666 1838 De

2044 1974 2203 2026 Vens.
2270 1975 2358 2027 11.
2416 2006 2483 2013 —
2529 1978 2601 2029 De
2629 1980 2825 2029 ventre.
2874 1976 3063 2045 (Αυο.)
3121 1977 3245 2031 Non
3300 1978 3485 2031 solum
3543 1995 3667 2032 ma-

1971 2060 2095 2126 tris,
2130 2078 2258 2132 quae
2291 2062 2379 2115 lex
2430 2064 2698 2116 nascendi
2729 2069 2810 2117 est
2859 2065 3154 2131 omnibus;
3188 2065 3284 2119 sed
3318 2066 3386 2119 de
3416 2066 3667 2120 tenebris

1968 2151 2305 2219 Synagogm,
2353 2151 2409 2203 in
2447 2152 2652 2221 quibus
2692 2151 2941 2205 inﬁdelis
2988 2158 3093 2217 est,
3128 2154 3386 2207 nondum
3428 2154 3487 2208 in
3536 2157 3661 2210 luce

1969 2238 2175 2293 Christi
2215 2244 2402 2305 natus,
2454 2240 2553 2309 qui
2582 2240 2639 2292 in
2673 2241 3165 2295 observationibus
3196 2242 3311 2295 illis
3340 2244 3666 2298 carnalibus

1967 2327 2185 2381 sabbati
2216 2333 2272 2381 et
2292 2328 2738 2383 circumcisionis
2768 2329 3021 2383 conﬁdii.

2058 2417 2344 2471 Vens.12.
2392 2449 2456 2457 —
2510 2419 2588 2472 Ne
2617 2417 2926 2471 discesseris
2982 2434 3017 2471 a
3070 2434 3169 2486 me,
3225 2419 3322 2489 qui
3377 2420 3499 2490 jam
3539 2436 3656 2475 coe-

1967 2504 2120 2574 pisti.

2041 2595 2119 2647 Tu
2162 2595 2462 2646 extruxisti
2493 2609 2505 2646 :
2544 2609 2657 2646 non
2690 2593 2798 2658 vir,
2833 2609 2904 2645 ne
2934 2592 3224 2646 dubitetur
3262 2593 3500 2664 virginis
3528 2611 3661 2665 par-

1968 2685 2077 2743 tus,
2105 2680 2314 2733 virtute
2350 2679 2446 2733 Dei
2494 2680 2703 2733 factum
2758 2685 2862 2734 est.
2899 2680 3029 2748 Spes
3059 2696 3175 2733 mea
3233 2680 3302 2734 ab
3357 2681 3611 2735 uberibus
3643 2698 3661 2736 :

1966 2785 2101 2822 vera
2160 2768 2485 2821 humanitas
2539 2774 2595 2821 et
2648 2784 2856 2838 magna
2905 2767 3213 2837 perfectio;
3255 2768 3326 2822 ab
3392 2768 3663 2823 uberibus

1966 2856 2117 2909 enim
2150 2856 2301 2920 facit,
2329 2855 2481 2925 quod
2513 2856 2599 2908 vix
2634 2862 2911 2909 maturus.

2038 2947 2109 2999 In
2137 2949 2185 2998 te
2214 2945 2484 3013 projectus
2514 2960 2653 3009 sum,
2686 2961 2800 2997 non
2858 2945 2917 2997 in
2966 2949 3194 3014 peccata
3240 2945 3507 3000 hominis.
3549 2947 3662 3000 Alii

1970 3034 2024 3087 in
2058 3033 2237 3087 Adam
2268 3032 2671 3103 projiciuntur,
2706 3048 2773 3086 ex
2808 3049 2920 3103 quo
2952 3033 3055 3086 rei.
3110 3034 3190 3087 De
3226 3039 3408 3087 ventre
3466 3038 3661 3089 matris

1962 3138 2107 3189 meae,
2153 3125 2288 3176 Deus
2335 3136 2501 3176 meus.
2560 3121 2760 3191 (ΕΑεε.)
2820 3122 2931 3175 Nec
2989 3120 3286 3191 conceptio
3341 3122 3462 3175 sine
3519 3125 3655 3189 Deo,

1963 3228 2067 3263 nec
2099 3210 2156 3263 in
2192 3214 2442 3281 peccato,
2508 3214 2570 3262 ut
2598 3209 2799 3275 homo;
2853 3209 3007 3263 unde
3052 3211 3300 3280 Angelus
3332 3227 3344 3264 :
3405 3211 3649 3280 Spiritus

1963 3303 2181 3353 sanctus
2228 3300 2567 3366 superveniet
2597 3300 2655 3351 in
2687 3302 2753 3351 te.

2038 3405 2195 3457 Vens.
2265 3407 2347 3457 13.
2408 3434 2475 3443 —-
2529 3403 3045 3458 Circumdederunt.
3126 3404 3251 3475 (10.)
3305 3404 3656 3459 Describitur

1963 3492 2172 3563 passio,
2225 3508 2399 3562 quam
2430 3492 2700 3546 terminat
2742 3492 2958 3559 oratio;
2999 3492 3068 3547 ad
3109 3492 3527 3548 convincendos
3553 3495 3653 3548 Ju-

1963 3582 2117 3635 daeos
2149 3580 2323 3633 refert
2350 3580 2540 3633 futura
2569 3580 2728 3650 quasi
2752 3580 3066 3650 praeterita.

2036 3670 2194 3721 Vens.
2262 3670 2343 3721 14.
2392 3697 2453 3707 -
2514 3670 2882 3736 Aperuerunt.
2918 3669 3035 3737 (Iu.)
3084 3670 3152 3722 Ut
3216 3668 3350 3722 ferae
3407 3670 3657 3723 volentes

1966 3755 2268 3825 deglutire,
2312 3772 2372 3807 os
2405 3772 2594 3822 suum,
2646 3772 2764 3809 non
2811 3756 2882 3809 ad
2941 3756 3279 3827 sapientiam
3313 3760 3652 3812 reseratum.

1964 3844 2114 3898 Sicut
2146 3845 2241 3897 leo.
2302 3844 2499 3913 (Ave)
2536 3844 2604 3897 Ut
2652 3845 2740 3897 leo
2771 3844 3000 3914 rapiens
3040 3844 3561 3912 circumdederunt,
3594 3851 3660 3900 ut

1966 3932 2198 4001 rugiens
2227 3948 2287 3985 os
2313 3936 2682 4001 aperuerunt.

2038 4040 2200 4092 Vens.
2227 4042 2308 4092 15.
2334 4068 2400 4077 -
2422 4040 2573 4093 Sicut
2593 4054 2759 4106 aqua.
2786 4036 3022 4101 Quando
3044 4036 3311 4091 funditur
3326 4054 3497 4108 aqua,
3524 4042 3654 4105 etc.,

1965 4142 2135 4194 usque
2164 4126 2237 4179 ad
2268 4126 2414 4180 unde
2444 4126 2640 4180 relicto
2670 4141 2736 4179 eo
2777 4126 3068 4192 fugerunt.
3091 4126 3291 4196 (Cass)
3310 4126 3467 4180 Sicut
3494 4143 3659 4196 aqua:

1968 4218 2388 4268 sacramentum
2419 4213 2635 4267 ablatio
2673 4217 3059 4283 peccatorum,
3100 4218 3239 4279 etc.,
3285 4228 3455 4283 usque
3505 4215 3579 4268 ad
3604 4219 3661 4268 et

158 4322 348 4376 ﬁrmis
378 4319 477 4391 qui
534 4320 742 4373 timent
772 4319 936 4386 mori,
971 4319 1094 4373 haec
1131 4319 1292 4385 dixit,
1346 4318 1425 4372 sic
1456 4324 1513 4373 et
1576 4321 1698 4373 haec
1752 4337 1856 4374 vox

2043 4303 2212 4357 lidata
2285 4306 2369 4356 est
2423 4304 2705 4371 Tanquam
2776 4317 2916 4356 cera.
2971 4303 3119 4355 Bene
3205 4302 3345 4372 legis
3393 4302 3661 4373 mysteria

158 4408 560 4464 membrorum
590 4414 676 4461 est
707 4425 720 4462 :
759 4408 1010 4465 Clamabo
1057 4414 1105 4462 et
1124 4423 1230 4461 non
1258 4408 1535 4462 exaudies.
1571 4411 1672 4463 Per
1698 4410 1859 4478 diem,

159 4505 211 4554 et
269 4514 376 4553 non
440 4497 719 4563 exaudies,
769 4502 817 4551 et
872 4502 1021 4551 nocte
1066 4501 1115 4550 et
1172 4512 1280 4551 non
1342 4496 1416 4550 ad
1466 4500 1860 4567 insipientiam.

160 4586 368 4658 (Cass)
389 4586 530 4651 Quia
562 4587 733 4640 nullm
765 4586 824 4639 in
857 4602 924 4639 eo
962 4585 1234 4652 tenebras,
1268 4588 1324 4639 et
1352 4589 1544 4640 tamen
1607 4601 1727 4641 non
1756 4603 1861 4640 au-

157 4677 321 4731 ditur
354 4676 421 4729 ad
463 4676 705 4729 salutem
736 4674 1116 4745 corporalem.

238 4765 400 4817 Vens.
442 4764 492 4816 4.
556 4793 624 4803 -—
675 4764 737 4817 In
794 4768 977 4817 sancto
1029 4762 1265 4816 habitas.
1322 4761 1501 4831 (Auo.)
1555 4762 1622 4815 Et
1654 4761 1730 4815 ita
1765 4762 1864 4815 mi-

161 4869 315 4919 rum,
376 4851 515 4922 quia
571 4855 762 4921 patres
826 4850 1106 4916 liberasti;
1154 4866 1259 4920 ego
1293 4854 1486 4904 autem
1552 4866 1677 4904 sum
1739 4866 1865 4905 ver-

162 4958 295 4995 mIS.

234 5027 448 5097 (Cass)
506 5029 588 5081 Tu
646 5027 869 5081 habitas
901 5026 961 5080 in
995 5029 1211 5094 sancto,
1272 5026 1408 5097 quia
1458 5028 1608 5081 Deus
1656 5026 1867 5081 eratin

160 5118 391 5174 Christo
448 5117 728 5170 mundum
813 5116 920 5169 sibi
1008 5115 1402 5170 reconcilians.
1477 5115 1624 5169 Laus
1676 5116 1865 5175 Israel.

162 5207 361 5276 (Ave)
395 5205 451 5259 id
476 5210 578 5268 est,
627 5204 866 5258 videntis
888 5209 960 5272 te,
991 5220 1110 5257 non
1136 5203 1259 5273 ejus
1289 5204 1390 5274 qui
1438 5219 1496 5258 se
1527 5203 1708 5257 voluit
1735 5204 1869 5256 abs-

162 5294 418 5350 condere
450 5310 480 5346 a
510 5297 820 5363 conspectu
848 5296 968 5347 tuo.

239 5383 404 5435 Vens.
463 5384 514 5434 5.
547 5410 615 5421 --
646 5383 706 5435 In
746 5386 794 5434 te
838 5384 1192 5449 speraverant
1226 5383 1414 5449 patres
1456 5381 1651 5444 nostri,
1680 5394 1867 5447 spera-

157 5476 381 5528 verunt.
419 5457 621 5541 (Cass)
678 5470 914 5541 Magnus
965 5470 1154 5535 decor,
1204 5469 1340 5524 dum
1395 5468 1566 5523 iterat
1616 5483 1866 5537 sperave-

160 5566 322 5616 runt.

484 5669 757 5733 PATBOL.
812 5668 1018 5733 CXIII.

1972 4396 2265 4460 comparat
2320 4407 2483 4457 cerae,
2544 4396 2673 4458 etc.,
2735 4406 2903 4459 usque
2950 4391 3024 4444 ad
3088 4390 3362 4461 quoniam
3417 4391 3657 4445 circum-

1973 4481 2273 4535 dederunt.
2320 4482 2394 4535 In
2424 4480 2596 4535 medio
2644 4483 2847 4535 ventris
2897 4484 3018 4534 mei.
3071 4480 3259 4551 (AUG.)
3314 4481 3522 4535 Venter
3579 4480 3663 4535 in-

1973 4569 2168 4623 ﬁrmos
2220 4569 2279 4623 in
2330 4569 2594 4638 Ecclesia,
2652 4569 2740 4623 vel
2778 4568 3117 4623 memoriam
3174 4570 3437 4624 Ecclesiae
3487 4569 3660 4641 signi-

1974 4659 2124 4712 ﬁcat:

2046 4765 2205 4818 Vens.
2256 4767 2339 4818 16.
2392 4794 2460 4803 —
2514 4762 2683 4818 Aruit
2748 4768 3009 4833 tanquam
3051 4767 3186 4817 testa
3263 4766 3438 4818 virtus
3524 4778 3661 4816 mea.

1976 4853 2182 4921 (Cass.)
2242 4853 2364 4905 Non
2417 4856 2480 4905 ut
2514 4852 2736 4919 fenum,
2788 4854 2884 4905 sed
2932 4857 2994 4907 ut
3058 4857 3201 4907 testa
3224 4867 3352 4922 qua:
3410 4851 3542 4922 igne
3602 4850 3668 4905 ﬁt

1974 4940 2212 4996 ﬁrmior.
2264 4942 2479 5007 Lingua
2549 4956 2686 4994 mea.
2768 4941 2964 5010 (Ana)
3017 4940 3399 4994 Servaverunt
3452 4955 3665 5010 praece-

1974 5034 2072 5100 pta
2122 5044 2248 5082 mea
2307 5029 2459 5099 apud
2540 5045 2600 5083 se
2656 5029 2715 5082 hi
2773 5044 2876 5098 per
2947 5044 3093 5099 quos
3147 5028 3449 5082 locuturus
3509 5043 3667 5082 eram

1975 5124 2032 5173 et
2093 5133 2197 5187 per
2235 5133 2333 5170 eos
2378 5116 2436 5170 in
2478 5116 2876 5187 cognationem
2937 5132 3160 5186 eorum,
3210 5116 3309 5187 qui
3356 5120 3520 5171 erant
3546 5115 3669 5187 pul-

1975 5207 2057 5260 vis
2087 5205 2307 5269 mortis,
2336 5205 2613 5259 deductus
2643 5221 2790 5258 sum.

2047 5294 2208 5347 Vens.
2268 5296 2351 5345 1'7.
2436 5320 2505 5332 —
2569 5291 2861 5346 Fuderunt.
2922 5293 3046 5360 ilo.)
3129 5290 3465 5362 Evangelica
3540 5307 3669 5345 nar-

1977 5379 2141 5433 ratio.
2199 5377 2312 5432 Etsi
2364 5378 2486 5431 hazc
2562 5379 2628 5431 ad
2712 5379 2985 5442 litteram,
3047 5377 3237 5431 innuit
3309 5378 3480 5432 fossio
3550 5395 3670 5432 ma-

1978 5483 2182 5532 nuum,
2252 5467 2402 5537 quod
2461 5467 2731 5537 operibus
2785 5470 2907 5537 ejus
2948 5482 3065 5520 non
3115 5466 3514 5533 crediderunt;
3568 5482 3667 5536 pe-

1978 5556 2137 5621 dum,
2171 5554 2329 5626 quod
2381 5556 2683 5626 Apostolos
2742 5556 3153 5609 laceraverunt.
3205 5556 3407 5624 (Cass)
3457 5572 3470 5609 :
3521 5555 3677 5609 fode-

3149 5673 3232 5730 ‘28
