4082 6184
234 287 337 339 877

1354 283 1608 339 GLOSSA
1649 284 2053 341 ORDINARIA.
2094 314 2161 324 —
2203 285 2328 340 LIB.
2374 285 2609 340 PSALM.

3639 289 3742 342 878

236 420 351 458 non
402 404 616 475 jurevit
666 406 723 458 in
783 404 935 461 dolo.
983 407 1046 460 In
1088 420 1248 460 vano.
1307 404 1513 475 (IIII—Ia.)
1571 405 1631 460 Id
1670 411 1775 474 est,
1834 406 1935 477 qui
1972 409 2019 460 Α
2123 406 2282 460 Vens.
2308 410 2360 460 ‘7.
2394 437 2461 444 -—
2494 407 2725 461 Delicta.
2778 404 2981 477 (Casa)
3012 406 3158 461 Sunt
3184 407 3411 479 quando
3464 407 3745 481 linquitur

233 494 407 547 nullis
473 510 598 547 eam
672 494 887 549 fecibus
952 495 1348 566 peccaminum
1407 499 1537 564 post
1583 493 1935 566 baptismum

239 582 566 636 maculavit.

308 672 471 726 Vens.
505 676 555 725 7.
590 701 661 711 —
706 672 972 727 Attollite.
1006 673 1384 743 Diapsalmus.
1438 671 1758 727 Christiana
1803 671 1936 725 reli-

236 759 404 826 gione
445 759 748 825 declarata,
782 766 908 825 etc.,
961 776 1132 829 usque
1186 761 1261 814 ad
1290 777 1420 831 qua
1463 777 1496 813 a
1524 759 1785 831 principe
1813 760 1939 813 dia-

238 846 372 900 bolo
403 848 605 918 posita
648 853 798 902 sunt.
834 852 905 903 Et
958 850 1267 903 elevamini.
1308 850 1518 904 Contra
1548 853 1742 919 portas
1791 864 1940 901 mor-

237 935 327 989 tis.
384 938 558 991 Porta
626 938 933 991 aternales:
990 938 1177 992 omnis
1242 938 1426 1009 gratia
1485 952 1615 1009 qua
1671 936 1937 991 veniente

241 1022 484 1090 Christo,
508 1023 641 1077 data
666 1028 768 1078 est.

315 1112 476 1165 Vens.
544 1115 595 1166 8.
654 1144 722 1151 —
776 1112 907 1178 Quis
964 1113 1084 1166 est?
1136 1112 1473 1182 interrogat.
1535 1112 1817 1183 Propheta
1874 1110 1941 1165 ad

244 1201 693 1255 convincendam
735 1202 1064 1254 Judaorum
1131 1200 1456 1270 perfidiam,
1488 1206 1545 1255 et
1594 1207 1657 1255 ut
1695 1201 1943 1271 amplius

246 1306 379 1344 eum
414 1291 868 1345 commendando
898 1290 1038 1345 alios
1070 1291 1288 1346 invitet.

319 1379 495 1432 Vens.
534 1379 617 1433 l0.
655 1409 723 1419 —
753 1381 1009 1433 Dominus
1038 1381 1202 1444 fortis
1252 1395 1355 1449 per
1403 1379 1641 1433 virtutes
1670 1378 1942 1433 describi-

247 1472 343 1521 tur
399 1468 562 1537 quasi
612 1468 848 1538 proprio
895 1467 1148 1522 nomine.
1210 1470 1402 1535 Fortis,
1454 1468 1634 1539 (Ana)
1667 1468 1773 1523 etsi
1811 1485 1942 1523 cum

251 1556 455 1627 gladiis
484 1555 736 1626 cepistis.

320 1648 529 1711 Potens,
565 1645 671 1698 etsi
704 1644 883 1699 Pilato
912 1644 1242 1699 tradidistis.

320 1736 508 1788 Potens
552 1736 609 1787 in
634 1735 843 1802 praelia,
902 1749 974 1787 ne
1004 1733 1062 1787 in
1120 1750 1313 1804 pugna
1366 1750 1467 1787 vos
1514 1749 1807 1804 superasse
1836 1750 1943 1805 pu-

246 1823 399 1876 tetis.
465 1823 723 1877 Virtutes.
777 1822 989 1893 (Hum,
1021 1823 1198 1891 Anu.)
1251 1822 1520 1876 Ministra
1554 1823 1945 1899 pracedentes

245 1910 531 1965 Christum
598 1911 658 1964 in
732 1910 1063 1964 ascensione
1138 1911 1208 1964 ad
1294 1911 1431 1964 alias
1498 1912 1752 1965 caelestes
1831 1913 1943 1966 cla-

246 2005 425 2065 mant,
462 2004 526 2052 ut
552 1999 703 2053 viam
745 1999 985 2053 Domino
1034 2000 1284 2053 venienti
1316 2001 1607 2070 aperiant:
1643 2016 1773 2072 qua
1799 2016 1943 2054 novo

250 2087 529 2157 mysterio
573 2104 744 2142 carne
809 2087 996 2142 induti
1054 2088 1405 2157 stupefacta,
1481 2093 1767 2157 quarunt,
1818 2089 1946 2159 quis

248 2180 335 2230 est
355 2176 385 2231 ?

317 2265 587 2320 Attollite.
615 2264 827 2335 (Cass)
878 2263 1334 2336 Congeminatio,
1362 2268 1492 2331 etc.,
1523 2278 1694 2333 usque
1740 2265 1816 2319 ad
1847 2266 1948 2335 qui

243 2351 512 2406 omnibus
544 2351 738 2406 omnia
783 2351 880 2406 dat
926 2351 1099 2421 bona,
1161 2355 1248 2406 vel
1302 2352 1616 2406 caelestium
1645 2352 1940 2419 virtutum,

243 2440 305 2495 id
337 2445 441 2505 est,
473 2441 839 2511 angelorum!

835 2580 1056 2635 PSALM
1066 2579 1144 2634 US
1172 2581 1347 2634 XXIV.

319 2707 480 2759 Vens.
514 2708 562 2759 l.
591 2706 748 2759 —In
795 2707 973 2773 ﬁnem.
1033 2704 1237 2774 (lixae)
1293 2703 1391 2757 Hic
1443 2703 1763 2774 ﬂagellatus
1819 2721 1942 2774 pa-
1978 2733 1998 2751 ο

255 2794 439 2847 nitens
486 2793 846 2864 praponitur
873 2793 1015 2857 aliis,
1074 2809 1143 2845 ne
1172 2798 1533 2846 murmurant
1566 2793 1625 2846 in
1657 2793 1937 2848 adversis:

250 2883 349 2953 qui
380 2882 439 2935 in
466 2898 523 2935 se
552 2886 820 2952 expertus
849 2897 952 2952 per
1004 2880 1455 2935 misericordiam
1493 2881 1801 2945 blanditur,
1836 2899 1943 2953 per

238 2970 526 3040 justitiam
548 2974 740 3023 terret.

320 3059 413 3114 Ad
461 3064 528 3126 te,
554 3060 773 3112 Domine
833 3058 1029 3110 levavi.
1096 3056 1279 3127 (Auc.)
1330 3057 1589 3111 Psalmus
1627 3060 1823 3109 contra
1844 3056 1943 3110 ad-

244 3164 413 3202 versa
460 3148 671 3213 saculi,
698 3150 827 3213 etc.,
860 3160 1030 3215 usque
1056 3145 1131 3200 ad
1175 3144 1274 3216 qui
1304 3161 1420 3198 non
1452 3162 1555 3215 per
1583 3160 1803 3209 omnes,
1834 3145 1944 3199 mi-

246 3254 359 3291 nus
386 3230 696 3307 perfectos.

325 3326 525 3395 (Cass)
573 3323 764 3379 Primo
813 3322 959 3394 petit
1002 3321 1195 3376 doceri
1241 3321 1361 3376 vias
1409 3321 1657 3389 Domini,
1709 3321 1845 3393 quia
1878 3322 1945 3377 ad

248 3416 433 3469 Deum
467 3417 707 3467 erectus.

323 3502 453 3573 (lo.)
504 3502 587 3556 Ad
619 3507 673 3555 te
722 3500 1257 3571 contemplandum;
1293 3499 1456 3554 facile
1496 3504 1723 3555 terrena
1753 3500 1949 3572 despi-

250 3591 351 3659 cit,
384 3590 485 3662 qui
514 3590 706 3644 divina
734 3589 1034 3660 conspicit.

324 3680 485 3733 Vens.
519 3682 571 3734 2.
604 3709 671 3717 —
701 3678 949 3745 Conﬁdo.
1006 3677 1136 3748 (lo.)
1182 3666 1545 3755 Expertpsin
1572 3676 1736 3731 malis
1763 3692 1951 3731 meam

246 3767 670 3830 inﬁrmitatem,
701 3781 818 3819 non
838 3765 1169 3818 erubescam
1199 3763 1269 3818 de
1299 3763 1567 3817 inimicis.

321 3858 504 3924 Neque
530 3854 801 3908 irrideant
830 3868 918 3909 me
971 3854 1182 3906 inimici
1215 3868 1228 3906 :
1263 3857 1319 3906 et
1364 3856 1550 3906 certus
1580 3866 1706 3906 sum
1737 3852 1872 3923 quia
1890 3853 1951 3908 in

249 3945 415 3999 nullo
444 3942 757 3997 sustinente
786 3941 1072 4011 patienter
1098 3939 1261 3994 fallit.

325 4034 683 4101 Supervacue.
733 4031 860 4099 (lo.)
921 4027 1065 4092 Quia
1118 4027 1315 4081 omnia
1368 4031 1501 4081 sunt
1557 4043 1703 4081 vana
1761 4031 1817 4081 et
1858 4027 1952 4083 in-

252 4122 552 4177 fructuosa
588 4136 715 4190 qua
748 4135 778 4171 a
810 4119 925 4171 Deo
960 4121 1093 4171 sunt
1124 4117 1324 4170 aliena.

331 4211 467 4264 Vias
488 4213 632 4273 tuas,
666 4208 895 4261 Domine
920 4205 1246 4260 demonstra.
1297 4204 1511 4274 (CASS.)
1547 4204 1661 4258 Via
1694 4210 1830 4259 sunt
1879 4206 1949 4259 de
1975 4228 2020 4282 ο

254 4297 463 4352 ordine
492 4295 641 4362 vita,
668 4300 796 4361 etc.,
820 4309 989 4362 usque
1025 4292 1128 4347 ad:
1154 4295 1359 4360 Dirige,
1386 4293 1456 4347 ad
1477 4292 1653 4347 vitam
1678 4292 1948 4363 pertinet,

252 4387 382 4441 doce
412 4383 479 4439 ad
504 4384 823 4438 scientiam.

330 4475 490 4528 Vens.
549 4475 599 4527 5.
648 4503 717 4512 -
778 4473 933 4526 Doce.
998 4470 1190 4541 (AUG.)
1254 4470 1439 4541 Ipsam
1514 4469 1832 4536 veritatem,
1890 4475 1954 4525 ut

256 4562 416 4635 quod
444 4562 612 4616 credo
639 4560 980 4630 intelligam,
1038 4558 1174 4630 quia
1205 4558 1469 4627 sustinui,
1503 4563 1558 4613 et
1597 4558 1645 4613 si
1700 4558 1808 4613 hoc
1836 4575 1954 4614 non

256 4650 498 4706 sufﬁcit:
530 4651 903 4705 Reminiscere.

330 4743 469 4794 Deus
523 4740 764 4793 salvator
814 4752 981 4791 meus.
1038 4736 1249 4807 (Cass)
1304 4736 1436 4789 Dua
1497 4750 1585 4789 res
1631 4740 1783 4803 sunt,
1826 4752 1954 4807 qua

254 4829 442 4883 bonos
496 4828 730 4893 faciunt,
785 4832 851 4879 ut
897 4827 1075 4879 Deum
1134 4824 1474 4878 salvatorem
1531 4823 1854 4892 credamus,
1899 4829 1957 4880 et

252 4917 547 4988 patienter
567 4917 689 4985 ejus
712 4914 1143 4969 retributionem
1178 4900 1586 4983 exspectemus.

328 5006 492 5058 Vens.
526 5007 577 5058 6.
619 5033 688 5042 —
739 5004 1110 5057 Reminiscere.
1172 4999 1301 5070 (lo.)
1351 5000 1431 5053 De
1488 4999 1732 5069 peccatis
1791 5000 1957 5071 prio-

252 5094 418 5149 ribus
448 5097 505 5146 et
534 5108 662 5162 qua
711 5090 966 5161 quotidie
1016 5090 1182 5154 tiunt,
1212 5091 1336 5142 orat
1364 5104 1469 5158 per
1505 5088 1955 5144 misericordiam

252 5180 515 5251 antiquis
545 5180 770 5240 factam,
797 5183 855 5231 ct
887 5177 1021 5249 quia
1042 5178 1209 5231 timet
1235 5192 1433 5231 verum
1452 5176 1734 5247 judicem.

330 5270 768 5325 Miserationum.
807 5266 1091 5320 Miseratio
1120 5264 1355 5336 proprie
1390 5264 1449 5319 in
1483 5265 1764 5319 bonorum
1796 5265 1956 5320 exhi-

250 5359 498 5415 bitione.

333 5449 462 5515 Quae
492 5463 527 5499 a
557 5447 765 5501 seculo.
801 5442 984 5515 (Αυο.)
1029 5443 1089 5499 Id
1119 5447 1225 5512 est,
1284 5443 1355 5498 ab
1383 5441 1546 5498 initio
1576 5442 1769 5498 saculi
1791 5447 1953 5499 sunt:

255 5554 385 5594 non
407 5551 542 5606 ergo
572 5535 634 5589 in
657 5550 747 5588 me
778 5533 953 5588 fallat.

2048 493 2138 547 via
2168 494 2475 565 aquitatis.

2116 585 2441 637 Iuventutis.
2475 584 2597 638 Non
2616 599 2721 653 pro
2764 588 2949 649 atate,
2984 585 3081 638 sed
3134 601 3238 655 pro
3276 584 3745 656 pracipitationis

2048 671 2303 738 audacia,
2336 688 2466 742 qua
2496 676 2581 726 est
2614 679 2765 739 tunc,
2807 688 2936 726 cum
2979 673 3131 727 calor
3173 673 3352 727 animi
3405 673 3743 729 modestiam

2054 760 2295 815 excedit.

2118 848 2493 916 Ignorantias.
2529 848 2787 902 Facimus
2807 865 2872 902 ea
2895 864 3023 919 qua
3049 850 3197 903 mala
3217 866 3337 903 esse
3362 866 3475 904 non
3509 850 3739 905 scimus.

2052 937 2147 990 Vel
2182 936 2385 991 delicta
2427 937 2769 1007 ignorantia
2798 936 2856 990 in
2888 937 3160 1008 parvulis,
3194 939 3292 1010 qui
3344 939 3433 994 vel
3472 939 3741 1010 originali

2049 1030 2279 1096 peccato
2310 1030 2601 1079 tenentur.

2123 1115 2326 1183 (Ηιεει.)
2355 1114 2697 1168 Iuventutis.
2752 1117 3075 1186 Antequam
3120 1115 3190 1171 de
3221 1116 3393 1171 domo
3425 1116 3600 1189 patris
3627 1116 3742 1173 ini-

2051 1203 2151 1274 qui
2180 1202 2417 1257 exirem.

2123 1292 2384 1346 Memmto
2412 1292 2517 1343 mei
2555 1294 2633 1344 tu.
2666 1290 2851 1360 (Ana)
2884 1290 3056 1361 Cujus
3108 1308 3253 1363 opus
3285 1297 3370 1346 est
3400 1292 3658 1347 misereri
3692 1298 3749 1348 et

2053 1384 2284 1450 peccata
2313 1378 2623 1433 dimittere.

2120 1466 2422 1523 Secundum
2450 1467 2898 1521 misericordiam.
2934 1468 2994 1522 Id
3026 1472 3131 1535 est,
3187 1469 3378 1540 ampla
3406 1472 3492 1523 est
3523 1468 3747 1524 miseri-

2051 1555 2245 1610 cordia
2276 1560 2394 1608 tua.
2433 1554 2814 1609 Misericordia
2846 1572 2981 1625 erga
3027 1557 3289 1623 miseros,
3343 1556 3567 1611 bonitas
3612 1574 3747 1628 erga

1976 1682 2016 1737 Β
2054 1643 2355 1715 quoslibet.
2417 1643 2569 1697 Facit
2619 1649 2808 1697 autem
2869 1645 3015 1698 Deus
3063 1645 3277 1699 bonum
3328 1650 3385 1699 et
3435 1662 3468 1699 a
3526 1645 3747 1699 miseris

2054 1732 2408 1802 imploratus,
2471 1736 2528 1787 et
2580 1731 2832 1785 bonitate
2889 1732 3119 1786 ductus:
3180 1748 3347 1787 nemo
3396 1733 3581 1788 bonus
3638 1733 3745 1789 nisi

2055 1822 2228 1876 Deus.

2120 1912 2281 1964 Vens.
2312 1913 2363 1964 8.
2428 1940 2496 1949 —
2557 1910 2760 1963 Dulcis.
2821 1909 2951 1980 (lo.)
3008 1910 3151 1974 Quia
3202 1905 3398 1965 omnia
3424 1909 3616 1981 priora
3675 1910 3752 1967 di-

2054 1998 2250 2064 mittit,
2276 1998 2373 2052 ubi
2404 1997 2588 2068 gratia
2617 1997 2739 2051 sine
2770 1998 3009 2053 meritis.

2123 2088 2331 2141 Rectus.
2389 2086 2496 2150 Qui
2557 2090 2685 2156 post
2735 2085 3208 2152 misericordiam,
3261 2090 3394 2156 etc.,
3448 2102 3617 2157 usque
3676 2088 3751 2142 ad

2051 2174 2259 2236 Dulcis.
2294 2174 2429 2245 quia
2453 2174 2649 2227 suavia
2678 2174 2801 2238 dat;
2832 2182 3027 2242 rectus,
3061 2174 3197 2243 quia
3229 2174 3484 2245 corrigit.

2123 2264 2348 2331 Propter
2378 2264 2491 2316 hoc.
2528 2260 2737 2332 (Cass)
2781 2261 2925 2325 Quia
2970 2262 3149 2316 dulcis
3182 2266 3237 2316 et
3265 2267 3484 2331 rectus;
3518 2280 3637 2318 non
3686 2280 3749 2318 ex

2053 2350 2407 2417 crudelitate,
2440 2350 2539 2404 sed
2572 2350 2943 2419 benignitate.

2126 2440 2186 2493 In
2214 2442 2325 2493 via.
2388 2439 2448 2492 Id
2483 2443 2583 2504 est,
2617 2438 2748 2505 fide,
2807 2439 2893 2492 vel
2926 2438 3227 2509 praceptis
3260 2438 3378 2494 Dei.
3434 2440 3530 2493 Vel
3566 2439 3627 2494 in
3658 2440 3749 2495 via

2053 2528 2228 2597 hujus
2255 2528 2405 2591 vita,
2440 2527 2539 2580 ubi
2564 2533 2714 2580 recte
2734 2527 3062 2591 vivendum,
3098 2526 3257 2581 dabit
3288 2528 3495 2599 legem.

2128 2617 2291 2671 Vens.
2328 2618 2377 2669 9.
2432 2646 2497 2654 —
2552 2616 2624 2669 In
2651 2615 2891 2684 judicio.
2960 2616 3105 2668 Dum
3163 2616 3351 2686 punit,
3411 2617 3626 2688 diriget
3678 2618 3749 2673 ad

2054 2704 2312 2758 meliora.
2345 2704 2452 2757 Sed
2502 2702 2787 2757 mansueti
2843 2703 2974 2768 sint,
3007 2704 3105 2773 qui
3144 2704 3563 2774 corripiuntur:
3597 2707 3747 2777 quod

2053 2809 2119 2846 ex
2169 2792 2301 2845 feris
2349 2791 2575 2861 domiti,
2607 2796 2671 2845 ut
2719 2791 2978 2845 tolerent.
3036 2792 3179 2856 Quia
3209 2792 3257 2846 si
3311 2794 3498 2863 mites,
3535 2794 3593 2849 id
3644 2800 3745 2860 est,

2052 2881 2198 2935 lenis
2249 2879 2428 2933 animi
2490 2879 2653 2950 quasi
2715 2879 3051 2934 naturaliter
3108 2881 3216 2935 hoc
3285 2881 3589 2937 habentes:
3649 2883 3749 2937 do-

2055 2970 2205 3024 cebit
2233 2985 2330 3023 eos
2385 2972 2690 3039 praecepta,
2726 2984 2831 3038 pro
2878 2984 3129 3039 quorum
3159 2969 3419 3039 neglectu
3470 2977 3754 3027 venerunt

2056 3058 2309 3127 ﬂageHa.

2126 3147 2288 3201 Vens.
2340 3146 2424 3199 iO.
2461 3175 2528 3185 -—
2565 3144 2937 3200 Misericordia
2981 3149 3032 3199 et
3086 3147 3307 3200 veritas.
3360 3145 3555 3217 (Ana)
3601 3147 3752 3212 Quas

2057 3239 2248 3289 autem
2283 3233 2401 3287 vias
2445 3233 2689 3301 docebit,
2738 3238 2868 3299 etc.,
2918 3249 3087 3304 usque
3131 3233 3206 3287 ad
3243 3238 3301 3288 et
3347 3233 3551 3290 deinde
3590 3241 3752 3291 cavet

2057 3324 2421 3378 severitatem
2448 3321 2675 3393 judicis.

2132 3413 2548 3468 Testamentum.
2583 3410 2784 3481 (Cass)
2833 3411 3073 3478 Novum,
3110 3411 3260 3482 quod
3291 3413 3519 3483 egregie
3547 3412 3755 3468 dicitur

2057 3503 2505 3571 Testamentum,
2533 3499 2630 3554 ubi
2659 3501 2811 3554 clara
2839 3505 2897 3553 et
2938 3505 3090 3555 certa
3118 3500 3418 3571 promissio
3446 3502 3752 3558 haredita-

2056 3590 2129 3643 tis
2163 3589 2319 3659 quod
2349 3594 2404 3644 et
2433 3594 2613 3643 morte
2644 3589 2929 3643 ﬁrmatur.

2128 3680 2199 3732 Et
2244 3680 2654 3732 Testamentum.
2718 3677 2879 3747 Legis
2936 3677 3162 3744 veteris,
3213 3677 3314 3732 ubi
3341 3678 3575 3734 fuerunt
3609 3681 3753 3735 Pro-

2057 3765 2247 3836 pheta
2278 3769 2448 3818 testes
2473 3764 2942 3834 promissionum.

2130 3854 2289 3907 Vens.
2330 3855 2414 3905 tl.
2445 3882 2514 3891 —-
2565 3854 2792 3920 Propter
2818 3867 3006 3905 nomen
3056 3856 3223 3920 tuum,
3262 3855 3497 3908 Domine.
3562 3855 3755 3927 (Auo.)

2059 3940 2123 3995 Id
2152 3945 2256 4006 est,
2289 3939 2533 4010 gloriam
2565 3943 2745 4005 tuam,
2778 3945 2909 4004 etc.,
2942 3954 3113 4009 usque
3156 3940 3230 3994 ad
3273 3946 3329 3995 et
3370 3941 3754 4014 interpretan-

2059 4034 2153 4083 tur
2204 4028 2415 4094 mundi,
2478 4027 2579 4099 qui
2630 4043 2688 4080 se
2742 4026 2811 4081 ab
2869 4027 3029 4082 omni
3075 4033 3308 4098 peccato
3366 4031 3614 4085 mundos
3669 4048 3753 4085 as-

2060 4122 2277 4172 serunt.

2134 4207 2291 4259 Vens.
2326 4207 2409 4258 1'2.
2451 4234 2522 4244 —
2579 4205 2709 4271 Quis
2762 4208 2840 4259 est
2887 4204 3079 4259 homo?
3132 4204 3331 4275 (Cass)
3374 4204 3474 4259 Hic
3532 4205 3654 4278 agit
3684 4207 3755 4263 de

2063 4291 2320 4359 aternis;
2353 4291 2643 4362 quomodo
2674 4292 2976 4360 habentur,
3012 4293 3276 4348 laborans
3305 4298 3361 4349 et
3388 4310 3577 4365 orans,
3608 4300 3675 4351 ut
3702 4300 3759 4351 et

2060 4380 2206 4453 ipse,
2240 4386 2296 4435 et
2320 4384 2472 4435 totus
2500 4382 2670 4435 Israel
2695 4381 2766 4435 ab
2798 4381 2886 4435 his
2916 4382 3082 4436 malis
3107 4382 3397 4437 liberetur.

2134 4470 2319 4524 Vens.
2358 4471 2441 4523 l3.
2474 4498 2544 4510 —
2584 4469 2806 4523 Anima.
2860 4470 2990 4539 (lo.)
3044 4475 3100 4525 et
3130 4471 3177 4525 si
3230 4487 3350 4526 non
3379 4472 3591 4540 statim,
3624 4476 3754 4540 etc.,

2062 4573 2231 4628 usque
2250 4558 2325 4611 ad
2346 4556 2629 4629 quidquid
2661 4557 2757 4611 alii
2785 4558 3017 4627 faciant,
3044 4565 3149 4614 etc.

2132 4652 2342 4702 Semen.
2413 4646 2618 4718 (HIER.)
2679 4648 2898 4700 Bonum
2959 4652 3063 4714 est,
3120 4648 3271 4703 unde
3329 4649 3544 4705 fructus
3601 4650 3754 4704 colli-

2065 4734 2239 4805 gitur.

2133 4810 2555 4877 Firmamentum
2630 4827 2727 4877 est.
2802 4821 2991 4894 (Auc.)
3074 4824 3309 4879 Videtur
3388 4826 3755 4882 inﬁrmorum

2066 4925 2186 4966 esse
2217 4912 2410 4979 timor,
2461 4912 2560 4966 sed
2610 4912 2886 4966 Dominus
2942 4916 3028 4966 est
3065 4913 3493 4970 ﬁrmamentum
3549 4916 3757 4971 timen-

2065 5000 2218 5055 tibus
2245 5018 2398 5068 eum,
2429 5000 2482 5056 ei
2513 5000 2646 5055 facit
2680 5006 2739 5054 ut
2766 5002 3191 5057 Testamentum
3217 5005 3338 5073 ejus
3366 5004 3760 5061 manifestatur

2064 5087 2200 5144 illis.

2138 5177 2309 5233 Oculi.
2371 5177 2480 5232 Sal.
2557 5177 2711 5232 Oculi
2782 5180 3044 5248 sapientis
3090 5181 3151 5233 in
3210 5183 3387 5250 capite
3432 5181 3493 5236 id
3531 5186 3630 5252 est,
3699 5185 3759 5239 in

2068 5266 2226 5320 corde
2252 5268 2384 5335 ejus.

2139 5355 2299 5408 Vens.
2359 5357 2440 5409 l6.
2484 5384 2553 5392 —
2616 5356 2834 5409 Unicus.
2888 5354 3015 5427 (lo.)
3078 5356 3284 5413 Unicus
3330 5360 3458 5431 plus
3511 5365 3758 5429 amatur,

2069 5458 2290 5515 pauper
2316 5443 2443 5512 plus
2464 5440 2711 5497 doletur.

2140 5531 2323 5585 Vens.
2362 5532 2445 5583 l7.
2469 5560 2541 5569 —
2589 5533 2661 5585 De
2688 5533 3116 5590 necessitatibus.
3154 5533 3214 5589 Id
3244 5541 3348 5601 est,
3391 5536 3462 5590 ab
3493 5536 3760 5601 adversis,
