4082 6184
391 305 460 356 ’ῖ9
1016 301 1416 359 WALAFRIDI
1456 302 1702 358 STRABI
1749 299 1944 356 FULD.
1991 299 2149 356 MON.
2191 300 2342 358 OPP.
2387 301 2564 356 PARS
2601 301 2641 354 Ι.
2683 331 2750 342 -
2787 300 3256 360 THEOLOGICA.
3761 307 3851 358 880

361 447 491 500 qua
546 428 863 484 necessaria
912 433 1047 482 sunt
1101 426 1388 493 omnibus,
1451 427 1552 497 qui
1598 426 1690 496 pie
1742 425 1802 479 in
1845 424 2066 478 Christo
2102 425 2147 479 Α

360 520 550 574 vivere
575 520 789 573 volunt.

432 609 591 663 Vens.
647 610 728 662 19.
778 635 848 648 -
895 607 1132 674 Respice.
1198 604 1387 674 (Ana)
1441 605 1548 658 Tot
1593 602 1896 658 hominum
1927 618 2058 672 per-

366 695 507 749 ditio
561 695 684 749 sine
744 694 942 749 dolore
996 709 1116 748 esse
1145 709 1264 747 non
1317 696 1528 764 potest,
1589 697 1647 746 et
1675 692 1806 746 ideo
1840 706 1945 761 pro
1979 690 2061 744 eis

367 787 511 837 orat.

434 872 592 925 Vens.
635 873 720 926 2t.
765 900 834 910 —
891 873 1198 926 Innocentes
1234 874 1284 923 et
1323 871 1458 924 recti
1507 869 1869 924 adhascrunt.
1931 867 2064 938 (10.)

365 959 493 1014 Mali
524 959 745 1014 tolerati
775 964 942 1024 sunt;
977 975 1089 1012 non
1115 959 1505 1013 adhaserunt.

2251 424 2445 494 (CASS.)
2503 425 2580 479 Ne
2637 424 2843 494 perdas
2875 423 2935 478 in
2986 424 3180 479 futuro
3237 440 3357 480 cum
3411 427 3619 495 impiis,
3667 427 3856 497 quibus

2177 510 2270 564 hic
2300 528 2412 564 non
2445 511 2830 565 communico.

2245 601 2405 653 Vens.
2473 602 2556 653 t0.
2607 630 2678 640 —
2740 603 2972 654 Dextera
3039 614 3240 667 eorum,
3302 599 3508 671 (Auo.),
3563 600 3618 654 id
3676 607 3773 665 est,
3815 601 3856 654 si

2175 687 2312 759 quid
2344 688 2479 742 boni
2511 694 2711 758 agunt,
2747 695 2879 753 etc.,
2913 704 3082 756 usque
3109 689 3183 742 ad
3213 689 3601 743 misericordia
3636 690 3692 743 in
3737 706 3855 743 om-

2179 777 2345 831 nibus
2364 777 2689 843 comitetur,
2720 777 2872 848 quod
2903 778 3097 844 debes,
3130 778 3263 848 quia
3291 795 3302 832 :

2263 865 2428 918 Vens.
2459 867 2543 918 t2.
2577 893 2644 904 —
2671 867 2790 930 Pes,
2842 864 2900 918 id
2931 869 3038 931 est,
3071 865 3316 930 affectio,
3369 880 3502 936 quae
3554 865 3718 920 facile
3759 865 3860 920 labi

2175 953 2342 1021 solet,
2371 957 2520 1008 stetit
2575 953 2888 1007 immobilis
2939 957 3137 1007 contra
3179 956 3374 1008 omnia
3429 955 3713 1019 scandala,
3744 960 3859 1009 ten-

437 1049 593 1103 Vens.
657 1051 744 1102 22.
800 1079 868 1088 —-
924 1049 1114 1102 Israel.
1174 1047 1361 1117 (Ana)
1412 1047 1715 1117 Populum,
1778 1061 1952 1116 quem
1995 1044 2066 1099 ad
2175 1041 2314 1095 dens
2340 1043 2511 1106 ultra,
2545 1046 2600 1094 et
2631 1041 2938 1112 persistens
2987 1043 3045 1094 in
3101 1042 3320 1099 directo.
3354 1043 3424 1097 Et
3474 1042 3608 1113 quia
3661 1044 3739 1096 sic
3782 1059 3861 1097 re-

365 1141 527 1190 tuam
551 1135 827 1190 visionem
856 1136 1207 1207 praparasti.

966 1226 1092 1279 PSA
1103 1223 1278 1278 LMUS
1313 1223 1464 1277 XXV.

2177 1129 2349 1184 dimis
2381 1129 2439 1183 in
2468 1129 2728 1183 Ecclesiis
2755 1129 3112 1184 benedicam.

2249 1220 2426 1274 Stetit.
2464 1218 2688 1289 (Casa),
2746 1218 2862 1272 Etsi
2919 1219 3174 1290 undique
3230 1235 3561 1286 concussus,
3613 1219 3701 1273 Vel
3740 1235 3863 1273 con-

441 1315 600 1369 Vens.
637 1318 685 1369 1.
733 1343 802 1354 -
855 1314 1118 1368 Psalmus.
1173 1311 1374 1381 (CASS.)
1417 1313 1672 1365 Psalmus
1718 1308 1825 1362 iste
1875 1312 2071 1362 monet
2181 1308 2338 1362 fusus
2368 1307 2669 1362 scandalis.

371 1402 539 1456 vitari
570 1402 854 1456 consortia
881 1401 1235 1472 iniquorum,
1261 1398 1643 1471 jungijustis,
1685 1398 1822 1468 quia
1847 1413 1912 1451 ex
1938 1413 2068 1450 con-

371 1491 518 1544 victu
549 1507 736 1544 mores
760 1489 1104 1544 formantur.

438 1577 652 1632 Judica.
713 1578 906 1648 (Aue.)
978 1577 1123 1641 Quia
1184 1579 1316 1646 post
1396 1574 1872 1640 misericordiam,
1939 1578 2071 1642 etc.,

370 1680 539 1734 usque
559 1666 633 1720 ad
649 1683 681 1719 a
702 1671 869 1720 vento
909 1664 1190 1734 superbia
1233 1663 1551 1734 rapiuntur.

445 1756 640 1823 (CASS.)
694 1754 926 1808 Judica:
996 1769 1115 1806 non
1177 1757 1262 1806 est
1327 1751 1704 1822 prasumptio
1755 1751 1917 1821 justi,
1977 1751 2073 1804 sed

373 1841 655 1895 certitudo
689 1842 1093 1896 misericordia
1127 1840 1246 1907 Dei,
1272 1841 1422 1911 quod
1473 1840 1552 1894 ibi
1597 1839 1842 1894 ostendit
1873 1839 1932 1894 in
1961 1840 2073 1893 Do-

375 1929 532 1983 mino
564 1945 835 1999 Sperans;
869 1929 1099 1993 deinde,
1128 1945 1245 1982 non
1278 1929 1632 1983 inﬁrmabor.

2749 1377 3061 1433 PSALMUS
3119 1378 3297 1434 XXVI.

2255 1485 2417 1539 Vens.
2477 1488 2524 1538 t.
2587 1485 2746 1538 —In
2782 1486 2965 1553 ﬁnem.
3011 1484 3210 1555 (Aua.,
3273 1485 3446 1553 Cass)
3506 1485 3720 1548 Primo,
3777 1483 3869 1537 Da-

2179 1573 2273 1627 vid
2306 1573 2534 1632 electus.
2588 1577 2717 1636 etc.,
2762 1588 2931 1641 usque
2955 1573 3029 1626 ad
3056 1573 3207 1626 unde
3261 1573 3320 1626 in
3381 1580 3746 1628 sacramento
3785 1588 3870 1642 ge-

2185 1679 2346 1717 mens
2379 1667 2436 1716 et
2464 1660 2760 1726 laborans;
2794 1667 2856 1714 ut
2877 1661 2936 1714 in
2970 1677 3030 1715 re
3063 1661 3328 1732 gaudeat.

2257 1752 2512 1805 Dominus
2534 1751 2884 1812 ittuminatio.
2918 1755 3023 1803 etc.
3058 1750 3257 1820 (Cass)
3292 1752 3368 1805 De
3398 1751 3586 1822 prima
3617 1750 3875 1804 unctione

2187 1855 2287 1912 per
2313 1854 2486 1910 quam
2520 1839 2865 1892 certiticatur
2890 1840 3159 1904 secunda,
3189 1841 3280 1893 hic
3304 1840 3580 1911 loquitur.

2255 1921 2513 1983 Dominus
2551 1931 2821 1996 protector
2881 1929 3007 1981 vita
3074 1943 3218 1982 mese.
3298 1929 3481 1998 (Αυσ.)
3542 1930 3649 1982 Dat
3704 1927 3870 1981 vitam

447 2019 510 2071 In
547 2019 872 2072 innocentia.
925 2016 1108 2089 (Auc.)
1168 2019 1292 2072 Non
1344 2018 1699 2088 angelorum,
1751 2015 1853 2072 sed
1891 2017 2076 2088 qualis
2185 2017 2480 2079 virtutum,
2541 2031 2715 2086 quam
2779 2018 2837 2069 et
2891 2016 3159 2085 protegit,
3192 2015 3311 2070 sine
3357 2033 3470 2087 quo
3519 2017 3714 2070 omnia
3741 2019 3877 2070 dona

379 2110 463 2158 est
489 2106 804 2160 hominum.

448 2194 610 2249 Vens.
643 2197 696 2248 2.
731 2223 800 2235 --
827 2194 1003 2249 Proba
1049 2209 1147 2248 me.
1187 2194 1382 2264 (Cass)
1434 2193 1493 2248 Id
1537 2197 1643 2256 est,
1704 2193 1865 2263 prius
1922 2191 2069 2245 vires

379 2269 616 2353 inspice,
673 2287 801 2350 etc.,
860 2299 1028 2352 usque
1063 2283 1137 2337 ad
1183 2299 1298 2338 non
1346 2284 1569 2351 merita,
1616 2283 1714 2337 sed
1765 2281 2080 2337 misericor-

379 2369 531 2422 diam
558 2385 687 2440 qua
718 2371 891 2423 talem
923 2387 1014 2424 me
1044 2370 1198 2438 fecit,
1229 2371 1480 2425 attendo.

453 2457 662 2528 (Casa)
690 2458 876 2512 Proba
905 2475 1004 2514 me.
1043 2460 1125 2512 'l‘u
1157 2475 1314 2526 vero,
1338 2459 1517 2529 proba
1549 2457 1608 2512 in
1637 2458 2078 2525 tentationibus,

381 2559 454 2597 ne
485 2545 621 2615 quid
671 2546 862 2600 delicti
891 2551 1204 2614 remaneat,
1251 2553 1383 2610 etc.,
1419 2562 1589 2616 usque
1629 2547 1703 2601 ad
1749 2563 1822 2601 ne
1852 2545 1982 2617 quis
2011 2547 2081 2601 de

384 2632 466 2686 eis
494 2639 834 2690 murmuret.

458 2722 559 2774 Ure
587 2736 757 2776 renes.
805 2721 935 2792 (ln.)
982 2723 1119 2792 Igne
1173 2722 1331 2777 verbi
1384 2722 1486 2784 tui,
1532 2738 1623 2778 cor
1663 2723 1851 2777 calore
1909 2722 2084 2794 spiri-
2111 2769 2128 2786 ,

2192 2106 2314 2176 ejus
2340 2104 2680 2175 perduntur.

2253 2195 2302 2247 A
2353 2207 2456 2261 quo
2486 2191 2807 2260 trepidabo?
2869 2189 2995 2262 (lo.)
3027 2191 3205 2256 Quem
3239 2192 3508 2262 trepidet,
3565 2208 3722 2260 caro,
3755 2207 3868 2245 cum

2185 2281 2439 2336 induerit
2461 2279 2911 2350 corruptionem.

2258 2370 2437 2424 Vens.
2470 2371 2522 2422 2.
2586 2398 2636 2406 —
2674 2368 2849 2436 Super
2903 2382 2990 2424 me
3026 2373 3286 2424 nocentes.
3347 2369 3472 2439 (ln.)
3533 2371 3604 2425 Ut
3659 2386 3719 2423 se
3749 2367 3876 2423 mihi

2189 2457 2497 2526 praferant
2541 2455 2912 2510 insultantes:
2947 2457 3098 2527 quod
3149 2457 3318 2512 vertit
3375 2458 3524 2512 Deus
3552 2458 3615 2513 in
3666 2457 3877 2518 melius.

2192 2549 2255 2599 ut
2286 2544 2562 2598 maledico
2621 2544 2789 2598 dente
2841 2560 2958 2598 non
3021 2561 3132 2608 me.
3195 2547 3293 2600 sed
3323 2546 3574 2600 carnalia
3606 2545 3880 2600 desideria

2190 2637 2550 2686 consumant.
2590 2632 2685 2684 Vel
2742 2631 2926 2698 edant,
2985 2632 3040 2686 id
3097 2637 3200 2701 est,
3243 2632 3555 2688 delectetur
3601 2634 3661 2688 in
3710 2638 3883 2686 morte

2194 2737 2322 2775 mea
2383 2719 2688 2774 crudelitas
2759 2719 3145 2788 inimicorum,
3194 2737 3413 2788 carnes;
3469 2722 3723 2776 animum
3775 2737 3882 2775 non

386 2813 499 2862 tus.
558 2810 662 2865 Cor
725 2826 832 2880 pro
892 2810 1354 2881 cogitationibus,
1421 2825 1576 2864 renes
1621 2826 1726 2881 pro
1756 2809 2084 2866 delectatio-
2194 2813 2453 2880 possunt.

383 2895 583 2953 nibus.

2261 2897 2572 2963 Inﬁrmati,
2601 2902 2748 2951 sunt.
2797 2897 2929 2967 (Ιυ.)
2993 2897 3140 2951 Dum
3195 2898 3453 2952 Christus
3508 2914 3744 2952 carnem
3802 2913 3892 2950 ac-

461 2987 620 3041 Vens.
682 2990 734 3042 3.
780 3017 847 3027 —
902 2987 1296 3042 Misericordia.
1355 2987 1552 3057 (Casa)
1609 2986 1746 3051 Qua
1794 3003 1913 3042 non
1952 2987 2090 3042 sinit
2124 2991 2164 3046 C
2196 2985 2363 3056 cepit,
2421 2991 2688 3040 nutantes
2719 2985 2870 3052 facti,
2899 2991 2958 3040 et
2998 2992 3129 3057 post
3153 3003 3217 3040 ex
3249 2991 3370 3041 toto
3401 3003 3460 3040 se
3507 2987 3646 3040 ﬁdei
3700 2985 3891 3041 subdi-

381 3075 590 3129 tentari
619 3091 792 3146 super
841 3076 1004 3140 vires,
1058 3077 1144 3130 vel
1199 3076 1324 3147 ipsa
1358 3076 1509 3130 ustio
1540 3080 1627 3131 est
1663 3075 2074 3144 misericordia,

385 3178 501 3216 non
532 3165 831 3234 asperitas.

457 3248 769 3319 Complacui
796 3251 857 3304 in
911 3253 1155 3305 veritate.
1221 3252 1411 3320 (Ana)
1445 3251 1548 3306 Cui
1603 3251 1863 3322 displicet
1922 3269 2079 3308 men-

387 3337 612 3391 dacium
644 3353 835 3406 suum,
867 3342 921 3391 et
950 3339 1135 3408 placet
1164 3338 1285 3409 ipse
1316 3355 1444 3393 cum
1471 3339 1571 3394 illa
1600 3345 1656 3393 et
1685 3340 1746 3394 in
1765 3342 1883 3397 illa.

455 3426 612 3479 Vens.
645 3426 697 3478 4.
731 3455 800 3464 -
855 3427 972 3481 Non
1026 3426 1160 3480 sedi.
1219 3426 1412 3497 (Casa)
1472 3427 1785 3497 Complacui
1839 3426 1898 3479 in
1937 3424 2081 3478 veri-

384 3517 520 3576 tate,
592 3513 726 3584 quia
790 3529 907 3568 non
967 3514 1104 3569 sedi.
1173 3514 1356 3581 Odivi,
1429 3515 1582 3585 quod
1652 3515 1830 3568 vitare
1905 3513 2076 3568 mala.

382 3603 453 3654 Et
486 3601 697 3660 lavabo.
731 3602 883 3672 quod
918 3606 1005 3656 est
1030 3618 1198 3673 agere
1219 3607 1388 3657 recta.

460 3691 622 3746 Vani.
655 3690 849 3762 (Casa)
885 3692 1030 3745 Vani
1075 3692 1175 3762 qui
1223 3691 1292 3745 de
1321 3689 1549 3744 caducis
1579 3691 1747 3744 rebus
1778 3690 2076 3758 laborant;

383 3777 547 3849 impii
596 3777 869 3845 haretici,
921 3779 1018 3849 qui
1067 3779 1388 3851 Scripturas
1443 3783 1815 3850 pervertunt:
1850 3778 1934 3832 illi
1978 3795 2078 3832 su-

383 3865 604 3937 perﬂua
635 3871 919 3937 quarunt,
955 3867 1014 3921 hi
1046 3883 1349 3922 venenosa.

453 3955 614 4009 Vens.
644 3959 694 4009 5.
732 3986 798 3996 --
852 3957 1301 4023 Malignantium.
1350 3956 1487 4028 (Ιο.)
1535 3955 1644 4020 Qui
1693 3955 1846 4010 mala
1891 3955 2079 4026 proxi-

383 4044 493 4098 mis
519 4049 720 4114 agunt.

454 4131 614 4185 Vens.
649 4133 792 4184 6.-
827 4132 1063 4186 Lavabo.
1101 4133 1285 4201 (Auo.)
1336 4132 1693 4186 Poenitendo.
1757 4135 1827 4186 Et
1878 4133 2072 4199 altare,

383 4223 632 4271 mentem
657 4217 958 4272 virtutibus
1013 4220 1251 4284 ornabo,
1303 4219 1387 4274 vel
1421 4219 1616 4284 ﬁdem,
1679 4219 1815 4290 quia
1853 4237 1971 4275 non
1991 4227 2076 4275 est

379 4306 538 4360 locus
565 4307 684 4360 veri
713 4306 970 4361 sacriﬁcii
988 4312 1144 4362 extra
1170 4308 1508 4362 catholicam
1535 4308 1859 4364 Ecclesiam.

451 4395 602 4449 Inter
658 4396 982 4449 innocentes.
1050 4393 1236 4464 (Αυο.)
1308 4395 1688 4462 Conversans;
1746 4402 1806 4451 ut
1850 4396 2076 4451 audiam

380 4481 452 4536 ab
482 4482 581 4547 eis,
617 4482 677 4536 id
703 4487 808 4550 est,
844 4489 903 4536 ut
924 4483 1137 4537 discam
1171 4499 1443 4554 qua-voce
1467 4483 1542 4537 sis
1587 4484 1934 4552 laudandus;
1965 4485 2071 4552 vel,

379 4575 441 4624 ut
464 4569 718 4624 audiam:
753 4569 974 4637 Venite,
1007 4570 1290 4626 benedicti
1317 4571 1497 4625 Patris
1527 4571 1662 4626 mei.

449 4659 608 4712 Vens.
641 4663 692 4712 7.
724 4687 792 4698 —-
828 4659 1016 4714 Vocem
1069 4660 1249 4714 laudis
1307 4659 1550 4730 Spiritus
1581 4658 1786 4729 sancti,
1841 4659 1941 4731 qui
1970 4659 2073 4714 do-
2114 4725 2116 4727 ν

379 4750 467 4799 cet
492 4745 728 4800 laudare
757 4749 832 4800 te.

448 4835 607 4889 Vens.
640 4836 692 4889 8.
728 4865 796 4873 —-
825 4837 1061 4890 Domine.
1098 4835 1290 4906 (Cass)
1349 4835 1497 4890 Petit
1547 4851 1619 4889 ne
1676 4834 1842 4888 malis
1885 4835 1945 4889 in
1983 4837 2074 4906 ju-

2189 3075 2418 3129 derunt.

2261 3163 2459 3234 (CASS.)
2499 3163 2618 3230 Vel,
2668 3163 2948 3218 debilitati
2988 3163 3270 3235 paulatim
3309 3165 3379 3219 ad
3418 3163 3649 3219 ruinam
3681 3165 3886 3219 anima

2188 3257 2589 3322 pervenerunt.

2261 3340 2418 3394 Vens.
2454 3341 2505 3394 3.
2556 3341 2783 3395 Castra.
2835 3340 3030 3412 (Casa)
3063 3341 3373 3408 Molimina,
3405 3342 3705 3413 pralium,
3749 3357 3893 3397 con-

2189 3427 2396 3482 ﬂictus.
3861 3444 3867 3450 ‘

2258 3514 2329 3570 In
2357 3517 2452 3571 hoc
2481 3531 2593 3584 ego.
2627 3517 2816 3588 (Auo.)
2849 3517 3038 3573 Habeo
3067 3534 3229 3589 spem
3259 3518 3512 3573 victoria
3535 3518 3594 3573 in
3647 3519 3894 3573 Domino

2188 3605 2667 3659 remunerationis
2689 3609 2938 3660 aterna.

2259 3689 2422 3744 Vens.
2476 3690 2530 3743 4.
2580 3718 2649 3730 —-
2709 3691 2881 3744 Unam
2927 3693 3083 3759 petii.
3140 3691 3326 3762 (Αυο.)
3372 3692 3504 3745 Hac
3533 3707 3650 3744 una
3689 3692 3894 3746 domus

2187 3782 2422 3845 aterua,
2441 3778 2501 3831 in
2526 3794 2641 3848 qua
2660 3793 2888 3849 semper
2907 3784 3230 3845 maneatur,
3261 3779 3360 3833 ubi
3390 3780 3592 3833 aterni
3624 3779 3776 3845 dies,
3797 3795 3895 3833 cur

2186 3863 2305 3919 ibi?
2335 3871 2398 3920 ut
2437 3867 2790 3937 contempler
2841 3866 3280 3920 delectationem
3316 3866 3440 3934 Dei,
3491 3868 3646 3938 quod
3682 3874 3773 3923 est
3802 3885 3892 3922 ve-

2185 3969 2317 4008 rum
2345 3953 2583 4008 bonum.

2257 4043 2513 4098 Omnibus
2562 4042 2754 4096 diebus
2814 4045 2940 4098 vita
3008 4059 3154 4098 mea.
3238 4043 3424 4114 (Auo.)
3491 4045 3559 4098 Ut
3622 4044 3888 4116 quandiu

2183 4129 2332 4198 vivo,
2365 4139 2490 4196 etc.,
2517 4147 2685 4200 usque
2704 4131 2783 4185 ad
2811 4147 2956 4201 opus
2982 4132 3376 4187 manifestabo.

2259 4223 2326 4275 Ut
2379 4220 2615 4275 videam.
2681 4219 2804 4290 (Ῑο.)
2864 4219 2990 4275 Alia
3044 4221 3266 4275 littera:
3312 4223 3378 4276 Ut
3415 4224 3753 4292 contempler
3805 4223 3891 4277 de-

2185 4309 2516 4363 lectationem
2535 4311 2764 4369 Domini,
2819 4309 2879 4363 id
2920 4313 3026 4371 est,
3053 4326 3123 4364 eo
3170 4310 3304 4375 ﬁne,
3333 4315 3398 4364 ut
3440 4310 3684 4366 demum
3719 4329 3892 4384 appa-

2187 4401 2326 4464 reat,
2360 4403 2492 4466 etc.,
2527 4411 2697 4466 usque
2739 4395 2814 4450 ad
2868 4402 2925 4451 et
2953 4397 3081 4452 ideo
3129 4414 3246 4452 non
3276 4402 3492 4454 temere
3533 4405 3675 4470 peto
3706 4410 3890 4466 uitam,

2184 4483 2290 4538 etsi
2315 4486 2595 4553 peccator.

2255 4572 2414 4626 Vens.
2473 4575 2524 4625 5.
2572 4601 2640 4610 —
2689 4573 2750 4626 In
2806 4571 3161 4627 abscondito:
3221 4573 3407 4644 (Ans.)
3469 4575 3638 4646 quasi
3693 4576 3890 4630 multa

2183 4663 2373 4732 partes
2431 4663 2585 4726 sunt,
2642 4664 2971 4728 etc.,usque
3027 4660 3101 4714 ad
3157 4677 3330 4732 quem
3379 4678 3511 4716 mox
3572 4670 3749 4718 vocat
3801 4681 3892 4736 pe-

2183 4753 2352 4804 tram.

2250 4837 2409 4890 Vens.
2467 4839 2522 4892 6.
2554 4867 2623 4876 —-
2679 4836 2991 4894 Circumivi.
3025 4836 3214 4908 (Auc.)
3269 4837 3417 4902 Quia
3454 4838 3596 4893 mihi
3626 4856 3692 4894 se
3735 4857 3889 4912 prae

377 4923 526 4978 dicio
569 4923 895 4990 misceatur,
927 4923 1062 4996 quia
1091 4940 1206 4978 non
1247 4923 1347 4992 eis,
1380 4923 1478 4978 sed
1524 4923 1828 4978 concordat
1875 4923 2072 4978 domui
2179 4923 2307 4980 buit
2337 4924 2562 4992 ducem,
2595 4930 2729 4995 etc.,
2768 4941 2937 4994 usque
2965 4925 3040 4980 ad
3071 4929 3133 4980 ut
3162 4943 3362 4981 omnes
3407 4927 3738 4982 voluntates
3769 4929 3891 5000 ejus

379 5011 495 5067 Dei.

447 5101 634 5155 Dilemi
689 5100 944 5154 decorem.
1015 5099 1214 5168 (CASS.)
1273 5100 1402 5154 Hac
1457 5098 1585 5154 ideo
1652 5099 1876 5162 faciam.
1933 5099 2071 5171 quia

373 5187 544 5242 dilexi
589 5204 681 5243 me
728 5189 914 5243 facere
961 5188 1226 5242 decoram
1278 5188 1514 5243 domum
1571 5188 1692 5254 tibi,
1754 5193 1810 5242 et
1857 5189 2064 5256 locum,

373 5291 487 5346 quo
538 5276 783 5347 gloriose
829 5276 1072 5343 habites,
1125 5282 1194 5331 ut
1220 5276 1290 5331 de
1347 5276 1528 5347 gloria
1578 5281 1635 5330 et
1668 5275 1916 5331 essentia
1965 5276 2066 5331 Dei

372 5363 587 5435 aliquid
615 5366 856 5435 capiam.

445 5453 609 5508 Vens.
643 5457 694 5508 9.
728 5484 796 5493 —-
835 5455 913 5511 Ne
966 5453 1186 5523 perdas.
1245 5453 1438 5523 (Cass)
1488 5454 1551 5509 Et
1593 5452 1642 5508 si
1682 5451 1854 5510 modo
1893 5452 2064 5509 simul

371 5557 494 5596 esse
521 5541 753 5614 pateris,
785 5558 855 5596 ne
885 5542 1056 5596 simul
1085 5542 1312 5612 perdas.

2179 5013 2505 5083 implerem.

2252 5101 2460 5173 (Ηιειι.)
2514 5103 2612 5156 Vel
2668 5102 3044 5174 circumspexi
3089 5103 3286 5158 omnia
3311 5107 3518 5172 creata,
3570 5106 3661 5160 vel
3707 5121 3890 5161 exem-

2181 5192 2277 5262 pla
2307 5195 2654 5244 sanctorum.

2249 5279 2438 5347 (AUG.)
2469 5277 2775 5334 Circumivi
2819 5277 3013 5334 animo
3061 5279 3257 5334 omnia
3295 5286 3504 5348 creata,
3542 5286 3681 5350 etc.,
3717 5297 3882 5352 usque

2176 5366 2251 5422 ad
2279 5371 2438 5420 tanto
2458 5367 2747 5422 ardentius
2768 5367 3000 5438 appetit.

2246 5455 2406 5509 Vens.
2461 5459 2514 5512 7.
2544 5484 2614 5496 —-
2668 5455 2915 5523 Exaudi,
2973 5459 3217 5524 Domine,
3292 5473 3470 5513 vocem
3513 5475 3717 5524 meam,
3773 5466 3872 5515 etc.

2173 5542 2374 5613 (Casa)
2400 5542 2538 5607 Quis
2565 5543 2749 5610 labor,
2795 5543 2922 5614 quis
2950 5545 3241 5614 gemitus?
3272 5545 3466 5600 Oratio
3497 5550 3627 5600 ante
3660 5563 3870 5602 secun-
