4034 6180
208 276 310 328 881
1348 275 1601 330 ULOSSA
1638 274 2040 330 ORDINARIA.
2083 301 2152 313 —
2192 275 2319 329 LIB.
2367 273 2611 330 PSALM.

3617 276 3723 330 882

201 394 340 449 dam
370 394 724 461 unctionem,
756 399 819 449 ut
843 394 1030 466 possit
1054 395 1252 451 haberi
1312 412 1485 467 quam
1528 401 1583 450 et
1629 395 1737 451 sibi
1782 412 1913 466 pro-
1940 394 1986 449 Δ
2095 397 2258 451 Vens.
2291 399 2343 452 4.
2377 427 2447 439 —
2504 402 2587 453 Da
2623 399 2752 453 illis.
2810 399 3013 468 (Ibid)
3072 398 3387 454 Praedicere
3436 405 3536 467 est,
3601 416 3717 455 non

200 484 419 555 phetias
450 484 657 554 spiritu
688 484 990 554 promittit.

278 573 439 627 Vens.
473 574 526 626 8.
556 602 629 611 —
670 570 792 626 Tibi
818 572 987 626 dixit.
1051 574 1267 642 (Cassa)
1299 573 1420 639 Cor,
1450 572 1595 626 ratio
1625 588 1657 626 a
1685 576 1739 626 te
1770 571 1902 626 edo-

200 664 296 714 cta
326 660 433 715 tibi
471 661 875 716 confabulatur
903 660 974 715 de
1026 676 1157 728 una,
1192 676 1305 714 non
1348 660 1505 715 aliud
1536 677 1707 731 quam
1740 661 1906 715 doces

201 753 533 820 pertractet.

275 839 437 892 Vens.
498 842 550 892 9.
610 868 677 878 —
735 840 813 895 Ne
868 845 1105 893 avertas.
1162 838 1354 909 (Auc.)
1404 839 1562 892 Alius
1618 838 1760 909 petit
1811 838 1903 892 hic

202 927 357 981 bona
384 927 725 998 temporalia
752 943 783 980 a
818 928 951 993 Deo,
986 933 1043 981 et
1097 927 1168 981 de
1212 927 1357 981 datis
1386 927 1616 997 gaudet,
1668 926 1759 980 hic
1790 943 1904 980 non

204 1015 323 1069 nisi
370 1031 555 1070 unam.
623 1016 782 1070 Alius
836 1016 1056 1070 habens
1139 1016 1303 1070 timet
1351 1016 1584 1078 iratum,
1641 1031 1714 1069 ne
1743 1016 1905 1069 tollat

203 1120 317 1171 ea;
383 1102 490 1158 iste
544 1119 660 1157 non
724 1108 888 1174 putat
936 1103 1099 1167 iram,
1148 1104 1258 1157 nisi
1311 1104 1361 1157 si
1412 1108 1624 1158 avertat
1672 1105 1899 1170 vultum,

204 1192 386 1247 etiam
414 1193 460 1247 si
484 1192 624 1264 quid
651 1192 710 1246 in
742 1208 807 1246 eo
837 1192 1123 1258 vindicet;
1157 1193 1239 1247 nil
1269 1192 1517 1248 divinius
1570 1198 1795 1263 poterat
1824 1193 1904 1246 di-

200 1297 352 1336 cere.

279 1373 355 1426 Ne
384 1371 634 1426 declines.
689 1371 875 1441 (Auc.)
935 1372 1059 1425 Non
1110 1371 1171 1425 in
1217 1371 1302 1425 ira
1348 1372 1615 1436 declinat,
1674 1370 1903 1441 quando

202 1478 237 1515 a
260 1460 512 1531 peccatis
540 1459 742 1514 faciem
775 1459 1015 1526 avertit;
1048 1460 1154 1527 vel,
1182 1475 1247 1513 ne
1278 1460 1529 1525 declines,
1559 1464 1619 1512 ut
1664 1475 1755 1513 me
1787 1456 1903 1512 labi

198 1549 360 1604 sinas
391 1550 452 1603 in
488 1548 595 1615 ira,
631 1548 690 1602 id
720 1552 825 1616 est,
856 1548 1009 1619 quod
1068 1548 1307 1619 punias;
1342 1549 1439 1602 sed
1475 1553 1541 1602 ut
1584 1554 1778 1602 nostra
1809 1547 1899 1601 in-

200 1636 450 1692 ﬁrmitas
479 1636 705 1691 cautior
734 1636 857 1691 ﬁat.

278 1728 552 1783 Salutaris
606 1742 775 1793 meus,
828 1731 930 1781 etc.
979 1726 1166 1797 (Auc.)
1216 1726 1408 1795 Quasi,
1462 1726 1673 1780 frustra
1699 1726 1903 1780 creasti

202 1817 264 1867 et
296 1814 583 1883 recreasti,
614 1820 747 1881 etc.,
778 1830 947 1884 usque
976 1814 1051 1869 ad
1077 1831 1111 1868 a
1141 1816 1382 1869 Domino
1421 1819 1505 1868 est
1530 1831 1635 1886 per
1664 1815 1899 1869 Samue-

198 1903 319 1958 lem
351 1904 586 1958 electus.

276 1992 445 2045 Vxns.
480 1993 562 2046 lO.
611 2022 681 2031 —
738 1993 1004 2056 Quoniam
1053 1996 1232 2061 pater,
1274 1995 1379 2046 etc.
1437 1991 1589 2046 Fecit
1667 2008 1725 2045 se
1774 2007 1904 2061 par-

196 2079 403 2132 vulum
440 2079 576 2144 Deo,
622 2078 813 2148 ipsum
869 2078 1004 2133 fecit
1055 2077 1159 2131 sibi
1216 2082 1465 2146 patrem:
1526 2077 1662 2148 quia
1709 2078 1897 2148 jubet,

199 2172 388 2229 vocat,
451 2166 727 2231 condidit,
812 2172 869 2220 et
951 2166 1114 2238 regit.
1184 2169 1434 2231 Matrem,
1517 2166 1652 2237 quia
1727 2167 1896 2234 fovet,

196 2256 483 2321 continet,
541 2256 805 2310 collactat
877 2260 934 2308 et
989 2255 1201 2321 nutrit;
1262 2254 1360 2308 sed
1417 2256 1689 2309 saeculum
1738 2263 1903 2326 pater

197 2346 290 2399 vel
324 2344 609 2410 diabolus,
663 2351 853 2399 mater,
878 2343 1206 2415 Babylonia,
1268 2342 1323 2397 id
1373 2349 1475 2409 est,
1532 2343 1769 2397 societas
1798 2343 1900 2397 im-

193 2435 454 2506 piorum.

273 2524 438 2577 Vens.
477 2525 561 2576 ll.
594 2552 663 2562 —
694 2523 883 2588 Legem
908 2535 1047 2591 pone
1074 2522 1229 2586 mihi,
1260 2524 1363 2573 etc.

274 2612 438 2665 Vens.
481 2612 563 2664 l2.
624 2641 691 2649 —
754 2609 1173 2664 Tribulantium.
1234 2609 1431 2677 (Cass)
1491 2610 1560 2663 Ut
1613 2608 1797 2663 Saulis
1845 2614 1903 2663 et

199 2698 559 2767 adjutorum,
593 2702 905 2766 etc.,usque
939 2697 1013 2750 ad
1049 2695 1186 2767 quia
1233 2695 1378 2749 falsi.

279 2786 438 2839 Vens.
472 2788 558 2840 l3.
595 2814 663 2824 —
704 2785 870 2841 Credo
926 2784 1126 2838 videre.
1179 2783 1371 2853 (AUG.)
1429 2782 1539 2838 Sed
1596 2783 1747 2838 inter
1789 2802 1903 2839 om-

206 2874 302 2928 nia
329 2874 603 2944 pericula,
640 2874 752 2927 Deo
779 2872 1082 2944 dirigente,
1116 2872 1285 2926 credo
1318 2871 1526 2925 videre.

2019 488 2241 555 optare,
2263 486 2575 540 secundum
2606 486 2758 556 quod
2820 486 3210 551 intenderunt,
3242 503 3357 541 non
3400 488 3711 542 secundum

2018 573 2166 644 quod
2200 573 2335 627 inde
2369 575 2665 644 pervenit:
2704 575 2789 627 vel
2835 580 2997 644 optat
3022 574 3299 643 justitiam
3346 576 3447 630 Dei
3496 576 3554 630 in
3605 578 3714 630 hoc

2015 663 2248 717 servari.

2087 752 2248 804 Vans.
2318 754 2369 805 5.
2446 782 2514 790 -—-
2571 754 2835 822 Quoniam
2913 766 3037 817 non,
3115 755 3220 804 etc.
3307 752 3437 820 (In)
3516 753 3581 806 Et
3665 752 3711 805 si

2016 838 2278 893 deessent
2334 855 2526 910 opera,
2598 840 2704 893 hoc
2775 839 3061 893 sufﬁceret
3112 839 3489 908 damnationi,
3557 840 3711 910 quod

2016 943 2133 981 non
2172 927 2577 982 intellexerunt
2608 944 2709 998 per
2738 929 2923 998 legem
2957 933 3014 980 et
3068 928 3400 997 Prophetas,
3454 944 3582 998 quin
3626 928 3711 981 in-

2015 1015 2314 1069 visibiliter
2363 1018 2509 1070 Deus
2575 1022 2846 1087 operatur
2907 1032 3009 1085 per
3066 1031 3181 1084 me,
3220 1031 3325 1068 nec
3372 1015 3544 1069 etiam
3584 1015 3711 1069 visi-

2012 1104 2170 1158 bilia.

2084 1195 2351 1261 Destrues.
2400 1192 2590 1262 (Aea)
2630 1193 2695 1247 Ut
2748 1192 2890 1246 nihil
2940 1192 3081 1246 mihi
3149 1197 3372 1257 noceat,
3421 1208 3526 1246 nec
3579 1197 3710 1263 post

2016 1281 2276 1335 Ecclesiae
2308 1287 2439 1345 tum,
2475 1282 2561 1334 vel
2586 1297 2747 1336 meae.

2088 1370 2425 1424 Benedictus.
2468 1370 2676 1439 (Cass)
2732 1370 2976 1423 Auditus
3014 1368 3074 1423 in
3126 1369 3544 1424 resurrectione
3586 1386 3706 1441 gra-

2011 1458 2119 1513 tias
2148 1458 2289 1528 agit,
2324 1458 2568 1512 subdens
2594 1458 2663 1512 de
2696 1458 2874 1512 salute
2901 1458 3277 1512 credentium.

2086 1550 2367 1603 Dominus.
2429 1546 2549 1616 (lu.)
2584 1547 2737 1601 Idem
2794 1547 2896 1617 qui
2948 1547 3175 1617 adjutor
3227 1562 3409 1616 mens,
3466 1552 3523 1601 et
3569 1563 3706 1615 pro-

2012 1640 2193 1691 tector
2239 1640 2326 1691 est
2372 1635 2647 1690 fortitudo
2705 1635 2908 1706 plebis,
2964 1652 3093 1707 quae
3141 1635 3201 1689 in
3242 1652 3309 1689 eo
3361 1632 3618 1701 conﬁdit,
3651 1639 3709 1690 et

2012 1730 2300 1797 protector
2329 1741 2402 1779 ne
2436 1724 2736 1791 lazdantur,
2771 1730 2828 1778 et
2854 1729 2940 1789 tu,
2968 1741 3000 1777 o
3045 1724 3315 1778 Domine:

2084 1816 2248 1869 Vnns.
2299 1818 2349 1869 9.
2394 1842 2468 1855 —
2528 1814 2775 1868 Salvum.
2838 1814 2975 1867 Ecce
3026 1818 3239 1882 quanta
3294 1827 3422 1882 spes
3469 1812 3707 1867 creden-

2010 1902 2159 1957 tium
2188 1918 2333 1957 cum‘
2363 1917 2468 1973 pro
2500 1902 2581 1956 eis
2608 1906 2770 1956 orat:
2801 1918 3003 1972 passus
3030 1917 3134 1972 pro
3170 1901 3250 1955 eis
3283 1900 3461 1971 judex
3521 1906 3605 1955 est
3649 1906 3708 1955 et

2013 1993 2317 2047 advocatus
2330 2033 2342 2047 .

2082 2083 2152 2136 Et
2191 2095 2333 2147 rege,
2363 2083 2467 2133 etc.
2499 2078 2624 2148 (11).)
2656 2080 2736 2133 Ne
2771 2077 3060 2132 declinent
3089 2078 3159 2132 ad
3190 2093 3384 2148 prava.

2082 2168 2315 2231 Ertolle,
2365 2171 2497 2233 etc.,
2555 2182 2587 2219 a
2635 2166 2873 2220 terrenis
2936 2166 3005 2219 ad
3063 2165 3307 2236 petenda
3360 2168 3593 2225 aeterna,
3652 2167 3711 2217 et

2012 2257 2307 2312 intellectu
2337 2256 2783 2327 Scripturarum,
2835 2260 2891 2309 et
2942 2256 3092 2309 bono
3147 2270 3321 2324 opere
3379 2269 3482 2323 per
3523 2258 3710 2307 totum

2012 2345 2116 2399 hoc
2146 2345 2418 2398 saeculum
2452 2360 2633 2414 usque
2662 2342 2719 2395 in
2751 2342 2947 2395 ﬁnem.

2566 2483 2882 2539 PSALMUS
2920 2480 3148 2537 XXVIII.

2084 2611 2244 2663 Vens.
2302 2612 2346 2662 l.
2415 2638 2485 2648 —-
2537 2608 2787 2663 Psalmus
2846 2605 3025 2662 David
3088 2607 3145 2658 in
3222 2605 3699 2658 consummatione.

2015 2700 2138 2767 (Iu.)
2180 2700 2324 2751 Arca
2378 2715 2408 2750 a
2441 2696 2744 2751 Philistaeis
2799 2694 3050 2757 reducta,
3109 2697 3239 2760 etc.,
3298 2707 3465 2762 usque
3510 2692 3584 2744 ad
3644 2696 3711 2745 ut

2013 2804 2072 2841 se
2091 2787 2334 2841 oﬁ'erant
2377 2785 2476 2839 tali
2524 2782 2995 2839 consummatori.

2082 2876 2293 2945 Aﬂ’erte
2340 2876 2564 2929 Domino
2606 2872 2723 2942 (lo.)
2793 2871 2956 2926 Prius
3022 2874 3215 2924 monet
3288 2868 3562 2922 sacriﬁcia
3628 2866 3707 2921 of-

272 2966 448 3019 Bona.
500 2963 636 3033 (10.)
688 2964 863 3027 Bona,
925 2978 1054 3032 qua;
1108 2965 1243 3015 snnt
1296 2976 1447 3026 vera,
1515 2965 1746 3015 aeterna.
1819 2962 1906 3015 Illi
1937 2960 1978 3016 C
2016 2965 2185 3019 ferre.

198 3049 449 3104 suadent
475 3048 891 3103 beatitudinem
921 3064 981 3102 1n
1012 3052 1162 3103 terra
1183 3048 1308 3117 ista,
1340 3063 1467 3118 quae
1526 3052 1609 3102 est
1657 3048 1900 3104 morien-

198 3140 371 3193 tium.

351 3229 511 3282 Vens.
547 3228 630 3282 14.
661 3258 727 3266 -
758 3230 1046 3296 Exspecta.
1080 3225 1287 3296 (Cass)
1322 3227 1387 3281 Ut
1419 3242 1527 3297 ego
1557 3230 1745 3280 certus
1775 3243 1900 3279 sum

193 3318 275 3373 de
298 3318 421 3383 illa,
456 3321 587 3383 etc.,
638 3330 806 3386 usque
833 3315 908 3369 ad
946 3314 1161 3368 sustine
1194 3314 1346 3385 quod
1389 3314 1618 3384 pateris.

776 3403 1086 3458 PSALMUS
1131 3403 1333 3458 XXVII.

273 3495 523 3551 Psalmus
588 3494 731 3547 huic.
794 3493 901 3547 Per
965 3491 1141 3547 David
1205 3490 1513 3562 aliquando
1561 3490 1904 3562 intelligitur

195 3588 396 3655 caput,
430 3584 488 3638 id
529 3588 633 3649 est,
673 3582 957 3648 Christus;
1008 3580 1318 3651 aliquando
1379 3595 1604 3650 corpus,
1672 3579 1729 3633 id
1795 3584 1899 3643 est,

202 3672 453 3728 Ecclesia
486 3688 500 3737 ;
532 3671 823 3725 interdum
864 3675 1175 3740 utrumque
1231 3668 1426 3737 simul,
1481 3668 1538 3721 id
1587 3673 1688 3735 est,
1749 3673 1903 3721 totus

195 3762 465 3818 Christus
495 3758 857 3829 intelligitur,
889 3764 952 3812 ut
984 3758 1092 3812 hic.

275 3848 483 3919 (Cass)
512 3848 773 3902 Psalmus
811 3847 1032 3912 tertius,
1066 3845 1164 3916 qui
1221 3844 1466 3899 breviter
1515 3845 1583 3898 de
1642 3844 1900 3916 passione

190 3944 260 3993 et.
292 3936 708 3991 resurrectione
720 3979 732 3990 .

278 4023 411 4093 (In.)
446 4024 544 4078 Hic
572 4022 912 4093 proponitur
940 4021 1195 4075 Christus
1249 4020 1331 4091 (et
1374 4021 1421 4075 si
1478 4022 1620 4076 adeo
1674 4021 1899 4093 dignus)

196 4130 324 4168 non
361 4112 419 4166 in
452 4129 510 4167 se
532 4112 839 4177 conﬁdere,
872 4110 970 4165 sed
1003 4116 1186 4164 totum
1234 4127 1265 4162 a
1326 4112 1439 4164 Deo
1478 4115 1710 4180 petere:
1764 4109 1902 4163 utile

194 4203 539 4272 exemplum
564 4201 760 4273 justis.

2082 3052 2247 3107 Filios
2278 3055 2529 3106 arietum.
2565 3050 2755 3118 (Αυα.)
2795 3048 2937 3112 Quia
2968 3063 3083 3101 non
3116 3046 3276 3100 deest
3320 3042 3704 3115 impugnatio,

2014 3146 2144 3205 etc.,
2205 3156 2367 3208 usque
2425 3140 2498 3192 ad
2527 3143 2584 3192 et
2613 3136 2975 3207 septuaginta
3014 3137 3126 3190 duo
3158 3133 3423 3204 discipuli
3453 3133 3518 3187 ad
3571 3147 3709 3202 pra:-

2010 3228 2317 3285 dicandum
2341 3226 2922 3297 missisigniﬁcantur.

2088 3319 2205 3372 V0.1:
2263 3318 2493 3371 Domini.
2569 3316 2780 3383 (Cass)
2871 3312 3202 3367 Praedicatio
3271 3309 3477 3365 Christi
3551 3309 3704 3363 intus

2011 3410 2231 3461 mentes
2250 3404 2468 3467 terruit,
2492 3403 2644 3475 quod
2678 3406 2782 3467 est,
2808 3401 3069 3472 spiritum
3130 3398 3349 3453 timoris
3396 3397 3551 3452 dedit
3613 3398 3705 3451 Ju-

2012 3493 2151 3547 daais
2171 3499 2226 3546 et
2257 3492 2543 3563 gentibus.

2084 3580 2302 3652 (Gneo)
2328 3583 2436 3635 Iste
2468 3580 2538 3634 ab
2568 3579 2684 3632 imo
2712 3576 2986 3643 ascendit,
3022 3575 3077 3630 id
3100 3580 3204 3641 est,
3228 3573 3436 3643 spiritu
3486 3571 3706 3627 timoris
3777 3621 3787 3629 .

2011 3671 2084 3725 ad
2115 3671 2382 3741 spiritum
2430 3666 2748 3738 sapientiaa,
2807 3672 2935 3732 etc.,
2996 3680 3163 3734 usque
3220 3663 3293 3717 ad
3322 3662 3379 3716 id
3411 3667 3514 3727 est,
3547 3659 3708 3731 spiri-

2010 3758 2617 3815 tualemintellectum,
2640 3755 2745 3808 hos
2776 3753 3051 3808 Dominus
3080 3750 3349 3805 concutit.

2084 3846 2295 3916 (HIBR.)
2329 3847 2398 3900 Ut
2455 3843 2706 3914 agricola
2766 3841 3015 3895 sterilem
3065 3846 3300 3905 terram,
3351 3842 3481 3904 etc.,
3539 3851 3707 3905 usque

2011 3935 2087 3988 ad
2115 3940 2171 3987 et
2204 3933 2365 3987 dabit
2390 3931 2680 3994 virtutem,
2725 3933 2782 3982 et
2822 3927 3081 3981 eamdem
3124 3924 3422 3978 benedicet
3475 3923 3535 3977 in
3570 3939 3706 3993 pace

2013 4027 2246 4077 eterna.

2082 4112 2248 4164 Vens.
2289 4112 2341 4163 3.
2374 4136 2442 4147 -
2481 4108 2596 4160 Voa:
2626 4106 2845 4160 Domini
2872 4118 3036 4172 super
3071 4116 3267 4170 aquas,
3326 4104 3430 4154 etc.
3494 4099 3705 4168 (Cass)

2014 4200 2091 4252 De
2120 4193 2530 4251 constitutione
2553 4190 2833 4255 Ecclesiae,
2868 4190 2961 4244 ubi
2991 4189 3227 4243 virtutes
3271 4187 3517 4257 Spiritus
3575 4202 3704 4240 san-

276 4293 446 4345 Vsns.
487 4295 530 4345 ί.
565 4320 627 4331 -
657 4290 749 4344 Ad
801 4294 869 4356 te,
929 4290 1150 4344 Domine
1200 4288 1332 4359 (ιυ.)
1391 4288 1584 4344 Oratio
1645 4294 1905 4359 tempore
1934 4301 1976 4354 ι)
2014 4286 2089 4341 cti
2118 4301 2246 4338 cum
2289 4298 2499 4351 magno
2538 4280 2825 4351 praeconio
2855 4280 3172 4333 enumerat.

202 4379 493 4451 passionis
521 4379 734 4433 habita.

280 4470 362 4524 Ne
384 4469 561 4522 sileas.
598 4467 778 4522 Minus
799 4470 885 4520 est
914 4465 973 4518 in
1036 4466 1294 4533 Hebraeo,
1345 4469 1471 4532 etc.,
1522 4480 1691 4533 usque
1743 4465 1818 4518 ad
1848 4468 1906 4518 et

191 4578 230 4612 ει
265 4561 457 4611 morte
487 4555 999 4611 resuscitationem.

275 4647 551 4713 Nesileas,
585 4650 713 4707 etc.,
751 4648 801 4697 et
855 4642 1220 4707 assimilabor,
1282 4646 1387 4696 etc.
1417 4641 1644 4711 (HIER.)
1687 4642 1761 4695 Ex
1811 4656 1899 4707 eo,

196 4735 363 4808 quod
393 4733 630 4787 verbum
662 4731 803 4785 mihi
836 4746 1063 4800 semper
1109 4730 1325 4795 uuitur,
1386 4745 1498 4783 non
1538 4729 1685 4782 stans
1732 4728 1904 4782 homo

197 4839 341 4878 sum
373 4822 569 4893 quales
598 4821 811 4886 caeteri,
844 4818 944 4890 qui
976 4818 1368 4872 nascunturin
1398 4817 1745 4887 profundam
1794 4816 1905 4870 mi-

198 4911 422 4965 seriam
452 4908 664 4963 saeculi.

282 4998 476 5067 (Auc.)
512 4996 617 5051 Ubi
645 4995 810 5066 quasi
840 4995 886 5049 si
910 4994 1080 5049 sileas
1117 5011 1233 5049 non
1279 4993 1638 5065 cognoscitur
1668 4994 1906 5049 verbum

202 5096 401 5143 tuum.

280 5178 445 5229 Vens.
477 5178 528 5228 2.
560 5203 629 5212 —
672 5174 768 5228 Ad
828 5174 1100 5242 templum.
1161 5171 1357 5244 (Cass)
1414 5172 1739 5226 Secundum
1795 5187 1908 5226 mo-

202 5282 334 5321 rem
363 5263 710 5328 Judaeornm,
733 5261 942 5332 quibus
969 5265 1319 5331 praaceptum
1354 5266 1437 5314 est
1476 5267 1539 5314 ut
1577 5261 1905 5331 ubicunque

199 5357 406 5408 essent
434 5351 501 5405 ad
532 5351 688 5405 illam
720 5355 940 5421 partem
989 5354 1237 5416 orarent,
1268 5349 1368 5403 ubi
1409 5350 1726 5403 Jerusalem
1785 5364 1906 5402 esse

201 5445 459 5499 scirent:
493 5439 645 5510 quod
676 5444 732 5493 et
758 5440 919 5493 Jesus
947 5438 1133 5508 legem
1181 5438 1427 5508 implens
1469 5438 1621 5493 fecit.
1684 5438 1778 5490 Vel
1834 5437 1903 5491 ad

202 5532 447 5595 cretum,
480 5529 629 5583 unde
657 5527 937 5582 auxilium
967 5542 1284 5599 speramus.

2086 4374 2303 4429 Libani.
2362 4369 2606 4425 Libanus
2663 4367 3075 4438 interpretatur
3124 4363 3468 4419 candidatio.
3538 4361 3710 4416 Cedri

2016 4463 2229 4529 Libani,
2267 4460 2325 4514 id
2372 4463 2479 4525 est,
2525 4456 2623 4511 alti
2670 4455 2930 4511 homines
2984 4455 3046 4509 in
3084 4452 3329 4508 terrenis
3380 4450 3515 4505 elati
3563 4466 3709 4520 quos

2016 4552 2163 4605 Deus
2210 4545 2626 4617 confringendo
2671 4544 3038 4608 comminuet,
3088 4543 3144 4597 id
3176 4547 3282 4610 est,
3330 4542 3399 4595 de
3440 4537 3707 4609 superbia

2014 4640 2086 4693 ad
2116 4654 2174 4692 se
2204 4653 2308 4708 per
2356 4636 2629 4690 dilectum
2697 4634 2882 4688 ﬁlium
2950 4632 3210 4686 reducet:
3254 4637 3311 4684 et
3348 4630 3456 4683 hoc
3505 4627 3709 4698 spiritu

2012 4725 2365 4785 fortitudinis
2406 4723 2778 4787 comminuet,
2806 4722 2950 4775 sicut
2999 4719 3287 4774 unicornis
3327 4722 3524 4788 captus
3561 4730 3710 4770 com-

2014 4814 2314 4870 minuitur.

2084 4905 2247 4959 Vuns.
2276 4907 2327 4957 7.
2372 4931 2441 4942 —
2476 4904 2770 4956 Desertum.
2809 4899 3011 4962 (Cass,
3069 4896 3231 4965 Auc.)
3283 4893 3579 4950 Iudaicum
3608 4909 3708 4964 po-

2014 4993 2237 5064 pulum,
2268 4994 2398 5057 etc.,
2429 5003 2598 5059 usque
2628 4988 2702 5041 ad
2732 4986 2883 5040 unde
2915 4989 3147 5038 emanat
3177 4999 3326 5054 aqua
3348 4982 3489 5035 viva.

2084 5081 2245 5134 Vens.
2278 5082 2361 5133 to.
2387 5107 2457 5117 —
2489 5077 2772 5130 Dominus.
2804 5073 2950 5139 Quid
2981 5073 3303 5127 constitutae
3330 5069 3589 5125 Ecclesia:
3611 5070 3709 5123 ﬁat

2017 5169 2265 5226 ostendit
2280 5209 2290 5221 .

2088 5258 2250 5321 Dedi,
2293 5255 2448 5309 enim
2504 5253 2600 5317 ait,
2652 5252 2800 5306 vobis
2852 5254 3170 5320 potestatem
3218 5249 3525 5304 conculcare
3549 5262 3710 5317 super

2015 5351 2302 5416 serpentes.
2349 5344 2415 5398 Ut
2447 5347 2636 5395 autem
2678 5345 2762 5393 est
2811 5339 3154 5404 inauditum,
3196 5343 3258 5393 ut
3329 5336 3481 5392 cervi
3539 5352 3710 5391 omne

2016 5450 2204 5507 genuo
2234 5433 2484 5486 ferarum
2534 5445 2708 5483 cornu
2730 5428 2969 5494 feriant;
2994 5427 3071 5480 sic
3103 5432 3163 5480 ut
3191 5426 3449 5497 Apostoli
3478 5441 3710 5480 omnem

2016 5519 2438 5596 philosophiam
2482 5518 2758 5573 illitterati
2784 5518 3213 5588 redarguerent.
