4034 6180
275 243 380 296 883

884 241 1275 297 WALAFRIDI
1313 243 1559 297 STRABl
1603 242 1800 298 FULD.
1843 243 2001 298 HON.
2043 240 2201 297 OPP.
2247 241 2420 296 PARS
2465 241 2509 296 Ι.
2550 269 2620 280 -·-
2659 240 3110 296 THEOLOGICA.

3682 244 3787 296 885

343 362 643 418 Diluvium.
679 360 888 432 (Cass)
919 362 1111 433 Aquas
1140 359 1432 430 baptismi,
1467 361 1569 433 qui
1616 367 1831 434 purgat
1866 361 1980 416 cri-
2009 361 2056 415 A
2165 361 2324 416 Vens.
2367 363 2448 415 10.
2481 391 2547 400 -
2597 363 2726 432 Quae
2780 363 2997 417 utilitas
3053 363 3112 417 in
3155 364 3424 432 sanguine
3478 377 3612 418 meo.
3653 365 3787 432 (10.)

272 448 434 506 mina
454 449 676 504 mundi.

858 517 1168 574 PSALMUS
1207 519 1381 574 XXIX.

349 628 512 684 Vens.
572 630 594 682 1
638 655 709 668 -
747 626 990 680 Psalmus
1019 626 1222 680 cantici
1252 628 1310 679 in
1332 624 1508 680 dedic.
1553 623 1741 696 (Λυο.)
1789 623 1974 694 Supra

279 717 348 772 de
381 715 873 770 consummatione
905 713 1260 768 tabernaculi
1285 719 1544 784 tempore
1566 713 1700 767 belli
1728 729 1742 766 :
1765 712 1855 766 hic
1880 727 1975 764 au-

279 811 397 860 tem
425 810 511 858 est
532 805 783 876 psalmus
805 802 1041 868 laetitia,
1067 803 1204 874 quia
1227 802 1430 856 domus
1462 802 1777 869 dedicatur,
1793 800 1850 854 id
1869 804 1976 869 est,

279 893 671 956 confirmatur,
703 907 832 961 quae
863 891 920 944 in
951 895 1164 945 aeterna
1209 906 1347 960 pace
1391 889 1678 944 manebit:
1739 904 1978 959 corpore

278 982 548 1036 innovato
571 997 683 1034 non
725 985 950 1034 tantum
997 977 1228 1047 Christi,
1280 978 1374 1032 sed
1427 978 1602 1031 etiam
1659 977 1834 1031 totius
1874 977 1978 1030 Ec-

281 1069 493 1124 clesiae.
529 1070 702 1123 Totus
735 1068 989 1123 Christus
1017 1066 1272 1138 loquitur
1316 1066 1375 1119 in
1423 1066 1531 1120 hoc
1559 1066 1802 1136 psalmo,
1844 1063 1980 1135 quia

283 1157 547 1230 quaedam
586 1156 779 1228 capiti,
824 1155 1086 1227 quaedam
1137 1154 1388 1224 corpori,
1447 1153 1714 1226 quaedam
1753 1153 1981 1224 utrique

283 1245 651 1300 conveniunt.

356 1334 488 1406 (Ιο.)
547 1333 807 1388 Psalmus
873 1330 1122 1387 breviter
1172 1331 1241 1386 de
1296 1330 1560 1403 passione
1615 1335 1668 1385 et
1720 1345 1983 1384 resurre-

285 1423 506 1478 ctione:
543 1428 605 1476 ut
663 1420 852 1491 passio
909 1436 1026 1476 non
1078 1425 1289 1475 terreat
1347 1435 1491 1491 quos
1544 1433 1673 1491 spes
1729 1433 1982 1473 resurre-

285 1510 489 1565 ctionis
519 1510 788 1565 lmtiﬁcat.

2084 449 2492 503 Necessitatem
2523 441 2771 504 ostendit
2797 467 2901 522 per
2930 467 3103 522 quam
3138 467 3252 504 non
3305 451 3444 504 sinit
3492 467 3628 506 eum
3684 452 3784 506 de-

2082 539 2350 592 scendere
2382 537 2443 592 in
2497 539 2950 609 corruptionem.
2985 543 3122 595 Dum
3175 539 3436 595 descendo
3485 542 3545 594 in
3600 556 3786 595 corru-

2082 629 2337 695 ptionem.
2371 627 2430 682 Si
2451 627 2602 680 enim
2647 629 2836 682 statim
2870 645 2987 683 non
3017 645 3276 698 resurgo,
3311 635 3370 684 et
3397 645 3606 699 corpus
3661 645 3786 683 cor-

2084 716 2393 786 rumpitur,
2422 716 2641 770 nemini
2665 716 3040 783 aununtiabo,
3072 719 3296 772 nullum
3319 718 3599 772 lucrabor.
3639 720 3785 772 Con-

2085 802 2252 856 fessio
2283 802 2515 873 gemina
2563 808 2670 873 est,
2714 820 3014 876 nunquam
3043 805 3166 860 sine
3199 823 3263 860 ea
3293 806 3472 860 simus
3508 823 3522 860 :
3558 808 3786 878 quando

2087 891 2235 943 male
2259 895 2342 944 est
2377 890 2547 945 nobis
2578 891 2639 946 in
2691 892 3184 960 tribulationibus,
3237 895 3621 950 conﬁteamur
3652 913 3790 966 pec--

2087 988 2209 1033 cata
2241 983 2468 1045 nostra;
2519 981 2748 1050 quando
2781 981 2928 1036 bene
2959 987 3065 1048 est,
3097 983 3154 1038 in
3221 984 3604 1038 exsultatione
3627 984 3794 1055 justi-

2091 1067 2183 1122 tia:
2211 1067 2590 1122 conﬁteamur
2615 1069 2843 1124 laudem
2870 1072 3004 1125 Deo.

2164 1157 2328 1211 Vens.
2366 1159 2451 1212 11.
2487 1186 2556 1198 -
2601 1159 2838 1214 Audivit
2881 1161 3167 1214 Dominus.
3233 1161 3441 1232 (Csss.)
3491 1161 3794 1226 Quomodo

2091 1261 2216 1299 eam
2249 1245 2485 1318 accepit,
2519 1247 2733 1300 scilicet
2753 1247 3200 1310 dedicationem.
3222 1253 3554 1318 pertractat.
3607 1249 3791 1302 Dixit:

2091 1334 2380 1402 Clamabo,
2443 1335 2812 1406 deprecabor,
2874 1337 2971 1390 sed
3021 1353 3113 1391 me
3167 1337 3569 1408 deprecantem
3629 1352 3796 1390 exau-

2093 1421 2236 1475 divit
2268 1421 2562 1476 Dominus.

2167 1509 2328 1565 Vsus.
2399 1513 2484 1565 l2.
2556 1541 2626 1552 -—
2698 1513 3037 1568 Conscidisti
3117 1527 3329 1569 saccum
3408 1529 3601 1568 meum.
3670 1513 3795 1581 (Ιυ.)

358 1603 558 1655 Domus
586 1598 787 1655 David.
822 1595 1029 1668 (Cass)
1056 1597 1226 1650 Totus
1255 1595 1513 1650 Christus
1560 1599 1980 1692 sponsus,.etc.,
2017 1641 2057 1695 Β
2095 1597 2298 1653 Saccus
2329 1599 2498 1653 vestis
2552 1607 2640 1654 est
2691 1616 2914 1672 aspera,
2970 1601 3030 1655 in
3067 1618 3232 1656 usum
3264 1601 3476 1656 laboris
3534 1601 3621 1655 vel
3649 1608 3798 1656 tem-

287 1703 456 1758 usque
511 1687 585 1741 ad
624 1686 939 1740 secundum
981 1688 1192 1738 statum
1240 1683 1500 1738 futurum
1547 1683 1778 1756 quando
1821 1681 1884 1736 in
1917 1698 1984 1736 ea

289 1776 619 1848 quiescitnr.

361 1863 567 1935 (CASS.)
601 1861 792 1917 Primo
840 1861 960 1932 agit
1023 1860 1092 1916 de
1150 1859 1512 1916 dedicatione
1557 1876 1694 1914 sua:
1738 1864 1794 1915 et
1819 1859 1986 1931 jubet

289 1957 515 2007 sanctos
544 1951 700 2005 idem
739 1951 1034 2021 sperantes
1061 1949 1258 2002 laudes
1276 1949 1484 2003 dicere.

363 2041 532 2094 Vens.
566 2043 620 2094 3.
651 2068 710 2078 —
754 2039 994 2104 Domine,
1026 2041 1162 2093 Deus
1192 2052 1359 2104 meus,
1391 2039 1627 2092 clamavi
1673 2037 1749 2092 ad
1777 2043 1844 2104 te,
1876 2041 1983 2092 etc.

291 2127 482 2199 (Αυα.)
537 2126 822 2196 Christus,
872 2131 1002 2192 etc.,
1049 2141 1218 2196 usque
1269 2126 1345 2180 ad
1396 2126 1495 2181 sed
1543 2141 1662 2180 non
1709 2125 1771 2180 in
1825 2125 1986 2181 dedi-

289 2215 532 2270 catione.

367 2305 528 2358 Vens.
566 2303 619 2357 4.
651 2332 717 2344 -
749 2305 812 2358 In
861 2303 1055 2357 lacum.
1089 2301 1295 2373 (Ηιεῐι.)
1323 2303 1386 2357 Id
1442 2306 1545 2365 est,
1577 2302 1646 2356 de
1703 2301 1829 2356 lacu
1895 2302 1984 2358 in-

291 2391 460 2460 ferni,
494 2391 594 2447 ubi
623 2392 831 2446 animas
888 2397 1255 2463 peccatorum
1313 2398 1466 2460 sunt,
1529 2407 1620 2460 ne,
1681 2391 1824 2447 sicut
1879 2393 1987 2463 illi,

292 2497 547 2553 praeceps
574 2481 837 2536 caderem
868 2481 929 2536 in
964 2487 1232 2536 mortem.
1967 2543 1980 2550 ,

363 2570 526 2625 Vsus.
561 2573 614 2625 5.
645 2600 716 2611 —
746 2571 1105 2639 Conﬁtemini,
1165 2574 1270 2623 etc.
1332 2567 1522 2640 (Anc)
1579 2568 1724 2634 Quia
1778 2586 1847 2624 ex
1877 2571 1985 2624 bo-

291 2659 471 2714 nitate
533 2663 592 2714 et
648 2659 947 2714 sanctitate
994 2675 1116 2727 sua,
1183 2674 1304 2712 non
1356 2663 1552 2713 nostra
1606 2674 1828 2713 memor
1882 2660 1990 2714 fuit

295 2747 494 2803 nostri.

350 2836 528 2911 ἤνεικε.
564 2837 616 2890 6.
668 2863 732 2874 —-
775 2835 1039 2900 Quoniam
1087 2836 1196 2890 ira.
1256 2833 1378 2905 (ῐο.)
1436 2833 1498 2889 Id
1553 2839 1658 2902 est,
1717 2834 1985 2901 vindicta,

295 2939 413 2995 qua
439 2922 750 2977 vindicavit
777 2922 838 2977 in
868 2939 973 2977 nos
1003 2923 1255 2995 primum
1276 2927 1597 2994 peccatum,
1619 2925 1774 2994 quod
1804 2930 1987 2980 morte
2021 2919 2062 2974 C

296 3011 560 3066 solvistis.

365 3101 455 3158 Ad
502 3115 807 3170 vesperum.
871 3098 997 3172 (11).)
1052 3100 1195 3166 Quia
1244 3100 1349 3168 ira,
1411 3104 1542 3167 etc.,
1581 3115 1750 3170 usque
1794 3101 1870 3157 ad
1931 3101 1990 3157 id

297 3194 403 3255 est,
439 3194 697 3260 tempore
727 3189 930 3260 gratiae
968 3195 1100 3261 post
1128 3196 1354 3260 tempus
1383 3194 1514 3244 ante
1564 3190 1772 3260 legem,
1805 3195 1861 3245 et
1883 3191 1990 3244 sub

297 3278 444 3350 lege.

372 3367 603 3439 (Ηιιςιι.)
634 3367 726 3422 Ad
757 3380 1054 3434 vesperum.
1092 3365 1232 3429 Quia
1263 3382 1430 3436 passo
1488 3370 1544 3420 et
1599 3367 1823 3436 sepulto
1882 3367 1990 3420 Do-

301 3457 482 3522 mino,
515 3453 772 3526 Apostoli
801 3459 857 3508 et
888 3453 1153 3506 mulieres
1197 3454 1256 3507 in
1291 3455 1429 3508 ﬂetu
1460 3460 1514 3508 et
1545 3455 1765 3525 gemitu
1797 3471 1993 3509 mora-

299 3546 530 3600 bantur.
587 3545 668 3598 Et
723 3542 798 3597 ad
841 3545 1170 3596 matutinum
1225 3543 1434 3597 laetitia.
1494 3543 1639 3607 Quia
1680 3559 1849 3598 mane
1896 3560 1991 3598 ve-

300 3633 523 3687 nientes
552 3631 622 3686 ad
650 3630 998 3701 sepulcrum,
1042 3629 1286 3700 gloriam
1320 3631 1752 3686 resurrectionis
1781 3632 1851 3686 ab
1878 3635 1992 3686 An-

299 3721 442 3793 gelis
473 3724 830 3791 acceperunt.
885 3719 1090 3774 Fletus.
1133 3719 1342 3790 (Cass)
1377 3719 1778 3774 Demorabitur
1811 3721 1992 3775 homi-

300 3810 468 3865 nibus
498 3807 931 3879 respicientibus
960 3806 1031 3860 ad
1062 3823 1388 3877 vesperum,
1437 3824 1552 3878 quo
1606 3809 1786 3862 Adam
1817 3809 1991 3863 decli-

298 3899 477 3968 navit,
506 3902 565 3953 et
596 3914 627 3950 a
653 3896 917 3967 paradiso
949 3895 1156 3950 exivit:
1189 3896 1284 3950 sed
1309 3897 1508 3950 laatitia
1536 3895 1644 3951 erit
1682 3897 1992 3968 respicien-

297 3989 451 4044 tibus
480 3986 552 4041 ad
581 3985 946 4051 matutinum,
981 4000 1094 4055 quo
1130 3983 1386 4038 Christus
1411 3985 1678 4039 surrexit.

371 4078 530 4131 Vens.
585 4079 637 4130 7.
685 4103 754 4113 —
795 4076 910 4142 Ego
976 4076 1172 4126 autem.
1231 4072 1527 4136 Quomodo
1569 4077 1698 4126 ante
1760 4073 1992 4128 dedica-

298 4163 516 4219 tionem
550 4161 731 4233 egerit
750 4167 809 4215 et
836 4177 962 4214 eam
984 4160 1276 4214 meruerit.
1311 4161 1502 4230 (AUG.,
1528 4161 1726 4230 Cass.)
1750 4162 1991 4233 Vespere

2093 1701 2230 1755 pore
2255 1685 2498 1742 tristitiae
2529 1704 2813 1757 concessa,
2847 1695 2911 1744 ut
2961 1689 3244 1757 Ninivitis,
3276 1691 3332 1744 id
3380 1697 3488 1757 est,
3521 1707 3655 1745 caro
3689 1690 3798 1745 hu-

2094 1790 2288 1844 mana,
2317 1791 2446 1847 quae
2474 1777 2646 1832 scissa
2674 1782 2760 1832 est
2786 1778 3086 1833 moriendo
3122 1795 3134 1833 :
3169 1784 3225 1833 et
3268 1779 3483 1850 prodiit
3534 1779 3799 1834 frumen-

2093 1867 2216 1917 tum
2263 1864 2530 1934 gloriosae
2587 1865 3040 1935 resurrectionis,
3122 1868 3208 1920 vel
3284 1867 3616 1921 divinitatis.
3672 1867 3797 1930 Vel,

2094 1967 2261 2022 paena
2292 1952 2530 2022 peccati,
2561 1969 2676 2024 qua
2705 1953 2765 2008 in
2823 1954 3239 2009 resurrectione
3289 1955 3598 2022 destructa,
3665 1972 3801 2026 pro-

2094 2038 2211 2092 lata
2259 2043 2346 2092 est
2397 2038 2663 2093 divinitas
2717 2044 2848 2095 ante
2901 2042 3158 2096 occulta:
3211 2043 3356 2096 sicut
3383 2042 3539 2112 quod
3600 2058 3803 2096 saccus

2093 2125 2321 2196 integer
2349 2128 2515 2194 celat,
2567 2128 2770 2182 scissus
2801 2129 3003 2199 aperit.
3040 2129 3227 2197 (Anc)
3277 2130 3478 2185 Saccus
3511 2131 3580 2184 de
3614 2131 3804 2200 capris

2095 2215 2182 2269 vel
2231 2214 2432 2282 haedis,
2466 2215 2820 2283 mortalitas;
2856 2234 3028 2288 quam
3087 2217 3156 2272 de
3200 2219 3596 2287 peccatoribus
3641 2219 3802 2274 Chri-

2095 2306 2215 2356 stus
2265 2303 2436 2358 traxit
2478 2304 2566 2357 vel
2596 2305 2850 2376 accepit;
2927 2306 3116 2360 unde:
3176 2309 3312 2361 Dum
3384 2309 3524 2361 mihi
3587 2309 3800 2363 molesti

2094 2396 2285 2460 essent,
2317 2392 2588 2448 induebar
2615 2395 2790 2449 cilicio
2848 2395 3022 2463 (Psal.
3079 2396 3289 2466 xxxiv),
3346 2400 3411 2450 ut
3454 2395 3614 2466 quod
3647 2396 3804 2449 intus

2096 2485 2237 2549 erat,
2283 2497 2399 2535 non
2431 2481 2704 2537 viderent.

2169 2569 2338 2624 Vsus.
2392 2573 2474 2624 13.
2520 2601 2588 2610 -
2641 2572 2760 2626 Νοη
2817 2585 3169 2639 compungar.
3231 2570 3360 2641 (lu.)
3411 2573 3531 2625 Non
3583 2573 3805 2626 moriar

2093 2656 2212 2727 jam
2247 2657 2305 2711 in
2363 2657 2538 2712 tinem
2590 2660 2807 2713 Domine
2861 2662 3021 2725 Deus,
3085 2661 3144 2712 in
3198 2665 3455 2713 aeternum
3509 2661 3808 2728 conﬁtebor

2099 2745 2218 2800 tibi.
2252 2746 2396 2810 Quid
2458 2751 2578 2801 est:
2609 2749 2670 2802 in
2705 2751 2963 2802 aeternum
3008 2749 3294 2816 conﬁtebor
3346 2746 3486 2801 tibi?
3540 2746 3599 2800 in
3631 2754 3800 2801 reter-

2098 2850 2240 2888 num
2269 2834 2515 2890 laudabo
2543 2839 2620 2890 te.

2693 2975 2913 3031 PSALM
2926 2974 3006 3030 US
3041 2976 3193 3032 XXX.

2172 3101 2339 3154 Vens.
2382 3103 2430 3154 1.
2476 3130 2545 3139 -
2575 3101 2648 3154 In
2675 3103 2832 3169 ﬁnem
2862 3101 3125 3168 psalmus.
3161 3101 3352 3168 (Anc)
3412 3101 3657 3154 Exstasis
3708 3101 3808 3157 hic

2099 3188 2375 3258 accipitur
2431 3204 2608 3259 pavor
2661 3188 2979 3259 perturbati
3031 3189 3229 3258 populi
3286 3189 3355 3242 de
3401 3189 3804 3259 persecutione

2100 3277 2360 3330 omnium
2393 3276 2675 3346 gentium,
2709 3281 2766 3331 et
2794 3275 3022 3335 defectu.
3050 3276 3183 3330 ﬁdei
3215 3293 3317 3346 per
3341 3276 3558 3330 orbem.

2173 3365 2380 3430 (CASS.)
2410 3364 2620 3418 Contra
2651 3380 2918 3434 pavorem
2951 3380 3080 3435 spes
3113 3369 3169 3418 et
3187 3366 3371 3418 oratio
3403 3365 3803 3434 prmmittitur,

2101 3457 2234 3518 etc.,
2263 3467 2431 3521 usque
2449 3452 2558 3505 ad:
2584 3455 2761 3507 Erunt
2790 3451 2896 3506 duo
2917 3455 2974 3506 in
3004 3468 3164 3506 carne
3196 3468 3306 3507 una
3354 3453 3512 3522 (Gen.
3547 3454 3630 3525 ll),
3661 3469 3805 3526 ergo

2102 3546 2158 3594 et.
2201 3541 2260 3595 in
2308 3557 2440 3594 voce
2471 3557 2605 3594 una.
2666 3539 2855 3611 (AUG.)
2914 3541 3077 3594 Prior
3118 3541 3372 3612 loquitur
3424 3541 3806 3613 Redemptor,

2101 3629 2234 3684 inde
2264 3629 2571 3699 redempti,
2622 3629 2835 3700 gratias
2865 3636 3119 3700 agentes.
3156 3630 3290 3685 Inde
3321 3631 3420 3685 diu
3452 3631 3521 3686 de
3568 3638 3803 3701 pertur-

2100 3717 2333 3772 batione
2380 3718 2680 3788 Propheta
2709 3734 2814 3771 vox
2847 3717 3234 3788 interponitur
3288 3735 3464 3790 prope
3514 3720 3712 3787 tinem,
3746 3726 3807 3774 et

2101 3804 2160 3860 in
2208 3807 2340 3861 line.
2404 3805 2499 3860 Hic
2549 3805 2888 3860 describitur
2957 3807 3282 3862 humiliatio
3327 3807 3535 3862 Christi
3576 3815 3803 3879 marty-

2101 3911 2383 3966 rumque:
2414 3894 2566 3948 unde
2613 3895 2871 3964 sequitur
2899 3895 3186 3948 exaltatio.

2172 3983 2339 4036 Vens.
2379 3985 2434 4036 2.
2468 4011 2536 4022 —
2565 3984 2637 4036 In
2670 3987 2738 4048 te,
2776 3984 3010 4049 Domine,
3070 3985 3308 4051 speravi,
3343 3987 3449 4036 etc.
3501 3983 3628 4047 (ῐυ.)
3703 3983 3808 4035 Est

2101 4070 2358 4125 confusio
2411 4076 2646 4139 aeterna,
2697 4071 2767 4124 de
2821 4087 2934 4142 qua
2979 4070 3209 4124 liberari
3250 4071 3424 4141 petit:
3458 4075 3513 4124 et
3543 4075 3628 4125 est
3655 4075 3806 4124 tem-

2101 4159 2311 4230 poralis
2338 4159 2405 4211 ad
2441 4159 2662 4224 horam,
2695 4159 2905 4213 scilicet
2933 4175 3062 4230 quae
3093 4160 3340 4230 prodest.

297 4252 452 4307 facit.
487 4251 593 4306 Sed
639 4266 768 4320 ego,
824 4250 960 4304 dum
997 4249 1054 4302 in
1100 4248 1366 4319 paradiso
1421 4253 1568 4303 esset
1623 4249 1768 4304 mihi
1820 4251 2063 4331 abun-D
2173 4249 2336 4302 Vens.
2369 4249 2420 4302 3.
2456 4277 2523 4286 —
2554 4248 2827 4302 Accelera.
2887 4248 3013 4315 (1ο.)
3085 4248 3148 4302 ln
3215 4247 3506 4315 faciendis,
3567 4247 3629 4302 in
3691 4251 3804 4302 sol-

298 4340 512 4406 dantia,
550 4339 714 4393 dixi:
757 4339 878 4392 Non
939 4338 1213 4391 movrbor
1261 4336 1330 4390 ad
1369 4337 1479 4391 hoc
1530 4337 1704 4403 bono,
1758 4339 1992 4393 credens

297 4429 524 4484 diabolo
572 4427 815 4482 dicenti:
845 4427 961 4482 Non
1006 4430 1173 4480 morte
1215 4427 1471 4480 moriens
1509 4424 1662 4494 (Gen.
1715 4426 1816 4497 in).
1859 4427 1987 4494 Sed,

297 4535 331 4574 ο
364 4519 626 4582 Domine,
660 4517 720 4570 in
748 4517 1025 4570 voluntate
1081 4519 1175 4569 tua
1201 4516 1513 4584 prastitisti
1541 4515 1722 4569 decori
1744 4530 1856 4570 meo
1879 4519 1990 4570 vir-

299 4611 494 4672 tutem;
538 4605 689 4677 quod
745 4609 852 4674 est,
888 4620 1002 4658 non
1034 4619 1099 4657 ex
1131 4618 1221 4656 me
1253 4602 1436 4656 bonus
1491 4618 1647 4657 eram
1703 4609 1756 4657 et
1805 4603 1988 4672 fortis,

296 4695 396 4750 sed
423 4711 488 4749 ex
518 4699 594 4748 te.
620 4693 778 4758 Quod
804 4696 867 4746 ut
895 4691 1223 4745 ostenderes
1247 4707 1259 4744 :
1293 4692 1567 4745 Avertisti
1589 4693 1790 4758 faciem
1817 4698 1990 4762 tuam,

295 4783 403 4839 hoc
429 4786 533 4850 est,
565 4781 718 4836 foras
748 4779 952 4834 misisti
988 4795 1078 4833 me
1134 4779 1203 4834 de
1237 4779 1542 4850 paradiso:
1570 4780 1692 4851 jam
1733 4797 1866 4836 vero
1899 4781 1993 4836 hic

296 4871 518 4945 positus
543 4869 786 4926 clamabo
815 4869 890 4924 ad
935 4872 1003 4936 te,
1038 4873 1143 4923 etc.
1403 4920 1441 4954 με,

367 4960 530 5014 Vens.
558 4961 610 5015 8.
636 4988 706 4998 —
730 4957 1014 5013 Avertisti.
1047 4955 1250 5026 (CASS.)
1283 4951 1430 5009 Deu’s
1449 4970 1482 5008 a
1511 4953 1734 5009 Christo
1764 4953 1989 5023 faciem,

296 5047 629 5120 exponendo
665 5063 799 5102 eum
852 5043 1104 5116 passioni
1155 5048 1212 5099 et
1257 5041 1469 5111 morti;
1525 5049 1588 5101 et,
1628 5042 1708 5097 sic
1735 5043 2011 5099 Christus

295 5138 557 5193 turbatus
587 5140 708 5191 est:
743 5138 940 5191 Tristis
969 5139 1049 5190 est
1097 5136 1285 5188 anima
1336 5149 1456 5188 mea
1499 5149 1669 5202 usque
1724 5134 1800 5188 ad
1853 5149 1992 5190 mor-

297 5231 418 5282 tem.
449 5226 677 5293 (Matth.
715 5223 850 5295 xvi.)
881 5223 1260 5282 Conturbatus.
1317 5223 1508 5295 (AUG.)
1554 5222 1714 5287 Quod
1763 5226 1991 5294 tempus

295 5313 748 5369 conturbationis
778 5318 836 5368 et
860 5312 1103 5368 miserim
1133 5312 1410 5378 recolens,
1442 5315 1499 5367 et
1542 5311 1604 5366 in
1635 5325 1703 5366 eo
1745 5310 1988 5383 positus,
2040 5304 2043 5305 ⁷

293 5401 463 5458 audio
495 5417 692 5458 vocem
722 5400 925 5474 capitis
971 5417 1074 5472 pro
1127 5417 1220 5456 me
1249 5399 1537 5471 morituri,
1585 5399 1860 5456 dicentis:
1891 5400 1992 5456 Ad

295 5496 361 5562 te,
399 5492 633 5559 Domine,
670 5493 842 5547 clama
849 5491 932 5546 bo.

2101 4337 2296 4392 vendis
2325 4336 2626 4391 animabus
2679 4342 2736 4391 ct
2783 4337 3133 4408 hujusmodi,
3176 4343 3238 4392 ut
3280 4355 3445 4392 eruas
3485 4339 3654 4392 tertia
3682 4339 3804 4402 die,

2097 4443 2215 4481 non
2240 4426 2467 4481 differas
2497 4425 2556 4480 in
2586 4443 2951 4480 communem
2980 4427 3453 4482 resurrectionem
3487 4447 3504 4494 ;
3547 4429 3704 4498 quod
3742 4435 3810 4482 ut

2097 4516 2188 4581 sit,
2217 4520 2336 4569 esto
2369 4514 2509 4569 mihi
2551 4519 2838 4585 protector
2867 4520 3079 4581 tantus,
3141 4521 3423 4586 quantum
3485 4515 3649 4570 decet
3680 4532 3807 4571 esse

2101 4606 2301 4659 Deum.
2333 4606 2461 4658 Esto
2491 4605 2644 4657 mihi.
2678 4603 2828 4657 Dixit
2851 4619 2864 4658 :
2891 4603 3184 4658 Justitiam
3216 4605 3307 4672 da,
3337 4610 3468 4674 etc.,
3499 4620 3673 4674 usque
3728 4606 3810 4659 ad

2098 4693 2346 4747 afﬁrmat
2375 4691 2775 4746 liberationem
2788 4731 2804 4746 .

2169 4781 2330 4833 Vens.
2364 4781 2415 4833 5.
2449 4809 2506 4819 -—
2545 4779 2771 4834 Educes.
2815 4779 3023 4847 (Cum)
3075 4779 3151 4834 De
3199 4783 3384 4833 morte
3415 4779 3488 4834 ad
3527 4796 3808 4851 superna,

2099 4874 2160 4922 ut
2187 4867 2396 4922 frustra
2451 4866 2566 4922 sint
2619 4867 2948 4922 Judaeorum
3005 4867 3264 4921 consilia.
3322 4871 3397 4922 De
3428 4869 3619 4936 laqueo
3648 4885 3811 4939 quem

2096 4956 2508 5012 abscondet-unt.
2555 4960 2746 5024 (AUG.)
2805 4959 2912 5012 Per
2961 4957 3100 5011 duas
3135 4962 3328 5027 portas
3383 4957 3650 5012 diabolus
3677 4965 3807 5012 ιω-

2097 5051 2200 5112 tat,
2234 5051 2363 5114 etc.,
2405 5060 2574 5114 usque
2602 5045 2676 5099 ad
2705 5045 2894 5099 unde:
2928 5047 3132 5100 Educes
3160 5062 3242 5100 me
3268 5046 3334 5100 de
3374 5048 3585 5115 laqueo.

2166 5135 2328 5189 Vsus.
2371 5137 2419 5188 6.
2453 5163 2520 5173 —
2546 5135 2616 5189 In
2640 5149 2852 5188 manus.
2909 5135 3101 5200 (Cass)
3144 5134 3285 5188 Nota
3316 5150 3448 5188 eum
3500 5135 3592 5188 hic
3642 5134 3810 5206 loqui

2095 5223 2300 5296 quiin
2356 5221 2620 5293 passione
2686 5223 2889 5277 eadem
2944 5222 3120 5277 verba
3175 5224 3437 5293 protulit.
3490 5228 3685 5290 (AUG.)
3737 5227 3809 5280 In

2094 5327 2308 5368 manus.
2353 5312 2427 5365 Ex
2457 5309 2546 5365 his
2570 5310 2757 5366 verbis
2787 5327 2916 5383 quae
2942 5311 3002 5365 in
3031 5328 3198 5368 cruce
3247 5311 3410 5377 dixit,
3439 5311 3718 5367 admonet
3741 5329 3806 5367 se

2095 5401 2155 5456 in
2183 5401 2293 5456 hoc
2317 5401 2540 5472 psalmo
2586 5400 2842 5456 locutum
2868 5415 3009 5456 esse.

2167 5491 2330 5545 Vens.
2361 5488 2418 5546 8.
2440 5517 2508 5531 -
2554 5491 2669 5559 Ego
2699 5493 2899 5557 autem,
2929 5491 2990 5544 in
3018 5491 3259 5553 Domino,
3318 5492 3422 5544 etc.
3466 5489 3678 5557 (Cass)
3718 5492 3802 5546 De
