4034 6180
164 279 273 330 885

1302 275 1550 329 GLOSSA
1588 273 1989 329 ORDINARIA.
2027 303 2096 312 κ-
2140 274 2268 327 LIB.
2313 274 2550 329 PSALM.

3579 278 3682 331 886

158 402 398 473 gaudio,
467 402 601 472 quia
658 404 848 471 sperat
901 399 961 453 in
1007 398 1274 465 Domino,
1332 400 1432 470 qui
1494 398 1615 453 odit
1671 416 1861 452 vanos.
1894 401 1940 453 Α
1980 403 2172 453 tamen
2225 416 2283 451 se
2320 399 2653 469 justificare,
2708 398 2987 466 videatur,
3034 399 3264 452 subdit:
3316 401 3537 454 Salvum
3601 416 3681 455 me

154 492 466 547 Ezsultabo
495 497 546 546 et
568 491 808 545 [κερδοῖ.
839 490 1127 543 Exsultare
1186 494 1275 543 est
1325 506 1453 543 cum
1515 505 1721 559 magna
1752 490 1870 542 ala-

154 582 358 634 critate
385 580 565 633 animi
589 580 840 649 gaudere
870 596 882 633 :
918 578 1119 645 laetari,
1170 582 1488 648 temperata
1546 578 1867 631 atfectione.

153 671 541 723 Humilitatem
594 684 783 723 meam.
820 669 925 721 Pro
974 666 1333 731 inﬁrmitate,
1384 672 1439 720 et
1470 682 1573 736 pro
1604 667 1724 735 ipsa
1758 666 1872 719 vir-

152 762 279 811 tute
338 758 682 811 humilitatis
740 756 961 826 accipit.
1023 756 1462 811 Necessitatibus.
1515 754 1701 825 (Αυρ.)
1766 757 1867 809 Ne-

151 849 433 899 cessitates
464 850 597 899 sunt
631 844 891 912 inlinitze,
952 848 1080 910 etc.,
1114 858 1283 911 usque
1334 844 1408 897 ad
1454 848 1511 897 et
1566 843 1625 895 in
1672 844 1867 896 futuro

150 934 435 1003 plenarie.

232 1022 395 1074 Vens.
421 1024 472 1087 9,
514 1022 593 1074 l0.
636 1049 706 1059 -—
736 1022 797 1074 In
827 1021 935 1073 loco
981 1020 1235 1088 spatioso.
1264 1018 1465 1089 (CASS.)
1520 1019 1693 1072 Locus
1734 1034 1866 1087 spa-

150 1110 337 1163 tiosus
392 1109 567 1162 libere
618 1108 792 1161 eundi
838 1108 903 1161 ad
954 1108 1203 1177 patriam
1245 1107 1541 1171 virtutum,
1575 1106 1861 1159 charitas:

149 1198 277 1263 sed,
308 1197 443 1269 quia
470 1214 601 1251 caro
626 1196 874 1262 infirma,
904 1202 959 1250 et
992 1200 1198 1266 urgent
1234 1197 1382 1249 mala
1411 1213 1423 1249 :
1460 1199 1709 1250 Miserere
1739 1196 1861 1255 mei,

150 1286 408 1339 Domine.
440 1286 563 1339 Jam
598 1300 772 1355 pavor
801 1288 1120 1347 enarratur,
1156 1282 1208 1336 id
1244 1288 1344 1347 est,
1382 1288 1519 1351 quot
1566 1288 1621 1335 et
1652 1287 1865 1351 quanta

148 1390 223 1427 ea
252 1373 612 1444 perturbant,
644 1377 839 1425 contra
867 1388 996 1442 quas
1019 1377 1101 1425 est
1131 1372 1332 1436 oratio,
1372 1372 1637 1425 Tribulor.
1675 1372 1862 1439 (Αυδ.)

146 1464 300 1517 Cum
322 1462 483 1531 prius
508 1461 680 1515 dixit:
733 1462 993 1516 Statuisti
1048 1463 1106 1514 in
1164 1462 1272 1514 loco
1322 1463 1580 1528 spatioso,
1614 1464 1717 1511 ctc.
1753 1458 1861 1511 Sed

148 1549 287 1604 aliis
344 1551 496 1603 locus
543 1548 846 1619 spatiosus,
881 1564 953 1602 ex
1023 1548 1379 1602 liberationis
1438 1546 1855 1617 gratulatione;

145 1639 281 1693 aliis
303 1654 366 1692 ex
398 1637 791 1700 tribulatione,
841 1637 1123 1708 angustia.
1160 1638 1539 1693 Conturbatus.
1598 1636 1862 1690 Irascitur

145 1744 259 1799 pro
294 1727 535 1798 peccatis
564 1728 877 1796 palearum,
938 1732 1061 1791 etc.,
1098 1742 1267 1795 usque
1296 1727 1370 1779 ad
1401 1742 1531 1779 nam
1562 1726 1680 1779 vita
1731 1742 1858 1795 per-

148 1818 437 1871 fecturum
484 1820 567 1870 est
619 1816 903 1886 profectus
958 1816 1219 1869 aliorum.
1293 1818 1350 1870 In
1406 1818 1494 1869 ira
1551 1816 1750 1868 oculus.
1800 1815 1861 1868 In

151 1908 242 1962 ira
268 1908 721 1974 persecutorum,
756 1908 885 1969 etc.,
919 1919 1087 1972 usque
1116 1908 1189 1956 ad
1229 1908 1290 1956 ut
1348 1902 1415 1955 ab
1442 1902 1707 1956 omnibus
1732 1918 1860 1971 gra-

150 1993 323 2047 dibus
357 1997 654 2065 quseratur
696 1994 859 2046 Deus.
913 1993 1108 2059 (CAss.)
1155 1992 1249 2044 Vel
1299 1992 1619 2045 intellectus
1667 1992 1860 2045 turba-

143 2086 268 2150 tur,
319 2090 369 2138 et
420 2081 647 2135 animus
709 2080 1102 2145 confunditur,
1136 2086 1265 2145 etc.,
1319 2096 1488 2148 usque
1545 2080 1619 2133 ad
1676 2095 1780 2133 nec
1804 2080 1862 2132 in

150 2168 373 2229 animo,
404 2184 510 2221 nec
538 2168 597 2220 in
627 2183 861 2237 corpore
892 2167 1009 2220 ulla
1041 2173 1227 2236 potest
1261 2178 1381 2219 esse
1437 2167 1686 2220 hominis
1712 2182 1861 2236 prae-

146 2257 431 2327 sumptio.
458 2256 643 2325 (Auc.)
676 2257 765 2309 Ira
821 2271 927 2325 per
972 2255 1172 2308 vitium
1236 2256 1467 2308 oculum
1514 2255 1719 2308 mentis
1750 2272 1861 2308 cae-

144 2353 237 2400 cat
272 2363 286 2411 ;
317 2346 401 2399 ira
439 2361 542 2415 per
584 2345 769 2397 zelum
826 2345 1053 2397 turbat:
1113 2344 1246 2414 quia
1282 2350 1339 2397 et
1388 2346 1527 2409 haec,
1594 2360 1864 2398 concussa

146 2439 373 2499 mente,
450 2432 931 2502 contemplatione
984 2432 1242 2503 dissipat,
1310 2450 1435 2503 quae
1494 2448 1608 2485 non
1641 2438 1725 2485 est
1756 2432 1863 2485 nisi

142 2523 415 2594 inquieta
444 2527 634 2576 mente
667 2541 682 2587 ;
711 2521 810 2575 sed
838 2520 972 2575 inde
999 2526 1129 2591 post
1149 2522 1449 2592 paululum
1489 2522 1617 2591 plus
1646 2520 1866 2591 proiicit

147 2613 229 2668 ad
252 2611 587 2665 videndum.

254 2720 409 2772 Vens.
512 2721 594 2771 11.
685 2746 753 2757 -
829 2718 1174 2786 Paupertate.

158 2809 320 2877 Egeo
376 2806 613 2859 sanitate
670 2805 945 2876 corporis,
1029 2821 1133 2859 nec
1189 2805 1441 2875 parcitur
1501 2805 1862 2858 cruciatibus.

158 2897 311 2965 Egeo
356 2894 721 2957 resolutione,
783 2899 839 2947 et
879 2894 1131 2964 parcitur
1168 2894 1381 2961 morti;
1437 2899 1492 2947 et
1548 2894 1606 2947 in
1672 2894 1778 2947 hoc
1808 2894 1866 2947 in

152 2986 387 3039 ﬁrmata
409 2988 492 3037 est
520 2982 730 3036 fiducia
768 2998 915 3036 mea.

226 3074 386 3126 Vens.
450 3074 535 3125 12.
594 3103 658 3110 —
718 3072 895 3140 Super
950 3085 1127 3125 omnes
1187 3073 1435 3125 inimicos
1507 3086 1661 3124 meos.
1741 3069 1863 3140 (10.)

151 3161 329 3231 Pejus
361 3160 599 3232 paganis
658 3165 713 3213 et
748 3160 959 3213 Iudaeis
1011 3160 1228 3225 vivunt,
1288 3165 1417 3227 etc.,
1472 3175 1639 3227 usque
1670 3160 1742 3211 ad
1763 3176 1865 3229 pro

148 3250 370 3323 quibus
400 3249 603 3301 timent
624 3253 679 3302 et
734 3248 877 3314 noti,
938 3264 1009 3302 ne
1068 3264 1269 3301 omnes
1295 3248 1435 3301 tales
1474 3250 1605 3301 sint.
1664 3249 1864 3317 (C.\ss.)

146 3340 251 3393 Vel
283 3338 440 3408 apud
479 3353 678 3391 omnes
712 3336 999 3403 inimicos,
1043 3338 1131 3390 vel
1180 3338 1384 3407 majori
1435 3336 1744 3407 opprobrio
1767 3338 1867 3389 ha-

144 3429 336 3493 bitus,
365 3442 539 3498 quam
562 3426 645 3479 illi
673 3426 773 3496 qui
809 3425 969 3495 digni
1022 3442 1125 3491 eo;
1152 3430 1207 3479 et
1259 3428 1473 3492 vicinis,
1512 3424 1863 3495 parentibus,

149 3518 243 3571 vel
269 3516 393 3586 jam
424 3514 721 3569 creditoris
758 3532 771 3581 ;
806 3520 862 3569 et
888 3517 1047 3580 notis,
1076 3514 1470 3568 familiaribus.

223 3624 391 3677 Vens.
430 3624 511 3676 t3.
543 3650 609 3662 —
640 3623 745 3687 Qui
798 3621 1055 3675 videbant
1106 3638 1188 3675 me
1238 3623 1412 3687 foras.
1443 3620 1649 3691 ([ilER.)
1680 3622 1863 3686 Foras,

152 3712 475 3777 Christum,
546 3710 604 3764 id
659 3715 761 3777 est,
811 3710 911 3780 qui
957 3709 1255 3764 hominem
1313 3726 1518 3779 purum
1566 3708 1863 3779 putabant.

151 3802 442 3857 Oblivione
470 3799 631 3853 datus
662 3815 778 3853 sum
827 3804 1086 3868 tanquam
1113 3802 1356 3851 mortuus
1384 3814 1418 3850 a
1445 3798 1618 3850 corde.
1656 3794 1865 3865 (Cass)

151 3889 258 3941 Vel
292 3887 476 3941 excidi
506 3877 539 3940 a
560 3887 725 3940 corde
758 3903 979 3951 eorum,
1014 3892 1077 3939 ut
1118 3891 1379 3939 mortuus
1401 3887 1560 3955 cujus
1592 3884 1868 3937 memoria

148 3993 294 4032 cum
325 3992 563 4046 corpore
617 3975 913 4045 sepelitur,
954 3974 1022 4028 de
1072 3974 1231 4044 cujus
1282 3974 1638 4044 reparatione
1670 3973 1866 4042 despe-

148 4071 347 4122 ratur.
427 4066 533 4119 Vas
586 4064 883 4133 perditum,
962 4068 1223 4117 mortuus
1283 4066 1444 4116 Jesus
1516 4060 1868 4131 abjiciendus

151 4159 426 4227 putatur.

230 4261 400 4313 Vens.
468 4259 548 4313 14.
618 4290 683 4298 -
766 4259 1223 4327 Vituperationem
1298 4257 1604 4310 multorum.
1682 4255 1865 4325 (Αυο.)

154 4349 605 4416 Vituperantur,
640 4350 767 4413 etc.,
820 4362 987 4415 usque
1042 4346 1116 4399 ad
1173 4362 1283 4398 non
1346 4345 1649 4415 quisquam
1677 4345 1867 4397 homo.

150 4441 224 4493 In
276 4439 531 4491 circuitu.
587 4438 651 4490 In
718 4452 775 4490 eo
825 4436 952 4489 dum
1038 4438 1378 4488 convenirent
1428 4436 1609 4487 simul.
1676 4432 1869 4502 (Cass)

150 4526 466 4591 Errorum,
531 4528 660 4590 etc.,
733 4538 901 4586 usque
953 4523 1027 4576 ad
1076 4522 1131 4575 id
1179 4527 1281 4587 est,
1340 4521 1593 4591 appetitu
1647 4526 1870 4590 tempo-

157 4613 404 4668 ratium.

241 4720 403 4771 Vens.
442 4721 526 4772 l6.
560 4747 629 4757 —
677 4719 853 4773 Sortes
909 4734 1053 4771 meae.
1114 4716 1237 4786 (In)
1280 4716 1376 4769 Vel
1408 4720 1669 4786 tempora
1720 4714 1867 4771 vitm.

151 4806 359 4878 (Αῠσ.)
391 4806 536 4871 Quia
564 4805 795 4877 quando
826 4806 926 4872 vis,
961 4806 1221 4872 vivimus,
1256 4805 1341 4859 vel
1377 4805 1656 4858 morimur
1694 4822 1708 4859 :
1740 4805 1870 4859 ideo

150 4898 337 4964 eripe.
373 4894 487 4949 Etsi
530 4894 742 4965 justus,
797 4899 852 4947 et
907 4895 1159 4947 occultus
1201 4893 1342 4947 ordo
1400 4893 1695 4947 electionis
1716 4893 1868 4964 apud

148 4990 216 5039 te
251 4989 359 5048 est,
392 4999 518 5051 ego,
543 4989 760 5051 tamen,
795 4988 923 5049 etc.,
958 4982 1221 5050 usquead
1250 4998 1398 5053 quae,
1456 4981 1577 5035 sine
1629 4983 1867 5049 meritis,

150 5090 314 5145 quos
342 5071 463 5125 vult
488 5071 679 5140 elegit.

237 5180 401 5231 Vens.
445 5181 521 5231 l7.
557 5207 623 5216 —
647 5178 885 5231 Illustra.
921 5177 1124 5247 (Casa)
1173 5176 1524 5231 Manifestum
1584 5176 1670 5230 fac
1695 5176 1869 5231 bene-

1265 2717 1385 2785 (ιο.)
1463 2717 1561 2770 Vel
1617 2716 1865 2785 egestate)

142 5266 473 5321 volentiam
507 5272 665 5319 tuam
695 5282 869 5335 super
922 5282 1031 5332 me,
1067 5270 1133 5319 ut
1168 5266 1309 5319 sicut
1362 5265 1431 5320 de
1464 5266 1742 5319 moriente
1775 5266 1874 5319 de-

143 5361 424 5427 sperant,
456 5354 536 5407 ita
565 5354 633 5408 de
662 5360 1025 5425 resurgente,
1048 5354 1357 5408 confidant.
1394 5354 1579 5423 (Auc.)
1623 5355 1867 5408 Illustra.

142 5446 473 5515 Appareat,
498 5441 596 5512 qui
630 5442 697 5495 ad
728 5447 780 5495 te
812 5442 1099 5513 pertineat
1130 5458 1258 5496 cum
1285 5442 1455 5495 modo
1488 5442 1559 5494 sit
1577 5442 1869 5507 confusio;

144 5533 322 5590 unde
378 5531 563 5585 alibi:
624 5533 867 5587 Discernc
918 5547 1139 5587 causam
1176 5548 1348 5586 meam
1405 5532 1568 5601 (Ps-al.
1620 5535 1872 5601 xu);ne

1981 493 2074 556 fac
2096 493 2150 542 in
2172 490 2568 553 misericordia,
2597 504 2709 541 non
2744 489 2798 541 in
2832 506 2955 542 mea
2992 489 3229 557 justitia.

2096 580 2240 633 Vens
2342 582 2423 633 18.
2475 610 2543 618 -
2613 580 2886 632 Invocari.
2964 578 3089 647 (ln.)
3167 580 3394 632 Invocas
3478 579 3677 645 Deum,

1981 668 2209 738 quando
2240 667 2297 721 in
2329 673 2381 720 te
2411 684 2572 720 vocas
2595 683 2747 731 eum,
2789 673 2843 721 et
2873 667 3100 737 quando
3126 667 3183 719 in
3229 668 3464 720 domum
3492 667 3680 721 cordis

1981 756 2063 809 tui
2096 772 2227 809 eum
2262 756 2481 809 invitas.

2052 846 2211 897 Vens.
2256 848 2333 899 l9.
2378 875 2443 885 -—-
2478 848 2626 899 Muta
2653 847 2811 911 ﬁant.
2866 844 3060 911 (Cass)
3118 845 3253 907 Quae
3303 844 3394 897 hic
3424 846 3673 913 garrula,

1978 934 2115 987 dum
2147 950 2261 987 non
2293 934 2499 987 timent
2520 934 2820 1001 judicium.
2852 935 3002 987 Muta
3028 935 3084 986 in
3110 934 3313 1002 pmnis,
3348 934 3404 986 in
3433 934 3671 987 inferno.

2051 1024 2180 1086 Quae
2203 1023 2512 1090 loquuntur.
2542 1026 2685 1091 Apte
2720 1022 3128 1091 opponitjusto
3170 1022 3552 1091 iniquitatem.

2050 1114 2111 1165 In
2157 1111 2412 1179 superbia
2441 1118 2491 1164 et
2536 1114 2593 1164 in
2637 1111 2909 1164 abusione.
2977 1113 3175 1180 (Cass)
3220 1110 3361 1173 Quia
3418 1113 3675 1163 creatura

1977 1205 2173 1253 contra
2222 1205 2558 1262 creatorem,
2618 1203 2671 1251 et
2750 1214 3014 1267 perverso
3072 1215 3179 1250 usu
3264 1197 3674 1250 beneficiorum

1980 1289 2099 1350 Dei,
2137 1289 2258 1359 qui,
2280 1294 2491 1358 praeter
2513 1293 2737 1353 cmtera,
2772 1294 2999 1355 propter
3026 1303 3121 1339 eos
3149 1286 3322 1339 venit.

2046 1380 2217 1431 Vens.
2274 1379 2361 1430 20.
2421 1408 2487 1415 —
2550 1378 2724 1441 Quam
2778 1393 2999 1446 magna.
3077 1376 3273 1444 (Cass)
3344 1375 3480 1437 Quas
3525 1374 3675 1426 bona

1976 1466 2075 1520 Dei
2106 1471 2303 1519 contra
2355 1465 2623 1536 praedicta
2682 1466 2847 1529 mala,
2906 1481 3032 1534 qua!
3086 1464 3296 1517 leviant
3346 1464 3468 1533 ipsa
3501 1463 3668 1515 mala.

1972 1553 2177 1625 (AUG.)
2228 1555 2338 1607 Ista
2380 1569 2616 1606 cernens
2661 1556 2717 1606 et
2772 1553 2985 1605 mirans
3034 1553 3312 1605 exclamat
3360 1552 3669 1620 Propheta,

1973 1649 2104 1709 etc.,
2135 1658 2304 1711 usque
2325 1642 2399 1695 ad
2426 1641 2485 1695 in
2514 1641 2705 1695 futuro
2736 1657 2868 1693 vero
2900 1640 3131 1709 patebit.

2041 1732 2220 1785 Vens.
2256 1733 2342 1785 21.
2374 1760 2442 1768 -
2473 1730 2521 1783 Α
2580 1730 3000 1783 conturbatione.
3063 1728 3243 1798 (Ana)
3275 1729 3344 1781 Ut
3387 1727 3507 1797 jam
3539 1727 3668 1779 nul-

1970 1821 2085 1874 lam
2116 1818 2617 1873 conturbationem
2641 1818 2951 1871 humanam
2984 1818 3255 1886 patiatur,
3290 1816 3463 1869 etiam
3493 1815 3666 1868 modo

1969 1908 2245 1971 tribulati,
2278 1911 2469 1961 mente
2522 1907 2798 1959 intrantes
2864 1906 2931 1958 ad
2993 1905 3213 1957 vultum
3268 1904 3365 1959 Dei
3407 1921 3526 1957 non
3551 1909 3668 1956 tur-

1968 1998 2196 2052 bantur.
2246 1999 2510 2063 Proteges.
2572 1994 2764 2064 (CAss.)
2817 1996 2896 2047 Ne
2949 1994 3253 2063 promissio
3299 1997 3521 2046 tantum
3576 1993 3667 2045 fu-

1971 2085 2083 2140 turi
2109 2084 2385 2151 turbaret,
2419 2085 2527 2137 hoc
2559 2084 2715 2137 addit
2747 2100 2759 2137 :
2791 2095 3054 2151 proteges,
3091 2098 3159 2135 ne
3189 2089 3521 2135 noceantur.

2066 2174 2226 2227 Vens.
2312 2176 2401 2226 22.
2461 2203 2528 2212 —
2620 2171 2954 2226 Benedictus.
3046 2172 3175 2239 (ῐυ.)
3258 2171 3452 2237 Quasi,
3529 2169 3667 2239 quid

1970 2264 2165 2316 ultra?
2194 2260 2609 2315 Plenitudinem
2658 2259 2920 2312 beneticii
2967 2260 3132 2312 laude
3190 2259 3495 2323 concludit,
3532 2275 3667 2311 con-

1970 2367 2177 2423 parans
2200 2350 2341 2405 illud
2382 2366 2499 2402 suae
2534 2347 2929 2402 imbecillitati.
2967 2348 3034 2399 Et
3083 2346 3337 2416 loquitur
3367 2347 3664 2416 Propheta,

1974 2441 2057 2493 vel
2096 2440 2344 2509 populus
2389 2438 2593 2492 fidelis.
2648 2438 2978 2505 Miriﬁcavit.
3023 2434 3206 2505 (Anc)
3240 2436 3400 2489 Misso
3430 2434 3666 2503 Spiritu,

1972 2533 2156 2582 totum
2176 2527 2456 2581 mundum
2482 2526 2739 2595 replevit,
2765 2530 2893 2589 etc.,
2916 2541 3084 2593 usque
3115 2524 3189 2577 ad
3210 2524 3361 2576 unde
3386 2540 3399 2578 :
3426 2526 3667 2590 Unguen-

1975 2622 2087 2671 tum
2113 2617 2343 2685 e/fusum
2364 2620 2443 2669 est
2484 2630 2679 2670 nomen
2735 2620 2908 2669 tuum.
2946 2613 3144 2683 (Cass)
3192 2613 3310 2677 Vel,
3348 2610 3670 2665 miriticavit

1977 2707 2126 2759 Deus
2158 2707 2323 2759 Pater
2356 2703 2821 2768 misericordiam,
2854 2708 2983 2769 etc.,
3017 2718 3184 2771 usque
3209 2703 3281 2755 ad
3304 2702 3463 2772 juxta
3492 2700 3665 2754 illud:

1975 2796 2253 2861 Requievit
2279 2797 2335 2847 in
2366 2793 2523 2847 corde
2546 2798 2717 2847 terra}.

2047 2883 2213 2936 Vens.
2272 2886 2359 2937 23.
2416 2912 2485 2921 —
2521 2884 2628 2949 Ego
2674 2881 2800 2934 dixi
2845 2883 2902 2934 in
2929 2895 3163 2934 recessu.
3217 2878 3393 2949 (Anc)
3426 2877 3669 2932 Timoris

1892 2970 1932 3025 C
1968 2971 2147 3025 nostri
2166 2976 2385 3040 typum,
2411 2975 2538 3035 etc.,
2562 2984 2730 3037 usque
2760 2969 2867 3022 ad:
2896 2969 3024 3022 Ideo
3050 2968 3329 3022 exaudisti
3350 2984 3523 3022 vocem
3544 2984 3671 3021 ora-

1976 3062 2136 3113 tionis
2165 3075 2309 3113 mcaa.
2344 3058 2529 3126 (Αυο.)
2583 3060 2649 3113 In
2677 3073 2894 3111 excessu
2922 3060 3132 3111 mentis.
3171 3057 3265 3109 Vel
3290 3063 3451 3127 rapta
3481 3062 3668 3110 mente

1975 3147 2113 3199 vidit
2142 3147 2503 3200 altitudinem
2552 3162 2618 3200 ex
2679 3162 2791 3216 qua
2839 3148 3007 3199 sentit
3043 3162 3100 3199 se
3158 3146 3477 3215 projectum
3509 3146 3670 3199 valde

1974 3238 2189 3305 longe:
2247 3235 2331 3289 vel
2374 3236 2612 3289 excessit
2640 3252 2672 3288 a
2720 3234 2937 3287 ratione
2983 3234 3256 3288 timendo.
3300 3237 3350 3287 Α
3384 3236 3526 3300 facie
3545 3249 3673 3288 ocu-

1974 3326 2147 3378 lorum
2169 3329 2399 3378 tuorum.
2432 3324 2489 3378 Si
2548 3324 2606 3377 in
2663 3324 2800 3377 facie
2830 3328 2929 3376 tua
2976 3339 3179 3387 essem,
3243 3327 3374 3392 etc.,
3404 3339 3572 3392 usque
3598 3324 3672 3377 ad

1974 3413 2071 3467 sed
2106 3428 2295 3466 meum
2329 3429 2425 3466 cor
2456 3413 2733 3466 accusavi.

2043 3503 2202 3555 Vens.
2246 3502 2333 3554 24.
2367 3532 2435 3540 -—
2487 3503 2705 3568 Diligite
2737 3502 3039 3568 Dominum,
3082 3514 3280 3565 omnes,
3339 3502 3443 3553 etc.
3478 3499 3670 3569 (CA58.)

1974 3589 2273 3644 Conclusio
2300 3590 2568 3654 oratoria,
2598 3591 2685 3642 vel
2734 3589 3068 3655 hortatoria,
3100 3605 3203 3658 pro
3253 3588 3541 3658 praedictis
3571 3589 3672 3641 ob-

1976 3672 2228 3725 tinentis.
2290 3674 2476 3741 (Auc.)
2534 3671 2809 3725 Praedicta
2855 3676 3119 3740 expertus
3150 3671 3271 3740 jam
3326 3686 3430 3723 nos
3488 3671 3675 3723 horta-

1974 3767 2102 3825 tur;
2137 3760 2298 3830 quasi
2325 3778 2336 3813 :
2370 3761 2673 3813 tribulatus
2700 3776 2847 3824 sum,
2873 3759 3062 3824 timui,
3094 3759 3352 3822 clamavi,
3398 3774 3517 3811 non
3546 3774 3672 3811 sum

1975 3849 2276 3904 confusus:
2309 3848 2389 3901 ita
2416 3865 2529 3901 vos.
2565 3848 2752 3903 Sancti
2780 3848 2919 3913 cjus,
2975 3862 3227 3916 quorum
3286 3850 3371 3899 est
3435 3846 3673 3915 diligere

1976 3940 2179 4003 Deum,
2231 3937 2365 4006 quia
2416 3952 2531 3989 non
2576 3939 2771 3988 amant
2828 3934 3131 4001 mundam,
3186 3950 3372 4003 neque
3431 3950 3558 4003 quin
3614 3934 3672 3987 in

1977 4026 2192 4079 mundo
2255 4029 2434 4088 sunt;
2496 4023 2711 4076 amicus
2768 4022 2969 4076 mundi
3018 4022 3206 4092 hujus,
3265 4021 3530 4075 inimicus
3574 4021 3673 4075 Dei

1976 4113 2359 4167 constituitur.
2414 4113 2570 4166 Disce
2617 4128 2755 4181 ergo
2814 4128 2928 4165 non
2984 4111 3221 4180 diligere
3275 4109 3578 4174 mundum,
3610 4113 3675 4162 ut

1976 4204 2157 4257 discas
2186 4200 2425 4270 diligere
2461 4202 2636 4254 Deum
2673 4217 2684 4253 :
2715 4205 2927 4267 averte,
2959 4205 3023 4254 ut
3050 4198 3429 4264 converteris;
3475 4198 3671 4265 funde,

1979 4295 2041 4346 ut
2074 4290 2384 4361 implearis.
2417 4290 2678 4357 Requiret
2730 4291 3005 4352 Dominus,
3065 4292 3168 4342 etc.
3206 4287 3385 4341 Etiam
3440 4286 3529 4339 hic
3566 4286 3669 4339 ali-

1981 4379 2233 4450 quando,
2264 4377 2308 4431 si
2344 4378 2485 4430 nulli
2514 4378 2620 4430 hoc
2668 4376 2898 4443 faceret,
2951 4392 3065 4429 non
3122 4375 3410 4429 videretur
3438 4373 3672 4443 vigilare

1981 4468 2174 4523 divina
2202 4466 2581 4538 providentia,
2617 4465 2663 4518 si
2696 4464 2962 4519 omnibus
2985 4480 3098 4518 non
3135 4468 3459 4517 servaretur
3482 4462 3675 4516 divina

1978 4554 2274 4626 patientia.

2050 4642 2410 4697 Abundanter
2454 4642 2801 4707 facientibus.
2853 4640 2957 4705 Qui
3000 4656 3113 4694 non
3145 4639 3255 4694 cito
3307 4638 3602 4710 pcenitent.

2076 4733 2416 4801 Superbiam.
2466 4734 2573 4786 Pro
2607 4731 2764 4784 omni
2802 4730 2961 4793 vitio,
3003 4728 3136 4799 quia
3184 4727 3344 4782 radix
3388 4728 3670 4781 omnium.

2051 4821 2215 4873 Vens.
2278 4823 2364 4873 25.
2423 4848 2491 4859 -
2562 4820 2807 4872 Viriliter
2862 4819 3028 4888 agite,
3084 4820 3194 4871 etc.
3266 4816 3453 4868 Virtus
3499 4815 3677 4868 totius

1979 4908 2207 4979 psalmi,
2241 4924 2313 4961 ne
2342 4907 2525 4961 carnis
2546 4906 2824 4976 fragilitas
2853 4906 3054 4957 timeat
3080 4908 3164 4957 tot
3199 4904 3345 4957 mala
3387 4902 3600 4958 saeculi.

2588 5046 2900 5102 PSALMUS
2952 5047 3132 5101 XXXI.

2050 5175 2349 5229 Intellectus
2383 5170 2575 5227 David.
2638 5170 2822 5241 (Aea)
2882 5170 3139 5224 Psalmus
3197 5170 3264 5223 de
3323 5168 3507 5239 gratia
3564 5184 3679 5239 qua

1980 5262 2289 5318 Christiani
2320 5277 2537 5323 sumus,
2562 5259 2718 5313 utait
2742 5260 3048 5329 Apostolus
3109 5258 3290 5325 (Rom.
3330 5258 3422 5328 iv).
3472 5256 3679 5327 Incipit

1982 5368 2116 5421 ergo
2149 5368 2251 5421 per
2299 5348 2715 5418 indulgentiam
2768 5349 2859 5403 hic
2910 5348 3163 5418 psalmus
3225 5352 3422 5400 contra
3472 5346 3677 5400 vitium

1980 5440 2282 5495 hominum
2315 5454 2505 5507 agens,
2541 5438 2639 5505 qui
2671 5444 2899 5508 peccata
2944 5436 3204 5491 nesciunt
3229 5437 3311 5490 vel
3344 5436 3676 5501 defendunt,

1983 5529 2184 5583 merita
2234 5528 2467 5597 jactant.
2530 5527 2724 5595 (CAss.)
2779 5528 2984 5582 Contra
3050 5525 3253 5579 vitium
3301 5541 3438 5595 ergo
3492 5522 3677 5578 homi-
