4034 6180
306 251 408 302 887

940 242 1327 297 \VALAFRlDl
1369 241 1616 296 S'l‘ltABl
1658 239 1850 294 FULD.
1896 239 2057 293 ΜΟΝ.
2099 238 2250 293 Ol’l’.
2295 241 2470 294 PARS
2507 241 2549 293 1.
2590 269 2659 278 ——
2697 238 3156 294 THEOLOGICA.

3729 240 3833 292 888

308 388 449 427 num
480 369 572 425 hic
601 369 865 440 psalmus
921 365 1260 438 opponitur,
1306 369 1434 429 etc.,
1467 379 1640 434 usque
1698 363 1772 418 ad
1813 362 1870 444 in
1896 378 2009 434 quo
2040 363 2086 414 Α
2125 361 2191 415 ad
2249 363 2526 432 superbos
2575 366 2802 432 peccata
2861 361 3268 417 defendentes:
3329 379 3468 433 ergo
3520 380 3636 425 vos,
3691 379 3834 432 quos

308 464 521 513 stantes
546 459 869 511 conﬁrmat.

398 549 561 601 VERS.
608 549 654 600 l.
704 546 860 600 Beati
905 559 1131 613 quorum
1177 543 1414 596 remissae
1451 545 1596 604 sunt,
1643 543 1777 606 etc.,
1822 539 2012 609 (Ana)

322 639 445 692 Non
475 636 533 689 in
556 634 765 705 quibus
792 649 904 686 non
945 631 1163 686 invenit
1183 636 1498 701 peccatum,
1551 629 1647 683 sed
1689 628 1898 700 quibus
1920 644 2008 681 re-

317 725 484 779 mitit.
545 724 895 790 Iniquitates.
950 721 1096 775 Dicit
1162 720 1421 773 fomitem
1476 718 1710 788 peccati,
1799 717 2014 772 scilicet

317 811 951 882 concupiscibilitatem,
1000 815 1131 873 elc.,
1162 823 1331 876 usque
1374 807 1448 860 ad
1500 807 1597 860 sed
1627 811 1689 860 ut
1717 809 2012 876 peccatum

318 902 464 954 ultra
511 915 628 954 non
676 899 766 951 sit.
830 898 1104 966 (Hu-zaos.)
1161 894 1518 966 Iniquitates,
1578 898 1709 948 ante
1755 894 1929 948 ﬁdem
1961 899 2015 946 et

314 989 660 1057 baptismum
687 1003 699 1040 :
736 992 1050 1056 peccatum,
1074 992 1205 1054 post
1236 984 1406 1037 ﬁdem
1456 988 1512 1037 et
1533 982 1903 1050 baptismum.

385 1077 551 1129 Vens.
611 1079 663 1128 '2.
722 1105 789 1112 —
846 1076 1040 1129 Beat-us
1105 1074 1208 1127 vir.
1276 1071 1558 1142 (HIERON.)
1622 1070 1725 1124 Cui
1775 1069 2016 1123 remittit

322 1165 488 1230 Deus,
518 1178 635 1216 non
667 1161 822 1214 enim
855 1178 956 1232 per
983 1160 1254 1230 se.Tegit,
1276 1177 1345 1213 ne
1369 1159 1662 1228 injudicio
1693 1158 2011 1221 reveletur;

316 1257 374 1305 et
421 1251 500 1304 sic
544 1266 659 1303 non
702 1249 1084 1318 imputabitur
1131 1248 1202 1302 ad
1251 1263 1500 1318 pmnam.
1551 1248 1672 1300 Non
1721 1251 1805 1299 est
1849 1245 2014 1299 dolus

316 1339 414 1410 qui
444 1356 502 1392 se
535 1342 759 1391 accusat
787 1353 800 1390 :
831 1337 999 1391 corde
1029 1341 1184 1390 tenet
1215 1336 1368 1405 quod
1402 1351 1500 1388 ore
1529 1336 1739 1388 fatetur
1768 1333 1879 1386 hic.

386 1430 638 1482 Beatus:
681 1425 817 1496 quia
879 1425 1017 1479 olim
1066 1440 1182 1479 non
1241 1424 1518 1478 conﬁtens
1575 1425 1711 1490 Deo,
1773 1421 1903 1477 veni
1955 1421 2014 1475 in

315 1523 633 1586 peccatum,
662 1516 798 1570 dum
831 1515 1158 1581 clamarem,
1187 1513 1234 1566 si
1264 1512 1399 1583 quid
1434 1511 1574 1567 boni
1589 1511 1701 1578 egi.

391 1606 551 1659 Vens.
587 1607 638 1659 3.
671 1633 742 1645 —
779 1604 962 1657 Tacui.
1026 1601 1212 1672 (Auc.)
1244 1600 1352 1665 Qui
1405 1617 1520 1655 non
1575 1600 1701 1653 vult
1755 1597 2014 1652 confiteri

320 1699 569 1763 peccata,
616 1693 839 1746 laborat
886 1691 1008 1744 sine
1057 1706 1228 1744 causa
1265 1689 1324 1742 in
1380 1689 1712 1743 defensione
1753 1692 2014 1758 peccato-

318 1798 486 1836 rum:
517 1782 577 1834 in
628 1797 742 1850 quo
773 1795 904 1832 cum
943 1783 1000 1833 et
1026 1779 1202 1848 jactet
1254 1778 1474 1846 merita,
1533 1777 1780 1848 amplius
1830 1777 2020 1831 deﬁcit

319 1869 620 1924 fortitudo.
663 1868 855 1937 (Cass)
887 1869 1083 1922 Beatus
1113 1868 1201 1919 cui
1231 1882 1335 1920 non
1384 1868 1695 1935 imputavit.
1729 1865 1887 1932 Aliis,
1918 1864 2020 1936 qui

319 1957 514 2028 gravia
542 1957 774 2024 habent,
808 1956 954 2009 Deus
981 1955 1228 2024 imputat
1255 1971 1268 2021 ;
1303 1954 1428 2008 aliis
1445 1970 1547 2024 per
1570 1953 2016 2008 misericordiam

322 2063 437 2099 non
471 2046 739 2115 imputat,
767 2045 873 2099 etsi
904 2045 1118 2098 habent
1151 2043 1366 2114 aliqua,
1397 2043 1484 2097 his
1527 2043 1742 2096 scilicet
1770 2043 1870 2114 qui
1901 2059 2017 2096 non

311 2134 499 2203 justos
526 2151 584 2187 se
617 2133 949 2204 praedicant,
986 2149 1114 2186 cum
1143 2133 1260 2185 sint
1289 2133 1447 2198 mali,
1492 2131 1591 2186 sed
1623 2148 1681 2186 se
1709 2147 2020 2202 agnoscen-

320 2227 406 2275 tes
435 2221 811 2289 satisfaciunt,
837 2221 1012 2275 modo
1044 2221 1152 2274 hoc
1195 2221 1490 2290 proﬁteor,
1528 2219 1624 2274 sed
1663 2220 1838 2274 olim:
1873 2221 2018 2286 Quo-

320 2313 471 2364 niam
529 2312 696 2378 tacui,
755 2314 858 2364 etc.
907 2309 1090 2380 (Αυο.)
1135 2309 1249 2373 Vel,
1311 2311 1458 2363 tacui
1512 2324 1646 2362 voce
1702 2313 2017 2379 peccatum,

321 2401 451 2453 dum
478 2400 765 2454 clamarem
821 2403 932 2453 tota
959 2398 1084 2452 die:
1117 2399 1255 2451 dum
1304 2413 1472 2467 poena
1514 2396 1754 2468 peccati,
1813 2397 1900 2451 vel
1929 2397 2016 2450 in-

322 2489 502 2542 terior
533 2487 835 2542 excmcatio
864 2487 1191 2541 ostenderet
1233 2503 1325 2540 me
1351 2489 1724 2556 peccatorem,
1761 2487 1846 2539 vel
1880 2485 2018 2540 dum

325 2594 498 2648 prava
525 2577 640 2631 vita
666 2592 757 2630 me
788 2581 1012 2630 tacente
1042 2576 1333 2638 clamaret,
1366 2573 1412 2626 si
1442 2573 1578 2644 quid
1605 2573 1742 2627 boni
1769 2572 1882 2643 egi.

396 2668 530 2720 Dum
559 2666 849 2720 clamarem
879 2667 990 2718 tota
1018 2664 1125 2731 die,
1161 2662 1285 2716 etsi.
1319 2662 1434 2716 Etsi
1465 2677 1581 2715 non
1632 2661 1704 2714 sit
1753 2661 1860 2715 sibi
1890 2677 2020 2716 con-

326 2753 475 2808 scius
531 2753 679 2824 quis,
739 2769 857 2806 non
908 2761 1100 2806 tamen
1151 2751 1379 2822 justus:
1439 2750 1574 2821 quia
1631 2750 1836 2817 delicta
1891 2751 2020 2822 quis

329 2840 600 2912 intelligit
619 2843 649 2896 ?
675 2841 830 2895 Unde
859 2857 873 2894 :
910 2843 1006 2896 Est
1014 2840 1209 2908 justus
1235 2843 1333 2908 qui
1356 2842 1501 2909 perit
1552 2841 1610 2892 in
1632 2840 1855 2907 justitia
1896 2855 2016 2894 sua.

330 2932 396 3002 Et
419 2929 724 3000 Apostolus
759 2943 773 2985 :
807 2929 960 2985 Nihil
982 2929 1120 2982 mihi
1173 2931 1414 2983 conscius
1443 2943 1583 2992 sum,
1615 2933 1724 2982 etc.

402 3018 569 3072 Vens.
603 3018 656 3072 4.
691 3045 762 3058 -
819 3018 1116 3084 Con/igitur
1168 3018 1349 3085 spina.
1410 3015 1610 3086 (Cass)
1671 3017 1862 3086 Spina,
1896 3032 2026 3087 quas

329 3109 512 3159 totum
559 3121 768 3175 corpus
816 3105 1008 3175 erigit,
1062 3104 1120 3159 id
1173 3114 1276 3169 est,
1325 3103 1612 3174 superbia.
1664 3103 1848 3176 (Λυο.)
1882 3106 2026 3159 Item

329 3209 590 3260 aerumna,
623 3197 754 3260 etc.,
786 3208 955 3262 usque
983 3193 1058 3246 ad
1087 3209 1100 3247 :
1130 3194 1189 3246 in
1218 3193 1467 3247 manibus
1500 3194 1787 3247 temulenti.

404 3283 564 3335 Vaas.
615 3283 666 3336 5.
716 3312 784 3320 —
829 3283 1090 3336 Delictum
1137 3295 1334 3336 meum.
1405 3280 1744 3349 Diapsalma.
1801 3281 2028 3336 Confes-

331 3369 434 3434 sio,
467 3369 618 3422 uude
648 3368 834 3433 venia,
896 3368 1042 3422 sicut
1071 3384 1243 3438 supra
1295 3368 1362 3421 de
1388 3367 1639 3421 rectione
1666 3367 2025 3422 inveteratio.

331 3458 452 3510 Feci
479 3457 770 3522 cognitum.
841 3456 1036 3527 (Cass)
1085 3458 1213 3510 Dixi
1266 3455 1422 3509 enim
1469 3455 1649 3526 prius,
1683 3459 1814 3521 etc.,
1861 3471 2030 3525 usque

333 3545 406 3599 ad
435 3549 492 3598 ct
521 3545 669 3598 Deus
698 3542 874 3598 audit.

403 3634 564 3686 Vens.
622 3634 674 3686 6.
747 3663 817 3671 —
875 3632 983 3686 Pro
1046 3632 1149 3686 hac
1225 3631 1423 3688 orabit.
1494 3630 1623 3702 (ln.)
1707 3631 2032 3703 Diapsalma

334 3719 752 3792 pmnitudinem
805 3721 1233 3787 commendans,
1285 3720 1553 3774 omnibus
1610 3720 1819 3774 sanctis
1897 3721 2024 3775 dici.

334 3825 742 3876 communem;
791 3824 964 3880 quam
1042 3809 1215 3863 variae
1269 3813 1438 3863 secta:
1498 3814 1778 3880 respuunt
1830 3815 2029 3863 contra

334 3914 474 3969 quas
523 3897 595 3952 ad
654 3898 834 3951 Deum
880 3897 1108 3967 refugit.
1162 3899 1352 3968 (Αυο.)
1394 3900 1494 3952 Pro
1545 3899 1664 3952 hac.
1717 3898 1855 3952 Inde
1905 3902 2031 3952 orat

335 3986 522 4040 omnis
545 3989 794 4052 sanctus,
845 3983 981 4056 quia
1010 3984 1299 4050 dimisisti,
1348 3984 1513 4038 aliter
1553 4001 1670 4038 non
1726 3990 1874 4040 esset
1900 4002 2028 4040 san-

334 4080 476 4131 ctus.
513 4077 784 4144 Tempore,
819 4079 926 4128 etc.
957 4075 1204 4144 Tempus
1235 4079 1322 4128 est
1373 4074 1592 4145 gratias,
1626 4075 1708 4127 lex
1740 4090 2027 4144 premens,

334 4161 672 4215 convincens
716 4176 860 4227 reos,
912 4161 1100 4231 coegit
1153 4162 1420 4225 clamare,
1451 4161 1637 4231 gratia
1688 4167 1868 4234 sanat.
1929 4163 2026 4215 Ve-

334 4254 637 4304 rumtamen
666 4252 724 4302 in
753 4249 981 4318 diluvio,
1039 4255 1143 4303 etc.
1177 4248 1360 4320 (Ana)
1413 4249 1565 4303 Licet
1616 4257 1843 4303 sanctus
1887 4254 2026 4314 oret,

337 4342 463 4400 etc.,
492 4353 661 4405 usque
689 4337 763 4391 ad
792 4343 1017 4391 sanctus
1045 4337 1248 4404 orabit,
1283 4336 1477 4391 dicens
1510 4353 1524 4389 :
1557 4340 1634 4392 Tu
1653 4353 1704 4391 es
1734 4340 2030 4405 refugium.

337 4423 428 4479 Ad
477 4439 616 4478 cum.
675 4424 877 4492 Deum,
936 4428 1120 4478 mutat
1178 4423 1331 4478 enim
1385 4440 1694 4494 personam
1748 4430 1813 4479 ut
1859 4442 2029 4496 saepe.

340 4513 462 4566 Non
491 4511 833 4581 appropiant
857 4512 957 4582 qui
985 4512 1180 4566 dicunt
1235 4513 1417 4566 fatum
1447 4513 1583 4566 facit
1637 4529 1893 4584 peccare,
1944 4516 2033 4569 vel

332 4600 586 4665 fortuna,
638 4616 770 4670 quae
820 4599 1014 4654 omnia
1069 4600 1237 4671 regit,
1288 4601 1377 4655 vel
1433 4616 1575 4670 gens
1642 4603 2033 4672 tenebrarum,

337 4705 467 4758 quae
495 4689 607 4742 Deo
633 4688 888 4742 rebellat.

402 4778 563 4832 Vaas.
597 4780 649 4832 8.
679 4807 748 4816 -——
777 4778 1104 4832 Intellectum
1134 4779 1238 4834 tibi
1292 4778 1452 4834 dabo.
1515 4778 1640 4849 (10.)
1686 4777 2030 4850 Diapsalma.

340 4866 738 4936 Respondetur
793 4866 1096 4937 poenitenti
1129 4883 1142 4921 :
1177 4869 1506 4922 Intellectum
1560 4868 1664 4922 tibi
1707 4867 1866 4934 dabo,
1925 4872 2029 4922 etc.

338 4953 478 5006 Ecce
530 4952 785 5022 psalmus
836 4951 1254 5022 intelligentiae,
1309 4969 1378 5007 ne
1412 4957 1646 5022 putetur
1703 4953 2034 5024 supplicans

339 5038 578 5112 negligi,
607 5045 747 5094 teste
779 5041 914 5094 Deo.
953 5044 1054 5107 Tu,
1105 5041 1474 5111 erue.(C.tss.)
1527 5040 1635 5106 Qui
1691 5041 2030 5112 promisisti,

336 5130 661 5184 intellectum
705 5130 806 5183 tibi
829 5129 987 5184 dabo.
1048 5130 1145 5184 Vel
1173 5130 1482 5200 respondet
1537 5129 1792 5184 Christus
1847 5130 2032 5200 paeni-

336 5217 480 5272 tenti
508 5234 520 5271 :
556 5218 741 5272 Laetus
772 5217 924 5284 ﬁnis,
975 5217 1074 5272 dat
1102 5218 1247 5273 Deus
1298 5217 1651 5273 intellectum
1683 5218 1865 5272 :unde
1888 5218 2031 5273 alios

335 5306 668 5361 adhortatur
690 5307 762 5362 ad
783 5307 959 5362 idem.

406 5395 568 5450 Vens.
601 5397 650 5449 9.
706 5425 777 5436 —
803 5398 982 5453 Nolite
1001 5396 1128 5465 ﬁeri
1170 5398 1309 5452 sicut
1352 5411 1519 5466 equus
1571 5402 1621 5452 et
1665 5397 1862 5461 mulus,
1919 5400 2027 5463 etc,

332 5482 519 5553 (Auc.)
543 5485 786 5553 Accepto
827 5483 1142 5553 intellectu,
1199 5484 1478 5540 convertit
1505 5501 1566 5541 se
1611 5486 1714 5541 iste
1744 5484 2028 5558 pcenitens

2119 449 2320 516 invito,
2353 455 2459 504 etc.
2508 453 2717 521 Equus,
2778 449 3007 522 gentilis
3058 450 3418 516 indomitus;
3472 453 3672 516 mulus,
3734 451 3832 505 lu-

2121 538 2279 592 dmus
2310 539 2474 610 piger
2496 540 2564 593 ad
2596 539 2965 593 credendum.
3001 539 3200 607 (Cass)
3233 543 3441 608 Equus,
3469 539 3594 592 sine
3623 540 3833 594 discre-

2119 628 2274 681 tione
2304 644 2592 681 sessorum
2625 645 2637 694 ;
2666 631 2862 684 nudus.
2909 628 3182 698 quaelibet
3226 644 3402 681 onera
3430 628 3659 697 accipit,
3697 633 3829 693 etc.,

2121 731 2291 784 usque
2311 716 2384 768 ad
2414 715 2473 768 id
2506 720 2608 781 est,
2641 715 2964 785 iactantiam
3017 725 3086 769 ue
3116 715 3332 770 viribus
3373 717 3512 770 suis.
3544 717 3828 772 Hamillus.

2123 805 2242 870 Vel,
2285 805 2540 858 maxillas
2590 803 2800 874 quibus
2860 804 3165 872 mandunt,
3216 804 3273 858 id
3313 812 3416 870 est,
3477 804 3730 874 parcius,
3762 804 3831 858 da

2122 881 2408 956 victtialia,
2459 897 2522 945 ut
2579 891 2908 946 necessitate
2959 893 3141 946 coacti
3196 893 3451 946 redeant.
3515 894 3704 963 (Αυο.)
3736 894 3831 945 Vel

2123 981 2216 1036 hic
2267 981 2571 1051 confriges,
2613 985 2672 1035 et
2718 981 2778 1034 in
2829 981 3024 1035 futuro
3109 987 3279 1035 erunt
3346 983 3527 1036 multa
3575 983 3821 1052 ﬂagella.
3893 1041 3900 1045 ν

2126 1071 2218 1123 Vel
2246 1087 2257 1123 :
2286 1071 2459 1126 Nolite
2477 1071 2597 1138 ﬁeri
2635 1069 2779 1124 sicut
2833 1085 3021 1138 equus,
3076 1069 3212 1140 quia
3245 1071 3422 1124 multa
3476 1071 3706 1142 flagella
3737 1071 3831 1125 hic

2123 1157 2263 1211 etin
2325 1159 2538 1212 futuro.
2605 1158 2715 1224 Qui
2759 1173 2868 1212 non
2912 1161 3304 1227 appromimant
3379 1160 3453 1213 ad
3497 1165 3565 1213 te.
3629 1161 3830 1230 (Cass)

2124 1247 2266 1301 Sunt
2295 1247 2448 1300 enim
2501 1245 2622 1317 qui,
2681 1245 2729 1300 si
2798 1252 3035 1316 peccant
3103 1248 3288 1301 carnis
3352 1247 3835 1313 imbecillitate,a

2125 1335 2234 1406 piis
2264 1335 2523 1405 precibus
2550 1351 2665 1388 non
2695 1335 2990 1390 recedunt.

2199 1424 2354 1477 Vens.
2392 1424 2569 1476 lO.—
2613 1424 2800 1477 Multa
2847 1425 3065 1492 flagella
3114 1427 3432 1492 peccatoris,
3491 1429 3597 1478 etc.
3641 1425 3833 1495 (Αυθ.)

2128 1513 2256 1566 Post
2283 1511 2512 1565 frenum
2543 1511 2831 1566 adduntur
2850 1511 3080 1582 ﬂagella
3109 1513 3177 1566 ad
3222 1513 3598 1579 domandum,
3665 1529 3738 1567 ne
3769 1514 3842 1568 sit

2129 1599 2198 1654 de
2229 1599 2340 1653 illis
2368 1598 2668 1670 impunitis
2722 1600 2932 1670 quibus
2975 1600 3143 1653 modo
3192 1616 3336 1670 vaga
3385 1602 3556 1655 datur
3607 1602 3841 1656 licentia

2128 1687 2235 1743 vim
2273 1705 2388 1744 suae
2419 1705 2433 1744 :
2468 1688 2546 1742 sic
2574 1688 2680 1743 iste
2707 1705 2880 1758 supra
2901 1688 3043 1743 dixit
3073 1706 3131 1741 se
3159 1689 3463 1744 domitum.

2699 1829 3009 1884 PSALMUS
3047 1830 3245 1886 XXXII.

2197 1955 2260 2007 In
2290 1952 2470 2024 ﬁnem.
2496 1952 2704 2022 (Cass)
2751 1954 2849 2007 Hic
2904 1954 3184 2024 propheta
3231 1955 3547 2025 potentiam
3578 1961 3638 2008 et
3693 1955 3843 2008 facta

2131 2041 2568 2107 Deicnumerat,
2602 2047 2658 2095 et
2697 2041 2775 2095 sic
2803 2042 2876 2096 ad
2921 2042 3152 2096 laudem
3209 2043 3306 2096 Dei
3358 2043 3562 2097 invitat
3596 2060 3612 2110 ς
3651 2044 3839 2114 primo

2119 2129 2305 2200 justos
2365 2135 2421 2184 et
2473 2136 2656 2184 rectos
2689 2136 2886 2185 monet
2930 2131 3183 2193 laudare,
3237 2132 3374 2202 quia
3429 2133 3720 2187 exsultare
3779 2133 3834 2185 in

2124 2219 2223 2272 illo
2255 2218 2365 2272 nisi
2393 2219 2678 2273 laudando
2699 2235 2814 2273 non
2847 2236 3185 2290 possumus:
3222 2226 3424 2285 rectos,
3487 2221 3706 2291 inquit,
3741 2222 3831 2274 de-

2125 2310 2214 2362 cet
2259 2306 2622 2362 collaudatio.

2199 2397 2360 2450 Vens.
2415 2401 2464 2450 1.
2519 2427 2589 2435 -
2644 2397 2950 2462 Ercsultate,
2985 2401 3092 2451 etc.
3141 2397 3337 2467 (Λυο.)
3369 2398 3588 2452 Curvus
3644 2398 3839 2452 laudat

2129 2484 2309 2538 Deum
2357 2485 2585 2554 quando
2645 2484 2753 2538 sibi
2807 2484 2952 2538 bene
3017 2490 3139 2552 est;
3190 2486 3548 2557 blasphemat
3607 2487 3839 2556 quando

2130 2573 2310 2625 male:
2345 2577 2528 2625 rectus
2559 2588 2786 2641 semper
2816 2577 2879 2626 ut
2906 2573 3028 2626 Job.

2201 2659 2368 2713 Vnus.
2455 2662 2508 2712 2.
2559 2660 2803 2715 Cithara.
2873 2660 3007 2731 (ln.)
3057 2661 3141 2715 Ab
3220 2662 3477 2716 inferiori
3545 2671 3734 2727 sonat,
3791 2669 3846 2715 et

2130 2763 2193 2800 ex
2228 2751 2377 2800 terra
2411 2753 2517 2816 est,
2573 2748 2725 2801 unde
2772 2750 3092 2810 laudemus,
3135 2750 3194 2804 id
3249 2756 3354 2816 est,
3415 2751 3768 2820 prosperitas
3792 2756 3848 2804 et

2131 2835 2460 2902 adversitas,
2513 2852 2642 2906 quae
2667 2836 2737 2890 ab
2770 2853 2836 2890 eo
2890 2843 3024 2890 sunt
3055 2838 3239 2892 nobis.
3263 2840 3332 2892 In
3384 2841 3662 2908 psalterio.
3692 2840 3845 2892 Dum

2054 2931 2095 2985 C
2133 2923 2376 2977 attendit
2405 2925 2704 2994 superiora
2752 2942 2878 2995 qum
2910 2925 3014 2979 tibi
3045 2927 3221 2992 dedit,
3281 2928 3564 2980 caelestem
3621 2928 3844 2981 doctri-

2136 3028 2288 3065 nam.
2371 3013 2476 3066 Per
2534 3014 2804 3067 citharam
2860 3030 3012 3080 caro,
3059 3031 3162 3084 per
3211 3017 3530 3084 psalterium
3587 3017 3842 3070 Charitas

2134 3100 2508 3169 intelligitur:
2541 3102 2608 3155 ad
2639 3119 2767 3171 quia
2799 3102 2995 3157 decem
3032 3109 3313 3175 prmeepta
3347 3106 3488 3176 legis
3509 3105 3841 3175 pertinent:

2135 3188 2243 3241 tria
2273 3189 2331 3241 in
2361 3189 2547 3259 prima
2584 3189 2778 3244 tabula
2835 3191 2904 3245 ad
2962 3192 3162 3259 Deum,
3193 3199 3411 3262 septem
3467 3193 3528 3247 in
3584 3195 3844 3248 secunda

2136 3277 2205 3332 ad
2239 3277 2583 3347 proximum.

2205 3366 2368 3419 Vens.
2406 3368 2456 3420 3.
2517 3397 2583 3404 —
2628 3367 2852 3421 Cantate
2879 3370 2946 3433 ei,
2996 3371 3100 3421 etc.
3161 3369 3352 3434 Quasi,
3385 3370 3523 3440 quid
3576 3371 3706 3441 plus
3753 3372 3842 3426 di-

2135 3453 2308 3508 cam?
2366 3454 2436 3508 de
2483 3453 2872 3509 incarnatione
2931 3456 3253 3526 specialiter
3309 3458 3605 3512 laetemini.
3657 3460 3846 3514 Canti-

2135 3558 2256 3596 cum
2300 3557 2515 3597 novum.
2566 3541 2768 3612 (Cass)
2801 3542 2942 3606 Quia
2981 3560 3098 3597 non
3153 3545 3380 3610 sufﬁcit,
3433 3544 3542 3598 nisi
3583 3545 3848 3599 abundet

2131 3630 2352 3700 justitia
2383 3635 2566 3684 vestra
2597 3632 2726 3702 plus
2755 3648 2929 3702 quam
2970 3633 3296 3688 Scribarum
3337 3641 3393 3688 et
3420 3633 3845 3690 Pharisaeorum

2137 3719 2352 3789 (Matth.
2377 3720 2448 3787 v).

2209 3811 2444 3861 Cantate
2490 3811 2758 3862 canticum
2786 3824 3001 3864 novum.
3033 3811 3111 3864 De
3159 3810 3571 3876 incarnatione,
3627 3813 3696 3866 de
3729 3831 3850 3884 qua

2138 3897 2387 3951 mundus
2419 3896 2682 3964 exsultat,
2715 3897 2783 3950 de
2815 3913 2929 3966 qua
2957 3898 3161 3969 Angeli
3191 3904 3579 3954 cantaverunt.

2210 3983 2376 4036 Vens.
2409 3983 2461 4036 4.
2489 4012 2559 4023 -
2585 3983 2724 4049 Quia
2779 3989 2981 4039 rectum
3037 3990 3132 4040 est.
3157 3987 3384 4040 Modum
3440 3988 3625 4041 laudis
3669 4005 3847 4060 expo-

2139 4070 2294 4126 suit:
2360 4089 2512 4125 nunc
2558 4087 2658 4125 cur
2715 4073 2790 4126 sit
2844 4074 3249 4131 laudandus?‘
3282 4078 3359 4130 Et
3399 4080 3578 4131 omnia
3655 4094 3843 4146 opera.

2143 4161 2328 4229 (Λυῦ.)
2364 4162 2440 4214 Ne
2491 4161 2618 4231 quis
2671 4167 2830 4231 putet
2858 4179 2916 4216 se
2959 4163 3177 4217 meritis
3231 4165 3302 4218 ad
3360 4166 3532 4218 ﬁdem
3594 4166 3846 4232 venisse,

2139 4265 2270 4304 cum
2301 4249 2358 4302 in
2388 4248 2502 4302 ﬁde
2527 4249 2641 4302 sint
2659 4250 2853 4304 omnia
2881 4267 3054 4321 opera
3085 4268 3213 4322 quae
3242 4251 3429 4321 diligit
3473 4253 3640 4318 Deus,
3665 4253 3723 4307 id
3762 4263 3849 4308 est

2143 4342 2494 4405 remunerat,
2543 4336 2690 4407 (ln.)
2719 4338 2857 4407 quia
2897 4355 3012 4392 non
3055 4339 3162 4392 nisi
3223 4340 3282 4392 in
3319 4340 3584 4394 ﬁdelibus
3638 4359 3845 4412 opera-

2142 4427 2271 4490 tur;
2307 4425 2459 4478 unde
2493 4441 2506 4478 :
2545 4425 2704 4480 Fides
2752 4431 2846 4480 tua
2875 4433 2926 4482 te
2954 4429 3165 4482 salvum
3188 4428 3328 4494 fecit
3371 4429 3594 4496 (Matth.
3629 4433 3708 4498 x).
3751 4433 3848 4485 Vel

2143 4513 2334 4567 omnia
2365 4529 2540 4582 opera
2593 4519 2728 4568 sunt
2771 4520 2943 4580 recta,
2991 4520 3119 4581 etc.,
3152 4531 3322 4585 usque
3369 4517 3443 4570 ad
3483 4519 3621 4587 quia
3656 4535 3843 4572 remao

2143 4606 2238 4655 net
2258 4601 2507 4672 iniquus,
2541 4607 2597 4656 et
2631 4603 2761 4657 ideo
2793 4603 3056 4674 nequior,
3088 4604 3224 4675 quia
3246 4606 3468 4676 justum
3511 4606 3705 4662 favere
3737 4609 3848 4662 sibi

2140 4689 2310 4744 videt.

2210 4779 2274 4832 In
2289 4778 2414 4846 ﬁde.
2440 4778 2610 4842 Quasi
2641 4779 3038 4840 exterioribus.
3093 4781 3141 4834 si
3195 4797 3366 4836 causa
3402 4781 3644 4852 justitia:
3673 4785 3853 4839 fuerit

2139 4865 2346 4931 ﬁdelis,
2377 4866 2711 4921 interiorem
2742 4868 2912 4921 ﬁdem
2944 4868 3174 4937 adjiciat
3222 4869 3339 4935 ille,
3375 4885 3550 4939 quem
3602 4886 3722 4924 non
3751 4887 3848 4924 co-

2140 4969 2419 5024 gnoscens
2441 4955 2634 5010 timuit
2667 4971 2680 5022 ;
2738 4957 2887 5011 unde
2920 4973 2933 5010 :
2977 4956 3104 5028 quis
3129 4972 3244 5011 non
3293 4957 3452 5012 dabit
3478 4958 3532 5011 ei
3563 4975 3697 5030 quae
3745 4977 3850 5013 sua

2139 5049 2291 5111 sunt,
2317 5044 2416 5114 qui
2437 5044 2496 5099 in
2533 5045 2722 5099 alieno
2771 5046 2955 5100 ﬁdelis
3041 5046 3148 5099 fuit
3196 5045 3222 5099 ‘l
3278 5046 3468 5116 (Αυα.)
3527 5048 3736 5102 Fidelis
3763 5054 3850 5103 est

2141 5133 2289 5186 Deus
2319 5134 2457 5187 dans
2508 5133 2733 5188 homini
2764 5135 2918 5205 quod
2968 5134 3231 5205 promisit
3271 5151 3286 5189 :
3319 5135 3501 5189 ﬁdelis
3548 5143 3638 5190 est
3668 5139 3844 5192 homo

2139 5220 2374 5275 credens
2394 5221 2771 5290 promittenti,
2800 5237 2866 5276 ex
2897 5222 3180 5292 promisso
3215 5238 3345 5276 vero
3377 5223 3523 5276 Deus
3561 5231 3649 5278 est
3677 5226 3845 5280 nobis

2138 5307 2378 5364 debitor.

2208 5399 2370 5453 Vaas.
2404 5399 2456 5452 5.
2484 5428 2553 5437 -
2587 5401 2775 5453 Terra.
2809 5398 2940 5470 (10.)
2979 5399 3227 5455 Ecclesia
3282 5400 3497 5472 ubique
3527 5406 3838 5468 terrarum,

2200 5489 2361 5541 Vens.
2420 5490 2472 5542 6.
2526 5515 2599 5528 -—
2645 5487 2836 5544 Verbo.
2897 5489 2958 5544 Id
2990 5497 3074 5543 est
3133 5488 3409 5560 sapientia
3465 5489 3565 5544 Dei
3632 5493 3840 5558 Patris,
