4034 6180
172 271 283 323 889

1288 232 1552 321 ω.οω
1588 264 1992 319 OBDINARIA.
2040 293 2103 301 --
2147 265 2275 317 ua.
2324 264 2559 318 PSALM.

3581 268 3684 319 890

172 392 331 445 Gali.
363 388 616 460 Apostoli
638 388 902 442 instructi
931 391 1065 441 sunt
1084 388 1271 457 plene,
1303 402 1431 441 cum
1455 404 1522 441 eo
1544 387 1715 440 etiam
1759 401 1875 439 cor-
1907 387 1952 439 Α
1992 389 2122 453 etc.,
2180 387 2439 455 usquead
2468 385 2639 439 etiam
2672 386 2718 438 si
2749 386 2906 440 sirin
2957 388 3138 441 multa
3164 386 3515 442 abundantia
3572 388 3679 441 vir-

178 480 459 549 poraliter
487 477 876 531 conversando
909 494 921 531 :
958 481 1013 530 et
1051 482 1199 546 post,
1254 480 1426 530 omnis
1481 479 1658 530 virtus
1701 491 1884 529 eorum

178 567 379 621 habita
411 566 672 619 roborata
704 569 790 618 est
820 564 1022 634 spiritu
1054 564 1199 629 Filii,
1242 581 1343 634 per
1402 565 1572 617 caelos
1628 564 1884 617 ﬁrmatos

182 658 500 723 congregat
527 658 583 706 et
610 652 925 706 consolidat
956 652 1015 705 in
1062 652 1281 705 unitate
1329 651 1483 718 ﬁdei,
1511 651 1633 720 spei
1664 657 1720 703 et
1751 651 1883 704 cha-

188 743 393 796 ritatis.
466 744 609 806 Uter,
670 742 932 804 Ecclesia,
999 740 1057 793 in
1117 758 1231 810 qua
1296 745 1380 793 est
1436 757 1568 793 caro
1637 746 1881 793 mortua.

186 833 375 885 Etiam
404 830 646 899 abyssos,
694 830 748 883 id
796 834 898 894 est,
934 830 1247 899 profundos
1296 829 1545 882 tenebris
1594 829 1883 887 vitiorum,

189 919 360 988 ponit
391 918 539 971 inter
569 935 685 983 eos,
721 918 821 987 qui
853 924 985 971 sunt
1016 919 1339 986 thesaurus,
1372 918 1520 972 unde
1572 918 1712 971 alios
1748 918 1889 971 ditat

188 1007 490 1078 sapientia.
525 1012 715 1072 (Αυο.)
751 1009 942 1061 Terra.
993 1007 1130 1060 Coeli
1189 1022 1304 1059 non
1362 1006 1623 1071 indigent
1664 1006 1885 1061 miseri-

188 1096 409 1160 cordia,
438 1100 566 1157 etc.,
631 1111 797 1164 usque
826 1096 899 1148 ad
930 1096 1084 1165 quod
1116 1100 1403 1166 operatur.
1445 1098 1632 1149 Virtus
1686 1110 1884 1148 eorum.

191 1186 339 1239 Cum
370 1184 520 1238 inter
546 1184 711 1253 lupos
741 1190 948 1247 essent,
974 1189 1103 1249 etc.,
1135 1199 1303 1251 usque
1321 1183 1395 1237 ad
1425 1184 1667 1236 licentia.

268 1277 425 1325 Vens.
460 1276 510 1325 7.
545 1299 607 1309 —
647 1272 798 1327 Sicut
824 1273 880 1324 in
906 1276 1041 1324 utre,
1072 1272 1280 1337 (Cass)
1312 1272 1396 1325 Ad
1428 1272 1712 1325 litteram:
1746 1271 1890 1325 sicut

189 1360 484 1413 littoribus
527 1376 705 1426 mare,
752 1360 965 1413 claudit
1012 1360 1069 1413 in
1128 1360 1373 1413 Ecclesia
1422 1361 1762 1413 ﬂuctuantes
1796 1376 1889 1430 po-

190 1449 363 1517 pulos
395 1453 488 1515 ,et
518 1448 578 1501 in
600 1448 881 1501 thes..uris
928 1448 1221 1518 sapientia:
1277 1465 1393 1502 sua:
1441 1450 1598 1519 ponit
1665 1449 1892 1519 profun-

191 1538 299 1590 das
341 1536 695 1605 altitudines,
740 1542 800 1591 ut
848 1538 1051 1608 probet
1108 1536 1235 1607 quis
1293 1536 1612 1608 Scripturas
1660 1537 1890 1608 pietatis

189 1624 385 1679 studio
416 1624 685 1695 inquirat.

272 1714 430 1766 Vens.
485 1717 536 1767 8.
588 1744 657 1752 —
720 1715 922 1769 Timeat
985 1717 1157 1769 omnis
1241 1719 1406 1769 terra.
1478 1716 1598 1782 (11).)
1650 1714 1893 1769 Ecclesia

192 1801 267 1855 de
301 1800 465 1867 mari,
499 1807 630 1866 etc.,
664 1817 831 1871 usque
859 1802 933 1854 ad
978 1803 1074 1855 sed
1104 1802 1410 1856 Dominum
1471 1803 1667 1855 timeat
1720 1809 1890 1857 terra.

190 1890 436 1954 Timeat,
491 1889 609 1943 imo
657 1894 1124 1943 commoveantur
1178 1906 1351 1944 manu
1412 1891 1816 1946 misericordia:
1864 1910 1896 1946 a

193 1976 571 2030 similitudine
604 1977 960 2031 dormientis.
986 1979 1071 2031 Ab
1105 1994 1182 2045 eo,
1214 1978 1349 2049 quia
1371 1978 1491 2048 ipse
1547 1981 1757 2033 creavit
1788 1995 1800 2035 :
1839 1986 1898 2035 et

191 2065 327 2119 ideo
354 2065 574 2119 utiliter
604 2065 986 2131 administrat,
1039 2066 1176 2135 quia
1222 2071 1277 2119 et
1323 2084 1353 2119 a
1403 2066 1630 2120 diabolo
1678 2068 1893 2138 aliquid

191 2159 610 2213 commovetur.
650 2154 747 2207 sed
800 2154 951 2224 quod
1010 2170 1041 2207 a
1076 2155 1188 2208 Deo
1220 2154 1457 2221 utiliter,
1514 2156 1641 2209 ideo
1692 2158 1759 2209 ab
1814 2173 1892 2211 eo.

192 2243 655 2298 Commoveantur.
686 2247 875 2309 (Aua.)
910 2244 1030 2296 Non
1062 2244 1375 2297 terroribus
1408 2245 1729 2308 hominum,
1760 2251 1892 2305 etc.,

189 2346 369 2399 usque
392 2331 466 2383 ad
494 2335 829 2401 potestatem
861 2348 974 2385 non
1008 2332 1117 2385 nisi
1139 2350 1170 2385 a
1193 2333 1323 2387 Deo.

269 2420 431 2472 Vens.
458 2422 508 2473 9.
543 2449 611 2458 —
642 2422 797 2473 Dixit
826 2426 875 2473 et
900 2423 1054 2486 facta
1101 2426 1246 2474 sunt.
1310 2422 1666 2475 Creationem
1723 2422 1894 2476 simul

189 2513 255 2563 et
286 2508 686 2562 formationem
720 2513 896 2563 notat.
933 2508 1213 2562 Mandavit
1248 2509 1677 2563 recreationem.

271 2597 441 2650 Vens.
480 2600 559 2650 10.
602 2629 668 2635 ——
708 2599 955 2665 Dissipat
984 2598 1225 2651 consilia.
1275 2595 1469 2667 (Cass)
1525 2599 1601 2651 Ne
1650 2598 1897 2653 habeant

194 2685 464 2739 elfectum
509 2686 739 2738 consilia
769 2690 968 2740 contra
1000 2702 1079 2752 se,
1117 2690 1175 2738 ut
1215 2687 1567 2752 Judaeorum,
1617 2691 1672 2740 et
1701 2693 1897 2742 contra

198 2790 354 2826 suos.
390 2775 655 2829 Gentium.
703 2776 847 2828 Dum
895 2774 1274 2828 idololatriam
1316 2775 1610 2830 destruxit.
1661 2779 1897 2845 Populo—

200 2878 345 2915 rum.
375 2863 728 2929 Judaaorum,
770 2879 1014 2933 quorum
1045 2863 1325 2924 voluntas,
1361 2864 1463 2917 etsi
1522 2864 1778 2933 impleta,
1812 2871 1897 2918 ta-

1993 476 2149 529 tutis.

2066 566 2208 619 Vens
2233 605 2246 618 .
2283 568 2364 618 17.
2402 593 2463 604 —
2492 566 2687 618 Pallas:
2742 580 2928 633 equus.
2963 566 3151 630 (Λυα.)
3198 564 3443 627 Animal,
3485 563 3545 617 in
3588 579 3686 617 cu-

1986 654 2084 723 jus
2114 654 2409 707 velocitate
2442 655 2527 706 vel
2574 654 2779 707 virtute
2815 653 3143 718 contiditur,
3194 652 3437 722 figurate
3486 653 3683 724 quaeli-

1996 743 2089 796 bet
2122 743 2437 812 amplitudo
2501 742 2693 795 sarculi
2739 742 2889 795 unde
2938 741 3296 811 superbitur:
3356 742 3452 794 sed
3511 758 3688 810 quan-

1996 836 2053 883 to
2089 832 2147 884 in
2180 848 2247 884 eo
2281 830 2451 883 altius
2478 830 2736 899 erigeris,
2789 836 2949 882 tanto
2984 829 3213 898 gravius
3265 829 3436 882 cadis.
3487 830 3688 893 (CASS.)

1998 921 2116 987 Vel,
2148 936 2314 989 equus
2346 916 2429 972 est
2465 936 2669 987 corpus
2731 917 2979 971 hominis
3020 922 3527 987 quantumcunque
3558 932 3686 985 spe-

1997 1008 2213 1061 ciosum
2237 1015 2293 1061 et
2321 1008 2465 1061 bene
2515 1008 2844 1073 formatum,
2893 1013 3085 1057 tamen
3141 1006 3306 1058 fallax
3356 1011 3441 1057 est
3498 1004 3566 1056 ad
3598 1020 3686 1056 sa-

1999 1097 2177 1149 lutem
2234 1096 2615 1165 corporalem,
2671 1094 3047 1164 spiritualcm.
3108 1094 3298 1163 (AUG.)
3355 1093 3471 1155 Vel,
3520 1106 3687 1159 equus

1999 1184 2291 1237 mundana
2318 1184 2579 1247 felicitas,
2612 1200 2739 1252 qua:
2764 1183 3022 1235 homines
3056 1181 3226 1245 vehit,
3251 1186 3307 1234 et
3342 1181 3479 1234 dum
3520 1180 3690 1233 nimis

2000 1279 2291 1343 properat,
2346 1272 2501 1325 cadit
2554 1287 2734 1341 equus
2792 1276 2847 1323 et
2895 1286 3173 1323 sessorem
3221 1268 3428 1339 perdit.
3478 1271 3689 1337 Equus,

2002 1364 2254 1415 humana
2284 1360 2581 1431 sapientia.
2620 1362 2814 1425 Gigas,
2843 1360 3123 1428 superbus
3151 1356 3359 1429 aliquis
3414 1358 3691 1411 extollens

2000 1468 2059 1505 se
2088 1457 2281 1504 contra
2309 1452 2508 1504 Deum.

2074 1541 2254 1594 Vens.
2294 1542 2377 1593 18.
2406 1568 2473 1578 —
2522 1540 2652 1593 Ecce
2681 1537 2848 1593 oculi.
2902 1538 2964 1590 In
2997 1553 3098 1589 sua
3142 1535 3201 1589 in
3244 1534 3452 1588 virtute
3499 1534 3691 1588 nullus

2003 1629 2270 1692 salvetur,
2302 1628 2433 1680 sed:
2470 1628 2603 1680 Ecce
2628 1626 2775 1679 unde
2810 1631 2893 1679 est
2922 1626 3092 1691 salus,
3142 1624 3305 1689 oculi,
3357 1629 3463 1677 etc.
3515 1624 3689 1688 Oculi,

2003 1720 2292 1786 respectus
2356 1715 2669 1769 divinitatis
2734 1731 2863 1784 qua:
2912 1718 3172 1784 proteget
3222 1729 3339 1766 eos.
3402 1715 3692 1767 Metuentes

2002 1821 2139 1859 eum.
2172 1806 2369 1874 (Casa)
2410 1806 2632 1858 Timere
2680 1803 3008 1867 Dominum,
3078 1808 3135 1855 et
3183 1817 3409 1872 semper
3462 1816 3692 1871 sperare

2003 1894 2308 1963 conjuncta
2337 1898 2487 1946 sunt.

2075 1983 2243 2035 Vens.
2292 1984 2376 2035 19.
2408 2010 2474 2021 —
2528 1984 2593 2033 Ut
2646 1986 2823 2048 eruat,
2869 1984 2975 2033 etc.
3036 1980 3157 2049 (1ο.)
3218 1980 3345 2033 Haec
3390 1978 3502 2032 duo
3560 1982 3697 2031 sunt

2003 2076 2132 2124 vota
2158 2070 2374 2124 ﬁdelis:
2410 2069 2545 2122 utin
2579 2069 2799 2138 judicio
2843 2069 3120 2138 eripiatur
3174 2084 3207 2120 a
3248 2072 3455 2131 morte,
3503 2069 3558 2119 et
3604 2064 3697 2118 hic

2003 2158 2397 2230 spiritualibus
2425 2158 2630 2221 alatur,
2670 2158 2764 2210 ubi
2783 2162 2867 2210 est
2899 2157 3217 2227 indigentia
3247 2172 3474 2209 eorum.

2073 2249 2244 2301 Vens.
2297 2248 2384 2299 '20.
2442 2275 2502 2285 —
2556 2247 2759 2299 Anima
2818 2250 3007 2298 nostra
3071 2247 3302 2300 sustinet
3378 2245 3692 2298 Dominum.

2002 2336 2146 2401 Quid
2170 2336 2239 2390 de
2261 2334 2545 2406 praedictis
2570 2334 2789 2403 sentiat,
2819 2335 2982 2406 quasi
3027 2334 3336 2388 conclusio.

2074 2426 2242 2478 Vens.
2272 2426 2359 2477 21.
2394 2453 2462 2462 —
2490 2424 2628 2488 Quia
2661 2426 2719 2475 in
2740 2438 2814 2476 eo.
2850 2421 3039 2492 (AUG.)
3061 2422 3205 2486 Quia
3234 2420 3564 2475 absentibus
3594 2433 3698 2488 per

2003 2512 2178 2566 tidem
2202 2512 2356 2566 misit
2386 2527 2593 2566 nomen
2622 2527 2807 2565 suum.

2076 2602 2447 2669 Speravimus.
2494 2600 2604 2652 Nos
2642 2605 2909 2651 venturos
2955 2598 3027 2651 ad
3082 2599 3282 2660 Deum,
3332 2611 3447 2648 non
3478 2594 3697 2648 meritis

2008 2689 2233 2742 nostris.
2268 2691 2465 2752 (Cass)
2492 2687 2633 2751 Quia
2672 2688 2732 2740 in
2788 2704 2853 2739 eo
2904 2703 2973 2740 ne
3028 2686 3155 2756 quis
3205 2684 3468 2737 mussitet
3498 2682 3567 2736 de
3598 2698 3698 2753 pa-

2007 2776 2229 2841 tientia,
2253 2776 2483 2845 subjicit
2512 2791 2742 2840 munus,
2774 2775 2987 2828 scilicet
3040 2774 3194 2844 quod
3249 2774 3474 2826 laetatur
3506 2770 3597 2824 hic
3638 2770 3697 2823 in

2010 2865 2273 2918 Domino.
2314 2865 2378 2917 Et
2397 2880 2694 2933 speramus
2721 2863 2778 2916 in
2812 2863 3043 2917 nomine
3088 2862 3315 2929 Christi,
3374 2875 3547 2930 quem
3594 2874 3697 2927 pa-

200 2967 338 3005 men
385 2952 795 3005 resurrectione
826 2957 911 3004 est
940 2951 1260 3022 reprobate.
1318 2954 1654 3022 Principum.
1688 2956 1727 3007 Τ
1730 2970 1901 3024 yran-
1936 2957 1975 3010 C
2012 2954 2219 3007 tienter
2245 2954 2526 3023 Propheta
2556 2952 2721 3006 laetus
2745 2955 3046 3005 venturum
3087 2950 3360 3004 sustinuit
3388 2965 3400 3001 :
3438 2950 3699 3017 Speravi—

196 3056 416 3095 norum
448 3042 531 3093 vel
562 3042 906 3095 daemonum.

278 3129 450 3183 Vens.
504 3130 586 3183 11.
643 3158 709 3201 -τ
770 3130 1065 3185 Consilium
1104 3134 1282 3183 autem
1328 3132 1559 3189 Domini.
1615 3136 1719 3184 etc.
1774 3132 1901 3197 (lo.)

194 3217 623 3272 Incarnationis
652 3233 926 3272 arcanum
966 3218 1026 3272 in
1053 3234 1167 3289 quo
1216 3219 1500 3271 consuluit
1550 3219 1790 3273 homini.

274 3311 457 3362 Manet
487 3309 545 3359 in
579 3311 854 3361 aeternum.
884 3307 1028 3371 Quia
1065 3308 1133 3361 ad
1165 3313 1439 3361 aeternam
1469 3308 1707 3361 salutem
1742 3307 1903 3362 nobis

194 3395 601 3469 obtinendam.

276 3487 661 3553 Cogitationes.
705 3483 1155 3549 Prsedestinatio,
1187 3484 1245 3538 in
1278 3501 1391 3555 qua
1438 3484 1634 3539 omnia
1659 3485 1902 3556 reposita

200 3577 361 3636 sunt,
395 3588 525 3641 quae
564 3576 620 3624 et
646 3570 722 3624 sic
750 3576 1112 3640 permanent,
1146 3577 1205 3624 ut
1236 3572 1477 3641 praevisa
1502 3578 1650 3626 sunt.

278 3662 441 3715 Vens.
490 3663 575 3713 12.
637 3691 701 3698 —
756 3662 926 3714 Beata
972 3676 1120 3727 gens.
1174 3661 1378 3729 (Cass)
1448 3662 1682 3715 Beatum
1745 3661 1899 3725 dicit,

199 3748 306 3819 qni
353 3749 423 3802 ad
484 3749 699 3802 cultum
751 3750 851 3802 Dei
892 3748 1185 3820 pervenit:
1248 3750 1401 3820 quod
1461 3749 1524 3803 tit
1553 3750 1906 3820 temporibus

198 3836 565 3903 Christianis,
599 3837 656 3890 in
683 3837 894 3907 quibus
924 3842 1123 3907 gentes
1170 3853 1480 3905 conversae,
1521 3837 1579 3891 hi
1611 3846 1743 3891 sunt
1770 3837 1904 3907 justi

197 3932 265 3981 et
296 3926 437 3979 recti
468 3943 612 3996 quos
642 3926 803 3979 decet
832 3925 1098 3979 laudatio.
1135 3929 1321 3991 (Auc.)
1375 3925 1671 3979 Beatitudo
1720 3927 1906 3979 omnis

196 4016 267 4069 in
313 4014 531 4081 animo,
586 4020 716 4081 etc.,
770 4030 937 4082 usque
990 4015 1064 4067 ad
1118 4014 1314 4067 beatus
1371 4015 1619 4084 populus
1675 4014 1744 4068 de
1794 4016 1907 4069 Deo

197 4118 557 4175 possessore.

282 4192 473 4244 Vens.
522 4192 604 4243 13.
655 4219 724 4229 —-
771 4192 844 4243 De
906 4190 1049 4244 cazlo.
1123 4190 1311 4253 (Αυα.)
1380 4188 1617 4242 Homine
1663 4190 1903 4244 Christo.

202 4277 514 4346 Prospexit
563 4277 622 4330 in
655 4277 899 4330 adventu
958 4275 1081 4330 Filii
1139 4281 1195 4330 et
1245 4276 1385 4329 vidit
1439 4276 1904 4343 misericorditer,

201 4383 328 4421 non
354 4372 601 4435 peccata,
634 4366 832 4430 (CASS.)
867 4382 899 4418 a
932 4364 1139 4435 quibus
1175 4364 1380 4419 faciem
1412 4366 1654 4431 avertit;
1685 4365 1783 4419 sed
1839 4366 1909 4419 vi-

201 4454 298 4509 dit
353 4470 551 4507 omnes
592 4454 739 4508 ﬁlios
774 4453 1100 4520 hominum,
1169 4453 1227 4507 id
1266 4457 1370 4513 est,
1422 4468 1623 4508 omnes
1684 4454 1784 4523 qui
1840 4453 1909 4507 ad

205 4559 426 4599 novam
454 4543 625 4596 vitam
650 4543 847 4597 volunt
875 4543 1113 4596 renasci.
1149 4544 1336 4609 (AUG.)
1370 4542 1668 4605 Quomodo
1699 4541 1911 4623 elegit?

202 4637 347 4697 etc.,
405 4647 573 4701 usque
600 4632 675 4685 ad
701 4630 1000 4700 inspiravit
1026 4647 1259 4685 omnem
1291 4630 1501 4684 bonam
1533 4631 1907 4685 voluntatem.

283 4722 457 4775 Vens.
494 4723 578 4774 15.
619 4751 686 4760 —
736 4720 946 4775 Finxit.
1002 4719 1196 4790 (AUG)
1248 4720 1414 4773 Manu
1460 4719 1661 4789 gratia:
1704 4720 1912 4773 forma-

203 4813 310 4866 vit.
346 4812 672 4880 Sigillatim,
698 4810 939 4879 singulis
961 4810 1188 4880 singula
1208 4809 1473 4879 quaedam
1504 4810 1661 4863 dans.
1687 4810 1910 4876 (HIBR.)

206 4901 373 4957 Unde
404 4906 593 4953 tamen
628 4900 818 4953 unitas
874 4898 1153 4968 corporis,
1202 4898 1257 4951 id
1315 4904 1420 4963 est,
1478 4898 1739 4953 Ecclesia
1787 4898 1911 4966 tiat,

198 4988 532 5057 Sigillatim,
563 4987 623 5042 id
664 4993 767 5053 est,
793 5004 909 5042 non
940 5003 1009 5041 ex
1054 4986 1255 5049 Adam,
1311 4990 1376 5041 ut
1422 4986 1655 5057 quidam
1718 4988 1911 5043 dicunt

202 5078 469 5133 animam
503 5093 570 5130 ex
604 5076 815 5141 anima,
842 5080 895 5129 et
926 5075 1096 5129 simul
1128 5090 1329 5128 omnes
1375 5074 1686 5144 cognoscit,
1720 5080 1775 5128 et
1796 5090 1913 5129 om-

199 5183 314 5222 nes
335 5171 496 5220 actus
523 5182 741 5220 earum.

286 5257 466 5310 Vens.
490 5258 573 5309 16.
608 5286 669 5295 —
700 5257 816 5310 Non
842 5255 1094 5310 solvatur
1122 5270 1239 5309 rem.
1269 5254 1358 5308 Sic
1414 5254 1563 5307 ﬁunt
1600 5252 1763 5323 justi,
1814 5252 1913 5306 sed

200 5359 319 5400 nec
347 5343 485 5397 facti
513 5359 616 5397 sua
644 5343 850 5397 virtute
885 5345 1195 5397 salvantur.
1233 5344 1356 5397 Non
1388 5342 1560 5397 modo
1592 5341 1913 5412 spiritualia

201 5438 351 5489 sunt
381 5449 414 5486 a
444 5434 580 5500 Deo,
601 5433 701 5486 sed
728 5438 784 5486 et
808 5433 1108 5486 exteriora.
1144 5431 1348 5502 (Ηιιςιι.)
1376 5432 1553 5485 Nemo
1593 5430 1912 5502 quidquam

198 5523 393 5580 habet
419 5521 535 5576 nisi
563 5521 633 5575 ab
665 5537 754 5591 eo,
784 5521 885 5593 qui
926 5537 1029 5575 nec
1043 5526 1247 5592 potens
1274 5525 1340 5575 ut
1389 5536 1507 5587 rex,
1572 5536 1674 5574 nec
1726 5520 1910 5585 fortis,

2009 3057 2148 3097 mus.
2182 3042 2527 3096 Continuum
2560 3046 2783 3111 tempus
2814 3044 2992 3107 notat,
3026 3040 3163 3111 quia
3192 3056 3307 3093 non
3338 3044 3424 3092 est
3453 3039 3536 3090 fas
3561 3035 3701 3091 desi-

2009 3148 2167 3197 nere,
2199 3132 2353 3185 unde
2384 3146 2609 3200 semper
2646 3135 2832 3199 potest
2859 3130 3051 3184 anima
3084 3129 3228 3182 fessa
3258 3126 3519 3181 recreari.

2081 3222 2204 3274 Fiat
2264 3218 2639 3273 misericordia
2696 3224 2811 3285 tua,
2865 3220 3102 3283 Domine,
3163 3231 3324 3285 super
3380 3228 3493 3276 nos,
3581 3216 3689 3265 etc.

2011 3307 2468 3362 Incarnationem
2500 3306 2773 3377 compleri
2805 3306 3110 3366 desiderat.
3160 3310 3224 3359 ut
3258 3305 3540 3374 perfectus
3570 3317 3700 3370 pos-

2010 3396 2083 3451 sit
2111 3413 2253 3450 esse.
2306 3398 2375 3449 In
2406 3401 2472 3449 te.
2534 3397 2646 3449 Hoc
2698 3394 2837 3449 dicit
2864 3394 2994 3449 ideo
3051 3400 3116 3448 ut
3162 3393 3348 3447 omnis
3379 3388 3703 3461 superstitio

2012 3493 2070 3540 et
2094 3486 2340 3557 pravitas
2362 3484 2709 3538 excludatur.

2579 3626 2887 3680 PSALMUS
2913 3625 3134 3679 XXXIII.

2086 3754 2243 3805 Vens.
2300 3755 2346 3805 1.
2402 3751 2652 3805 Psalmus
2725 3749 2926 3803 David.
2988 3749 3180 3817 (Αυσ.)
3222 3746 3501 3817 Loquitur
3546 3746 3706 3801 Chri-

2014 3846 2154 3903 stus,
2202 3844 2260 3893 et
2314 3839 2374 3892 in
2404 3855 2471 3892 eo
2504 3838 2895 3893 Christianus:
2938 3838 3102 3889 docet
3133 3836 3537 3898 humilitatem,
3570 3834 3707 3887 dum

2015 3928 2377 3982 commendat
2419 3943 2626 3996 corpus
2686 3931 2742 3979 et
2797 3925 3153 3994 sanguinem.
3209 3925 3348 3975 Cum
3398 3924 3709 3975 immutavit

2014 4018 2221 4070 vultum
2254 4014 2525 4077 Christus,
2562 4013 2619 4066 id
2669 4018 2769 4077 est,
2832 4011 3196 4073 sacriﬁcium,
3245 4026 3426 4063 coram
3473 4009 3703 4074 ludatis,

2018 4105 2117 4175 qui
2152 4119 2394 4173 regnum
2437 4102 2613 4171 patris
2652 4100 2741 4155 sui
2789 4101 2957 4154 David
3018 4103 3168 4165 sunt,
3222 4100 3382 4169 juxta
3428 4098 3607 4152 illud:
3646 4100 3708 4152 Et

2017 4194 2170 4247 dabit
2216 4193 2303 4245 illi
2367 4191 2629 4244 Dominus
2678 4188 2853 4244 sedem
2932 4189 3138 4251 David,
3188 4187 3434 4243 Ecclesia
3482 4192 3567 4241 est
3613 4202 3708 4240 re-

2015 4297 2193 4355 gnum
2233 4278 2433 4334 Patris.

2090 4371 2247 4424 Vens.
2280 4372 2333 4423 2.
2376 4398 2442 4406 —
2490 4366 2825 4421 Benedicam.
2886 4365 3090 4437 (Cass)
3130 4366 3380 4420 Psalmus
3427 4362 3711 4417 secundus

2016 4473 2121 4528 per
2138 4456 2505 4527 alphabetum
2529 4455 2948 4525 imperfectum,
3004 4460 3107 4509 etc.
3120 4495 3133 4520 ,
3157 4469 3327 4524 usque
3346 4453 3419 4507 ad
3432 4450 3712 4523 gloriﬁca-

2016 4551 2112 4601 tur
2135 4561 2263 4599 cum
2286 4544 2431 4615 ipso.

2087 4634 2252 4688 Vens.
2310 4636 2361 4687 3.
2418 4662 2490 4674 —
2542 4634 2605 4687 In
2666 4632 2893 4686 Domino
2949 4631 3268 4685 laudabitur
3311 4631 3497 4683 anima
3568 4643 3706 4682 mea.

2017 4722 2152 4793 (10.)
2184 4723 2297 4776 Sua
2330 4722 2486 4776 enim
2542 4722 2666 4774 laus
2696 4728 2783 4774 est
2835 4720 3162 4791 praedicatio
3223 4718 3449 4773 Domini
3507 4718 3614 4784 sui,
3651 4720 3713 4770 ut

2020 4814 2204 4865 bonus
2232 4811 2479 4865 famulus
2521 4811 2591 4864 de
2625 4810 2774 4864 bona
2804 4810 2955 4864 fama
2989 4808 3217 4862 Domini
3273 4807 3360 4861 sui
3412 4806 3705 4876 glorietur.

2018 4902 2308 4955 Mansueti.
2358 4900 2480 4953 Non
2520 4899 2689 4963 docti,
2726 4914 2843 4951 non
2876 4898 3224 4967 jejuuantes,
3260 4896 3391 4967 quia
3425 4900 3560 4949 sunt
3616 4910 3711 4947 su-

2019 4988 2220 5059 perbi:
2265 4988 2363 5041 sed
2406 4988 2715 5052 mansueti,
2799 4988 2936 5055 quia
2982 4986 3422 5055 temperantiam
3499 4983 3715 5038 habent

2018 5077 2279 5131 omnium
2310 5092 2521 5129 rerum.
2575 5075 2873 5141 Mansueti,
2935 5090 3048 5127 non
3100 5074 3169 5127 de
3228 5090 3330 5127 sua
3386 5072 3712 5142 intelligen-

2018 5166 2101 5220 tia
2123 5166 2555 5235 superbientes;
2587 5180 2705 5217 non
2734 5164 2941 5234 jugum
2974 5163 3093 5229 Dei,
3134 5163 3548 5217 indomitorum
3586 5177 3712 5215 mo-

2020 5270 2103 5321 re,
2132 5255 2396 5307 ferentes.

2091 5343 2255 5396 Vens.
2302 5342 2425 5395 4-6.
2478 5368 2551 5381 -
2604 5342 2951 5407 Magniﬁcate
3007 5341 3315 5393 Dominum.
3388 5338 3714 5409 Spiritualis

2020 5431 2204 5501 gratia
2256 5446 2370 5484 non
2448 5430 2568 5483 vult
2625 5429 2744 5481 sola
2796 5428 2978 5481 facere
3026 5428 3178 5500 quod
3234 5427 3429 5481 multis
3455 5427 3713 5497 proiicit;

2018 5518 2172 5573 unde
2202 5523 2364 5571 vocat
2392 5517 2573 5582 alios;
2614 5516 2959 5584 Magui/icate
3011 5519 3074 5569 ut
3124 5515 3392 5569 invitatos
3441 5515 3713 5580 traheret,
