4034 6180
320 258 414 309 891

986 250 1385 306 WALAFBIDI
1420 252 1664 307 STRABI
1699 253 1902 307 FULD.
1929 249 2097 307 MON.
2120 251 2272 307 OPP.
2308 250 2484 305 PARS
2513 250 2554 303 Ι.
2593 277 2663 287 ·-·
2692 245 3158 304 THEOLOGICA.

3726 253 3833 304 892

321 375 477 444 dicit,
535 391 668 446 quae
732 374 866 430 inde
915 375 1064 428 bona
1121 372 1263 427 sibi:
1324 374 1633 443 quuisivi
1708 375 2012 428 Dominum.
2045 375 2092 427 Λ
2200 373 2364 427 Vnus.
2399 375 2482 426 l5.
2520 399 2582 412 —-
2624 371 2840 426 Diverte
2886 385 2922 424 a
2959 371 3119 425 malo.
3181 370 3392 442 (Cass)
3423 369 3545 426 Hoc
3601 372 3835 442 culpam

317 467 409 519 Ea:
438 464 701 518 omnibus.
759 464 883 517 Non
924 467 1164 533 possunt
1223 461 1610 532 particulatim
1664 461 1776 516 dici
1806 467 2020 532 quanta

321 553 653 622 impetravit
682 552 782 622 qui
812 568 926 605 non
959 550 1113 604 aliud
1139 566 1312 621 quam
1370 551 1548 604 Deum
1595 550 1878 620 qumsivit.
1917 553 2018 607 Ac-

321 641 510 696 cedite.
541 641 756 711 (CASS.)
797 642 923 694 Jam
985 639 1370 710 particulatim
1419 639 1489 693 de
1538 655 1687 693 novo
1716 640 1873 693 vultu
1915 639 2019 693 ad-

325 733 522 782 monet
550 733 790 782 sanctos.
838 728 1030 792 Quasi,
1093 730 1478 797 Magniﬁcate:
1537 733 1596 782 et
1625 729 1671 782 si
1728 729 1786 782 in
1819 728 2020 798 primis

321 816 378 870 in
403 816 724 886 jucundum
759 817 1023 871 accedite.
1053 818 1172 880 Vel,
1206 819 1578 886 Magniﬁcate,
1613 821 1667 871 et
1697 834 1811 888 quo
1860 817 2020 871 ordi-

320 907 439 959 ne?
472 921 599 959 ecce
633 906 924 959 :Accedite
951 921 1056 976 per
1111 906 1282 961 ﬁdem
1335 908 1482 973 (AUG
1524 906 1540 975 )
1595 905 1854 959 Accedite
1909 905 2018 960 ﬁde

318 993 680 1060 inberendo,
731 999 789 1047 et
838 993 1060 1048 duobus
1125 994 1367 1065 pedibus
1428 993 1676 1064 gemina:
1729 993 2020 1047 charitatis

318 1082 621 1136 currendo.
675 1082 884 1149 (Cass)
941 1082 1257 1136 Prmmissis
1316 1083 1603 1148 laudibus,
1660 1083 1727 1135 ad
1760 1099 2016 1136 commu-

317 1170 552 1225 nionem
611 1171 894 1224 hortatur.
950 1173 1068 1227 Non
1122 1172 1554 1238 confundantur.
1606 1174 1801 1239 (AUG.)
1836 1171 2014 1235 Quid-

319 1259 458 1330 quid
509 1259 599 1313 hic
629 1259 941 1330 tiatjusto:
988 1276 1104 1314 non
1145 1260 1442 1325 erubescit,
1479 1259 1614 1331 quia
1661 1275 1888 1330 semper
1918 1277 2016 1312 su.

320 1349 513 1418 perior
567 1349 718 1418 apud
784 1350 1003 1403 Deum:
1083 1351 1364 1420 superbus
1425 1366 1559 1403 vero
1635 1349 1696 1402 in
1770 1349 2018 1403 adversis

319 1436 617 1499 erubescit,
646 1436 781 1508 quia
819 1437 891 1490 ad
917 1437 1092 1490 Deum
1125 1453 1234 1490 non
1269 1437 1515 1490 accessit.

390 1525 545 1581 Vsus.
582 1529 633 1579 7.
662 1527 985 1594 —Pauper.
1037 1525 1248 1592 (Cass)
1274 1527 1379 1579 Iste
1419 1523 1733 1596 spiritualis
1782 1524 1876 1578 hic
1906 1529 2014 1594 est,

317 1613 454 1686 quia
491 1613 706 1667 accedit
755 1618 811 1668 et
865 1613 1246 1678 illuminatur,
1301 1630 1405 1667 nec
1462 1613 1800 1679 erubescet;
1857 1613 2014 1685 quia,

317 1702 549 1774 quando
579 1705 806 1764 clamat,
841 1702 1118 1756 liberatur
1148 1701 1217 1755 ab
1247 1701 1516 1755 omnibus
1572 1701 1850 1772 angustiis
1910 1717 2016 1756 ste-

201 1822 209 1830 -
316 1790 431 1844 culi
463 1790 522 1844 in
549 1790 732 1855 obitu,
762 1790 901 1844 dum
926 1790 1046 1860 jam
1093 1789 1296 1843 transit
1323 1789 1390 1843 ad
1424 1789 1622 1844 Deum.

389 1879 550 1932 Vens.
595 1881 647 1933 8.
694 1908 763 1917 —
821 1880 1086 1933 Immittet
1119 1879 1406 1946 Angelum.
1453 1878 1730 1946 Accedite,
1767 1881 1823 1932 et
1873 1877 2018 1932 sicut

319 1965 426 2020 iste
448 1982 669 2037 pauper
696 1966 961 2020 clamavit
1005 1971 1060 2020 et
1114 1967 1415 2021 exauditus
1455 1973 1559 2033 est,
1609 1967 1810 2020 eodem
1845 1968 2014 2022 modo

318 2056 881 2123 immittetAngelum,
916 2060 1020 2109 etc.
1055 2058 1249 2126 (AUG.)
1282 2057 1546 2110 Immittet
1585 2057 1880 2125 Angelum.
1905 2056 2016 2110 Alii

317 2140 660 2211 interpretes
686 2142 764 2196 sic
797 2142 1246 2197 transtulerunt:
1280 2143 1596 2200 Circumdat
1625 2143 1865 2210 Angelus
1912 2145 2020 2198 Do-

317 2231 454 2284 mini
507 2244 642 2298 gyro
701 2233 942 2285 timentes
997 2247 1143 2286 eum.
1243 2230 1495 2301 Angelus
1553 2230 1624 2284 de
1688 2231 1849 2298 caelo,
1927 2231 2016 2285 vel

318 2317 517 2383 homo,
549 2317 649 2388 qui
678 2322 762 2372 est
802 2318 1061 2372 minister
1107 2318 1417 2372 voluntatis
1472 2317 1589 2372 Dei.
1653 2319 1900 2373 Mendosi
1927 2335 2017 2373 co-

318 2404 470 2460 dices
501 2405 731 2460 habent.
763 2407 1026 2461 Immittet
1052 2407 1317 2473 Angelum
1350 2409 1625 2460 Dominus.

390 2494 551 2547 Vnus.
599 2496 648 2548 9.
706 2524 776 2533 -—
817 2495 1041 2550 Gustata
1092 2499 1141 2549 et
1181 2494 1374 2549 videte.
1444 2493 1543 2548 Hic
1575 2499 1771 2565 aperte
1818 2495 1888 2550 de
1919 2513 2014 2550 sa-

318 2586 610 2636 cramento
640 2581 798 2652 quod
835 2583 1058 2638 ferebat
1088 2583 1370 2636 manibus.
1407 2583 1634 2638 Gustate
1679 2600 1909 2637 carnem
1960 2589 2015 2639 et

321 2670 664 2741 sanguinem
714 2670 948 2727 Christi.
1016 2671 1211 2726 Suavis
1272 2675 1352 2725 est
1432 2671 1712 2726 Dominus.
1767 2672 1900 2739 (10.)
1951 2673 2014 2726 Et

319 2759 539 2814 dulcis:
573 2759 709 2831 quia
739 2765 826 2813 est
872 2759 988 2814 vita
1039 2759 1312 2827 sumenti,
1370 2760 1588 2830 pellens
1635 2777 1832 2814 omnes
1883 2777 2012 2815 mo-

319 2847 510 2902 lestias
548 2847 606 2901 in
630 2847 845 2914 futuro,
876 2847 933 2902 id
961 2853 1080 2902 est:
1113 2848 1346 2918 Sperate
1377 2864 1480 2919 per
1508 2848 1616 2903 hoc
1645 2849 1816 2903 vitam
1840 2855 2010 2904 teter-

2129 460 2288 527 vitat,
2322 466 2453 526 etc.,
2480 475 2649 529 usque
2698 460 2772 514 ad
2797 459 2963 513 aliter
2988 459 3044 512 in
3075 459 3270 513 futuro
3303 476 3418 514 non
3440 462 3720 531 capietur.

2200 551 2360 604 Vsus.
2401 552 2481 604 16.
2515 578 2583 588 -
2623 549 2777 605 Oculi
2809 551 3040 616 Domini,
3102 555 3207 602 etc.
3245 548 3372 616 (10.)
3451 549 3531 602 De
3577 550 3836 603 retribu-

2127 637 2380 694 tionibus
2409 637 2694 692 bonorum
2727 642 2778 690 et
2814 638 3116 703 malorum,
3155 653 3226 691 ne
3256 637 3316 690 in
3346 637 3617 708 periculis
3639 638 3836 709 justus

2128 728 2319 799 aliqua
2357 727 2646 782 dubietate
2672 727 2979 780 mollescat.

2201 815 2354 870 Oculi
2384 816 2625 868 Domini.
2661 815 2772 868 Nec
2805 829 2872 867 ex
2903 813 3238 868 inﬁrmitate
3265 817 3364 867 tua
3409 813 3659 879 difﬁdas,
3693 814 3832 884 quia

2135 905 2295 957 oculi.

2196 993 2258 1046 1n
2288 1005 2488 1060 preces.
2546 990 2675 1061 (10.)
2727 990 2997 1045 Celeritas
3052 990 3342 1055 audiendi,
3401 1007 3530 1045 cum
3582 990 3643 1044 in
3691 989 3830 1060 ipsis

2127 1080 2355 1134 auditor
2386 1079 2624 1134 habitat.

2196 1170 2355 1224 Vens.
2396 1173 2478 1223 17.
2504 1169 2928 1224 —Memoriam.
2963 1168 3160 1237 (Αυα.)
3205 1169 3274 1222 Ut
3295 1184 3397 1223 nec
3426 1167 3662 1234 mentio,
3696 1175 3829 1233 etc.,

2125 1271 2294 1326 usque
2347 1255 2421 1310 ad
2450 1272 2581 1326 quae
2612 1256 2986 1312 admiserunt.

2201 1345 2384 1398 .Vsas.
2427 1348 2513 1398 19.
2546 1375 2617 1384 -
2673 1347 2845 1399 Juxta
2874 1349 2952 1399 est
2984 1345 3266 1399 Dominus.
3320 1343 3642 1399 Liberavit:
3694 1359 3832 1397 nam

2125 1456 2345 1510 pronus
2373 1447 2459 1494 est
2489 1440 2560 1494 ad
2591 1441 2719 1507 hoc,
2762 1440 2897 1511 quia
2911 1441 3081 1509 jumta
3102 1446 3216 1508 est;
3260 1442 3367 1507 vel,
3397 1444 3484 1495 est
3511 1441 3723 1495 allusio
3760 1441 3835 1494 ad

2127 1530 2457 1584 clamorem.

2200 1617 2357 1669 Vens.
2401 1618 2488 1670 20.
2547 1646 2614 1655 —
2667 1617 2851 1670 Multa:
2901 1616 3277 1670 tribulationes
3311 1617 3607 1685 justorum.
3665 1616 3835 1677 Sicut

2127 1709 2185 1759 et
2211 1706 2272 1758 in
2296 1707 2452 1759 Novo
2483 1706 2862 1767 Testamento,
2886 1704 3061 1774 jumta
3105 1710 3200 1772 est,
3254 1711 3304 1758 et
3351 1706 3612 1771 salvabit,
3675 1706 3833 1776 quod

2125 1810 2357 1848 necesse
2379 1799 2481 1856 est,
2515 1793 2650 1864 quia
2684 1795 2866 1848 multae
2897 1793 3293 1848 tribulationes.
3340 1793 3549 1864 (0355.)
3603 1797 3829 1860 Multae;

2126 1899 2158 1936 a
2188 1882 2439 1948 diabolo,
2470 1882 2539 1936 ab
2570 1881 2774 1936 invidis
2807 1882 3156 1947 hominibus,
3189 1886 3246 1937 et
3292 1899 3323 1935 a
3381 1899 3458 1936 se.
3521 1883 3830 1938 Liberabit.

2126 1970 2322 2042 (AUG.)
2357 1971 2481 2025 Non
2531 1970 2930 2041 corporaliter,
2970 1971 3069 2024 sed
3117 1971 3303 2025 dando
3337 1971 3419 2024 eis
3452 1973 3829 2043 patientiam:

2123 2060 2234 2123 vel,
2269 2059 2536 2113 liberabit
2564 2058 2962 2128 spiritualiter.

2196 2149 2357 2202 Vens.
2389 2150 2478 2201 2L
2510 2177 2580 2186 —-
2618 2147 2772 2202 Ossa.
2810 2147 2929 2211 (l0)
2976 2146 3244 2201 Virtutes.
3282 2149 3353 2202 Et
3439 2163 3629 2214 unum,
3692 2155 3826 2216 etc.,

2127 2240 2188 2291 ut
2209 2251 2313 2290 nec
2342 2233 2618 2306 patientia
2643 2239 2858 2304 pereat.

2199 2325 2358 2378 Vens.
2411 2326 2500 2377 22.
2534 2353 2600 2364 -—
2633 2325 2892 2378 Pessima.
2937 2322 3070 2394 (10.)
3106 2323 3228 2377 Non
3277 2323 3451 2378 modo
3497 2325 3673 2388 mala,
3725 2325 3830 2379 etsi

2123 2412 2182 2466 in
2214 2412 2449 2478 divitiis,
2516 2416 2571 2466 et
2627 2410 2920 2477 odoribus,
2986 2417 3044 2464 et
3099 2411 3361 2464 lamentis
3408 2412 3712 2466 hominum
3766 2413 3832 2467 ﬁ-

2124 2501 2332 2569 niatur,
2367 2506 2562 2555 tamen
2595 2499 2842 2572 pessima
2863 2503 2968 2568 est,
3010 2499 3149 2570 quia
3198 2498 3260 2552 in
3316 2501 3558 2571 peccatis
3611 2501 3683 2555 ad
3741 2501 3831 2554 in-

2123 2591 2348 2646 fernum
2372 2589 2568 2644 trahit.

2195 2680 2302 2746 Qui
2325 2677 2571 2733 oderunt.
2623 2678 2878 2742 Quorum
2901 2679 2930 2730 ?
2960 2677 3082 2731 Non
3125 2676 3418 2746 omnium,
3442 2678 3578 2748 quia
3623 2694 3832 2748 pecca-

2123 2771 2305 2833 tores;
2336 2766 2435 2821 sed
2466 2783 2666 2820 eorum
2697 2766 2798 2837 qui
2827 2766 3074 2820 oderunt
3099 2767 3340 2836 justum,
3399 2768 3498 2837 qui
3518 2767 3829 2835 justiticat,

2121 2855 2181 2909 id
2211 2860 2316 2921 est,
2357 2855 2669 2922 Christum,
2730 2871 2833 2925 per
2879 2869 3050 2924 quem
3110 2855 3209 2924 qui
3261 2870 3376 2909 non
3419 2856 3834 2909 reconciliatur

322 2953 476 2990 nam.
513 2936 720 3008 (Cass)
754 2937 818 2990 Et
843 2935 979 3007 quia
1020 2937 1167 2991 Deus
1211 2942 1296 2990 est
1354 2937 1488 3006 vita,
1538 2953 1668 2992 caro
1701 2954 1876 3008 quam
1907 2938 2015 2994 sibi
2044 2943 2086 3000 C
2122 2943 2308 3015 perit:
2343 2944 2441 2997 sed
2470 2943 2696 2998 redimet
2725 2944 2956 3010 animas,
2981 2942 3296 2997 secundum
3345 2958 3485 3013 quas
3527 2948 3612 2996 est
3667 2959 3831 2997 mors

320 3025 509 3082 univit
537 3031 624 3080 est
651 3024 1008 3080 viviﬁcatrix.

395 3115 552 3170 Vens.
609 3115 692 3168 10.
737 3144 807 3154 ——
855 3115 1044 3171 Omnes
1096 3115 1273 3169 sancti
1337 3115 1470 3183 ejus.
1536 3114 1739 3186 (Cass)
1794 3116 2014 3183 Nullus,

321 3203 454 3258 licet
492 3203 641 3257 bene
696 3201 956 3265 meritus,
1014 3202 1086 3256 ab
1151 3203 1259 3256 hoc
1313 3203 1564 3271 desistet,
1623 3220 1740 3258 non
1805 3205 2014 3258 securi-

323 3297 502 3346 tatem
529 3295 861 3360 przesumat.
919 3291 1205 3355 Quoniam.
1243 3290 1442 3359 (AUG.)
1499 3292 1765 3345 Pascebat
1819 3293 2017 3347 Domi-

324 3394 434 3433 nus
464 3383 926 3432 contemnentem
972 3394 1052 3445 se,
1087 3385 1144 3432 et
1173 3379 1396 3432 deseret
1421 3378 1739 3434 timentem.
1778 3382 2020 3436 Promit-

326 3467 396 3521 tit
421 3470 615 3520 autem
646 3481 763 3519 non
793 3467 1106 3535 superflua,
1136 3466 1231 3520 sed
1285 3467 1622 3521 necessaria.
1666 3471 1785 3524 Non
1827 3475 1905 3525 est
1932 3474 2020 3524 in-

327 3555 473 3623 opia.
505 3552 647 3617 Quia
677 3554 852 3609 etiam
877 3553 935 3607 in
966 3554 1234 3626 praisenti
1263 3555 1473 3609 habent
1511 3562 1791 3628 quantum
1846 3559 2023 3630 exigit

326 3647 551 3698 natura.

399 3731 560 3785 Vens.
624 3733 708 3785 11.
741 3759 810 3771 -
839 3733 1043 3786 Divites
1072 3738 1334 3800 eguerunt
1363 3737 1413 3788 et
1443 3736 1769 3790 esui-ierunt.
1803 3736 2019 3809 (Cass)

328 3819 472 3884 Quia
499 3819 672 3875 ﬁdem
729 3836 846 3874 non
911 3821 1141 3876 habent.
1198 3825 1540 3891 Esurierunt,
1591 3823 1726 3894 quia
1782 3842 2020 3897 corpore

329 3908 558 3963 Domini
589 3924 703 3963 non
733 3908 1035 3963 satiantur.
1069 3909 1213 3974 Quid
1243 3911 1398 3964 enim
1422 3910 1652 3978 habent,
1708 3914 1808 3984 qui
1839 3915 2019 3969 Deum

328 4013 445 4050 non
490 3997 746 4053 habent?
778 3997 897 4064 Vel,
947 3999 1141 4053 divites
1181 4006 1461 4068 eguerunt,
1493 4000 1551 4055 id
1607 4005 1710 4067 est,
1743 4003 2022 4058 carebunt

327 4102 552 4141 summo
582 4087 752 4154 bono,
784 4088 913 4142 licet
954 4089 1226 4154 esuriant,
1259 4088 1314 4142 id
1372 4093 1476 4158 est,
1531 4089 1874 4145 desiderent.
1908 4091 2018 4147 Sed

329 4178 446 4229 toto
472 4175 662 4230 studio
711 4183 1033 4246 quaerentes
1093 4176 1217 4230 sine
1264 4176 1669 4233 imminutione
1724 4180 2020 4236 habebunt

330 4263 566 4330 bonum,
599 4264 751 4335 quod
777 4271 862 4318 est
893 4281 1063 4319 omne
1084 4265 1323 4320 bonum.

403 4353 561 4407 Vsus.
598 4355 680 4407 l‘Z.
714 4384 782 4392 —
819 4355 1022 4420 Venite,
1079 4353 1208 4425 ﬁlii,
1256 4354 1440 4409 audite
1482 4371 1584 4411 me.
1640 4356 2014 4427 Diapsalmus.

327 4439 597 4494 Tractatis
619 4441 879 4496 Ecclesiae
908 4442 1296 4509 sacramentis,
1321 4442 1592 4498 admonet
1611 4460 1708 4499 eos
1738 4445 1839 4516 qui
1863 4450 2022 4501 extra

328 4533 479 4594 sunt,
512 4529 609 4600 qui
641 4530 826 4600 prima
859 4531 1182 4585 rudimenta
1214 4531 1349 4586 ﬁdei
1377 4531 1632 4602 capiunt,
1689 4549 1760 4588 ne
1805 4550 2021 4588 nomen

329 4617 551 4671 timoris
579 4618 916 4673 horreatur:
951 4620 1143 4674 addit:
1173 4620 1372 4676 Docebo
1403 4636 1516 4687 vos,
1557 4621 1706 4676 ﬁlios
1753 4622 2018 4678 timorem

333 4706 578 4772 Domini,
619 4711 685 4762 ut
713 4723 833 4760 rem
870 4708 1086 4762 utilem.

401 4795 607 4866 (Cass)
637 4798 762 4852 Jam
793 4800 850 4851 et
875 4796 1214 4868 incipientes
1245 4801 1442 4851 monet
1495 4813 1529 4852 a
1583 4798 1792 4870 quibus
1847 4798 2021 4855 absti-

329 4889 526 4939 neant.

400 4974 560 5028 Vens.
597 4976 681 5029 13.
713 5004 782 5014 -
813 4977 937 5030 Dies
963 4975 1147 5030 videre
1173 4975 1354 5031 bonos.
1395 4975 1537 5040 Quia
1586 4992 1782 5032 omnes
1839 4978 2022 5033 faten-

326 5066 423 5117 tur
449 5079 508 5116 se
539 5063 701 5118 velle.

402 5153 558 5206 Vens.
645 5153 728 5208 14.
779 5182 848 5192 -—
901 5153 1146 5208 Prohibe.
1235 5152 1365 5223 (10.)
1424 5153 1565 5208 Nota
1635 5154 1790 5225 quod
1863 5155 2025 5227 prius

329 5239 583 5294 cohiberi
608 5241 866 5311 linguam
912 5241 1066 5309 dicit,
1131 5242 1425 5313 quoniam,
1482 5259 1612 5296 cum
1655 5243 1818 5315 loqui
1861 5244 2024 5298 volu-

331 5343 479 5406 mus,
514 5335 646 5384 ante
679 5346 1126 5406 “commovemus
1156 5331 1323 5396 labia,
1365 5347 1495 5402 quae
1535 5348 1664 5386 mox
1705 5337 2026 5402 sequuntur

333 5403 544 5486 lingua:
574 5403 780 5472 motus.
823 5419 1047 5473 Prohibe
1095 5419 1194 5491 qui
1226 5420 1398 5475 vitam
1464 5419 1647 5493 cupis.
1704 5421 1842 5474 Ecce
1873 5437 2026 5493 quo-

336 5506 504 5561 modo
525 5505 770 5561 debeant
797 5507 1024 5562 timere.

2125 3033 2392 3103 pessima.

2693 3101 3006 3158 PSALMUS
3036 3102 3255 3156 XXXIV.

2199 3211 2356 3266 Vens.
2394 3213 2442 3266 1.
2478 3239 2547 3248 -
2573 3208 2802 3275 Judica,
2837 3211 3073 3263 Domine.
3111 3209 3316 3274 (Cass)
3340 3208 3540 3280 Incipit
3591 3209 3664 3264 ab
3693 3225 3828 3264 ora-

2127 3299 2283 3354 tione
2301 3315 2405 3370 pro
2418 3303 2657 3369 utraque
2682 3303 2844 3369 parte
2857 3313 3085 3368 pugnae,
3113 3313 3242 3351 cum
3274 3300 3830 3353 commemoratione

2127 3388 2559 3459 culpae,eterat
2602 3385 2914 3456 unicuique
2973 3387 3128 3456 quod
3185 3390 3456 3453 meretur,
3516 3387 3833 3442 ostendens

2127 3479 2341 3548 quanta
2366 3473 2498 3529 tulit
2535 3474 2604 3527 ab
2655 3473 3011 3539 adversariis,
3070 3479 3128 3528 et
3176 3491 3372 3545 pmnas
3402 3491 3531 3546 quae
3590 3477 3672 3530 eis
3719 3494 3832 3548 pro

2126 3562 2432 3634 iniquitate
2459 3561 2859 3615 restituuntur.

2199 3653 2356 3705 Vens.
2388 3653 2441 3704 2.
2478 3679 2546 3688 —
2573 3651 2752 3703 Arma
2781 3655 2832 3703 et
2859 3654 3070 3704 scutum
3121 3650 3338 3719 (His-Ii.)
3391 3651 3578 3706 Armis
3629 3652 3830 3707 hostes

2127 3739 2391 3811 percutit,
2415 3743 2573 3792 scuto
2603 3754 2708 3792 nos
2747 3739 3016 3808 protegit.
3047 3738 3284 3793 Scotum
3306 3740 3443 3794 alibi
3473 3741 3642 3795 dicit:
3678 3743 3835 3796 bona:

2125 3829 2644 3893 voluntatis;arma
2693 3841 2796 3878 nos
2827 3841 3045 3894 sumus,
3077 3826 3212 3896 quia
3232 3834 3296 3881 ut
3339 3844 3443 3882 nos
3483 3829 3552 3882 ab
3612 3846 3700 3894 eo,
3749 3831 3832 3886 ita

2127 3919 2250 3990 ipse
2279 3921 2534 3970 armatur
2566 3916 2634 3970 de
2685 3915 2870 3969 nobis.
2929 3916 3126 3985 (Αυθ.)
3170 3915 3287 3982 Vel,
3339 3917 3531 3971 anima
3589 3919 3826 3985 Christi,

2129 4023 2254 4080 quia
2294 4006 2480 4059 hostes
2515 4003 2839 4073 debellavit,
2866 4020 2995 4073 qua:
3023 4003 3165 4058 nihil
3199 4005 3316 4075 agit
3362 4005 3473 4060 nisi
3520 4008 3666 4061 Deus
3712 4024 3827 4079 pu-

2128 4101 2266 4168 gnet
2295 4095 2364 4148 de
2387 4109 2471 4147 ea.

2197 4185 2372 4238 Arma
2399 4179 2759 4250 apprehende.
2794 4180 2897 4234 Fac
2928 4195 3019 4233 me
3048 4180 3257 4235 habere
3275 4197 3453 4249 arma,
3475 4183 3824 4253 doctrinam,

2129 4271 2423 4327 miracula.
2457 4271 2696 4326 Scutum.
2733 4269 3140 4324 Constantiam.

2201 4365 2463 4426 Exsurge.
2497 4359 2603 4412 Fac
2629 4357 2712 4411 uti
2744 4357 3004 4428 acceptis.

2201 4451 2365 4502 Vens.
2417 4451 2473 4503 3.
2511 4445 2860 4514 —-E)Tunde.
2919 4446 3023 4512 Me,
3081 4445 3182 4517 qui
3220 4447 3388 4502 modo
3427 4465 3553 4503 sum
3604 4451 3665 4505 in
3721 4453 3828 4507 ob-

2130 4535 2586 4603 scuro,clariﬁca
2616 4534 2697 4588 ita
2725 4533 3039 4601 evidenter,
3093 4539 3157 4588 ut
3211 4537 3519 4591 concludas
3575 4544 3635 4593 et
3685 4557 3829 4594 con-

2131 4627 2343 4691 vincas,
2368 4641 2439 4679 ne
2470 4623 2718 4679 habeant
2743 4622 2878 4693 quid
2931 4623 3241 4678 oblatrent:
3303 4630 3359 4678 et
3405 4626 3560 4680 dicas
3613 4628 3830 4681 animae.

2131 4717 2228 4785 ita,
2261 4719 2326 4769 ut
2355 4729 2554 4768 omnes
2573 4711 2755 4765 sciant
2780 4711 2935 4782 quod
2963 4712 3114 4765 salus
3143 4713 3192 4766 ei
3220 4730 3232 4780 ;
3267 4718 3464 4768 contra
3506 4716 3637 4781 hoc,
3671 4717 3829 4786 quod

2131 4803 2399 4858 illi:Non
2427 4804 2505 4853 est
2531 4799 2679 4853 salus
2707 4799 2818 4866 ipsi
2857 4799 2913 4850 in
2956 4801 3066 4854 Deo
3112 4799 3231 4868 ejus
3292 4802 3455 4870 (Psal.
3521 4803 3632 4870 1",)
3689 4804 3828 4857 pra-

2129 4906 2322 4946 meam.
2366 4889 2566 4958 (AUG.)
2590 4887 2826 4940 Framea
2853 4889 2937 4939 est
2962 4885 3154 4940 anima
3177 4888 3341 4957 justi.
3382 4889 3830 4944 Abundantibns

2125 4979 2313 5050 justis,
2348 4978 2564 5032 framea
2590 4973 2921 5039 effunditur,
2955 4974 3092 5028 dum
3143 4983 3260 5030 vita
3320 4984 3579 5032 coruscat
3609 4996 3623 5032 :
3671 4980 3830 5034 unde

2133 5065 2490 5122 concluditur
2518 5061 2695 5118 hostis
2724 5077 2838 5115 non
2867 5061 3085 5116 habens
3109 5064 3178 5118 de
3225 5066 3392 5120 nobis
3440 5067 3587 5121 male
3645 5068 3827 5140 loqui.

2135 5156 2269 5228 (10.)
2301 5151 2605 5224 Prophetia
2650 5154 2735 5204 est
2788 5165 2903 5204 non
2951 5154 3188 5222 Optatio,
3234 5155 3322 5208 vel
3375 5155 3480 5210 hoc
3537 5157 3606 5211 de
3693 5174 3828 5212 con—

2135 5243 2441 5298 vertendis.
2614 5245 2618 5254 ί

2206 5334 2367 5387 Vens.
2398 5335 2449 5386 5.
2481 5359 2546 5373 —
2573 5331 2755 5384 Fiant.
2785 5328 2915 5398 ([0.)
2978 5331 3326 5404 PrOpbetia:
3382 5333 3469 5388 vel
3526 5350 3594 5388 eo
3634 5337 3826 5399 modo,

2135 5437 2250 5493 quo
2291 5423 2440 5476 Deus
2493 5420 2644 5486 facit,
2697 5416 2855 5487 justo
2897 5419 3136 5490 judicio,
3187 5438 3303 5476 non
3359 5438 3555 5476 amaro
3609 5424 3827 5477 animo.

2141 5513 2422 5580 Tanquam
2477 5512 2662 5582 pulvis
2717 5520 2844 5571 ante
2887 5513 3087 5578 faciem
3131 5514 3296 5567 venti.
3348 5511 3560 5579 (Cass)
3617 5516 3666 5566 Α
3716 5513 3825 5566 Deo
