4082 6184
173 271 276 323 893

170 480 359 551 gratia
388 495 507 533 non
540 480 855 533 humectat.

244 570 408 623 Vsus.
442 570 494 623 8.
521 599 586 608 —
625 570 815 622 Veniat
844 570 929 622 illi
956 570 1181 638 laqueus
1206 585 1361 638 quem
1386 572 1621 637 ignorat.
1650 571 1872 640 (Cass)

170 657 269 710 Vel
302 658 361 710 in
392 656 567 722 bono,
595 658 818 725 laqueus
844 657 1116 721 veritatis,
1143 674 1314 728 quam
1334 663 1594 727 peccator
1618 657 1867 725 ignorat.

171 749 238 801 Et
262 748 445 815 captio
481 761 645 814 quam
691 746 993 800 abscondit.
1045 746 1103 799 Id
1160 751 1262 811 est,
1322 746 1651 800 abscondita
1696 762 1868 811 mors,

169 834 386 888 scilicet
441 833 671 889 Christi.
720 835 1109 904 Apprehendat
1164 851 1269 889 eos.
1348 836 1425 889 Ne
1482 835 1696 889 scilicet
1754 834 1872 888 suis

169 922 481 976 sceleribus
512 922 934 992 relinquantur.
972 924 1039 976 Et
1060 925 1117 976 in
1148 923 1397 992 laqueum
1429 922 1609 978 cadat.
1648 924 1867 976 Bonum

169 1028 285 1083 quo
314 1028 347 1063 a
377 1011 542 1064 malis
572 1011 967 1064 cohibeantur.
1008 1013 1079 1065 In
1110 1014 1305 1081 ipsum.
1362 1012 1422 1065 Id
1476 1017 1579 1078 est,
1642 1029 1705 1065 ex
1748 1014 1871 1082 ipsa

170 1105 373 1153 morte.
408 1101 477 1153 In
517 1102 715 1168 ipsum.
761 1101 949 1168 (AUO.)
979 1100 1101 1153 Non
1151 1099 1210 1153 in
1264 1099 1460 1166 alium,
1497 1101 1588 1153 sed
1622 1100 1681 1153 in
1712 1116 1868 1169 eum,

168 1204 345 1258 quem
369 1187 751 1241 tetenderunt.
788 1187 965 1241 Nemo
996 1187 1149 1242 enim
1181 1188 1388 1254 malus,
1422 1188 1520 1259 qui
1553 1205 1666 1242 non
1706 1189 1869 1259 prius

171 1276 278 1330 sibi
310 1281 531 1330 noceat.

242 1384 404 1437 Vens.
439 1386 489 1436 9.
524 1412 591 1421 —
650 1384 857 1436 Anima
914 1388 1092 1437 autem
1149 1399 1267 1437 mea
1315 1384 1629 1438 exsultabit.
1684 1384 1865 1455 (CAS.)

169 1472 476 1528 Praemissa
506 1488 604 1542 spe
635 1471 772 1525 boni
795 1476 851 1525 et
879 1472 1114 1542 gaudio,
1144 1478 1375 1526 enarrat
1406 1488 1579 1543 quam
1616 1474 1867 1543 maligne

167 1576 306 1631 erga
330 1560 648 1631 benignum
697 1565 845 1631 agat.
898 1564 960 1615 In
992 1563 1232 1615 Domino.
1295 1560 1481 1630 (Αυθ.)
1542 1561 1664 1626 Quo
1724 1562 1867 1616 nihil

168 1645 434 1702 suavius:
467 1664 573 1701 nec
636 1648 860 1714 defecit,
907 1648 1007 1718 qui
1037 1648 1233 1702 omnia
1262 1649 1428 1703 fecit:
1489 1649 1678 1720 ipsum
1730 1666 1867 1721 ergo

168 1741 320 1809 pete,
357 1741 413 1791 et
456 1737 515 1791 in
548 1736 647 1791 illo
679 1737 913 1791 habebis
943 1737 1156 1792 omnia.

244 1843 404 1896 Vens.
468 1845 550 1897 10.
609 1873 673 1881 —
726 1843 920 1898 Omnia
979 1859 1102 1898 ossa
1163 1859 1279 1898 mea
1350 1845 1542 1919 dicent.
1606 1844 1870 1899 Carnalcs

171 1946 289 1985 non
335 1931 547 1985 habent
574 1931 808 1984 verbum
861 1931 1042 1986 laudis
1074 1936 1129 1986 et
1161 1932 1555 2000 confessionis,
1610 1933 1745 2004 quia
1774 1934 1867 1986 in-

170 2019 342 2073 ﬁrma
368 2020 521 2089 apud
554 2026 609 2074 te
646 2020 876 2090 penitus
907 2020 1076 2075 silent
1102 2038 1115 2087 ;
1141 2022 1237 2076 sed
1286 2022 1474 2089 fortia,
1507 2027 1563 2076 te
1596 2038 1869 2092 magnum

170 2108 411 2162 laudant
456 2113 511 2162 et
553 2114 824 2162 tremunt.
860 2108 991 2179 (10.)
1050 2111 1245 2165 Omnia
1297 2126 1434 2165 ossa.
1472 2111 1670 2165 Omnis
1700 2111 1869 2165 forti-

170 2197 312 2250 tudo
347 2196 577 2261 mentis,
614 2197 749 2267 quia
780 2196 889 2250 hoc
920 2197 1068 2251 alius
1098 2198 1286 2251 dicere
1337 2199 1555 2270 nequit,
1613 2200 1866 2255 scilicet:

171 2302 203 2337 ο
247 2284 511 2351 Domine,
546 2286 873 2355 quis?etc.,
907 2286 1067 2357 quasi
1100 2287 1311 2354 nullus,
1358 2288 1494 2359 quia
1540 2289 1661 2359 ipse
1696 2280 1873 2343 'solus

169 2374 383 2444 eripuit
412 2390 426 2427 :
463 2375 677 2443 Inopem
724 2374 791 2428 de
810 2390 1005 2431 manu.
1039 2376 1247 2443 (Cass,
1272 2376 1442 2446 AUC.)
1464 2379 1650 2431 Genus
1666 2378 1868 2432 huma-

170 2478 312 2515 num
344 2464 522 2531 inops,
583 2462 717 2532 quia
757 2464 1037 2530 mortale;
1104 2480 1345 2534 egenum,
1377 2466 1513 2536 quia
1571 2467 1629 2520 in
1662 2466 1871 2521 sudore

172 2550 381 2620 quierit
407 2566 648 2622 panem;
688 2568 923 2622 pauper,
984 2553 1139 2623 quia,
1174 2553 1243 2607 de
1286 2570 1430 2624 pura
1462 2555 1743 2624 sapientia
1772 2556 1873 2610 de-

168 2637 374 2707 jectus,
408 2645 638 2693 tenuem
674 2646 727 2693 et
754 2642 1119 2696 umbratilem
1154 2642 1324 2696 habet
1354 2644 1655 2698 rationem.

251 2728 409 2782 Vens.
464 2732 545 2782 ll.
589 2759 654 2767 —
687 2730 973 2796 Surgentes
1029 2735 1185 2785 testes
1225 2732 1431 2800 iniqui.
1466 2732 1664 2804 (Cass)
1701 2734 1871 2788 Dictis

180 2816 596 2869 calamitatibus
646 2818 915 2884 hominis,
972 2835 1042 2873 ne
1089 2819 1209 2891 ipse
1256 2820 1513 2875 Christus
1543 2821 1762 2875 alienus
1802 2824 1872 2878 ab

182 2904 264 2957 eis
292 2904 567 2971 videatur,
602 2906 928 2976 passiOnem
962 2924 1123 2962 suam
1163 2908 1415 2979 exponit.
1475 2909 1599 2974 Quae
1658 2913 1873 2976 ignora-

185 2994 323 3047 bam.
362 2994 550 3065 (Αυο.)
610 2997 840 3050 Peccata
896 3000 1047 3063 sunt,
1109 3002 1239 3064 etc.,
1292 3012 1462 3066 usque
1516 2998 1590 3051 ad
1632 2999 1725 3053 sed
1759 3016 1873 3053 non

177 3082 605 3138 committenda.

242 3191 407 3244 Vens.
474 3194 555 3244 l2.
597 3220 666 3232 —
701 3192 1103 3247 Retribuebant.
1152 3192 1282 3264 (10.)
1344 3193 1485 3248 Cum
1553 3211 1658 3264 ego
1718 3198 1873 3249 attu-

172 3278 369 3333 tissem
404 3279 831 3346 fecunditatem,
877 3280 987 3351 ipsi
1032 3281 1421 3336 retribuebant
1476 3284 1870 3338 sterilitatem:

172 3383 281 3438 ego
315 3368 514 3435 vitam,
570 3368 678 3437 ipsi
721 3374 961 3422 mortem
996 3370 1382 3425 retribuerunt
1418 3390 1433 3438 ;
1465 3388 1571 3442 ego
1603 3372 1868 3441 honores,

171 3454 282 3525 ipsi
313 3457 731 3522 contumelias;
768 3473 874 3527 ego
904 3458 1269 3526 medicinam,
1312 3460 1423 3530 ipsi
1468 3462 1719 3516 vulnera.
1755 3462 1871 3517 Ste-

170 3546 453 3598 rilitatem.
509 3546 572 3599 1n
598 3545 703 3599 ficu
753 3547 1049 3601 maledixit
1096 3549 1389 3615 Dominus,
1425 3551 1523 3605 ubi
1553 3567 1681 3604 cum
1714 3567 1869 3622 quae-

172 3637 323 3685 reret
351 3633 600 3687 fructum
634 3651 748 3688 non
781 3636 1019 3703 invenit,
1054 3636 1149 3689 sed
1183 3636 1355 3691 folia:
1393 3638 1549 3692 sicin
1570 3639 1874 3709 Synagoga

172 3721 347 3774 verba
373 3738 490 3776 non
530 3722 709 3789 facta;
741 3724 892 3779 unde
926 3742 938 3779 :
967 3726 1075 3791 Qui
1097 3725 1369 3794 pradicas
1414 3743 1519 3781 non
1546 3728 1868 3796 furandum,

163 3810 383 3875 furaris
394 3850 405 3861 .

243 3917 412 3970 Vens.
450 3919 532 3972 13.
566 3947 632 3957 —
666 3919 871 3974 Cilicio.
924 3918 1054 3990 (10.)
1104 3919 1269 3989 Caro,
1310 3918 1579 3985 cilicium,
1638 3924 1874 3991 propter

166 4004 614 4059 similitudinem
673 4007 857 4059 carnis
888 4008 1124 4077 peccati.
1160 4009 1347 4065 Oratio
1376 4025 1510 4063 mea.
1568 4008 1768 4079 (Cass)
1804 4011 1873 4064 Ut

168 4093 323 4147 dixit
347 4110 359 4147 :
384 4095 501 4149 Pam
530 4100 707 4149 vestra
734 4098 807 4149 ad
837 4112 929 4151 vos
952 4103 1249 4154 revertetur
1270 4099 1484 4166 (Matth.
1518 4098 1572 4169 x)
1605 4115 1619 4165 ;
1651 4099 1727 4152 ita
1748 4099 1872 4169 ejus

166 4181 381 4247 oratio,
415 4182 622 4235 .ludzeis
671 4199 783 4237 non
823 4190 1071 4255 accepta,
1126 4187 1197 4239 ad
1226 4200 1359 4238 eum
1419 4186 1608 4239 rediit.
1642 4189 1705 4240 In
1746 4190 1871 4241 sinu

166 4286 306 4325 meo.
344 4272 529 4340 (Αυα.)
554 4270 721 4325 Sinus
778 4279 862 4326 est
896 4280 1199 4340 secretum,
1227 4272 1288 4326 in
1342 4289 1455 4343 quo
1511 4290 1673 4327 orare
1700 4275 1868 4344 jube-

168 4375 334 4414 mur.
372 4359 662 4413 Secretum
705 4376 837 4413 vero
868 4361 1098 4425 Christi,
1134 4360 1421 4429 divinitas,
1452 4362 1521 4416 ad
1552 4378 1727 4433 quam
1749 4367 1874 4418 orat

163 4448 523 4515 humanitas,

236 4553 405 4607 Vens.
446 4553 529 4607 14.
553 4583 621 4593 -—-
650 4554 825 4619 Quasi
848 4557 1159 4625 proximum
1187 4559 1237 4608 et
1268 4558 1430 4625 quasi
1476 4559 1733 4625 fratrem,
1761 4563 1867 4612 etc.

162 4642 346 4695 Casus
377 4657 479 4712 pro
509 4658 662 4696 casu.
719 4643 888 4707 Quasi
923 4660 936 4698 :
974 4644 1042 4697 de
1075 4644 1335 4714 proximo
1363 4650 1419 4698 et
1446 4645 1618 4699 fratre
1653 4652 1867 4713 nostro,

160 4730 247 4785 ita
277 4729 425 4785 mihi
454 4732 899 4801 complacebam,
958 4732 1016 4786 id
1061 4737 1165 4800 est,
1224 4732 1295 4786 de
1344 4749 1543 4787 eorum
1592 4735 1869 4790 affinitate

159 4819 516 4889 gaudebam,
548 4820 647 4890 qui
703 4836 790 4873 me
847 4820 1321 4891 insequebantur.
1387 4822 1519 4875 Ecce
1554 4822 1736 4891 gratia
1764 4839 1868 4892 pro

159 4906 325 4971 odio,
360 4906 704 4960 beneficium
754 4925 856 4978 pro
914 4907 1164 4962 laesione.
1210 4908 1407 4991 (εξυα.)
1459 4908 1629 4973 Quasi
1675 4909 1867 4977 proxi-

153 5010 335 5049 mum.
375 4996 488 5047 Hoc
536 4994 724 5049 dicere
763 4995 1031 5049 convenit
1085 4997 1498 5068 propinquanti
1553 4996 1623 5050 ad
1666 4997 1868 5064 Deum,

153 5087 219 5135 et.
250 5080 555 5152 gaudenti,
589 5082 689 5152 qui
717 5084 900 5152 placet
919 5085 1058 5153 Deo,
1089 5085 1254 5156 quasi
1283 5085 1446 5139 fratri
1478 5090 1534 5139 et
1585 5085 1866 5156 proximo.

234 5172 415 5236 Quasi
442 5171 647 5238 lugens.
688 5172 888 5243 (Cum)
921 5174 1033 5228 Alii
1062 5174 1425 5245 interpretes,
1486 5177 1647 5244 quasi
1684 5177 1870 5243 lugens

149 5264 345 5314 mater
413 5259 607 5327 ﬁlium,
668 5261 997 5314 incurvabar
1053 5278 1215 5333 super
1269 5278 1373 5318 eos.
1445 5263 1614 5330 Quasi
1662 5265 1865 5331 lugens.

152 5347 313 5400 Cum
368 5343 491 5398 haec
526 5345 720 5399 omnia
751 5346 1019 5413 facerem,
1049 5354 1237 5402 tamen
1274 5349 1547 5404 nolebant
1578 5350 1869 5417 converti;

151 5438 213 5489 et
249 5438 453 5487 tamen
476 5448 606 5487 cum
639 5434 855 5490 nollent
884 5437 1156 5503 converti,
1183 5438 1261 5491 sic
1289 5437 1658 5505 humiliabar,
1682 5438 1740 5493 id
1761 5443 1865 5506 est,

153 5522 461 5587 dolebam,
492 5520 637 5576 sicut
654 5527 818 5593 pater
846 5524 1047 5595 lugens
1078 5524 1289 5581 tilium.

1278 268 1532 323 GLOSSA
1574 268 1969 324 ORDlNARlA.
2016 299 2083 309 —
2132 270 2259 324 LIB.
2308 268 2551 323 PSALM.

170 390 454 456 dissoluti,
511 394 576 444 ut
629 406 734 445 nec
788 389 1033 445 invicem
1092 390 1435 458 cohaereant,
1489 407 1633 462 quos
1680 392 1869 447 divina
1898 395 1945 446 Α

3575 269 3679 323 894

2058 393 2214 446 Vsus.
2250 395 2335 447 15.
2371 422 2432 433 —
2468 394 2538 446 Et
2567 392 2873 460 adversum,
2906 395 3012 447 etc.
3057 392 3197 448 Cum
3230 391 3323 463 pie
3348 392 3675 462 contristor,

1978 481 2160 535 Judaai
2186 481 2362 551 impie
2395 481 2682 536 laetantur.

2053 571 2216 624 Vens.
2253 573 2336 624 16.
2379 598 2447 610 —
2472 570 2745 638 Dissipati
2773 573 2918 623 sunt.
2971 569 3177 638 (CASS.)
3213 568 3501 637 Dissoluti,
3544 569 3679 624 visis

1982 658 2271 713 miraculis
2303 659 2361 712 in
2390 658 2677 728 passione,
2721 674 2815 713 nec
2865 662 3060 712 tamen
3110 674 3230 729 prae
3278 658 3491 713 duritia
3536 674 3675 714 com-

1975 749 2186 816 puncti.

2056 836 2171 902 Vel,
2198 834 2460 904 dissipati
2509 850 2612 904 per
2644 838 2827 887 totum
2862 834 3095 887 orbem:
3144 848 3237 887 nec
3290 837 3485 887 tamen
3531 850 3673 889 com-

1974 926 2166 991 puncti
2190 927 2335 989 sunt,
2366 922 2422 975 id
2446 930 2550 987 est,
2580 922 2991 992 pmnituerunt.
3028 922 3144 989 Vel,
3170 922 3448 990 dissipati,
3482 923 3541 977 id
3568 928 3674 993 est,

1979 1010 2178 1065 divisi:
2220 1011 2318 1065 alii
2347 1012 2544 1065 dicunt
2569 1011 2722 1082 quod
2752 1012 2936 1064 bonus
2967 1015 3067 1076 est,
3102 1010 3197 1063 alii
3230 1027 3366 1063 non.

2052 1102 2414 1155 Tentaverunt
2452 1116 2550 1154 me.
2606 1099 2799 1169 (.tuo.)
2830 1102 2965 1163 Qua:
2997 1098 3166 1168 capiti
3197 1099 3257 1152 in
3296 1115 3461 1152 cruce
3504 1098 3669 1165 facta,

1976 1188 2201 1258 corpori
2283 1188 2491 1257 ubique
2560 1187 2723 1241 fiunt.
2808 1187 3205 1241 Frenduerunt.
3264 1187 3379 1240 Mos
3413 1185 3665 1251 saevitia},

1978 1275 2211 1346 quando
2245 1276 2389 1329 ratio
2419 1276 2626 1340 delicit,
2657 1275 2923 1329 dentibus
2956 1275 3214 1328 frendet:
3250 1280 3305 1329 et
3346 1274 3497 1346 quod
3526 1275 3666 1340 vult,

1978 1370 2169 1418 tacens
2186 1364 2453 1418 ostendit.
2482 1366 2545 1419 In
2568 1364 2825 1418 oratione
2853 1365 2981 1418 ﬁnit
3006 1364 3131 1419 haec
3158 1379 3171 1417 :

2048 1455 2212 1508 Vens.
2301 1456 2383 1507 17.
2444 1482 2511 1491 —
2569 1456 2808 1518 Domine,
2903 1454 3120 1521 quando
3210 1454 3480 1522 respicies.
3535 1450 3672 1520 (10.)

1975 1541 2214 1606 Quando
2244 1540 2563 1594 videbimus
2592 1540 2898 1594 vindictam
2955 1541 3024 1594 de
3054 1540 3135 1594 eis
3166 1541 3265 1612 qui
3296 1539 3459 1594 nobis
3489 1540 3670 1593 insul-

1976 1634 2117 1684 tant.
2156 1631 2378 1684 Unicam
2422 1644 2610 1683 meam.
2646 1628 2849 1699 (Cass)
2886 1628 3059 1683 Unica
3089 1634 3175 1683 est
3219 1629 3411 1683 anima
3441 1627 3670 1694 Christi,

1978 1735 2106 1790 quae
2137 1719 2257 1772 sola
2287 1718 2561 1772 immunis
2582 1735 2613 1771 a
2642 1723 2890 1788 peccato.

2049 1809 2213 1861 Vens.
2252 1810 2334 1862 18.
2371 1838 2431 1847 -
2468 1807 2773 1876 Conﬁtebor
2830 1807 2949 1860 tibi.
3013 1806 3207 1875 (Anc)
3238 1807 3358 1860 Jam
3390 1806 3457 1861 de
3486 1806 3674 1860 fructu

1977 1896 2275 1967 praemittit
2304 1896 2718 1949 confessionem
2774 1895 2948 1949 totius
2978 1894 3272 1949 Ecclesiae:
3306 1894 3441 1948 inde
3473 1910 3671 1964 preca-

1976 1988 2087 2049 tur,
2121 2000 2251 2038 cum
2291 1983 2836 2037 commemoratione
2867 1984 3070 2052 culpae,
3116 1982 3511 2037 confusionem
3542 1998 3673 2053 per-

1979 2077 2303 2127 secutorum
2325 2077 2381 2126 et
2407 2072 2847 2125 exsultationem
2879 2072 3156 2125 ﬁdelium.

2048 2162 2208 2215 Vens.
2265 2164 2348 2215 l9.
2408 2191 2477 2199 —
2529 2162 2648 2214 Non
2724 2160 3182 2229 supergaudeant.
3250 2161 3369 2229 (10.)
3449 2159 3677 2231 Repetit

1980 2249 2049 2304 de
2072 2249 2359 2319 passione,
2384 2249 2526 2303 utde
2544 2265 2712 2319 paena
2732 2264 2935 2302 eorum
2947 2248 3139 2303 addat.
3163 2249 3448 2303 Annuunt.
3467 2248 3673 2319 (Cass)

1978 2338 2263 2402 Quoniam
2325 2337 2575 2392 vicissim
2622 2353 2682 2392 se
2739 2336 2924 2391 tacitis
2969 2337 3205 2391 nutibus
3260 2337 3572 2391 admouent
3602 2337 3674 2391 ad

1980 2427 2383 2497 decipiendum
2406 2431 2462 2481 et
2490 2425 2851 2480 tentandum.

2051 2517 2211 2570 Vens.
2246 2518 2334 2570 20.
2370 2545 2437 2556 —
2462 2517 2776 2583 Loquentes.
2810 2516 3012 2583 (Cass)
3055 2514 3115 2568 1d
3159 2518 3264 2581 est,
3300 2513 3435 2567 dum
3469 2513 3672 2584 loque-

1980 2610 2181 2660 rentur
2201 2605 2448 2676 paciﬁce.
2478 2606 2547 2657 In
2562 2604 2869 2657 iracundia.
2898 2604 2954 2657 1d
2972 2602 3415 2669 est,exitialitcr.
3450 2602 3678 2671 Cogitat

1981 2697 2137 2749 enim
2170 2694 2299 2766 quis
2330 2694 2528 2748 dolum
2561 2692 2660 2764 qui
2695 2710 2813 2746 non
2844 2692 2965 2747 vult
3014 2692 3309 2747 occidere:
3343 2691 3439 2746 sed
3473 2691 3567 2745 isti
3596 2690 3677 2745 sic

1980 2784 2329 2854 cogitabant,
2365 2784 2501 2854 quia
2540 2782 2859 2835 interﬁcere
2892 2781 3177 2835 volebant.

2053 2873 2211 2925 Vens.
2263 2876 2351 2926 2l.
2408 2901 2477 2910 ——
2536 2874 2605 2925 Et
2672 2871 3062 2924 dilataverunt.
3149 2869 3271 2934 (10.)
3350 2868 3511 2923 Prius
3564 2885 3672 2923 an-

1905 2965 1946 3019 C
1982 2965 2244 3026 nuentes,
2276 2960 2592 3030 cogitantes
2610 2958 2772 3013 dolos
2801 2958 3185 3012 dilataverunt
3201 2974 3264 3010 os
3286 2974 3474 3023 suum,
3498 2958 3677 3013 libera

1982 3054 2038 3104 et
2086 3053 2282 3119 aperta
2359 3063 2493 3103 voce
2568 3052 2813 3102 mortem
2897 3046 3299 3101 iuclamantes:
3373 3046 3673 3118 Crucifige,

1982 3139 2271 3209 cruciﬁge.

2051 3229 2213 3281 Vens.
2249 3230 2336 3281 2‘2.
2403 3255 2465 3267 -
2535 3225 2757 3291 Vidisti,
2806 3226 3044 3279 Domine.
3098 3224 3223 3295 (10.)
3280 3225 3394 3277 Hoc
3445 3223 3674 3291 dicitur,

1982 3316 2209 3386 quando
2286 3314 2501 3386 aliquid
2560 3314 2619 3367 in
2670 3312 3007 3367 memoriam
3065 3329 3329 3367 revocare
3370 3313 3671 3367 volumus:

1980 3404 2171 3459 vidisti
2203 3403 2479 3475 quoniam
2506 3402 2782 3468 crudeles,
2816 3418 2888 3455 ne
2937 3402 3124 3464 sileas,
3157 3417 3229 3455 ne
3269 3401 3499 3456 differas
3538 3402 3675 3456 dare

1980 3494 2344 3548 sententiam.

2052 3583 2212 3636 Vens.
2236 3584 2327 3637 23.
2360 3611 2429 3621 -—
2464 3580 2704 3635 Intende.
2734 3580 2868 3646 (10.)
2902 3578 3207 3634 Reddendo
3247 3596 3455 3634 nomen
3503 3596 3676 3651 super

1982 3686 2153 3723 omne
2186 3685 2419 3733 nomen,
2475 3673 2537 3721 ut
2566 3683 2673 3737 ego
2728 3667 2986 3720 intensus
3014 3664 3320 3719 immerito.
3358 3668 3419 3720 In
3456 3680 3677 3719 causam

1978 3775 2169 3813 meam.
2208 3757 2393 3828 (lbid.)
2428 3758 2601 3810 Paene
2624 3755 2827 3809 similis
2856 3755 3103 3820 sceleris,
3148 3754 3247 3808 sed
3298 3770 3415 3808 non
3465 3770 3633 3808 causa
3655 3769 3675 3807 :

1980 3852 2290 3917 martyrem
2314 3844 2467 3899 enim
2497 3860 2614 3898 non
2646 3844 2779 3899 facit
2798 3859 2988 3913 paena,
3012 3843 3106 3896 sed
3127 3859 3316 3896 causa.

2049 3937 2207 3990 Vens.
2241 3937 2329 3989 24.
2371 3964 2440 3973 -
2492 3936 2683 3995 Tuam,
2737 3936 2959 3988 Domine
3004 3935 3167 3987 Deus.
3226 3930 3360 4000 (10.)
3426 3930 3565 3995 Quae
3614 3930 3675 3985 in

1979 4041 2038 4079 se
2068 4030 2168 4089 est,
2203 4024 2287 4077 vel
2320 4040 2494 4095 quam
2524 4022 2575 4075 ei
2597 4021 2772 4076 dedit.
2807 4023 2925 4077 Non
2952 4036 3116 4089 super
3142 4019 3434 4087 gaudeant.
3464 4018 3671 4085 (CASS.)

1980 4114 2152 4183 Magis
2177 4113 2443 4171 deﬂeant,
2473 4127 2644 4180 quam
2677 4109 2963 4181 gaudeant
2992 4108 3256 4178 implesse
3285 4107 3456 4161 mala.

2055 4203 2215 4255 Vens.
2249 4202 2337 4254 25.
2370 4229 2437 4238 —
2480 4202 2825 4253 Devoramus.
2863 4196 3067 4267 (AUG.)
3099 4197 3457 4251 Devorantur
3485 4195 3672 4249 incor-

1982 4288 2189 4359 porati.

2052 4378 2211 4431 Vens.
2272 4379 2358 4430 26.
2437 4405 2504 4414 —
2553 4373 2885 4429 Erubescant
2946 4375 2997 4425 et
3064 4377 3411 4427 revereantur
3489 4374 3672 4427 simul.

1982 4464 2378 4535 (Cass)Potius
2442 4464 2778 4517 erubescant
2834 4461 2894 4515 in
2952 4461 3357 4516 clarificatione
3411 4478 3676 4516 resurre-

1979 4552 2210 4619 ctionis,
2239 4557 2296 4605 et
2326 4558 2710 4614 revereantur,
2744 4551 2799 4605 id
2828 4556 2934 4614 est,
2974 4550 3215 4604 timeant
3277 4566 3493 4619 pcenas.
3525 4550 3676 4603 Eru-

1979 4643 2213 4697 bescant.
2248 4640 2357 4705 Qui
2383 4641 2685 4707 erubescit,
2735 4646 2895 4695 actus
2933 4655 3067 4693 suos
3101 4639 3333 4708 propria
3388 4638 3673 4691 existima-

1976 4731 2132 4784 tione
2157 4731 2429 4784 damuat:
2464 4731 2559 4785 sed
2608 4735 2798 4801 potest
2843 4728 3177 4783 erubescere
3227 4727 3327 4798 qui
3361 4744 3470 4780 non
3502 4726 3675 4779 habet

1976 4818 2395 4885 reverentiam;
2428 4818 2556 4872 ideo
2594 4818 2791 4872 addit:
2837 4817 3209 4882 reverentiam,
3241 4820 3303 4869 ut
3355 4813 3674 4867 conversio-

1978 4923 2109 4962 nem
2140 4912 2310 4961 notet.
2349 4907 2687 4962 Reverentia
2718 4911 2800 4959 est
2828 4905 3002 4959 timor
3034 4904 3263 4959 Domini
3292 4919 3420 4956 cum
3453 4918 3667 4957 amore.

1980 4997 2297 5052 Induantur
2355 4998 2665 5062 confusione
2730 4999 2779 5047 et
2843 4996 3159 5047 reverentia.
3213 4991 3459 5056 Pudore,
3505 4990 3670 5062 quasi

1978 5086 2161 5139 cilicio
2212 5082 2565 5155 paenitentiae
2617 5086 2674 5135 et
2698 5086 2851 5135 veste
2909 5080 3158 5149 lugubri.
3222 5081 3421 5147 Pudor,
3475 5084 3672 5133 contra

1977 5172 2273 5227 audaciam
2340 5187 2513 5242 quam
2577 5168 2903 5223 habuerunt
2978 5167 3272 5235 furentes;
3349 5171 3669 5235 reverentia,

1977 5267 2174 5317 contra
2200 5259 2615 5331 impudentiam
2651 5255 2935 5321 falsitatis,
2969 5260 3034 5309 ut
3060 5255 3150 5309 his
3181 5256 3278 5310 illa
3304 5261 3524 5312 curent.

2049 5351 2208 5404 Vens.
2239 5353 2328 5402 27.
2381 5378 2449 5387 —-
2496 5346 2783 5401 Emsultent
2833 5349 2883 5397 et
2943 5344 3192 5398 laetentur
3268 5346 3389 5413 (10.)
3466 5346 3531 5400 In
3570 5362 3671 5417 spe

1976 5454 2185 5509 magna
2210 5435 2466 5491 fidelium
2500 5433 2652 5499 ﬂuis,
2686 5433 2829 5487 sicut
2867 5432 2963 5486 alii
3010 5432 3078 5487 de
3124 5432 3407 5503 passione.
3464 5437 3669 5490 Exsul-

1975 5532 2086 5584 tent
2127 5532 2177 5581 et
2210 5527 2475 5582 laetentur.
2536 5522 2623 5580 Illi
2661 5522 2876 5587 dicunt,
2933 5536 3078 5592 euge
3144 5521 3353 5576 animas
3389 5539 3510 5578 sua:
3540 5540 3669 5595 quae
