4034 6180
364 282 467 334 895

1023 278 1414 334 WALAFRIDI
1453 279 1701 334 STRABI
1742 277 1938 332 FULD.
1983 276 2146 332 ΜΟΝ.
2196 276 2346 333 OPP.
2392 277 2565 332 PARS
2605 278 2648 332 ι.
2688 307 2757 316 -—
2795 275 3269 334 THEOLOGICA.

3782 281 3886 334 89η

369 401 569 458 laetitia
596 403 764 473 fugit,
794 401 889 456 isti
921 417 1036 455 non
1063 416 1178 454 sute
1213 399 1438 462 animae,
1469 399 1565 454 sed
1607 405 1734 452 vota
1762 399 1832 453 ad
1884 400 2066 454 Deum
2101 399 2150 452 Λ
2180 403 2372 454 tamen
2395 403 2669 470 utrosque
2697 399 2900 463 salvas,
2941 399 3048 454 hos
3075 398 3449 469 corporaliter
3471 404 3723 469 tantum,
3754 400 3892 455 illos

366 497 727 560 convertunt,
761 496 817 546 et
848 491 904 544 in
937 491 1061 560 ejus
1101 489 1384 554 laudibus,
1419 504 1534 542 non
1563 487 1622 542 in
1662 504 1742 554 se,
1773 504 1934 542 suam
1966 489 2067 542 lai-

363 581 552 635 titiam
586 568 824 651 ponunt,
857 595 983 648 qua:
1014 583 1097 631 est
1125 581 1424 646 perpetua.

441 671 603 723 Vens.
652 670 741 721 28.
791 695 859 706 —
920 669 990 721 Et
1038 667 1226 732 lingua
1246 680 1362 718 mea
1389 663 1744 718 meditabitur
1776 663 2067 732 justitiam

369 763 536 812 tuam.
567 758 764 823 (Auc.)
796 757 910 809 Hoc
943 754 1060 817 ﬁat,
1098 759 1155 807 et
1183 752 1297 807 mei
1330 752 1729 822 praedicatores
1762 767 1832 805 ex
1881 750 2066 804 studio

370 845 717 899 nuntiabunt
772 847 826 896 te
897 843 1141 912 justum,
1202 841 1300 911 qui
1362 840 1639 910 promissa
1693 839 1966 910 implesti,
2011 845 2069 893 et

369 933 561 986 omnia
591 931 991 986 universaliter
1011 931 1069 984 in
1095 930 1302 1001 quibus
1330 929 1669 983 laudandus.
1708 930 1910 996 (Cass)
1945 930 2068 983 Lin-

365 1038 478 1090 gua
498 1037 633 1075 mea.
682 1020 903 1090 Lingua
935 1021 1058 1090 ejus
1092 1019 1359 1072 meditata
1387 1024 1472 1072 est
1497 1017 1802 1088 justitiam,
1834 1017 2067 1087 quando

372 1111 593 1164 Novum
621 1111 1048 1164 Testamentum
1090 1108 1335 1178 populus
1365 1106 1708 1178 praedicavit.

947 1249 1256 1305 PSALMUS
1293 1251 1486 1304 XXXV.

442 1374 601 1428 Vens.
663 1377 712 1428 1.
745 1403 812 1413 -
870 1375 932 1428 In
978 1377 1136 1443 finem
1174 1388 1363 1428 sermo.
1421 1373 1626 1442 (C.iss.)
1677 1373 1808 1443 Agit
1849 1371 1941 1428 hic
1995 1373 2065 1428 de

369 1478 560 1516 errore
591 1462 972 1534 quorumdam
1003 1469 1133 1530 etc.,
1185 1477 1354 1531 usque
1398 1462 1472 1515 ad
1519 1461 1619 1532 qui
1658 1467 1849 1516 tamen
1880 1461 2068 1516 immi-

371 1556 469 1606 net
501 1551 784 1606 omnibus.

439 1641 565 1694 Non
594 1645 680 1694 est
707 1639 883 1694 timor
903 1644 1035 1693 ante
1064 1640 1256 1692 oculos
1280 1654 1293 1692 :
1325 1637 1460 1708 quia
1492 1637 1678 1705 dolus,
1712 1638 1766 1691 id
1799 1643 1902 1704 est,
1929 1639 2063 1710 quia

371 1728 528 1782 carni
557 1729 753 1783 obedit
774 1744 890 1782 non
924 1729 1056 1794 Deo,
1085 1744 1214 1781 cum
1245 1727 1386 1781 ratio
1418 1726 1571 1780 aliud
1605 1726 1874 1792 insinuet,
1908 1728 2062 1800 quod

369 1815 562 1871 videat
595 1817 742 1870 Deus
768 1815 873 1869 etsi
899 1831 1016 1868 non
1061 1814 1242 1868 alius:
1273 1813 1381 1878 vel,
1437 1814 1589 1884 quod
1627 1814 1778 1868 videt
1822 1813 1942 1885 ipse
1975 1815 2068 1869 in-

363 1905 572 1974 justus,
605 1921 635 1958 a
658 1905 771 1958 Deo
801 1903 924 1969 scit,
982 1908 1044 1955 ut
1089 1901 1417 1956 inveniatur
1445 1902 1515 1956 ab
1535 1901 1657 1972 ipso
1677 1903 1878 1958 eodem
1912 1904 2064 1974 quod

371 1992 652 2062 iniquitas
673 2009 775 2045 sua
829 1995 912 2045 est
932 1990 1191 2045 habenda
1221 1990 1352 2045 odio
1381 1991 1535 2060 apud
1564 1992 1742 2046 Deum
1773 1996 1829 2046 et
1869 2009 2067 2047 omnes

376 2081 656 2135 homines.

446 2168 570 2239 (In.)
595 2169 810 2236 Primo,
842 2168 1043 2222 asserit
1074 2169 1222 2222 mala
1251 2185 1372 2223 esse
1400 2185 1464 2222 ex
1491 2169 1742 2224 homine.

443 2259 602 2312 Vens.
629 2265 682 2312 2.
716 2288 784 2299 —
821 2260 978 2312 Dixit
1031 2258 1290 2326 injustas,
1343 2263 1450 2312 etc.
1508 2257 1717 2326 (Cass)
1769 2261 1889 2314 Duo
1937 2264 2070 2316 sunt

373 2361 582 2415 genera
603 2346 1001 2415 peccantium:
1035 2345 1173 2415 quia
1222 2346 1305 2399 vel
1340 2347 1669 2399 infirmitate
1719 2347 1904 2401 carnis
1953 2365 2066 2402 non

371 2439 610 2502 possunt
641 2433 801 2504 sequi
824 2433 983 2503 jussa
1017 2434 1156 2503 legis
1191 2449 1203 2499 ;
1239 2435 1320 2486 vel
1383 2434 1702 2503 blasphemi
1731 2435 1831 2506 qui
1889 2437 2066 2492 libere

373 2526 628 2590 r-cccant,
661 2521 824 2592 quasi
858 2523 1006 2576 Deus
1055 2537 1171 2574 non
1198 2522 1516 2588 curethoc;
1566 2523 1714 2577 unde
1739 2527 1859 2577 est:
1890 2526 2064 2591 Dixit,

372 2613 478 2664 etc.
503 2609 702 2679 (Αυσ.)
734 2609 1048 2680 Descriptio
1082 2609 1268 2680 iniqui
1300 2610 1423 2664 viri.
1477 2613 1596 2667 Non
1633 2617 1711 2666 est
1765 2615 1928 2667 timor
1950 2617 2065 2668 Dei.

370 2699 540 2769 (Cas)
573 2698 718 2763 Quia
741 2699 906 2753 dolus
937 2698 1126 2753 noluit
1156 2699 1382 2752 studere
1429 2699 1564 2770 legi,
1627 2716 1739 2771 qua
1769 2717 1873 2771 per
1901 2701 2068 2773 igno-

372 2788 616 2842 rantiam
651 2792 970 2842 excusetur.

443 2877 605 2930 Vens.
661 2879 711 2930 3.
747 2876 1008 2942 Quoniam
1063 2875 1257 2930 dolose.
1314 2877 1502 2946 (AUG.)
1556 2877 1712 2931 Multi
1766 2878 2071 2949 inquirunt

2174 492 2230 542 et
2258 487 2651 558 spiritualiter,
2683 487 2744 542 in
2774 504 2888 558 quo
2938 503 3152 559 magna
3180 488 3595 543 misericordia.

2245 577 2406 632 Vens.
2441 580 2493 631 8.
2532 607 2598 616 —
2631 577 2916 644 Homines,
2945 582 3052 632 etc.
3109 577 3291 631 Etiam
3319 577 3667 647 temporalia
3697 593 3731 630 a
3766 579 3884 631 Deo

2174 680 2294 719 esse
2325 665 2591 719 ostendit.

2245 755 2402 808 Vens.
2449 757 2508 809 9.
2571 782 2644 794 —
2698 753 3138 808 Inebriabuntur.
3188 754 3317 823 (In.)
3372 755 3495 808 Non
3557 761 3744 825 potest
3794 771 3888 808 res

2175 842 2440 914 exprimi,
2465 842 2565 897 sed
2595 858 2699 912 per
2727 843 2874 897 hanc
2903 841 3341 897 similitudinem
3375 843 3587 911 innuit,
3621 850 3687 897 ut
3725 845 3885 915 pleni

2177 936 2429 985 mentem
2487 931 2749 1001 perdant,
2811 946 2884 984 ne
2939 946 3074 984 suos
3122 930 3244 1000 jam
3294 936 3610 1001 agnoscant
3667 937 3877 1000 patres,

2175 1019 2342 1082 tilios,
2373 1025 2726 1088 caaterosque
2757 1018 2988 1071 amicos.
3024 1018 3143 1083 Vel,
3204 1022 3339 1072 tunc
3384 1018 3442 1071 in
3475 1033 3537 1071 re
3577 1018 3748 1082 ebrii,
3784 1020 3884 1088 qui

2176 1108 2347 1162 modo
2373 1112 2628 1178 sperant.
2664 1108 2932 1160 Torrente.
2957 1105 3162 1170 Quasi:
3214 1106 3463 1176 Impetus
3512 1105 3624 1159 erit
3681 1107 3884 1176 gratiae

2176 1199 2234 1249 et
2263 1192 2668 1248 misericordiae
2727 1194 2796 1248 ad
2846 1193 3235 1247 inebriandos.
3269 1192 3392 1262 (In.)
3429 1196 3704 1248 Torrente.
3757 1196 3886 1247 Non

2175 1289 2239 1337 ut
2263 1282 2591 1336 transitoria
2621 1282 2696 1336 sit
2723 1282 3040 1345 beatitudo,
3073 1282 3171 1336 sed
3198 1281 3448 1352 c0piosa.
3470 1282 3587 1348 Vel,
3610 1282 3884 1336 voluntas

2175 1375 2273 1425 tua
2303 1369 2361 1424 in
2393 1370 2626 1424 homine
2645 1370 2836 1424 omnia
2857 1369 3072 1439 rumpit
3100 1369 3409 1423 obstacula.
3445 1370 3564 1435 Vel,
3595 1369 3883 1440 sapientia

2176 1458 2383 1514 Christi
2405 1465 2646 1526 torrens,
2675 1457 2810 1530 quia
2829 1457 3015 1512 subita
3042 1463 3099 1513 et
3127 1458 3347 1529 rapida.

2259 1549 2417 1602 Vens.
2465 1550 2547 1601 10.
2592 1548 2856 1614 Quoniam
2893 1547 3045 1615 apud
3105 1551 3153 1601 te
3207 1551 3285 1600 cst
3340 1549 3464 1612 fons
3511 1549 3660 1602 vitae.
3698 1547 3885 1617 (Cas)

2179 1636 2346 1706 Apud
2376 1642 2441 1704 te,
2477 1635 2724 1702 Christe,
2753 1641 2832 1690 est
2850 1637 2994 1702 fons,
3025 1635 3078 1689 id
3098 1638 3203 1701 est,
3237 1635 3465 1689 initium
3488 1637 3681 1689 omnis
3701 1636 3883 1702 boni;

2178 1729 2236 1779 et
2263 1727 2322 1780 in
2353 1731 2446 1780 tuo
2499 1726 2718 1792 lumine,
2745 1725 2881 1794 quia
2906 1740 3012 1794 per
3040 1727 3162 1793 ejus
3195 1724 3661 1794 praedicationem
3726 1725 3889 1779 vide-

2177 1829 2308 1868 mus
2340 1813 2533 1867 lumen
2565 1812 2746 1868 Patris
2784 1817 2843 1867 et
2888 1811 3130 1883 Spiritus
3174 1811 3375 1879 sancti,
3435 1817 3492 1866 et
3543 1812 3678 1866 ideo
3722 1827 3884 1882 pra-

2178 1902 2353 1971 tende,
2384 1907 2450 1956 ut
2477 1903 2537 1956 in
2567 1901 2678 1956 hoc
2704 1901 2912 1956 saeculo
2943 1901 3124 1956 tutius
3155 1906 3337 1955 eatur.

2748 2044 2969 2099 PSALM
2980 2044 3060 2100 US
3088 2045 3308 2100 XXXVI.

2249 2171 2459 2240 (Cass)
2482 2170 2739 2224 Psalmus
2772 2169 2996 2234 tertius,
3033 2169 3321 2241 alphabeti
3351 2167 3747 2240 imperfectio:
3804 2173 3884 2222 to-

2175 2263 2266 2314 tus
2287 2259 2738 2312 de‘correctione
2772 2273 3020 2312 morum.

2248 2349 2414 2402 Vens.
2461 2352 2601 2401 1.-
2631 2348 2876 2402 Psalmus
2905 2346 3107 2402 David.
3140 2347 3398 2401 Psalmus
3439 2345 3534 2400 hic
3581 2350 3671 2400 est
3715 2347 3880 2416 quasi

2177 2437 2349 2491 vestis
2377 2436 2604 2502 Christi,
2663 2453 2790 2506 quas
2819 2441 3007 2490 totum
3046 2451 3252 2505 corpus
3297 2435 3420 2504 ejus
3476 2435 3702 2505 operiat
3733 2451 3883 2505 pra:-

2176 2525 2372 2596 ceptis,
2403 2529 2459 2578 et
2474 2529 2732 2596 protegat
2762 2524 2831 2578 ab
2863 2523 3134 2591 adversis,
3172 2529 3227 2577 et
3270 2523 3434 2595 quasi
3476 2523 3607 2577 sinu
3658 2524 3882 2578 consilii

2177 2613 2382 2668 foveat.
2410 2613 2572 2668 Potio
2596 2618 2792 2666 contra
2820 2613 2942 2666 illos
2961 2612 3062 2684 qui
3088 2616 3453 2667 murmurant
3483 2613 3553 2666 de
3583 2613 3727 2667 ﬂore
3759 2629 3880 2666 ma-

2178 2703 2386 2766 lorum,
2417 2701 2614 2755 labore
2646 2699 3133 2770 bonorum,quasi
3161 2699 3355 2754 omnia
3375 2715 3508 2754 casu
3530 2705 3801 2770 agantur,
3825 2706 3887 2753 ut

2178 2789 2416 2854 mundo,
2449 2793 2640 2859 spreto
2674 2790 2812 2850 Deo,
2845 2788 3190 2842 adhaereant.
3226 2789 3414 2843 Monet
3455 2787 3635 2858 igitur
3695 2790 3887 2843 Eccle-

2178 2878 2262 2932 sia
2286 2893 2356 2931 ne
2387 2877 2516 2948 quis
2546 2877 2927 2948 malignantes
2955 2876 3236 2945 imitetur,
3282 2877 3380 2930 sed
3433 2877 3677 2948 quiquid
3736 2877 3888 2931 boni

373 2963 704 3034 iniquitates
760 2980 911 3032 suas,
952 2969 1079 3030 etc.,
1137 2979 1307 3032 usque
1353 2965 1427 3019 ad
1466 2981 1568 3019 nec
1622 2973 1962 3022 excusantur
1992 2969 2064 3023 de
2094 2963 2136 3020 C
2178 2969 2460 3038 speratur,
2513 2982 2546 3019 a
2595 2965 2838 3020 Domino
2895 2966 3242 3037 postuletur,
3298 2965 3398 3037 qui
3467 2966 3775 3036 profutura
3824 2971 3888 3020 et

373 3053 719 3125 ignorantia.

444 3143 602 3198 Vens.
663 3143 716 3195 4.
781 3171 843 3187 ν-
922 3142 1119 3196 Verba.
1173 3142 1295 3209 (lo).
1365 3142 1627 3197 Ostendit
1705 3143 2068 3216 iniquitatem

373 3235 505 3298 etc.,
539 3245 708 3299 usque
732 3230 808 3284 ad
843 3236 910 3283 ut
937 3230 1082 3283 bene
1107 3236 1322 3299 ageret.

447 3319 604 3372 Vens.
639 3320 688 3371 5.
723 3348 792 3356 —
821 3319 886 3372 In
909 3319 1095 3372 cubili.
1151 3319 1207 3372 Id
1240 3323 1344 3382 est,
1404 3318 1465 3372 in
1490 3319 1679 3385 corde,
1717 3319 1775 3374 in
1818 3337 1933 3391 quo
1963 3321 2070 3376 sibi

375 3405 732 3474 complacent
753 3420 930 3475 opera
959 3406 1108 3458 mala
1132 3423 1146 3470 ;
1180 3412 1238 3460 et
1265 3407 1371 3460 hoc
1399 3411 1504 3471 est,
1530 3409 1711 3461 astitit
1747 3413 1892 3463 omni
1945 3413 2064 3478 viae,

373 3509 503 3546 cum
517 3491 707 3547 studio
731 3496 787 3546 et
800 3508 959 3548 mora
985 3509 998 3546 :
1017 3494 1235 3548 invenit
1247 3493 1501 3563 quidem,
1515 3495 1742 3550 etscivit
1761 3512 1884 3551 esse
1898 3501 2067 3568 mala,

374 3581 470 3636 sed
500 3585 695 3635 tamen
716 3596 834 3635 non
866 3581 1055 3636 odivit.
1087 3584 1291 3638 Noluit.
1349 3583 1548 3652 (Αυθ.)
1601 3585 1724 3638 Non
1757 3585 1913 3656 quod
1953 3603 2070 3642 non

376 3669 598 3741 potuit,
630 3669 1003 3740 perniciosius
1060 3670 1179 3739 agit
1226 3676 1425 3724 contra
1474 3671 1724 3743 seipsum
1772 3673 1872 3744 qui
1917 3677 2070 3746 quod

378 3763 563 3831 potest
592 3775 708 3813 non
729 3759 869 3813 vult.
902 3759 1210 3814 Suntenim
1241 3760 1504 3830 quaedam
1527 3777 1680 3832 quas,
1713 3761 1815 3815 etsi
1846 3764 2064 3830 volunt,

377 3861 488 3898 non
520 3846 839 3918 intelligere
871 3847 1135 3902 homines
1166 3854 1425 3918 possunt,
1452 3855 1540 3904 ut:
1568 3851 1636 3904 In
1651 3851 1928 3921 principio
1952 3857 2069 3907 erat

385 3935 632 4002 Verbum,
666 3941 725 3990 et
763 3941 828 3990 ut
855 3941 1048 3990 tamen
1102 3937 1248 3990 bene
1295 3943 1549 4008 agerent,
1580 3939 1903 4012 intelligere
1933 3957 2067 4010 pos-

375 4029 526 4078 sunt.
553 4025 626 4078 In
654 4025 821 4078 cubili
847 4040 961 4079 suo.
987 4025 1117 4096 (In.)
1168 4025 1228 4079 Id
1261 4032 1360 4088 est,
1404 4028 1593 4092 corde,
1645 4027 1745 4082 ubi
1794 4029 2069 4099 prmcepit

379 4112 650 4166 Dominus
680 4129 842 4166 orare
873 4114 1066 4167 clauso
1099 4115 1262 4180 ostio,
1295 4120 1422 4178 etc.,
1449 4131 1619 4186 usque
1648 4117 1724 4170 ad
1761 4117 2064 4188 sapientia,

373 4199 586 4254 scilicet
614 4200 819 4265 carnis,
852 4217 981 4271 qua:
1021 4208 1104 4256 est
1135 4203 1369 4256 inimica
1399 4205 1532 4258 Deo.

444 4288 601 4343 Vens.
631 4291 684 4343 6.
715 4318 785 4327 —
822 4291 1061 4356 Domine,
1090 4293 1145 4343 in
1192 4291 1336 4344 caelo.
1391 4292 1590 4362 (Cass)
1626 4293 1779 4348 Bona
1821 4310 1887 4348 ex
1948 4297 2062 4349 Deo
2092 4315 2134 4368 ι)

375 4392 474 4446 per
504 4376 967 4431 misericordiam.
1016 4377 1186 4440 Quasi
1241 4378 1420 4432 dicat:
1467 4379 1609 4434 Mala
1656 4386 1791 4436 sunt
1844 4397 1910 4436 ex
1957 4383 2063 4436 bo-

378 4466 546 4530 mine,
591 4466 688 4520 sed
719 4467 869 4520 bona
901 4483 967 4520 ex
1003 4467 1408 4521 misericordia.
1443 4468 1486 4522 O
1516 4469 1772 4537 Domine,
1832 4469 1890 4524 in
1951 4471 2062 4539 bis,

374 4554 472 4625 qui
495 4555 679 4608 caelum
710 4560 862 4619 sunt,
901 4553 956 4608 id
987 4559 1090 4620 est,
1143 4571 1350 4608 arcana
1393 4556 1656 4623 scientes,
1710 4562 1793 4613 est
1849 4559 2067 4614 miseri-

374 4642 566 4695 cordia
588 4646 718 4695 tua:
756 4647 814 4695 et
843 4641 996 4712 quod
1039 4642 1148 4712 ipsi
1177 4647 1310 4696 sunt
1359 4644 1543 4709 nubes,
1575 4649 1660 4698 est
1687 4661 1718 4698 a
1750 4650 1822 4700 te.
1867 4646 2066 4717 (AUG.)

375 4731 470 4783 Vel
500 4731 558 4783 in
573 4731 716 4796 calo,
747 4729 806 4784 id
833 4735 935 4798 est,
972 4731 1380 4798 misericordia,
1424 4736 1568 4799 etc.,
1599 4748 1767 4802 usque
1795 4735 1869 4789 ad
1910 4751 2066 4790 nun-

374 4817 479 4871 tiat
505 4834 639 4872 vero
669 4818 842 4872 missa
863 4819 1102 4875 veritate
1133 4837 1255 4875 sua.

447 4909 620 4977 Usque
675 4907 750 4962 ad
799 4909 987 4963 nubes.
1036 4908 1100 4963 Id
1147 4914 1232 4963 est
1275 4909 1696 4980 praedicatores,
1763 4927 1870 4982 per
1921 4929 2066 4984 quos

372 4998 533 5049 tonat
565 4997 709 5050 Deus
739 4997 1077 5064 nuntiando,
1109 5003 1366 5052 coruscat
1395 4997 1703 5067 miraculis,
1748 5000 1898 5070 pluit
1960 5000 2064 5056 do-

373 5083 589 5138 ctrinis.
623 5085 731 5150 Qui
779 5090 910 5140 sunt
939 5086 1111 5140 etiam
1141 5093 1380 5153 montes,
1411 5104 1556 5158 quos
1582 5088 1743 5158 prius
1812 5090 1898 5144 sol
1938 5090 2065 5144 luce

375 5172 558 5232 vestit,
586 5188 714 5244 quae
736 5177 882 5244 post,
923 5174 992 5229 de
1025 5173 1107 5228 eis
1137 5179 1194 5228 et
1237 5175 1282 5227 si
1323 5191 1441 5230 non
1475 5177 1547 5230 ab
1599 5176 1702 5242 eis,
1749 5177 1820 5232 ad
1865 5177 2065 5233 intima

376 5260 607 5316 vallium
646 5261 940 5318 descendit
971 5279 983 5317 :
1009 5262 1255 5317 ministri
1295 5264 1448 5318 enim
1488 5269 1620 5319 sunt
1649 5265 1942 5336 doctrinae,
1964 5268 2064 5322 sed

381 5347 525 5401 Deus
552 5348 859 5404 illuminat.

445 5438 603 5490 Vens.
634 5442 689 5491 7.
721 5469 790 5477 —
817 5438 1052 5493 Judicia
1082 5445 1196 5494 tua.
1231 5441 1430 5510 (Auc.)
1480 5441 1636 5506 Quod
1691 5441 1895 5496 horum
1956 5443 2062 5498 mi-

379 5524 603 5590 sereris,
631 5525 735 5578 hos
761 5542 1008 5581 excaecas
1032 5544 1046 5594 ;
1078 5529 1221 5582 nulli
1251 5533 1384 5584 sunt
1413 5531 1643 5600 penitus
1681 5531 2059 5600 :scrutabilia:

2178 3060 2392 3110 aeterna
2421 3056 2536 3109 dat.

2251 3145 2410 3198 Vens.
2462 3146 2514 3196 2.
2568 3171 2642 3184 —
2697 3143 2856 3199 Olera
2939 3143 3255 3197 herbarum.
3322 3141 3510 3210 (Αυα.)
3568 3143 3732 3197 Modo
3793 3147 3888 3197 est

2178 3232 2382 3298 hiems,
2415 3237 2544 3299 etc.,
2596 3246 2764 3301 usque
2805 3232 2880 3285 ad
2908 3231 3044 3303 quia
3101 3231 3359 3286 nondum
3399 3231 3671 3302 apparuit
3717 3232 3887 3302 quod

2177 3323 2410 3376 erimus.

2249 3411 2440 3480 (AUG.,
2474 3408 2651 3478 Cass.)
2682 3407 2850 3463 Olera
2873 3424 2990 3462 non
3021 3407 3342 3474 hortorum,
3392 3409 3486 3462 sed
3537 3407 3885 3475 herbarum,

2176 3495 2237 3550 id
2267 3500 2370 3562 est,
2402 3495 2695 3563 vilissima,
2721 3511 2850 3566 quat
2879 3512 2983 3565 per
3011 3511 3176 3566 agros
3208 3500 3405 3566 sponte
3427 3502 3759 3550 nascuntur.
3789 3499 3886 3552 Fe-

2175 3601 2325 3652 num,
2375 3584 2620 3653 nobiles,
2665 3584 2765 3654 qui
2820 3583 2983 3638 facile
3013 3583 3366 3654 proﬁciunt;
3409 3585 3584 3646 olera,
3647 3585 3889 3640 medio-

2176 3689 2333 3727 cres:
2361 3672 2459 3726 sed
2489 3677 2544 3726 et
2574 3673 2655 3727 illi
2687 3673 2796 3726 cito
2828 3678 3112 3739 arescunt,
3135 3680 3193 3728 et
3223 3673 3282 3727 hi
3306 3673 3593 3729 decidunt.

2247 3762 2404 3815 Vens.
2435 3764 2488 3816 8.
2520 3790 2587 3800 —
2622 3763 2832 3816 Desine.
2883 3761 3070 3831 (Anc)
3132 3763 3220 3816 Ira
3265 3763 3472 3826 subita,
3537 3763 3696 3817 furor
3752 3763 3886 3817 diu-

2174 3850 2366 3916 tinus;
2399 3851 2495 3904 sed
2549 3855 2792 3922 utraque
2845 3850 3182 3917 deserenda,
3244 3868 3348 3921 per
3402 3868 3531 3922 quas
3579 3859 3881 3922 peccatur.

2174 3938 2377 4007 (Cass)
2405 3939 2517 3992 Hoc
2547 3937 2756 3993 dicitur
2780 3937 2832 3992 ei
2863 3938 2963 4010 qui
2995 3939 3182 3993 adhuc
3210 3939 3495 4004 inﬁrmus,
3526 3946 3657 4006 etc.,
3702 3956 3886 4010 usque

2173 4027 2254 4082 ad
2275 4027 2534 4081 faciendo
2566 4027 2635 4081 ad
2682 4033 2909 4098 tempus
2938 4028 3122 4082 floret.

2246 4117 2408 4170 Vens.
2454 4119 2537 4171 l0.
2584 4145 2655 4157 —
2693 4119 2762 4170 Et
2814 4117 2992 4170 adhuc
3031 4117 3318 4187 pusillum,
3351 4123 3455 4171 etc.
3508 4117 3708 4188 (AUG.)
3744 4121 3886 4175 Post

2175 4204 2343 4259 istam
2374 4204 2547 4258 vitam
2573 4220 2828 4274 parvam,
2861 4209 2948 4259 etc
2976 4246 2990 4267 ,
3015 4221 3184 4274 usque
3209 4205 3284 4259 ad
3312 4221 3417 4259 nec
3445 4221 3695 4260 vermem
3734 4223 3881 4261 con-

2175 4293 2427 4348 scientite
2457 4293 2805 4347 corrodentis
2833 4293 3130 4348 sentiebat.

2243 4384 2402 4436 Vens.
2436 4385 2516 4436 l2.
2574 4413 2641 4422 —
2693 4381 3028 4448 Observabit,
3083 4386 3186 4437 etc.
3250 4382 3446 4453 (Cass)
3503 4381 3684 4450 Dicto,
3717 4384 3876 4454 quod

2175 4471 2312 4526 boni
2335 4487 2448 4524 non
2476 4470 2685 4525 debent
2713 4471 2896 4525 malos
2924 4471 3205 4539 aemulari,
3234 4477 3364 4536 etc.,
3399 4487 3567 4542 usque
3594 4471 3672 4526 ad
3699 4489 3877 4526 cona-

2174 4563 2272 4616 tur
2303 4559 2580 4614 occidere.

2246 4650 2408 4704 Vens.
2436 4651 2518 4703 13.
2552 4677 2622 4688 -
2654 4647 2922 4702 Dominus
2954 4651 3157 4716 autem,
3212 4653 3317 4702 etc.
3361 4649 3495 4718 (In.)
3541 4649 3635 4704 Sic
3664 4655 3722 4703 et
3777 4666 3878 4704 nos

2175 4733 2432 4790 videntes
2460 4735 2760 4806 perituros,
2786 4733 3126 4789 irrideamus
3179 4739 3235 4788 et
3276 4740 3605 4806 prasentes,
3638 4737 3877 4807 grandis

2174 4822 2506 4877 consolatio.

2246 4911 2408 4965 Vens.
2446 4911 2529 4965 14.
2567 4939 2636 4952 -
2684 4911 2958 4979 Gladium,
3014 4914 3119 4965 etc.
3181 4912 3303 4982 (In.)
3354 4911 3412 4966 Si
3467 4927 3656 4982 neque
3707 4912 3881 4967 blan-

2174 4999 2328 5054 ditiis
2359 5015 2546 5071 neque
2591 4999 2762 5054 minis
2791 5005 2942 5071 aget,
2977 5015 3144 5072 pcena
3176 4999 3528 5070 aggreditur.
3561 5000 3619 5053 Si
3651 5016 3758 5053 nec
3799 5002 3878 5053 sic

2173 5088 2421 5159 proﬁcit,
2481 5087 2788 5144 insidiatur
2859 5089 3027 5156 dolis,
3079 5089 3313 5159 quando
3373 5089 3521 5143 bene
3579 5089 3875 5159 loquendo

2174 5177 2328 5232 male
2356 5177 2619 5232 intendit.

2244 5267 2405 5320 Vens.
2451 5270 2536 5320 l6.
2570 5295 2640 5307 —
2685 5266 2880 5321 Melius
2907 5269 3005 5331 est,
3042 5270 3146 5320 etc.
3190 5265 3321 5335 (In.)
3381 5265 3557 5320 Paulo
3614 5270 3752 5321 ante
3808 5267 3870 5322 de

2172 5355 2392 5409 malitia
2421 5359 2480 5408 et
2531 5353 2871 5408 sustinentia
2897 5369 2910 5407 :
2941 5353 3034 5407 hic
3059 5354 3129 5408 de
3160 5353 3372 5407 divitiis
3399 5358 3458 5407 et
3508 5360 3864 5425 paupertate.

2211 5445 2400 5498 -Veas.
2430 5446 2514 5497 17.
2545 5471 2614 5484 -
2646 5443 2938 5510 Conﬁrmat
2995 5447 3193 5507 autem,
3243 5446 3350 5496 etc.
3404 5442 3600 5512 (Anc)
3636 5444 3872 5498 Maxime

2171 5547 2275 5602 per
2304 5531 2634 5602 exemplum
2677 5530 2859 5585 crucis
2889 5546 3024 5586 suae.
3060 5531 3210 5586 Crux
3238 5529 3395 5584 enini
3452 5529 3668 5584 Christi
3715 5531 3872 5585 ﬁmta
