4082 6184
173 294 285 346 897

1277 290 1532 347 GLOSSA
1569 291 1976 348 OBDINARIA.
2017 322 2086 330 -
2126 293 2254 347 LIB.
2299 291 2536 346 PSALM.

3590 296 3693 349 898

177 416 266 463 est
296 410 352 462 in
383 424 569 479 paena,
603 413 662 462 et
719 412 910 462 manet
957 407 1017 462 iu
1044 408 1266 478 gloria:
1302 425 1334 462 a
1382 407 1523 462 locis
1563 409 1717 464 enim
1748 426 1882 481 sup-
1916 412 1959 465 A
1999 410 2264 478 attendit,
2299 411 2395 465 sed
2452 410 2780 478 novissima,
2836 416 2966 479 etc.,
3002 429 3169 484 usque
3195 414 3269 468 ad
3308 415 3397 468 cui
3428 416 3551 469 haec
3581 416 3693 470 vir-

176 501 483 572 pliciorum
516 498 719 552 transit
753 497 820 551 ad
843 498 1062 551 frontes
1092 498 1527 568 imperatorum.

252 608 408 660 Vens.
447 609 530 660 l8.
574 635 642 645 —
665 607 738 659 In
770 605 958 660 diebus
998 608 1185 671 famis.
1217 605 1413 675 (CASS.)
1446 605 1508 659 Id
1543 610 1647 673 est,
1676 606 1734 659 iu
1783 607 1889 659 hac

177 696 318 759 vita,
350 702 479 761 etc.,
534 709 703 764 usque
750 694 825 747 ad
874 700 1089 764 quanto
1121 695 1248 765 plus
1279 695 1590 759 elevantur,
1629 700 1787 748 tanto
1810 695 1889 748 ci-

175 784 294 839 tius
321 789 381 837 ut
408 784 602 837 fumus
634 782 916 837 deﬁcient.

253 873 421 926 Vens.
489 874 576 926 2t.
648 902 713 910 —
796 871 1157 925 Mutuabitur.
1226 870 1349 941 (Io.)
1400 870 1573 924 Audit
1649 872 1887 926 verbum

178 960 307 1025 Dei,
340 975 454 1013 non
485 958 673 1013 reddit
719 959 1009 1029 operibus.
1068 962 1137 1014 Et
1167 975 1274 1014 non
1315 960 1498 1014 solvet.
1536 960 1595 1013 Id
1641 966 1741 1023 est,
1772 976 1887 1014 non

176 1049 369 1103 reddit
410 1048 679 1118 operibus
736 1047 894 1118 quod
947 1048 1147 1102 auditu
1176 1049 1450 1119 percepit.
1501 1051 1791 1105 lliseretur
1838 1054 1888 1103 et

175 1137 463 1201 retribuet,
502 1140 606 1189 etc.
670 1136 746 1189 De
778 1136 867 1189 his
906 1152 1035 1206 qua:
1066 1137 1291 1207 accipit,
1325 1144 1454 1203 etc.,
1488 1152 1658 1206 usque
1686 1137 1760 1191 ad
1793 1154 1884 1191 se-

179 1226 383 1296 quitur
416 1226 663 1295 largitas.

253 1314 425 1368 Vens.
482 1314 572 1367 23.
623 1342 692 1353 —
738 1313 981 1368 Gressus.
1040 1313 1167 1383 (Io.)
1216 1312 1323 1378 Qui
1368 1330 1472 1384 per
1514 1330 1573 1366 se
1621 1313 1883 1381 tortuosi,

179 1403 323 1474 quia
348 1402 409 1455 in
438 1402 682 1471 peccatis
730 1402 870 1456 nati.
936 1403 1100 1456 Viam
1148 1404 1284 1470 ejus.
1334 1402 1528 1473 (Auo.)
1594 1402 1690 1456 Via
1720 1408 1887 1456 terra;

181 1508 301 1545 non
353 1492 515 1557 dura,
572 1491 668 1545 sed
714 1490 1038 1545 latronibus
1093 1492 1265 1561 plena
1292 1497 1410 1545 est:
1446 1492 1553 1556 vel,
1585 1489 1735 1544 viam
1780 1491 1885 1545 ho-

183 1579 362 1633 minis
390 1581 541 1632 volet
568 1580 736 1633 Deus.

2002 507 2094 553 tus
2123 504 2227 567 est,
2262 501 2381 553 loco
2415 500 2562 553 beati
2590 499 2839 569 ponitur.

2073 588 2228 642 Vens.
2261 590 2348 641 37.
2377 617 2445 627 —
2475 588 2751 656 Reliquiae.
2803 589 2958 641 Bona
3005 603 3133 659 quae
3166 595 3291 659 post
3348 590 3492 644 hanc
3521 591 3696 646 vitam

1999 676 2419 746 relinquentur,
2456 676 2541 728 vel
2577 675 2848 729 memoria
2882 676 3030 730 bona
3071 683 3199 747 post
3231 678 3471 733 obitum.
3595 680 3601 682 ⁷

2069 765 2227 818 Vens.
2288 767 2374 818 39.
2432 795 2498 804 —
2554 765 2713 819 Salus
2787 772 2964 819 autem
3024 767 3300 834 justorum
3352 783 3387 820 a
3449 770 3693 823 Domino.

1998 852 2125 906 Haec
2165 852 2359 906 omnia
2410 852 2603 921 justis.
2658 857 2841 907 totum
2885 858 3077 907 tamen
3109 870 3142 907 a
3186 855 3318 916 Deo,
3369 860 3426 909 et
3481 856 3699 927 Colligit

1995 940 2348 995 summatim.

2554 1009 2863 1064 PSALMUS
2902 1010 3143 1063 XXXVII.

2065 1119 2223 1171 Vens.
2289 1120 2343 1173 t.
2407 1144 2477 1156 —
2530 1116 2780 1170 Psalmus
2837 1115 3015 1168 David
3040 1119 3095 1169 in
3142 1119 3582 1171 rememoratione
3633 1117 3698 1173 de

1994 1205 2240 1259 sabbato.
2306 1208 2493 1274 (Auc.,
2546 1204 2723 1271 Cass.)
2784 1204 2852 1257 Ut
2907 1209 3223 1273 peccatum,
3279 1206 3429 1275 quod
3462 1222 3700 1275 prorsus

1997 1294 2197 1364 fugere
2229 1292 2556 1363 nequimus,
2590 1308 2817 1361 semper
2844 1291 2903 1344 in
2935 1292 3215 1345 memoria
3262 1292 3593 1360 habeamus,
3638 1301 3701 1350 ut

2001 1398 2106 1435 nos
2135 1382 2204 1435 ab
2236 1397 2303 1435 eo
2336 1381 2538 1434 saltem
2569 1386 2977 1450 temperemus,
3026 1381 3118 1434 hic
3148 1382 3496 1450 pcenitentiae
3522 1381 3701 1436 indu-

2000 1471 2077 1525 cit
2106 1469 2301 1524 multis
2331 1469 2517 1523 modis
2556 1471 2893 1534 cruciatum,
2922 1468 3002 1522 ita
3063 1475 3123 1521 ut
3151 1470 3340 1540 ipsum
3371 1472 3476 1525 Job
3508 1472 3703 1525 videa-

1999 1563 2096 1611 tur
2125 1572 2451 1627 proponere
2492 1555 2774 1609 tironibus
2804 1556 2864 1609 in
2895 1557 3243 1626 exemplum,
3305 1563 3367 1611 ut
3417 1559 3701 1613 cruciatus

259 1669 427 1722 vus.
486 1670 573 1720 25.
635 1698 703 1708 _
756 1669 950 1721 λαηίοτ.
1006 1669 1113 1733 fui,
1165 1672 1270 1721 em
1342 1666 1461 1737 (ιο.)
1511 1668 1735 1722 Tractat
1795 1668 1888 1721 hic
1925 1693 1965 1747 Β
2002 1647 2442 1716 amplectantur,
2484 1645 2744 1747 ‘minores
2793 1644 3321 1747 quildem\meritis,
3382 1647 3591 1716 quibus
3631 1647 3700 1701 ab

177 1756 404 1826 justum
437 1772 734 1826 nunquam
766 1755 974 1822 deseri,
1029 1756 1268 1826 praemia
1298 1756 1576 1809 bonorum
1616 1761 1669 1809 et
1696 1773 1892 1825 pmnas

185 1845 479 1899 malorum
537 1844 913 1898 commiscens
981 1861 1112 1898 cum
1170 1844 1482 1914 interjectis
1538 1845 1892 1899 adhortatio-

188 1934 383 1988 nibus.
430 1933 614 2003 (Auo.)
676 1934 918 1987 Ecclesia
959 1933 1122 2003 quasi
1176 1949 1321 1986 unus
1382 1934 1556 1987 homo
1615 1934 1890 2004 loquitur,

187 2039 321 2094 quas
354 2023 411 2075 in
452 2022 655 2093 primis
677 2022 1035 2092 temporibus
1059 2022 1260 2091 junior
1288 2021 1413 2087 fuit,
1459 2021 1520 2075 in
1548 2022 1663 2076 ﬁne
1701 2023 1895 2077 saeculi

186 2112 403 2176 senuit,
436 2114 494 2164 in
551 2116 762 2165 senecta
801 2111 975 2175 uberi,
1009 2110 1151 2181 quia
1196 2127 1299 2181 per
1337 2127 1537 2165 omnes
1573 2116 1771 2180 gentes
1802 2111 1895 2165 di-

188 2202 385 2255 latata.
451 2199 579 2270 (Io.)
626 2202 823 2254 Junior
868 2202 973 2265 fui.
1010 2201 1156 2252 Puer
1206 2200 1261 2252 in
1292 2198 1471 2263 Abel;
1532 2200 1591 2253 in
1640 2200 1894 2271 prophe-

189 2290 266 2344 tis
318 2297 375 2342 et
404 2288 743 2359 patriarchis
766 2288 1031 2357 juvenis;
1083 2293 1340 2358 tempore
1380 2294 1700 2358 martyrum
1732 2288 1897 2358 quasi

192 2393 399 2442 senex;
456 2377 518 2430 in
576 2376 691 2431 ﬁne
739 2377 940 2430 mundi
1014 2377 1178 2446 quasi
1234 2377 1293 2430 in
1365 2377 1652 2447 decrepita
1706 2382 1891 2432 aetate.

192 2464 398 2536 (Cass)
424 2467 635 2531 Iunior,
664 2466 893 2536 quando
924 2464 1087 2519 initia
1115 2465 1253 2534 legis
1309 2465 1369 2519 in
1426 2465 1609 2519 Adam
1639 2465 1915 2536 suscepi?

194 2558 370 2622 senui,
400 2571 530 2608 cum
579 2554 641 2608 in
673 2554 997 2609 honorabili
1027 2560 1192 2608 aetate
1250 2555 1318 2609 ad
1354 2555 1621 2609 ultimum
1652 2556 1900 2625 suscepit

198 2644 489 2700 Christum
500 2683 512 2696 .

274 2734 433 2786 Vsus.
465 2734 554 2785 26.
601 2761 669 2771 —
701 2734 838 2786 Tota
888 2732 977 2786 die
1020 2734 1325 2786 miseretur.
1361 2732 1478 2797 Vel,
1528 2731 1597 2785 de
1641 2732 1894 2785 eleemo-

203 2837 340 2892 syna
388 2821 544 2886 dicit,
604 2836 733 2890 quae
765 2836 796 2873 a
828 2820 1222 2874 misericordia
1252 2819 1473 2891 incipit,
1505 2826 1562 2873 et
1616 2825 1746 2890 post
1778 2836 1898 2873 ma-

206 2924 341 2962 num
364 2908 585 2979 aperit:
615 2909 722 2974 vel,
755 2907 824 2961 de
855 2908 1267 2977 spiritualibus.

2005 1741 2220 1789 aeterna
2270 1750 2437 1804 poena
2482 1733 2815 1787 liberamur.
2882 1732 3066 1802 (Auc.)
3121 1733 3429 1788 Sabbatum
3475 1740 3561 1789 est
3612 1752 3702 1790 re-

2001 1822 2163 1893 quies
2216 1822 2575 1886 seternitatis,
2635 1836 2807 1891 quam
2849 1820 3088 1889 perdere
3148 1822 3418 1876 formidat
3485 1825 3702 1892 peccati

1999 1910 2279 1973 conscius,
2313 1916 2368 1963 et
2397 1909 2608 1963 habere
2631 1909 2919 1963 desiderat
2938 1908 3187 1978 graviter
3219 1910 3481 1963 afﬂictus.

2076 2001 2240 2053 Vens.
2291 2002 2344 2052 2.
2397 2026 2462 2038 ——
2496 1998 2745 2063 Domine,
2802 2013 2865 2050 ne
2893 1999 2951 2049 in
3000 1999 3189 2063 furore
3228 2004 3317 2053 tuo
3365 2014 3568 2066 arguas
3600 2016 3699 2055 me.

2002 2087 2282 2151 Primum,
2358 2088 2549 2156 captat
2630 2084 3087 2138 misericordiam
3142 2102 3245 2156 per
3298 2103 3494 2157 poenas
3544 2103 3698 2142 sum-

2002 2176 2221 2229 matim.
2265 2176 2486 2242 Arguas
2518 2188 2616 2227 me.
2653 2172 2850 2242 (Cass)
2886 2173 2956 2226 Ut
3002 2189 3170 2242 poena
3199 2174 3274 2227 sit
3318 2190 3350 2227 a
3379 2176 3703 2231 misericor-

2002 2265 2097 2319 dia
2123 2264 2193 2318 ad
2210 2262 2641 2327 correctionem,
2676 2277 2788 2315 non
2810 2262 2879 2314 ab
2910 2261 2995 2315 ira
3026 2262 3095 2315 ad
3121 2262 3416 2317 ultionem.

2073 2353 2234 2406 Vens.
2266 2354 2316 2406 3.
2352 2381 2413 2391 --
2466 2351 2715 2417 Sagitta.
2783 2351 2964 2419 (AUG.)
3026 2350 3297 2404 Vindicta:
3329 2368 3471 2422 quas
3508 2353 3702 2408 mina-

2003 2441 2157 2496 baris
2221 2441 2380 2505 Adae,
2431 2439 2647 2492 dicens:
2703 2439 2769 2493 In
2819 2453 3154 2507 quacumque
3207 2439 3296 2494 die
3340 2441 3703 2508 comedet-itis,

2005 2534 2174 2585 morte
2202 2531 2528 2583 moriemini.
2588 2526 2732 2591 Quia
2761 2527 3029 2593 comedit,
3091 2526 3280 2581 infixae
3310 2535 3445 2583 sunt
3498 2535 3555 2584 et
3600 2546 3703 2585 no-

2005 2618 2124 2685 bis;
2157 2623 2213 2671 et
2271 2634 2386 2671 non
2417 2618 2487 2671 ad
2536 2617 2760 2681 horam,
2795 2616 2891 2669 sed
2922 2617 3278 2683 conﬁrmasti,
3336 2623 3399 2671 ut
3429 2617 3502 2672 sit
3526 2635 3703 2689 usque

2006 2706 2069 2759 in
2112 2707 2288 2759 ﬁnem
2326 2704 2536 2759 saeculi.
2589 2704 2788 2774 (Auc.,
2821 2703 2992 2770 Cass.)
3027 2704 3295 2768 Quoniam
3324 2708 3557 2774 sagittze.
3589 2709 3706 2762 Nu-

2007 2800 2191 2850 merat
2236 2810 2366 2864 quae
2396 2794 2633 2864 patitur,
2688 2799 2820 2859 etc.,
2854 2807 3020 2860 usque
3060 2792 3135 2846 ad
3163 2794 3316 2863 quod
3372 2794 3572 2850 leviter
3603 2813 3703 2866 po-
3770 2858 3774 2859 ί

2009 2888 2121 2937 test
2140 2883 2291 2936 laedi.

274 2970 431 3051 Vnus.
486 2998 575 3050 28.
637 2970 717 3036 -ν
762 2970 930 3050 Amat
969 2996 1242 3064 judicium
1296 3000 1348 3049 et
1397 3011 1504 3050 non
1564 2996 1902 3064 derelinquat
1933 2978 1974 3034 (ἶ
2015 3060 2024 3064 Δ
2084 2973 2248 3064 VB”:
2278 2972 2696 3064 ⁴’,““ζ,Ν⁰⁷²,θ⁵έ
2740 2970 2973 3064 ζςαηίίαεν
3005 2973 3336 3064 βία-’ἔθυον
3394 2974 3565 3064 ελδῗ)
3616 2975 3702 3028 ΑΙ)

199 3090 414 3139 sanctos
443 3099 585 3138 suos.
637 3084 833 3154 (ωδε.)
867 3084 1028 3139 Ideo:
1079 3090 1135 3139 et
1178 3089 1242 3138 tu
1292 3100 1440 3149 ama,
1493 3089 1556 3138 ut
1592 3084 1757 3138 bonis
1785 3085 1899 3139 tuis

202 3173 473 3242 gaudeas.

269 3262 443 3315 Vens.
511 3263 597 3315 3|.
658 3289 730 3301 —
800 3260 1335 3329 Supplantabuntur.
1396 3260 1532 3330 (Io.)
1619 3260 1900 3331 Supplan-

196 3356 343 3415 tare,
371 3355 455 3403 est
480 3350 693 3419 plantis
720 3348 909 3403 foveas
940 3348 1283 3402 insidiarum
1305 3349 1681 3419 praetendere.

272 3459 439 3511 Vens.
502 3460 588 3512 33.
651 3487 723 3496 —-
777 3459 1034 3510 Dominus
1103 3460 1280 3509 autem
1354 3454 1489 3525 (Io.)
1576 3454 1900 3510 Consolatio

198 3546 363 3617 justi.
404 3548 467 3600 In
510 3546 764 3600 manibus
802 3548 935 3616 ejus.
988 3544 1173 3615 (Avo)
1217 3545 1321 3598 Job
1360 3550 1510 3597 terra
1563 3544 1772 3598 tradita
1819 3548 1904 3599 est

204 3634 265 3687 in
295 3651 501 3688 manus
530 3634 717 3704 impii,
753 3634 811 3688 id
841 3638 944 3699 est,
979 3649 1142 3687 caro:
1197 3633 1295 3686 sed
1349 3632 1600 3687 animam
1636 3632 1902 3686 invictam

204 3723 396 3777 educit
426 3724 593 3789 Deus,
626 3739 697 3777 ne
720 3723 898 3776 cedat.

273 3813 407 3868 Cum
455 3811 820 3880 Judicabitur.
870 3808 1079 3880 (Cass)
1136 3809 1254 3874 Vel,
1285 3825 1398 3863 non
1430 3809 1713 3880 permittit
1739 3809 1900 3863 dam-

199 3901 331 3956 nari
360 3900 579 3971 justum
617 3915 747 3953 cum
791 3897 1141 3968 judicabitur
1178 3897 1275 3951 ille
1308 3898 1379 3951 ab
1418 3897 1626 3968 impio;
1660 3897 1768 3965 vel,
1818 3896 1903 3950 illi

197 3988 411 4058 impio,
434 3987 648 4041 scilicet
669 3987 737 4040 ad
762 3987 975 4040 malum
1010 3987 1151 4056 ejus.

275 4094 439 4147 Vens.
500 4096 585 4148 34.
645 4123 713 4135 -
761 4096 832 4148 Et
877 4094 1164 4147 exaltabit.
1223 4092 1350 4163 (Io.)
1423 4092 1568 4156 Quia
1626 4108 1741 4147 non
1789 4091 1900 4146 nisi

194 4183 478 4236 exaltatus
534 4182 821 4235 ccelestem
871 4184 1060 4250 potest
1124 4179 1401 4233 habitare.
1482 4180 1701 4233 Videbis
1772 4178 1898 4250 (Io.)

196 4270 368 4335 Quod
432 4271 602 4324 modo
660 4270 870 4335 credis;
928 4268 1231 4338 dupliciter
1286 4272 1447 4321 notat
1476 4268 1685 4338 gaudia
1722 4260 1976 4322 bono-D

196 4375 372 4423 rum;
403 4358 611 4428 primo,
674 4358 810 4427 quia
847 4362 981 4410 tunc
1012 4357 1260 4409 sentient
1290 4354 1346 4409 in
1408 4355 1635 4427 quantis
1666 4355 1777 4409 sint
1800 4355 1904 4426 ju-

195 4446 611 4501 cunditatibus.
642 4446 796 4509 Inde,
833 4444 968 4516 quia
998 4445 1277 4499 videbunt
1320 4460 1519 4514 pcenas
1549 4443 1903 4514 iniquorum,

196 4537 359 4590 unde
418 4535 637 4605 gratior
695 4539 782 4589 est
837 4534 1130 4588 beatitudo
1189 4532 1442 4587 liberatis
1474 4534 1544 4587 ab
1574 4532 1906 4602 bujusmodi

196 4626 381 4680 malo.

272 4732 440 4784 Vsus.
491 4732 580 4785 35.
650 4759 719 4770 —
778 4728 907 4784 Vidi
950 4729 1179 4797 impium
1235 4727 1718 4795 superemaltatum.
1781 4726 1907 4797 (Io.)

196 4820 422 4875 Contra
469 4818 597 4881 hoc,
660 4819 790 4885 etc.,
848 4831 1018 4885 usque
1075 4816 1148 4869 ad
1199 4815 1291 4869 cui
1343 4815 1582 4885 religato
1612 4815 1768 4869 locus
1806 4831 1908 4869 no-

201 4907 379 4963 cendi
404 4910 488 4959 est
518 4904 770 4960 ablatus.

278 5014 450 5066 Vsus.
494 5013 582 5065 36.
614 5040 682 5050 --
745 5011 1022 5064 Transivi.
1084 5009 1379 5074 Mundam,
1420 5008 1647 5062 meliori
1677 5024 1910 5063 conver-

195 5102 434 5158 satione
481 5099 549 5153 ad
602 5100 780 5153 Deum
824 5098 1088 5151 tendens:
1144 5102 1201 5151 et
1252 5096 1369 5151 vidi
1396 5097 1540 5151 nihil
1572 5112 1757 5167 posse,
1782 5113 1913 5152 cum

193 5187 355 5244 nihil
385 5186 579 5240 omnia
609 5185 723 5240 sint
776 5185 834 5239 in
865 5186 1074 5257 quibus
1102 5185 1277 5239 homo
1322 5185 1617 5256 gloriatur.
1656 5187 1910 5252 Quaesivi.

194 5281 272 5333 In
301 5275 643 5331 memoriam
682 5274 906 5328 reduxi:
965 5273 1101 5345 quia
1145 5273 1285 5327 boni
1331 5280 1467 5328 tunc
1500 5273 1683 5344 magis
1713 5273 1913 5328 dolent

193 5366 277 5422 de
310 5362 530 5433 impiis,
564 5362 717 5433 quod
755 5360 825 5415 ab
857 5360 939 5414 eis
979 5367 1113 5416 sunt
1158 5363 1426 5433 separati,
1460 5378 1591 5416 cum
1615 5363 1676 5417 in
1706 5363 1917 5417 melius

193 5456 617 5510 immutantur.
658 5450 844 5504 Locus.
882 5450 1094 5504 Eorum
1127 5450 1374 5504 mundus
1406 5455 1508 5517 est,
1563 5450 1663 5521 qui
1720 5456 1778 5505 et
1804 5450 1918 5505 dis-

194 5545 483 5598 solvetur.
512 5541 782 5593 Transivi.
806 5537 1249 5609 (Auc.)Transit,
1280 5538 1381 5610 qui
1410 5538 1776 5610 praesentiam
1800 5554 1919 5594 non

2011 3059 2289 3115 instantia
2306 3059 2571 3113 vindicta:
2591 3058 2649 3112 in
2674 3058 2849 3112 Adam
2871 3062 3099 3112 exertae.
3126 3060 3245 3124 Vel,
3270 3061 3476 3114 timore
3493 3062 3702 3116 futurae

2008 3151 2110 3204 ira:
2136 3154 2402 3214 terretur,
2447 3147 2527 3201 sic
2569 3154 2779 3201 utnon
2820 3145 2893 3199 sit
2948 3147 3158 3201 sanitas
3204 3148 3262 3202 in
3317 3165 3513 3203 carne:
3548 3166 3709 3204 more

2008 3236 2336 3298 verecundi,
2396 3235 2495 3305 qui
2552 3233 2759 3288 futuris
2797 3233 3039 3303 ﬂagellis
3082 3235 3205 3305 jam
3263 3237 3554 3308 afﬂigitur.
3591 3239 3709 3304 Vel,

2009 3343 2044 3381 a
2070 3328 2214 3393 facie
2250 3329 2370 3392 irae,
2406 3324 2544 3394 quia
2596 3321 2838 3393 praevidi
2886 3321 3089 3376 faciem
3135 3324 3256 3392 iraa,
3305 3325 3363 3379 id
3398 3331 3501 3392 est,
3558 3327 3709 3397 quod

2011 3413 2269 3481 minaris,
2316 3429 2386 3467 ne
2424 3412 2645 3466 videam
2678 3411 2843 3464 iram.
2896 3411 3012 3466 Non
3042 3418 3119 3467 est
3155 3429 3288 3481 pum.
3325 3414 3516 3469 Gravis
3548 3416 3713 3469 dolor

2012 3505 2082 3558 ad
2122 3502 2398 3557 interiora
2436 3501 2696 3572 pervenit
2721 3515 2755 3552 a
2809 3497 2952 3551 facie
2983 3506 3369 3568 peccatorum,
3418 3503 3557 3573 quia
3586 3520 3712 3557 sau-

2011 3600 2132 3647 ctus
2161 3607 2334 3662 super
2358 3606 2556 3661 pcenas
2586 3591 2839 3659 corporis
2887 3586 3160 3658 affligitur
3190 3591 3453 3659 peccatis,
3501 3598 3711 3661 putans

2010 3698 2067 3735 se
2100 3681 2364 3752 graviora
2412 3678 2638 3732 mereri.
2687 3681 2806 3735 Non
2862 3685 2940 3734 est
2984 3680 3214 3732 sanitas.
3273 3678 3479 3748 (Cass)
3512 3681 3717 3750 Captat

2012 3769 2104 3824 hic
2150 3768 2603 3822 misericordiam
2630 3783 2663 3820 a
2700 3771 2981 3837 potestate
3014 3767 3245 3837 judicis,
3298 3772 3353 3820 et
3382 3768 3453 3821 ab
3485 3769 3714 3825 inﬁrma

2012 3874 2277 3929 persona.
2339 3858 2456 3911 Non
2511 3860 2589 3909 est
2656 3871 2774 3922 pars
2830 3856 3058 3910 ossibus.
3134 3855 3349 3926 Accipit
3424 3873 3549 3911 ossa
3608 3876 3712 3929 pro

2013 3962 2203 3999 carne.
2237 3946 2305 3998 Et
2335 3943 2567 4013 exponit
2597 3943 2751 4013 quod
2801 3944 3040 4010 dixerat,
3095 3943 3251 3997 aliud
3300 3944 3545 3999 addens:
3604 3946 3711 4000 sci-

2014 4034 2147 4087 licet
2172 4050 2202 4086 a
2225 4034 2368 4099 facie
2393 4037 2753 4101 peccatorum.

2085 4123 2246 4175 Vsas.
2304 4124 2356 4173 5.
2406 4149 2474 4159 —
2519 4120 2891 4188 Supergressae
2942 4124 3091 4175 sunt.
3162 4119 3343 4191 (Auc.)
3393 4121 3487 4175 Vel
3515 4127 3714 4176 sustu-

2018 4212 2229 4275 leruut,
2261 4208 2319 4262 id
2354 4213 2457 4274 est,
2490 4207 2627 4278 quia
2680 4208 2954 4278 iniquitas
3004 4209 3245 4263 elevavit
3277 4214 3448 4281 caput
3479 4210 3713 4282 superbi

2014 4304 2211 4352 contra
2242 4297 2444 4363 Deum,
2476 4297 2623 4351 Deus
2654 4297 2929 4368 gravavit,
2963 4303 3026 4352 ut
3071 4297 3236 4365 fasce,
3268 4303 3322 4353 et
3381 4300 3718 4371 compressit

2011 4403 2085 4441 ne
2108 4387 2230 4456 jam
2262 4384 2534 4455 erigatur.

2088 4476 2253 4529 Vens.
2294 4477 2345 4528 6.
2378 4503 2448 4514 —
2470 4502 2541 4516 —
2578 4476 2932 4529 Putruerunt.
2972 4473 3167 4545 (Cass)
3203 4475 3485 4541 Narratio,
3515 4476 3576 4530 in
3604 4492 3720 4546 qua

2016 4566 2429 4618 emuuerantur
2500 4562 2767 4616 miserim.
2819 4564 3108 4619 Cicatrices
3164 4579 3309 4618 mea.
3374 4563 3572 4635 (Auo.)
3622 4564 3716 4617 Vel

2015 4655 2204 4709 livores
2253 4653 2385 4719 mei;
2436 4651 2547 4705 alia
2578 4652 2788 4718 littera,
2848 4651 2907 4705 id
2966 4656 3071 4718 est,
3123 4656 3354 4722 peccata
3392 4668 3539 4708 mea.
3595 4653 3719 4707 Non

2016 4746 2101 4796 est
2132 4757 2305 4795 sanus
2360 4740 2461 4811 qui
2511 4741 2799 4794 cicatrices
2850 4740 3043 4807 habet,
3104 4757 3232 4811 qua:
3264 4746 3613 4811 putruerunt
3665 4745 3721 4795 et

2012 4831 2220 4885 fetant:
2248 4833 2311 4883 ut
2337 4830 2409 4883 ab
2442 4829 2525 4883 eis
2545 4829 2727 4883 aversi
2749 4828 3059 4883 adoremus
3096 4829 3419 4895 sabbatum,
3444 4836 3500 4884 et
3528 4847 3718 4901 gema-

2017 4934 2173 4973 mus:
2208 4920 2491 4974 Currentes
2530 4933 2648 4972 cum
2677 4932 2870 4987 sponso
2896 4922 3018 4986 post
3046 4917 3261 4971 odorem
3306 4925 3717 4986 unguentorum.

2090 5008 2259 5062 Vens.
2290 5012 2341 5062 7.
2390 5036 2459 5045 -—
2506 5009 2671 5062 Miser
2713 5009 2895 5073 factus
2952 5022 3089 5061 sum.
3144 5008 3270 5077 (Io.)
3329 5008 3484 5062 Dicto
3533 5008 3719 5079 quali-

2018 5097 2149 5151 liter
2175 5096 2507 5167 iniquitates
2548 5111 2954 5167 supergressee,
2989 5095 3127 5150 dicit
3172 5097 3463 5167 quomodo
3520 5114 3718 5168 aggra-

2020 5191 2187 5240 vates.

2092 5274 2257 5327 Vens.
2294 5275 2347 5326 8.
2386 5301 2455 5313 —
2485 5272 2749 5337 Quoniam
2802 5271 2989 5326 lumbi.
3025 5271 3225 5342 (Cass,
3268 5271 3436 5343 Anc.)
3471 5274 3594 5327 Non
3628 5289 3720 5327 so-

2023 5362 2145 5416 lum
2192 5376 2320 5415 mea
2373 5359 2708 5414 inﬁrmitate
2754 5376 2948 5431 pecco,
2995 5360 3093 5414 sed
3149 5350 3229 5415 et'
3278 5359 3561 5427 diabolus,
3622 5362 3723 5433 qui

2025 5464 2236 5520 corpus
2278 5447 2482 5518 afﬂigit
2538 5452 2596 5501 et
2647 5446 2903 5501 animam
2944 5447 3149 5518 fatigat
3172 5448 3332 5501 vanis
3361 5447 3724 5519 imaginatio-

2026 5538 2226 5603 nibus;
2258 5542 2315 5591 et
2350 5552 2454 5606 per
2500 5535 2608 5589 hoc
2637 5551 2751 5589 non
2787 5540 2872 5590 est
2926 5535 3133 5591 iterum
3187 5537 3425 5603 sanitas,
3482 5538 3628 5594 sicut
3668 5544 3727 5593 et
