4034 6180
387 311 489 364 899

1038 305 1430 360 WALAFRIDI
1469 303 1720 360 STRABI
1761 303 1959 360 FULD.
2002 302 2163 359 MON.
2203 300 2356 357 ΟΡΡ.
2403 301 2575 356 PARS
2613 300 2654 354 I.
2695 328 2764 343 ~——
2804 297 3263 354 TIIEOLOGICA.

3793 300 3898 350 900

366 447 564 504 'supra
620 448 724 503 per
771 430 1034 502 sagittas.
1073 430 1254 500 (Δυσ.)
1303 429 1515 496 Lumbi,
1571 429 1681 496 vel,
1747 427 1938 483 anima
1967 428 2074 482 im-
2105 428 2146 480 Α
2189 441 2317 480 cum
2350 442 2417 480 eo
2458 422 2778 490 crucifixus,
2812 422 2904 477 hic
2947 426 3140 477 autem
3171 420 3231 476 in
3260 436 3505 492 persona
3555 420 3794 492 propria
3820 423 3900 474 lo-

389 523 543 594 pleta
571 527 675 588 est,
704 527 833 589 etc.,
893 533 1062 587 usque
1116 519 1190 572 ad
1245 533 1374 572 cum
1433 518 1754 574 videbimus
1783 517 2081 572 veritatem

391 615 457 666 ut
476 616 580 664 est.

463 719 646 771 Vens.
681 718 732 769 9.
767 746 833 754 —
885 715 1237 781 Rugiebama
1281 716 1502 782 gemitu.
1539 713 1735 784 (Cass.,
1769 712 1932 783 Avo.)
1983 715 2084 768 Ge-

391 807 553 860 mitus
607 804 795 867 corde,
824 809 1038 872 rugitus
1065 820 1229 857 voce:
1265 819 1298 856 a
1327 802 1703 856 similitudine
1746 801 2079 867 bestiarum,

391 893 598 964 quibus
632 909 688 944 se
720 897 1051 962 comparat:
1109 896 1174 945 ut
1203 891 1403 944 fortior
1435 894 1682 962 gemitus
1715 890 2076 944 ostendatur:

385 982 566 1035 virtus
595 980 888 1052 patientiae
919 980 1070 1052 quod
1098 980 1156 1033 in
1183 979 1481 1050 gemitum,
1506 994 1620 1032 non
1650 978 1711 1032 in
1742 977 1913 1032 verba
1941 993 2084 1048 pro-

387 1069 621 1141 rumpit.

457 1177 620 1231 Vens.
659 1178 743 1231 10.
777 1207 843 1215 -
873 1176 1017 1230 Ante
1063 1179 1112 1230 te
1151 1189 1316 1228 omne.
1353 1172 1561 1245 (Cass.)
1589 1172 1720 1226 Tale
1776 1175 1880 1239 est,
1929 1171 2081 1242 quod

389 1271 646 1320 meretur
677 1282 796 1319 esse
822 1269 948 1318 ante
999 1269 1077 1328 te,
1104 1263 1239 1333 quia
1270 1279 1374 1333 pro
1424 1262 1667 1332 peccatis
1697 1261 1858 1331 petit.
1891 1259 2082 1331 (AUG.)

390 1361 448 1408 et
475 1353 606 1408 ideo
647 1369 754 1407 non
809 1357 885 1406 est
939 1351 1314 1417 absconditus,
1374 1350 1471 1404 sed
1537 1349 1767 1404 auditus
1815 1349 2080 1418 gemitus,

387 1443 524 1515 quia
578 1441 706 1513 pius
764 1445 848 1495 est
906 1457 1008 1511 pro
1059 1439 1395 1494 liberatione
1451 1438 1688 1492 animae:
1765 1437 1907 1492 alios
1971 1453 2086 1492 non

368 1535 548 1585 -curat
580 1532 748 1584 Deus.
803 1529 1136 1583 Desiderium
1193 1543 1383 1581 meum.
1422 1526 1546 1596 (1ο.)
1609 1529 1698 1580 Est
1736 1526 1938 1594 oratio,
1978 1543 2084 1581 nec

388 1635 645 1690 unquam
689 1617 900 1672 desinit
928 1634 1090 1671 orare
1116 1616 1216 1687 qui
1261 1632 1376 1669 non
1408 1615 1617 1670 desinit
1652 1631 1873 1670 amare:
1903 1615 2084 1670 chari-

389 1715 473 1763 tas
505 1710 716 1761 clamor
746 1713 848 1760 est.

460 1816 620 1867 Vens.
659 1817 740 1867 ll.
783 1843 839 1851 —
897 1813 1010 1866 Cor
1056 1827 1227 1864 meum
1295 1810 1671 1865 conturbatum
1736 1815 1834 1864 est.
1885 1810 2081 1880 (Cass.)

391 1902 634 1972 Exponit
662 1901 888 1955 dolores
910 1900 1112 1965 animi,
1144 1899 1280 1970 quia
1311 1899 1486 1952 virtus
1511 1899 1804 1970 patientia:
1829 1899 2078 1970 reliquit.

389 1990 799 2054 Conturbatum,
869 1990 1004 2059 quia
1057 2005 1220 2042 mens
1273 1988 1574 2042 succubuit
1629 1987 1883 2058 passioni
1939 2004 2077 2042 sum.

389 2080 610 2143 Lumen,
644 2077 700 2131 id
733 2082 835 2144 est,
868 2077 1009 2131 ratio
1041 2091 1224 2147 nuper
1254 2076 1501 2142 turbata,
1533 2092 1708 2147 quam
1757 2092 1874 2130 non
1914 2076 2084 2131 habet

390 2183 582 2222 secum
606 2183 709 2237 pro
730 2166 1062 2236 ingentibus
1086 2165 1380 2218 molestiis.

460 2272 626 2326 Vens.
710 2273 792 2324 l2.
859 2299 928 2310 —
981 2271 1166 2324 Amici
1214 2273 1320 2324 mei
1381 2275 1432 2323 et
1488 2271 1752 2339 proximi.

387 2375 495 2430 pro
525 2359 614 2414 his
641 2359 866 2413 duobus
919 2359 1132 2412 solatiis
1162 2358 1374 2428 gaudet
1425 2359 1771 2423 humanitas,
1803 2357 1900 2412 sed
1949 2357 2082 2410 huic

387 2453 520 2502 sunt
547 2448 810 2503 cumulus
839 2447 1137 2518 passionis.
1174 2446 1358 2515 (Αυσ.)
1393 2449 1574 2501 Amici
1625 2449 1746 2501 mei.
1802 2447 2080 2500 Hactenus

386 2537 672 2592 confessus
710 2542 795 2590 est
824 2552 953 2607 qua:
991 2535 1208 2606 patitur
1233 2552 1264 2588 a
1309 2551 1370 2589 se
1417 2534 1594 2600 intus,
1626 2540 1756 2600 etc.,
1797 2548 1966 2603 usque
2006 2533 2082 2587 ad

385 2630 444 2680 et
467 2626 589 2680 huic
627 2626 797 2680 etiam
850 2626 1058 2695 cuique
1082 2624 1332 2678 versanti
1366 2623 1515 2678 inter
1555 2623 1816 2678 homines
1866 2638 2077 2677 conve-

385 2713 491 2769 nit.

455 2812 535 2866 Va
547 2825 632 2865 ns.
671 2811 752 2865 14.
781 2840 846 2850 -
881 2811 1164 2877 Tanquam
1191 2807 1397 2863 surdus
1423 2823 1528 2862 non
1548 2806 1862 2875 audiebant,
1896 2812 1947 2861 et
1971 2809 2076 2862 sic-

382 2901 447 2954 ut
463 2904 643 2953 mutus
665 2915 769 2952 non
806 2900 1055 2968 aperiens
1075 2911 1132 2952 os
1179 2912 1355 2951 suum.
1414 2897 1612 2968 (Cass.)
1668 2896 1752 2950 Ad
1800 2895 2077 2966 iniquita-

1835 2268 1959 2340 (ln.)
2019 2270 2083 2322 Et

2193 514 2409 585 quitur.

2727 645 3042 702 PSALMUS
3082 645 3354 701 XXXVIII.

2265 782 2425 836 Vens.
2486 783 2533 834 1.
2587 809 2658 820 -
2715 780 2788 832 In
2837 781 3015 848 ﬁnem.
3069 777 3250 847 (Αυσ.)
3317 776 3464 840 Quia
3530 775 3624 830 hic
3683 781 3769 830 est
3829 776 3902 828 de

2194 875 2407 923 (eterna
2431 867 2803 932 beatitudine,
2838 884 2940 938 pro
2972 883 3084 937 qua
3107 865 3428 938 jucundum
3459 871 3547 918 est
3584 865 3902 931 transilire,

2191 959 2296 1014 etsi
2317 973 2485 1029 grave
2515 956 2590 1010 sit
2618 955 2796 1010 carni.
2831 957 3004 1010 Docet
3034 961 3227 1008 autem
3255 953 3387 1008 inde
3440 953 3512 1008 de
3569 953 3793 1006 mundo
3825 955 3899 1007 ad

2196 1049 2374 1102 Deum
2420 1045 2684 1100 transire.
2719 1045 3057 1098 Transilitor
3086 1048 3280 1097 autem
3313 1043 3382 1098 de
3433 1044 3584 1097 bona
3617 1042 3901 1113 opinione

2192 1151 2420 1206 semper
2457 1133 2742 1188 contrahit
2762 1133 3037 1187 invidiam
3063 1132 3393 1204 iniquorum
3424 1138 3482 1186 et
3500 1132 3852 1185 calumniam
3883 1149 3900 1185 :

2192 1225 2344 1278 unde
2403 1223 2678 1278 deliberat
2730 1223 2879 1276 inter
2934 1223 3114 1275 malos
3165 1228 3370 1286 tacere,
3440 1236 3512 1274 ne
3567 1221 3708 1290 quid
3746 1220 3901 1274 dicat

2193 1313 2361 1366 male.
2412 1311 2689 1367 Idithunx
2719 1311 2840 1382 (10.)
2895 1309 3242 1364 Transiliens
3289 1325 3408 1378 eos,
3455 1309 3513 1362 id
3568 1314 3676 1375 est,
3709 1324 3902 1361 rema-

2192 1405 2394 1454 nentes
2421 1399 2476 1453 in
2536 1397 2770 1453 mundo.
2833 1397 3030 1468 (Cass.)
3090 1397 3152 1451 In
3202 1395 3402 1467 primis
3434 1397 3503 1450 de
3533 1397 3901 1450 continentia

2193 1489 2407 1559 linguae
2454 1488 2606 1542 inter
2660 1487 3023 1556 blasphomos
3075 1491 3132 1539 et
3169 1484 3594 1539 calumniosos:
3626 1485 3783 1538 unde
3839 1491 3904 1538 et

2194 1580 2353 1646 optat
2381 1593 2607 1630 noscere
2637 1578 2830 1635 linem.
2868 1576 2962 1629 ubi
2999 1575 3119 1628 haec
3138 1591 3251 1628 non
3281 1579 3435 1628 sunt.

2265 1667 2422 1720 Vens.
2491 1669 2544 1719 2.
2605 1695 2672 1708 -
2740 1667 2902 1719 Dixi:
2973 1663 3284 1720 Custode
3346 1665 3468 1717 vias
3542 1677 3718 1729 meas,
3784 1668 3898 1716 etc.

2193 1754 2376 1819 (Auc.,
2422 1754 2600 1822 Cass.)
2660 1753 2848 1806 Monet
2894 1751 2986 1805 hic
3037 1751 3292 1822 psalmus
3320 1751 3471 1804 inter
3499 1750 3905 1820 blasphemas,

2191 1839 2438 1911 iniquos,
2471 1845 2528 1894 et
2569 1839 2955 1894 calumniosos
3003 1839 3217 1909 lingua:
3247 1838 3688 1902 continentiam,
3717 1845 3906 1891 certa-

2194 1930 2368 1997 mina,
2399 1931 2567 1993 rixas,
2601 1927 3014 1999 comprimere:
3079 1928 3187 1981 hoc
3241 1927 3395 1981 enim
3422 1927 3722 1980 silentium
3747 1927 3900 1979 mul-

2189 2022 2312 2072 tum
2358 2023 2444 2074 ost
2490 2017 2645 2072 utile.
2679 2017 2874 2086 (Cass.)
2911 2016 3087 2070 Dixit:
3130 2015 3190 2070 in
3225 2015 3391 2070 corde
3418 2015 3764 2070 deliberavi:
3800 2016 3900 2068 ubi

2189 2107 2476 2178 sapientes
2525 2107 2684 2176 prius
2732 2105 3075 2173 deliberant,
3131 2120 3305 2174 quam
3368 2103 3703 2175 loquantur.
3766 2105 3896 2158 Vias

2188 2197 2398 2265 (HIER.)
2434 2195 2496 2249 Id
2525 2200 2625 2261 est,
2671 2194 2924 2248 actiones
2971 2199 3028 2247 et
3057 2193 3244 2247 verba.
3311 2193 3380 2246 Ut
3409 2209 3525 2246 non
3553 2193 3890 2263 delinquam

2187 2302 2292 2356 per
2313 2285 2487 2350 fatua,
2517 2283 2605 2337 vel
2636 2283 2839 2337 otiosa.

2260 2374 2331 2426 In
2357 2374 2570 2440 lingua.
2603 2371 2789 2442 (AUG.)
2822 2372 2945 2426 Non
2983 2370 3194 2424 frustra
3239 2375 3325 2423 est
3350 2369 3543 2437 lingua
3588 2369 3650 2423 in
3686 2370 3887 2422 verbo:

2190 2463 2326 2532 quia
2355 2462 2518 2515 facile
2565 2460 2792 2515 labitur.
2855 2462 3015 2514 Posui
3067 2460 3153 2513 ori
3196 2474 3326 2512 meo.
3356 2460 3666 2528 Postquam
3701 2465 3892 2511 trans-

2189 2549 2266 2603 ivi
2332 2555 2590 2604 terrenas
2643 2548 3062 2614 delectationes,
3121 2552 3252 2612 etc.,
3306 2562 3476 2615 usque
3540 2547 3616 2600 ad
3674 2547 3891 2601 docens

2190 2656 2290 2693 nos
2320 2655 2516 2692 cavere
2563 2639 2669 2692 hoc
2702 2653 2818 2692 non
2879 2637 3112 2691 imitari.
3156 2635 3351 2707 (Cass.)
3385 2637 3548 2690 Posui
3602 2651 3796 2706 usque
3822 2652 3892 2689 eo

2188 2727 2343 2800 quod
2372 2727 2659 2796 obmutui,
2693 2733 2827 2794 etc.,
2857 2741 3027 2795 usque
3055 2725 3130 2779 ad
3156 2724 3257 2796 qui
3302 2741 3531 2778 causam
3561 2726 3894 2779 contentio-

2189 2818 2276 2870 nis
2305 2816 2529 2888 quaerit.

2259 2907 2423 2959 Vens.
2477 2907 2527 2959 3.
2590 2935 2659 2944 —
2708 2903 2757 2958 A
2819 2903 2988 2970 bonis,
3052 2906 3105 2956 et
3146 2901 3301 2956 dolor
3354 2915 3521 2967 meus,
3582 2905 3690 2954 etc.
3761 2900 3900 2968 (10.)

381 2992 498 3042 tem
528 2987 951 3041 consulentium
1005 3002 1119 3040 ηοῐι
1147 2986 1428 3056 aperiens.
1464 2990 1604 3052 θωο,
1632 2999 1802 3055 usque
1843 2985 1918 3039 ad
1941 3001 2076 3039 0011-
2111 3003 2152 3058 c
2191 2992 2630 3058 Annuntiandis,
2664 2998 2792 3056 etc.,
2846 3006 3018 3060 usque
3061 2990 3136 3044 ad
3173 2990 3228 3044 id
3273 2994 3378 3055 est,
3414 2988 3899 3057 transilientium,

381 3081 471 3131 tra
485 3077 712 3131 dolores
741 3074 994 3146 corporis
1031 3073 1311 3145 rugiebat.

455 3174 614 3227 Vens.
653 3176 736 3228 l6.
786 3201 860 3214 —
912 3173 1174 3238 Quoniam
1203 3175 1262 3225 in
1323 3176 1391 3234 te,
1421 3173 1643 3224 Domine
1697 3172 1934 3240 speravi,
1966 3173 2072 3224 etc.

381 3261 503 3331 (Ic.)
560 3260 703 3325 Quia
755 3261 906 3313 inter
949 3265 1034 3313 tot
1081 3260 1231 3314 mala
1293 3259 1538 3330 speravit
1588 3258 1649 3312 in
1683 3259 1942 3325 Domino,
1993 3258 2074 3312 af-

378 3349 570 3404 ﬁrmat
617 3365 674 3402 se
718 3348 1069 3402 audiendum
1127 3348 1187 3401 in
1237 3346 1782 3402 commemoratione
1804 3348 2074 3401 emenda-

379 3437 572 3490 tionis.
625 3437 870 3504 Speraui.
931 3435 1205 3489 Salutaris
1263 3435 1546 3490 medicina
1574 3435 1758 3497 malis,
1819 3451 2069 3506 sperare,

378 3541 496 3578 non
542 3524 803 3578 deiicere.
855 3525 918 3578 In
967 3528 1041 3590 te,
1094 3524 1342 3591 Domine,
1392 3523 1492 3595 qui
1546 3527 1736 3578 mutas
1793 3522 1984 3578 tristia
2013 3524 2072 3578 in

378 3613 528 3667 laeta.
1695 3683 1700 3688 1

448 3719 610 3772 Vens.
687 3719 768 3772 l7.
815 3747 883 3757 --
942 3717 1081 3784 Quia
1139 3716 1291 3772 dixi:
1344 3719 1424 3773 Ne
1496 3717 1712 3788 quando
1778 3734 2074 3788 supergau-

376 3806 539 3861 deant
568 3806 705 3861 mihi
727 3807 938 3860 inimici
963 3809 1086 3860 mei.
1149 3805 1346 3877 (AUG.)
1397 3806 1540 3860 Item
1591 3811 1763 3877 caput
1794 3807 1863 3861 de
1915 3807 2072 3860 inﬁr-

377 3895 486 3949 mis
539 3894 800 3966 pedibus,
845 3909 976 3948 cum
1033 3893 1104 3948 sit
1159 3893 1218 3948 in
1273 3894 1434 3949 caelo.
1498 3895 1619 3949 Non
1677 3895 1889 3950 deserit
1929 3895 2068 3950 illud

377 3981 530 4054 quod
580 3981 750 4035 habet
793 3981 1056 4035 interra.
1119 3983 1259 4034 Dum
1314 3986 1707 4036 commoventur
1755 3983 1915 4051 pedes
1945 3985 2066 4036 mei.

376 4069 569 4139 (Cass)
619 4068 676 4123 Si
724 4071 1160 4122 commoventur
1205 4067 1512 4138 aliquando
1544 4069 1798 4123 humana
1826 4069 2070 4124 intirmi-

378 4163 510 4223 tate,
545 4157 786 4211 irrident
814 4157 977 4227 impii
1009 4155 1161 4210 unde
1182 4156 1377 4210 dolent
1408 4156 1509 4227 pii.

444 4263 606 4316 Vens.
654 4265 738 4317 18.
789 4292 860 4301 —
916 4264 1149 4317 Paratus
1199 4277 1338 4316 sum.
1401 4262 1528 4334 (Ιυ.)
1579 4261 1772 4318 Sciens
1824 4279 1916 4318 me
1973 4263 2066 4318 de-
2096 4283 2140 4337 ι)

374 4350 633 4421 liquisse.
693 4351 880 4417 Dolor,
939 4351 1076 4419 quia
1131 4349 1401 4422 deliquit:
1428 4351 1642 4422 impius
1698 4369 1759 4406 se
1783 4352 2066 4420 defendit;

367 4440 556 4512 justus
583 4445 784 4494 contra
812 4456 870 4494 se
900 4439 1180 4496 irascitur.

443 4546 610 4600 Vens.
666 4548 748 4600 l9.
809 4575 879 4585 —
951 4545 1212 4612 Quoniam
1264 4547 1613 4616 iniquitatem
1678 4562 1868 4602 meam.
1929 4546 2066 4617 (In)

375 4635 496 4689 Duo
543 4632 700 4688 modi
743 4633 1009 4704 perfectae
1061 4633 1437 4704 poenitentiae,
1466 4633 1742 4690 confessio
1771 4639 1828 4690 et
1865 4651 2068 4691 emen-

373 4723 553 4791 datio,
582 4737 686 4793 per
713 4721 902 4789 ﬂetus,
935 4723 1345 4794 eleemosynas,
1377 4728 1434 4778 et
1461 4723 1808 4795 hujusmodi.

441 4831 609 4886 Vens.
661 4831 748 4885 20.
809 4858 880 4872 —
947 4832 1168 4885 Vivunt.
1233 4831 1422 4900 (Auc.)
1490 4832 1778 4886 Fruuntur
1824 4803 2063 4900 mundo,

372 4919 588 4974 ﬁrmati
638 4918 700 4973 in
721 4917 1031 4986 mundatis,
1055 4925 1112 4973 et
1134 4920 1394 4990 quotidie
1424 4919 1619 4992 plures
1647 4921 1814 4976 ﬁunt.

441 5025 605 5081 Vens.
665 5026 754 5081 22.
817 5053 889 5068 -—
951 5027 1031 5082 Ne
1079 5025 1444 5096 derelinquas.
1504 5025 1628 5097 ([0.)
1706 5027 1783 5081 De
1837 5031 2068 5098 prmter-

370 5113 465 5168 itis
490 5113 802 5176 absolutus,
827 5129 958 5167 cum
995 5113 1217 5167 actione
1244 5114 1560 5184 gratiarum
1590 5119 1880 5168 auctorem
1912 5117 2065 5170 salu-

369 5203 441 5258 tis
472 5202 748 5273 proﬁtens
801 5203 999 5267 Deum,
1040 5201 1205 5256 lmtus
1237 5202 1512 5256 exclamat
1539 5218 1610 5257 ne
1625 5203 1746 5274 jam
1777 5203 2066 5275 relinqua-

369 5296 479 5344 tur.
517 5289 712 5360 (Cass)
745 5288 886 5353 Quia
913 5289 1142 5359 gravior
1171 5290 1410 5344 offensio
1442 5296 1568 5362 post
1595 5292 1840 5346 veniam.
1873 5292 2064 5363 (AUG.)

370 5377 718 5432 Exsultativa
745 5376 1055 5439 conclusio,
1090 5381 1156 5432 ut
1179 5383 1332 5432 certa
1352 5394 1481 5450 spes
1510 5379 1584 5434 sit
1613 5379 1991 5435 imitantibus.

440 5467 517 5522 Ne
576 5465 887 5520 discesseris
929 5480 964 5519 a
1037 5481 1138 5520 me.
1191 5467 1486 5531 Quomodo
1545 5484 1680 5540 ergo
1737 5484 1939 5540 supra:
1998 5471 2067 5526 Ut

369 5553 506 5624 quid
557 5568 641 5608 me
685 5551 1070 5620 dereliquisti?
1110 5553 1223 5608 Vox
1282 5559 1368 5608 est
1416 5557 1622 5611 veteris
1669 5557 1923 5613 hominis
1963 5558 2066 5630 qui

2188 3085 2410 3138 locutus
2441 3097 2594 3136 sum.
2657 3080 2844 3152 (Αυο.)
2885 3079 3044 3144 Quod
3096 3084 3199 3140 est,
3252 3078 3414 3132 malis
3463 3078 3675 3132 invitus
3729 3078 3899 3147 silui,

2186 3176 2314 3237 etc.,
2344 3185 2513 3239 usque
2541 3169 2616 3223 ad
2644 3175 2702 3223 ct
2731 3169 2779 3222 si
2809 3173 2964 3222 actus
3002 3165 3376 3222 transilientis
3405 3166 3621 3237 aliquid
3653 3172 3813 3221 sunt.

2255 3260 2416 3314 Vens.
2469 3264 2520 3312 t.
2547 3287 2621 3298 —-
2673 3257 2962 3311 Concaluit
3006 3271 3098 3310 cor
3142 3270 3318 3311 meum
3353 3257 3503 3308 intra
3539 3269 3638 3308 me.
3690 3254 3902 3324 (AL-rh)

2182 3347 2238 3402 Si
2269 3346 2639 3402 damnabitur
2678 3345 2864 3417 piger,
2893 3350 3037 3412 etc.,
3095 3359 3267 3414 usque
3295 3343 3370 3398 ad
3423 3343 3488 3397 tit
3531 3359 3737 3397 avarus
3765 3344 3897 3397 dis—

2181 3441 2470 3508 pensator.

2256 3528 2414 3580 Vens.
2446 3527 2592 3578 5.—
2639 3525 2870 3579 Locutus
2923 3537 3101 3578 suum.
3162 3519 3286 3593 (Ιο.)
3333 3521 3456 3576 Non
3481 3521 3728 3575 auditori
3753 3538 3898 3577 eru-

2179 3614 2408 3680 diendo,
2444 3612 2543 3668 sed
2573 3611 2895 3668 exauditori
2929 3612 3064 3676 Deo,
3097 3626 3130 3663 a
3173 3625 3288 3680 quo
3323 3608 3479 3662 intus
3524 3607 3749 3663 audior.
3804 3611 3898 3666 Et

2177 3717 2459 3756 numerum
2506 3701 2714 3756 dierum
2763 3715 3018 3754 meorum.
3070 3696 3275 3769 (Ηιεει.)
3314 3698 3594 3752 Numerus
3626 3697 3890 3766 dierum,

2180 3790 2279 3861 qui
2319 3790 2491 3846 modo
2521 3795 2676 3854 sunt,
2735 3805 2855 3843 non
2895 3792 2982 3843 est
3036 3803 3168 3842 vere
3216 3785 3590 3854 transilienti;
3632 3787 3894 3843 haerenti

2181 3884 2368 3932 autem
2401 3894 2521 3933 esse
2555 3877 2798 3932 videtur.

2251 3968 2419 4022 Vens.
2453 3969 2503 4021 6.
2549 3997 2619 4009 —
2645 3970 2775 4022 Ecce
2813 3965 3220 4020 mensurabiles.
3273 3963 3466 4033 (Cass.)
3501 3963 3694 4029 Quasi,
3740 3971 3890 4020 noto

2178 4056 2314 4123 ﬁne,
2347 4061 2402 4111 et
2435 4055 2636 4110 diebus
2688 4054 2788 4127 qui
2837 4059 2990 4123 sunt,
3023 4052 3270 4108 attendit
3320 4053 3390 4106 ad
3423 4053 3544 4107 haec
3578 4068 3709 4123 quae
3746 4054 3890 4108 reli-

2179 4143 2325 4216 quit,
2357 4148 2413 4200 et
2436 4148 2732 4215 comparat
2753 4141 3016 4197 invicem.
3051 4145 3120 4197 Et
3148 4141 3476 4205 substantia,
3508 4143 3619 4195 etc.
3682 4141 3885 4212 (AUG.)

2178 4231 2288 4298 Qui
2341 4232 2494 4288 videt
2535 4232 2680 4286 nihil
2737 4247 2857 4286 esse
2907 4231 3055 4286 hanc
3092 4229 3493 4295 substantiam,
3525 4232 3657 4297 etc.,
3706 4246 3887 4300 usque

2177 4321 2252 4376 ad
2279 4337 2408 4393 quas
2440 4325 2570 4376 ante
2593 4326 2648 4375 te
2679 4320 2804 4374 erit.

2245 4410 2404 4464 Vens.
2437 4413 2488 4464 7.
2540 4439 2610 4450 —
2664 4409 2861 4463 Verum
2907 4410 3104 4460 tamen.
3138 4404 3339 4476 (Cass)
3388 4405 3599 4460 Videns
3659 4406 3876 4462 adven-

2174 4500 2299 4552 tum
2329 4497 2560 4565 Christi,
2617 4497 2765 4552 redit
2811 4496 2880 4551 ad
2923 4494 3320 4550 infirmitatem
3354 4511 3528 4566 quam
3580 4495 3736 4550 inter
3763 4498 3877 4551 vir-

2173 4589 2326 4640 tutes
2354 4583 2544 4639 habet.
2570 4583 2756 4652 (Acca)
2804 4583 3006 4653 Magna
3055 4585 3188 4635 sunt
3217 4597 3347 4652 quae
3391 4581 3642 4635 diximus
3665 4588 3724 4636 et
3755 4600 3876 4637 cre-

2175 4673 2393 4740 dimus;
2421 4671 2522 4726 sed
2578 4676 2773 4726 tamen
2824 4686 2940 4725 non
2968 4674 3052 4724 est
3090 4669 3231 4724 illud
3262 4675 3563 4739 aeternum,
3610 4671 3710 4725 sed
3746 4672 3874 4726 uni-

2173 4777 2336 4816 versa
2382 4759 2622 4815 vanitas.
2676 4760 2740 4813 Et
2790 4775 2895 4830 pro
2939 4757 3318 4812 mutabilitate
3347 4757 3678 4813 desiderans
3707 4766 3874 4814 mter-

2175 4865 2332 4915 nam,
2377 4848 2682 4919 exprobrat
2733 4847 3004 4902 humanm
3036 4845 3190 4916 vitae,
3219 4845 3312 4900 cui
3361 4845 3577 4912 subest,
3608 4849 3766 4918 quod
3799 4849 3878 4903 di-

2174 4939 2269 4992 cit.
2306 4937 2386 4993 Ne
2436 4937 2564 5010 quis
2610 4940 2772 5008 putet
2821 4940 3045 4990 sanctos
3092 4953 3125 4989 a
3170 4934 3584 4989 tentationibus
3631 4936 3876 4990 alienos.

2175 5027 2292 5093 Vel,
2343 5025 2475 5081 licet
2526 5021 2940 5087 mensurabiles
2976 5022 3116 5092 dies,
3150 5021 3282 5076 licet
3326 5021 3667 5088 substantia,
3703 5023 3875 5077 nihil:

2173 5122 2367 5171 tamen
2413 5115 2678 5169 universa
2733 5111 2955 5167 vanitas
3004 5116 3089 5166 est
3137 5110 3198 5166 in
3265 5109 3534 5164 rationali
3593 5117 3874 5176 creatura,

2176 5221 2306 5277 quas
2363 5202 2679 5258 secundum
2735 5200 2989 5256 diversos
3033 5199 3359 5255 universam
3406 5199 3630 5270 appetit
3663 5209 3874 5255 creatu-

2176 5309 2320 5348 ram.
2389 5294 2787 5347 Veruntamem.
2843 5288 3114 5354 Quamvis
3169 5287 3399 5343 aeternis
3484 5287 3664 5353 inhio,
3747 5296 3869 5356 etc.,

2175 5397 2347 5452 usque
2391 5380 2466 5435 ad
2495 5380 2658 5452 cujus
2689 5378 3043 5434 conversatio
3071 5377 3132 5433 in
3171 5377 3326 5433 caelis
3357 5381 3456 5430 est.
3482 5377 3673 5433 Omnis
3702 5377 3867 5432 homo.

2179 5469 2356 5542 (Αοα.)
2415 5468 2477 5525 Si
2506 5469 2712 5535 malus,
2767 5467 2828 5522 in
2879 5465 3244 5522 smeularibus
3273 5480 3454 5520 vanos
3502 5470 3616 5533 est;
3677 5467 3726 5520 si
3772 5467 3867 5521 bo-

2178 5574 2304 5623 nus,
2334 5572 2464 5611 cum
2485 5555 2708 5612 Christo
2737 5553 2950 5636 volenti
2978 5570 3122 5622 esse,
3143 5569 3290 5610 vana
3325 5557 3409 5608 est
3448 5553 3582 5607 vita.
