  <div class='ocr_page' id='page_1' title='image "/cluster/home/n/w/nwhite01/storage/ocr_20150623/113/hvd.32044054759782/456.png"; bbox 0 0 4082 6184; ppageno 0'>
   <div class='ocr_carea' id='block_1_1' title="bbox 217 295 317 346">
    <p class='ocr_par' dir='ltr' id='par_1_1' title="bbox 217 295 317 346">
     <span class='ocr_line' id='line_1_1' title="bbox 217 295 317 346; baseline 0.01 -1"><span class='ocrx_word' id='word_1_1' title='bbox 217 295 317 346; x_wconf 75' lang='grc'><strong><em>901</em></strong></span> 
     </span>
    </p>
   </div>
   <div class='ocr_carea' id='block_1_2' title="bbox 1352 297 2604 358">
    <p class='ocr_par' dir='ltr' id='par_1_2' title="bbox 1352 297 2604 358">
     <span class='ocr_line' id='line_1_2' title="bbox 1352 297 2604 358; baseline 0.002 -5"><span class='ocrx_word' id='word_1_2' title='bbox 1352 297 1603 354; x_wconf 80' lang='lat' dir='ltr'><strong><em>GLOSSA</em></strong></span> <span class='ocrx_word' id='word_1_3' title='bbox 1640 298 2041 356; x_wconf 70' lang='grc' dir='ltr'><strong><em>οιωιΝΑΒιΑ.</em></strong></span> <span class='ocrx_word' id='word_1_4' title='bbox 2081 328 2151 338; x_wconf 90' lang='lat'><strong><em>——</em></strong></span> <span class='ocrx_word' id='word_1_5' title='bbox 2192 301 2318 355; x_wconf 87' lang='lat' dir='ltr'><strong><em>LIB.</em></strong></span> <span class='ocrx_word' id='word_1_6' title='bbox 2364 302 2604 358; x_wconf 75' lang='lat' dir='ltr'><strong><em>PSALM.</em></strong></span> 
     </span>
    </p>
   </div>
   <div class='ocr_carea' id='block_1_3' title="bbox 3629 316 3735 370">
    <p class='ocr_par' dir='ltr' id='par_1_3' title="bbox 3629 316 3735 370">
     <span class='ocr_line' id='line_1_3' title="bbox 3629 316 3735 370; baseline 0.019 -2"><span class='ocrx_word' id='word_1_7' title='bbox 3629 316 3735 370; x_wconf 76' lang='lat'><strong><em>902</em></strong></span> 
     </span>
    </p>
   </div>
   <div class='ocr_carea' id='block_1_4' title="bbox 304 415 3738 504">
    <p class='ocr_par' dir='ltr' id='par_1_4' title="bbox 304 415 3738 504">
     <span class='ocr_line' id='line_1_4' title="bbox 304 415 3738 504; baseline 0.007 -37"><span class='ocrx_word' id='word_1_8' title='bbox 304 416 704 469; x_wconf 85' lang='lat' dir='ltr'><strong><em>Verumtamen.</em></strong></span> <span class='ocrx_word' id='word_1_9' title='bbox 748 416 939 484; x_wconf 72' lang='grc' dir='ltr'><strong><em>(Αυα.)</em></strong></span> <span class='ocrx_word' id='word_1_10' title='bbox 980 415 1354 486; x_wconf 85' lang='lat' dir='ltr'><strong><em>Diapsalmus.</em></strong></span> <span class='ocrx_word' id='word_1_11' title='bbox 1388 418 1683 483; x_wconf 85' lang='lat' dir='ltr'><strong><em>Quomodo</em></strong></span> <span class='ocrx_word' id='word_1_12' title='bbox 1735 437 1934 475; x_wconf 90' lang='lat' dir='ltr'><strong><em>omnes</em></strong></span> <span class='ocrx_word' id='word_1_13' title='bbox 1959 423 2001 476; x_wconf 82' lang='grc' dir='ltr'><strong>Α</strong></span> <span class='ocrx_word' id='word_1_14' title='bbox 2042 438 2195 485; x_wconf 87' lang='lat' dir='ltr'><strong><em>eum,</em></strong></span> <span class='ocrx_word' id='word_1_15' title='bbox 2227 428 2281 477; x_wconf 91' lang='lat' dir='ltr'><strong><em>et</em></strong></span> <span class='ocrx_word' id='word_1_16' title='bbox 2309 424 2379 479; x_wconf 86' lang='lat' dir='ltr'><strong><em>ab</em></strong></span> <span class='ocrx_word' id='word_1_17' title='bbox 2409 442 2477 479; x_wconf 93' lang='lat' dir='ltr'><strong><em>eo</em></strong></span> <span class='ocrx_word' id='word_1_18' title='bbox 2509 426 2724 481; x_wconf 86' lang='lat' dir='ltr'><strong><em>Novum</em></strong></span> <span class='ocrx_word' id='word_1_19' title='bbox 2755 428 3202 499; x_wconf 79' lang='lat' dir='ltr'><strong><em>Testamentum,</em></strong></span> <span class='ocrx_word' id='word_1_20' title='bbox 3252 434 3408 504; x_wconf 89' lang='lat' dir='ltr'><strong><em>quod</em></strong></span> <span class='ocrx_word' id='word_1_21' title='bbox 3463 440 3519 488; x_wconf 92' lang='lat' dir='ltr'><strong><em>et</em></strong></span> <span class='ocrx_word' id='word_1_22' title='bbox 3570 436 3738 491; x_wconf 89' lang='lat' dir='ltr'><strong><em>multi</em></strong></span> 
     </span>
    </p>
   </div>
   <div class='ocr_carea' id='block_1_5' title="bbox 216 503 1923 579">
    <p class='ocr_par' dir='ltr' id='par_1_5' title="bbox 216 503 1923 579">
     <span class='ocr_line' id='line_1_5' title="bbox 216 503 1923 579; baseline 0.005 -24"><span class='ocrx_word' id='word_1_23' title='bbox 216 503 328 556; x_wconf 90' lang='lat' dir='ltr'><strong><em>sub</em></strong></span> <span class='ocrx_word' id='word_1_24' title='bbox 356 504 609 558; x_wconf 76' lang='lat' dir='ltr'><strong><em>Vanitate</em></strong></span> <span class='ocrx_word' id='word_1_25' title='bbox 663 508 718 557; x_wconf 91' lang='lat' dir='ltr'><strong><em>et</em></strong></span> <span class='ocrx_word' id='word_1_26' title='bbox 766 521 930 570; x_wconf 85' lang='lat' dir='ltr'><strong><em>casu;</em></strong></span> <span class='ocrx_word' id='word_1_27' title='bbox 974 510 1032 559; x_wconf 88' lang='lat' dir='ltr'><strong><em>et</em></strong></span> <span class='ocrx_word' id='word_1_28' title='bbox 1070 505 1205 560; x_wconf 88' lang='lat' dir='ltr'><strong><em>inde</em></strong></span> <span class='ocrx_word' id='word_1_29' title='bbox 1236 508 1479 577; x_wconf 91' lang='lat' dir='ltr'><strong><em>opponit</em></strong></span> <span class='ocrx_word' id='word_1_30' title='bbox 1507 524 1565 561; x_wconf 91' lang='lat' dir='ltr'><strong><em>se</em></strong></span> <span class='ocrx_word' id='word_1_31' title='bbox 1596 515 1923 579; x_wconf 88' lang='lat' dir='ltr'><strong><em>exspectare</em></strong></span> 
     </span>
    </p>
   </div>
   <div class='ocr_carea' id='block_1_6' title="bbox 220 592 1920 667">
    <p class='ocr_par' dir='ltr' id='par_1_6' title="bbox 220 592 1920 667">
     <span class='ocr_line' id='line_1_6' title="bbox 220 592 1920 667; baseline 0.004 -22"><span class='ocrx_word' id='word_1_32' title='bbox 220 592 555 657; x_wconf 89' lang='lat' dir='ltr'><strong><em>Dominum,</em></strong></span> <span class='ocrx_word' id='word_1_33' title='bbox 615 599 672 647; x_wconf 90' lang='lat' dir='ltr'><strong><em>et</em></strong></span> <span class='ocrx_word' id='word_1_34' title='bbox 727 595 868 664; x_wconf 89' lang='lat' dir='ltr'><strong><em>petit</em></strong></span> <span class='ocrx_word' id='word_1_35' title='bbox 912 593 1163 647; x_wconf 90' lang='lat' dir='ltr'><strong><em>liberari.</em></strong></span> <span class='ocrx_word' id='word_1_36' title='bbox 1195 597 1267 648; x_wconf 90' lang='lat' dir='ltr'><strong><em>In</em></strong></span> <span class='ocrx_word' id='word_1_37' title='bbox 1320 599 1549 664; x_wconf 80' lang='lat' dir='ltr'><strong><em>imagine</em></strong></span> <span class='ocrx_word' id='word_1_38' title='bbox 1596 602 1920 667; x_wconf 76' lang='lat' dir='ltr'><strong><em>pertransit.</em></strong></span> 
     </span>
    </p>
   </div>
   <div class='ocr_carea' id='block_1_7' title="bbox 217 680 1926 757">
    <p class='ocr_par' dir='ltr' id='par_1_7' title="bbox 217 680 1926 757">
     <span class='ocr_line' id='line_1_7' title="bbox 217 680 1926 757; baseline 0.004 -25"><span class='ocrx_word' id='word_1_39' title='bbox 217 680 356 749; x_wconf 89' lang='lat' dir='ltr'><strong><em>(lo.)</em></strong></span> <span class='ocrx_word' id='word_1_40' title='bbox 429 681 698 745; x_wconf 84' lang='lat' dir='ltr'><strong><em>Quamvis</em></strong></span> <span class='ocrx_word' id='word_1_41' title='bbox 776 682 855 735; x_wconf 90' lang='lat' dir='ltr'><strong><em>ita</em></strong></span> <span class='ocrx_word' id='word_1_42' title='bbox 912 683 1133 737; x_wconf 84' lang='lat' dir='ltr'><strong><em>studeat</em></strong></span> <span class='ocrx_word' id='word_1_43' title='bbox 1200 684 1457 751; x_wconf 82' lang='lat' dir='ltr'><strong><em>vanitati,</em></strong></span> <span class='ocrx_word' id='word_1_44' title='bbox 1547 692 1674 753; x_wconf 91' lang='lat' dir='ltr'><strong><em>etc.,</em></strong></span> <span class='ocrx_word' id='word_1_45' title='bbox 1758 702 1926 757; x_wconf 88' lang='lat' dir='ltr'><strong><em>usque</em></strong></span> 
     </span>
    </p>
   </div>
   <div class='ocr_carea' id='block_1_8' title="bbox 216 768 1919 844">
    <p class='ocr_par' dir='ltr' id='par_1_8' title="bbox 216 768 1919 844">
     <span class='ocr_line' id='line_1_8' title="bbox 216 768 1919 844; baseline 0.005 -23"><span class='ocrx_word' id='word_1_46' title='bbox 216 768 295 821; x_wconf 86' lang='lat' dir='ltr'><strong><em>ad</em></strong></span> <span class='ocrx_word' id='word_1_47' title='bbox 354 770 490 840; x_wconf 86' lang='lat' dir='ltr'><strong><em>quia</em></strong></span> <span class='ocrx_word' id='word_1_48' title='bbox 546 787 678 824; x_wconf 90' lang='lat' dir='ltr'><strong><em>cum</em></strong></span> <span class='ocrx_word' id='word_1_49' title='bbox 748 771 979 825; x_wconf 84' lang='lat' dir='ltr'><strong><em>miseria</em></strong></span> <span class='ocrx_word' id='word_1_50' title='bbox 1036 777 1089 825; x_wconf 91' lang='lat' dir='ltr'><strong><em>et</em></strong></span> <span class='ocrx_word' id='word_1_51' title='bbox 1140 772 1335 827; x_wconf 88' lang='lat' dir='ltr'><strong><em>labore</em></strong></span> <span class='ocrx_word' id='word_1_52' title='bbox 1394 775 1612 844; x_wconf 89' lang='lat' dir='ltr'><strong><em>appetit</em></strong></span> <span class='ocrx_word' id='word_1_53' title='bbox 1675 780 1919 829; x_wconf 87' lang='lat' dir='ltr'><strong><em>terrena.</em></strong></span> 
     </span>
    </p>
   </div>
   <div class='ocr_carea' id='block_1_9' title="bbox 222 858 1925 934">
    <p class='ocr_par' dir='ltr' id='par_1_9' title="bbox 222 858 1925 934">
     <span class='ocr_line' id='line_1_9' title="bbox 222 858 1925 934; baseline 0.004 -23"><span class='ocrx_word' id='word_1_54' title='bbox 222 858 606 913; x_wconf 78' lang='lat' dir='ltr'><strong><em>Thesaurizat.</em></strong></span> <span class='ocrx_word' id='word_1_55' title='bbox 656 859 786 929; x_wconf 79' lang='grc'><strong><em>(11).)</em></strong></span> <span class='ocrx_word' id='word_1_56' title='bbox 840 861 916 913; x_wconf 90' lang='lat' dir='ltr'><strong><em>De</em></strong></span> <span class='ocrx_word' id='word_1_57' title='bbox 974 862 1195 914; x_wconf 73' lang='lat' dir='ltr'><strong><em>caeteris</em></strong></span> <span class='ocrx_word' id='word_1_58' title='bbox 1238 861 1390 915; x_wconf 85' lang='lat' dir='ltr'><strong><em>vitiis</em></strong></span> <span class='ocrx_word' id='word_1_59' title='bbox 1438 863 1611 932; x_wconf 85' lang='lat' dir='ltr'><strong><em>elegit</em></strong></span> <span class='ocrx_word' id='word_1_60' title='bbox 1643 864 1925 934; x_wconf 81' lang='lat' dir='ltr'><strong><em>Propheta</em></strong></span> 
     </span>
    </p>
   </div>
   <div class='ocr_carea' id='block_1_10' title="bbox 218 946 1921 1022">
    <p class='ocr_par' dir='ltr' id='par_1_10' title="bbox 218 946 1921 1022">
     <span class='ocr_line' id='line_1_10' title="bbox 218 946 1921 1022; baseline 0.005 -24"><span class='ocrx_word' id='word_1_61' title='bbox 218 946 543 1011; x_wconf 83' lang='lat' dir='ltr'><strong><em>avaritiam,</em></strong></span> <span class='ocrx_word' id='word_1_62' title='bbox 589 948 657 1000; x_wconf 90' lang='lat' dir='ltr'><strong><em>ad</em></strong></span> <span class='ocrx_word' id='word_1_63' title='bbox 687 947 1106 1002; x_wconf 89' lang='lat' dir='ltr'><strong><em>ostendendum</em></strong></span> <span class='ocrx_word' id='word_1_64' title='bbox 1131 950 1278 1019; x_wconf 90' lang='lat' dir='ltr'><strong><em>quod</em></strong></span> <span class='ocrx_word' id='word_1_65' title='bbox 1298 950 1581 1005; x_wconf 86' lang='lat' dir='ltr'><strong><em>intendit:</em></strong></span> <span class='ocrx_word' id='word_1_66' title='bbox 1614 951 1740 1022; x_wconf 89' lang='lat' dir='ltr'><strong><em>ipsa</em></strong></span> <span class='ocrx_word' id='word_1_67' title='bbox 1770 953 1921 1007; x_wconf 89' lang='lat' dir='ltr'><strong><em>enim</em></strong></span> 
     </span>
    </p>
   </div>
   <div class='ocr_carea' id='block_1_11' title="bbox 219 1035 1130 1090">
    <p class='ocr_par' dir='ltr' id='par_1_11' title="bbox 219 1035 1130 1090">
     <span class='ocr_line' id='line_1_11' title="bbox 219 1035 1130 1090; baseline 0.004 -4"><span class='ocrx_word' id='word_1_68' title='bbox 219 1038 310 1087; x_wconf 89' lang='lat' dir='ltr'><strong><em>est</em></strong></span> <span class='ocrx_word' id='word_1_69' title='bbox 339 1035 496 1089; x_wconf 84' lang='lat' dir='ltr'><strong><em>radix</em></strong></span> <span class='ocrx_word' id='word_1_70' title='bbox 537 1036 797 1089; x_wconf 86' lang='lat' dir='ltr'><strong><em>omnium</em></strong></span> <span class='ocrx_word' id='word_1_71' title='bbox 830 1037 1130 1090; x_wconf 89' lang='lat' dir='ltr'><strong><em>malorum.</em></strong></span> 
     </span>
    </p>
   </div>
   <div class='ocr_carea' id='block_1_12' title="bbox 294 1122 1921 1197">
    <p class='ocr_par' dir='ltr' id='par_1_12' title="bbox 294 1122 1921 1197">
     <span class='ocr_line' id='line_1_12' title="bbox 294 1122 1921 1197; baseline 0.004 -22"><span class='ocrx_word' id='word_1_72' title='bbox 294 1122 455 1177; x_wconf 78' lang='lat' dir='ltr'><strong><em>Vens.</em></strong></span> <span class='ocrx_word' id='word_1_73' title='bbox 512 1127 564 1178; x_wconf 91' lang='lat'><strong>8.</strong></span> <span class='ocrx_word' id='word_1_74' title='bbox 620 1154 686 1165; x_wconf 85' lang='lat'><strong>—</strong></span> <span class='ocrx_word' id='word_1_75' title='bbox 740 1126 1119 1194; x_wconf 69' lang='lat' dir='ltr'><strong><em>Emspectatio.</em></strong></span> <span class='ocrx_word' id='word_1_76' title='bbox 1173 1127 1307 1197; x_wconf 76' lang='lat'><strong><em>(11).)</em></strong></span> <span class='ocrx_word' id='word_1_77' title='bbox 1382 1129 1558 1182; x_wconf 84' lang='lat' dir='ltr'><strong><em>Primi</em></strong></span> <span class='ocrx_word' id='word_1_78' title='bbox 1624 1129 1921 1195; x_wconf 69' lang='lat' dir='ltr'><strong><em>ads-(ntus,</em></strong></span> 
     </span>
    </p>
   </div>
   <div class='ocr_carea' id='block_1_13' title="bbox 218 1213 1840 1284">
    <p class='ocr_par' dir='ltr' id='par_1_13' title="bbox 218 1213 1840 1284">
     <span class='ocr_line' id='line_1_13' title="bbox 218 1213 1840 1284; baseline 0.005 -20"><span class='ocrx_word' id='word_1_79' title='bbox 218 1213 308 1264; x_wconf 80' lang='lat' dir='ltr'><strong><em>vel</em></strong></span> <span class='ocrx_word' id='word_1_80' title='bbox 337 1214 592 1279; x_wconf 82' lang='lat' dir='ltr'><strong><em>secundi,</em></strong></span> <span class='ocrx_word' id='word_1_81' title='bbox 636 1221 766 1282; x_wconf 89' lang='lat' dir='ltr'><strong><em>etc.,</em></strong></span> <span class='ocrx_word' id='word_1_82' title='bbox 800 1231 969 1284; x_wconf 88' lang='lat' dir='ltr'><strong><em>usque</em></strong></span> <span class='ocrx_word' id='word_1_83' title='bbox 999 1217 1074 1270; x_wconf 85' lang='lat' dir='ltr'><strong><em>ad</em></strong></span> <span class='ocrx_word' id='word_1_84' title='bbox 1105 1234 1219 1270; x_wconf 92' lang='lat' dir='ltr'><strong><em>non</em></strong></span> <span class='ocrx_word' id='word_1_85' title='bbox 1256 1218 1311 1270; x_wconf 91' lang='lat' dir='ltr'><strong><em>in</em></strong></span> <span class='ocrx_word' id='word_1_86' title='bbox 1345 1220 1581 1273; x_wconf 89' lang='lat' dir='ltr'><strong><em>sacculis</em></strong></span> <span class='ocrx_word' id='word_1_87' title='bbox 1611 1219 1840 1272; x_wconf 81' lang='lat' dir='ltr'><strong><em>nostris.</em></strong></span> 
     </span>
    </p>
   </div>
   <div class='ocr_carea' id='block_1_14' title="bbox 291 1301 1919 1373">
    <p class='ocr_par' dir='ltr' id='par_1_14' title="bbox 291 1301 1919 1373">
     <span class='ocr_line' id='line_1_14' title="bbox 291 1301 1919 1373; baseline 0.006 -21"><span class='ocrx_word' id='word_1_88' title='bbox 291 1301 454 1356; x_wconf 74' lang='lat' dir='ltr'><strong><em>Vens.</em></strong></span> <span class='ocrx_word' id='word_1_89' title='bbox 486 1306 538 1355; x_wconf 89' lang='lat'><strong><em>9.</em></strong></span> <span class='ocrx_word' id='word_1_90' title='bbox 573 1332 641 1342; x_wconf 96' lang='lat'><em>—</em></span> <span class='ocrx_word' id='word_1_91' title='bbox 669 1304 760 1356; x_wconf 83' lang='lat' dir='ltr'><strong><em>Ab</em></strong></span> <span class='ocrx_word' id='word_1_92' title='bbox 808 1306 1050 1359; x_wconf 85' lang='lat' dir='ltr'><strong><em>omnibus</em></strong></span> <span class='ocrx_word' id='word_1_93' title='bbox 1076 1307 1465 1373; x_wconf 80' lang='lat' dir='ltr'><strong><em>iniquitatibus</em></strong></span> <span class='ocrx_word' id='word_1_94' title='bbox 1495 1312 1624 1362; x_wconf 83' lang='lat' dir='ltr'><strong><em>meis</em></strong></span> <span class='ocrx_word' id='word_1_95' title='bbox 1668 1324 1791 1361; x_wconf 84' lang='lat' dir='ltr'><strong><em>erue</em></strong></span> <span class='ocrx_word' id='word_1_96' title='bbox 1819 1324 1919 1361; x_wconf 89' lang='lat' dir='ltr'><strong><em>me.</em></strong></span> 
     </span>
    </p>
   </div>
   <div class='ocr_carea' id='block_1_15' title="bbox 215 1388 1923 1467">
    <p class='ocr_par' dir='ltr' id='par_1_15' title="bbox 215 1388 1923 1467">
     <span class='ocr_line' id='line_1_15' title="bbox 215 1388 1923 1467; baseline 0.004 -24"><span class='ocrx_word' id='word_1_97' title='bbox 215 1388 417 1459; x_wconf 56' lang='lat' dir='ltr'><strong><em>(Cass)</em></strong></span> <span class='ocrx_word' id='word_1_98' title='bbox 456 1391 578 1444; x_wconf 85' lang='lat' dir='ltr'><strong><em>Non</em></strong></span> <span class='ocrx_word' id='word_1_99' title='bbox 611 1392 794 1445; x_wconf 92' lang='lat' dir='ltr'><strong><em>solum</em></strong></span> <span class='ocrx_word' id='word_1_100' title='bbox 830 1393 900 1446; x_wconf 89' lang='lat' dir='ltr'><strong><em>ab</em></strong></span> <span class='ocrx_word' id='word_1_101' title='bbox 928 1392 1032 1458; x_wconf 85' lang='lat' dir='ltr'><strong><em>eis,</em></strong></span> <span class='ocrx_word' id='word_1_102' title='bbox 1068 1410 1137 1447; x_wconf 90' lang='lat' dir='ltr'><strong><em>ne</em></strong></span> <span class='ocrx_word' id='word_1_103' title='bbox 1163 1397 1411 1449; x_wconf 83' lang='lat' dir='ltr'><strong><em>revolvat</em></strong></span> <span class='ocrx_word' id='word_1_104' title='bbox 1439 1396 1496 1449; x_wconf 92' lang='lat' dir='ltr'><strong><em>in</em></strong></span> <span class='ocrx_word' id='word_1_105' title='bbox 1531 1412 1597 1449; x_wconf 91' lang='lat' dir='ltr'><strong><em>ea</em></strong></span> <span class='ocrx_word' id='word_1_106' title='bbox 1620 1413 1749 1467; x_wconf 63' lang='lat' dir='ltr'><strong><em>quas</em></strong></span> <span class='ocrx_word' id='word_1_107' title='bbox 1774 1402 1923 1450; x_wconf 88' lang='lat' dir='ltr'><strong><em>tran-</em></strong></span> 
     </span>
    </p>
   </div>
   <div class='ocr_carea' id='block_1_16' title="bbox 212 1477 1923 1553">
    <p class='ocr_par' dir='ltr' id='par_1_16' title="bbox 212 1477 1923 1553">
     <span class='ocr_line' id='line_1_16' title="bbox 212 1477 1923 1553; baseline 0.005 -23"><span class='ocrx_word' id='word_1_108' title='bbox 212 1477 386 1545; x_wconf 89' lang='lat' dir='ltr'><strong><em>silivi,</em></strong></span> <span class='ocrx_word' id='word_1_109' title='bbox 420 1480 516 1533; x_wconf 86' lang='lat' dir='ltr'><strong><em>sed</em></strong></span> <span class='ocrx_word' id='word_1_110' title='bbox 547 1481 619 1534; x_wconf 91' lang='lat' dir='ltr'><strong><em>ab</em></strong></span> <span class='ocrx_word' id='word_1_111' title='bbox 645 1481 915 1535; x_wconf 82' lang='lat' dir='ltr'><strong><em>omnibus</em></strong></span> <span class='ocrx_word' id='word_1_112' title='bbox 956 1484 1213 1537; x_wconf 89' lang='lat' dir='ltr'><strong><em>omnino.</em></strong></span> <span class='ocrx_word' id='word_1_113' title='bbox 1248 1484 1623 1553; x_wconf 85' lang='lat' dir='ltr'><strong><em>Imperfectus</em></strong></span> <span class='ocrx_word' id='word_1_114' title='bbox 1653 1486 1807 1538; x_wconf 85' lang='lat' dir='ltr'><strong><em>enim</em></strong></span> <span class='ocrx_word' id='word_1_115' title='bbox 1836 1490 1923 1539; x_wconf 90' lang='lat' dir='ltr'><strong><em>est</em></strong></span> 
     </span>
    </p>
   </div>
   <div class='ocr_carea' id='block_1_17' title="bbox 214 1566 1920 1645">
    <p class='ocr_par' dir='ltr' id='par_1_17' title="bbox 214 1566 1920 1645">
     <span class='ocr_line' id='line_1_17' title="bbox 214 1566 1920 1645; baseline 0.005 -26"><span class='ocrx_word' id='word_1_116' title='bbox 214 1566 397 1620; x_wconf 93' lang='lat' dir='ltr'><strong><em>homo</em></strong></span> <span class='ocrx_word' id='word_1_117' title='bbox 428 1584 441 1633; x_wconf 91' lang='lat'><strong>;</strong></span> <span class='ocrx_word' id='word_1_118' title='bbox 474 1569 574 1639; x_wconf 87' lang='lat' dir='ltr'><strong><em>qui</em></strong></span> <span class='ocrx_word' id='word_1_119' title='bbox 629 1585 746 1622; x_wconf 92' lang='lat' dir='ltr'><strong><em>non</em></strong></span> <span class='ocrx_word' id='word_1_120' title='bbox 787 1570 1000 1640; x_wconf 87' lang='lat' dir='ltr'><strong><em>accepit</em></strong></span> <span class='ocrx_word' id='word_1_121' title='bbox 1050 1571 1205 1641; x_wconf 86' lang='lat' dir='ltr'><strong>quod</strong></span> <span class='ocrx_word' id='word_1_122' title='bbox 1238 1577 1428 1642; x_wconf 85' lang='lat' dir='ltr'><strong><em>optat;</em></strong></span> <span class='ocrx_word' id='word_1_123' title='bbox 1488 1573 1791 1642; x_wconf 88' lang='lat' dir='ltr'><strong><em>perfectus,</em></strong></span> <span class='ocrx_word' id='word_1_124' title='bbox 1822 1574 1920 1645; x_wconf 88' lang='lat' dir='ltr'><strong>qui</strong></span> 
     </span>
    </p>
   </div>
   <div class='ocr_carea' id='block_1_18' title="bbox 216 1655 1259 1728">
    <p class='ocr_par' dir='ltr' id='par_1_18' title="bbox 216 1655 1259 1728">
     <span class='ocr_line' id='line_1_18' title="bbox 216 1655 1259 1728; baseline 0.006 -21"><span class='ocrx_word' id='word_1_125' title='bbox 216 1655 327 1708; x_wconf 84' lang='lat' dir='ltr'><strong><em>scit</em></strong></span> <span class='ocrx_word' id='word_1_126' title='bbox 357 1656 463 1709; x_wconf 90' lang='lat' dir='ltr'><strong><em>hoc</em></strong></span> <span class='ocrx_word' id='word_1_127' title='bbox 494 1657 683 1726; x_wconf 90' lang='lat' dir='ltr'><strong><em>ipsum</em></strong></span> <span class='ocrx_word' id='word_1_128' title='bbox 716 1658 867 1728; x_wconf 92' lang='lat' dir='ltr'><strong><em>quod</em></strong></span> <span class='ocrx_word' id='word_1_129' title='bbox 910 1659 1017 1711; x_wconf 88' lang='lat' dir='ltr'>sibi</span> <span class='ocrx_word' id='word_1_130' title='bbox 1051 1660 1259 1713; x_wconf 83' lang='lat' dir='ltr'><strong><em>deﬁcit.</em></strong></span> 
     </span>
    </p>
   </div>
   <div class='ocr_carea' id='block_1_19' title="bbox 292 1745 1915 1819">
    <p class='ocr_par' dir='ltr' id='par_1_19' title="bbox 292 1745 1915 1819">
     <span class='ocr_line' id='line_1_19' title="bbox 292 1745 1915 1819; baseline 0.005 -24"><span class='ocrx_word' id='word_1_131' title='bbox 292 1745 454 1798; x_wconf 74' lang='lat' dir='ltr'><strong><em>Vatis.</em></strong></span> <span class='ocrx_word' id='word_1_132' title='bbox 514 1748 595 1799; x_wconf 86' lang='grc'><strong>10.</strong></span> <span class='ocrx_word' id='word_1_133' title='bbox 656 1777 724 1785; x_wconf 93' lang='lat'><strong><em>-—</em></strong></span> <span class='ocrx_word' id='word_1_134' title='bbox 782 1747 1055 1802; x_wconf 80' lang='lat' dir='ltr'><strong><em>Obmutui.</em></strong></span> <span class='ocrx_word' id='word_1_135' title='bbox 1114 1748 1242 1818; x_wconf 77' lang='lat'><strong><em>(11).)</em></strong></span> <span class='ocrx_word' id='word_1_136' title='bbox 1300 1749 1532 1802; x_wconf 84' lang='lat' dir='ltr'><strong><em>Habitus</em></strong></span> <span class='ocrx_word' id='word_1_137' title='bbox 1584 1749 1915 1819; x_wconf 87' lang='lat' dir='ltr'><strong><em>opprobrio,</em></strong></span> 
     </span>
    </p>
   </div>
   <div class='ocr_carea' id='block_1_20' title="bbox 218 1835 1522 1911">
    <p class='ocr_par' dir='ltr' id='par_1_20' title="bbox 218 1835 1522 1911">
     <span class='ocr_line' id='line_1_20' title="bbox 218 1835 1522 1911; baseline 0.005 -26"><span class='ocrx_word' id='word_1_138' title='bbox 218 1837 334 1885; x_wconf 88' lang='lat' dir='ltr'><strong><em>etc.</em></strong></span> <span class='ocrx_word' id='word_1_139' title='bbox 352 1877 364 1895; x_wconf 88' lang='lat'><strong><em>,</em></strong></span> <span class='ocrx_word' id='word_1_140' title='bbox 395 1849 564 1902; x_wconf 87' lang='lat' dir='ltr'><strong><em>usque</em></strong></span> <span class='ocrx_word' id='word_1_141' title='bbox 592 1835 666 1887; x_wconf 85' lang='lat' dir='ltr'><strong><em>ad</em></strong></span> <span class='ocrx_word' id='word_1_142' title='bbox 705 1843 762 1911; x_wconf 82' lang='lat' dir='ltr'><strong><em>et</em></strong></span> <span class='ocrx_word' id='word_1_143' title='bbox 787 1851 1014 1888; x_wconf 89' lang='lat' dir='ltr'><strong><em>necesse</em></strong></span> <span class='ocrx_word' id='word_1_144' title='bbox 1036 1842 1137 1901; x_wconf 87' lang='lat' dir='ltr'><strong><em>est,</em></strong></span> <span class='ocrx_word' id='word_1_145' title='bbox 1173 1838 1306 1907; x_wconf 85' lang='lat' dir='ltr'><strong>quia</strong></span> <span class='ocrx_word' id='word_1_146' title='bbox 1324 1837 1522 1891; x_wconf 77' lang='lat' dir='ltr'><strong><em>deieci.</em></strong></span> 
     </span>
    </p>
   </div>
   <div class='ocr_carea' id='block_1_21' title="bbox 292 1924 1916 1995">
    <p class='ocr_par' dir='ltr' id='par_1_21' title="bbox 292 1924 1916 1995">
     <span class='ocr_line' id='line_1_21' title="bbox 292 1924 1916 1995; baseline 0.004 -20"><span class='ocrx_word' id='word_1_147' title='bbox 292 1924 548 1976; x_wconf 81' lang='lat' dir='ltr'><strong><em>Amovea</em></strong></span> <span class='ocrx_word' id='word_1_148' title='bbox 594 1940 674 1978; x_wconf 88' lang='lat' dir='ltr'><strong><em>me</em></strong></span> <span class='ocrx_word' id='word_1_149' title='bbox 699 1925 897 1992; x_wconf 73' lang='lat' dir='ltr'><strong><em>plagas</em></strong></span> <span class='ocrx_word' id='word_1_150' title='bbox 930 1929 1070 1979; x_wconf 87' lang='lat' dir='ltr'><strong><em>tuas.</em></strong></span> <span class='ocrx_word' id='word_1_151' title='bbox 1107 1926 1290 1995; x_wconf 76' lang='grc' dir='ltr'><strong><em>(Αυο.)</em></strong></span> <span class='ocrx_word' id='word_1_152' title='bbox 1321 1926 1465 1990; x_wconf 85' lang='lat' dir='ltr'><strong>Quia</strong></span> <span class='ocrx_word' id='word_1_153' title='bbox 1511 1932 1568 1980; x_wconf 88' lang='lat' dir='ltr'><strong><em>tu</em></strong></span> <span class='ocrx_word' id='word_1_154' title='bbox 1592 1930 1775 1993; x_wconf 80' lang='lat' dir='ltr'><strong><em>fecisti</em></strong></span> <span class='ocrx_word' id='word_1_155' title='bbox 1804 1943 1916 1994; x_wconf 89' lang='lat' dir='ltr'><strong><em>me,</em></strong></span> 
     </span>
    </p>
   </div>
   <div class='ocr_carea' id='block_1_22' title="bbox 220 2010 1921 2085">
    <p class='ocr_par' dir='ltr' id='par_1_22' title="bbox 220 2010 1921 2085">
     <span class='ocr_line' id='line_1_22' title="bbox 220 2010 1921 2085; baseline 0.005 -23"><span class='ocrx_word' id='word_1_156' title='bbox 220 2010 342 2063; x_wconf 89' lang='lat' dir='ltr'><strong><em>noli</em></strong></span> <span class='ocrx_word' id='word_1_157' title='bbox 374 2012 786 2079; x_wconf 78' lang='lat' dir='ltr'><strong><em>exterminare;</em></strong></span> <span class='ocrx_word' id='word_1_158' title='bbox 822 2018 1044 2067; x_wconf 88' lang='lat' dir='ltr'><strong><em>tantum</em></strong></span> <span class='ocrx_word' id='word_1_159' title='bbox 1091 2015 1226 2067; x_wconf 86' lang='lat' dir='ltr'><strong><em>cede</em></strong></span> <span class='ocrx_word' id='word_1_160' title='bbox 1260 2020 1319 2068; x_wconf 89' lang='lat' dir='ltr'><strong><em>ut</em></strong></span> <span class='ocrx_word' id='word_1_161' title='bbox 1361 2015 1671 2085; x_wconf 86' lang='lat' dir='ltr'><strong><em>producar;</em></strong></span> <span class='ocrx_word' id='word_1_162' title='bbox 1708 2033 1825 2070; x_wconf 91' lang='lat' dir='ltr'><strong><em>non</em></strong></span> <span class='ocrx_word' id='word_1_163' title='bbox 1859 2022 1921 2071; x_wconf 93' lang='lat' dir='ltr'><strong><em>ut</em></strong></span> 
     </span>
    </p>
   </div>
   <div class='ocr_carea' id='block_1_23' title="bbox 218 2099 601 2153">
    <p class='ocr_par' dir='ltr' id='par_1_23' title="bbox 218 2099 601 2153">
     <span class='ocr_line' id='line_1_23' title="bbox 218 2099 601 2153; baseline 0.003 -1"><span class='ocrx_word' id='word_1_164' title='bbox 218 2099 601 2153; x_wconf 83' lang='lat' dir='ltr'><strong><em>comminuar.</em></strong></span> 
     </span>
    </p>
   </div>
   <div class='ocr_carea' id='block_1_24' title="bbox 294 2189 1919 2261">
    <p class='ocr_par' dir='ltr' id='par_1_24' title="bbox 294 2189 1919 2261">
     <span class='ocr_line' id='line_1_24' title="bbox 294 2189 1919 2261; baseline 0.006 -22"><span class='ocrx_word' id='word_1_165' title='bbox 294 2189 457 2240; x_wconf 73' lang='lat' dir='ltr'><strong><em>Vens.</em></strong></span> <span class='ocrx_word' id='word_1_166' title='bbox 491 2192 572 2242; x_wconf 83' lang='lat' dir='ltr'><strong><em>ll.</em></strong></span> <span class='ocrx_word' id='word_1_167' title='bbox 632 2219 701 2229; x_wconf 93' lang='lat'>—</span> <span class='ocrx_word' id='word_1_168' title='bbox 758 2191 1229 2260; x_wconf 79' lang='lat' dir='ltr'><strong><em>Increpationibus</em></strong></span> <span class='ocrx_word' id='word_1_169' title='bbox 1272 2198 1498 2260; x_wconf 81' lang='lat' dir='ltr'><strong><em>propter</em></strong></span> <span class='ocrx_word' id='word_1_170' title='bbox 1550 2193 1919 2261; x_wconf 82' lang='lat' dir='ltr'><strong><em>iniquitatem.</em></strong></span> 
     </span>
    </p>
   </div>
   <div class='ocr_carea' id='block_1_25' title="bbox 216 2275 1920 2351">
    <p class='ocr_par' dir='ltr' id='par_1_25' title="bbox 216 2275 1920 2351">
     <span class='ocr_line' id='line_1_25' title="bbox 216 2275 1920 2351; baseline 0.005 -24"><span class='ocrx_word' id='word_1_171' title='bbox 216 2275 442 2340; x_wconf 84' lang='lat' dir='ltr'><strong>Quibus</strong></span> <span class='ocrx_word' id='word_1_172' title='bbox 473 2279 788 2332; x_wconf 89' lang='lat' dir='ltr'><strong><em>humanum</em></strong></span> <span class='ocrx_word' id='word_1_173' title='bbox 821 2295 1001 2349; x_wconf 85' lang='lat' dir='ltr'><strong><em>genus</em></strong></span> <span class='ocrx_word' id='word_1_174' title='bbox 1043 2279 1412 2349; x_wconf 78' lang='lat' dir='ltr'><strong><em>increpuisti:</em></strong></span> <span class='ocrx_word' id='word_1_175' title='bbox 1447 2282 1599 2351; x_wconf 90' lang='lat' dir='ltr'><strong><em>quod</em></strong></span> <span class='ocrx_word' id='word_1_176' title='bbox 1634 2286 1821 2335; x_wconf 92' lang='lat' dir='ltr'><strong><em>tamen</em></strong></span> <span class='ocrx_word' id='word_1_177' title='bbox 1854 2297 1920 2335; x_wconf 86' lang='lat' dir='ltr'><strong><em>ex</em></strong></span> 
     </span>
    </p>
   </div>
   <div class='ocr_carea' id='block_1_26' title="bbox 220 2365 1919 2439">
    <p class='ocr_par' dir='ltr' id='par_1_26' title="bbox 220 2365 1919 2439">
     <span class='ocr_line' id='line_1_26' title="bbox 220 2365 1919 2439; baseline 0.003 -22"><span class='ocrx_word' id='word_1_178' title='bbox 220 2365 434 2419; x_wconf 90' lang='lat' dir='ltr'><strong><em>merito</em></strong></span> <span class='ocrx_word' id='word_1_179' title='bbox 457 2372 674 2431; x_wconf 85' lang='lat' dir='ltr'><strong><em>nostro,</em></strong></span> <span class='ocrx_word' id='word_1_180' title='bbox 706 2374 947 2437; x_wconf 86' lang='lat' dir='ltr'><strong><em>propter</em></strong></span> <span class='ocrx_word' id='word_1_181' title='bbox 995 2368 1331 2439; x_wconf 85' lang='lat' dir='ltr'><strong><em>iniquitates</em></strong></span> <span class='ocrx_word' id='word_1_182' title='bbox 1363 2375 1583 2422; x_wconf 87' lang='lat' dir='ltr'><strong><em>nostras</em></strong></span> <span class='ocrx_word' id='word_1_183' title='bbox 1632 2369 1919 2439; x_wconf 88' lang='lat' dir='ltr'><strong><em>increpui-</em></strong></span> 
     </span>
    </p>
   </div>
   <div class='ocr_carea' id='block_1_27' title="bbox 217 2454 1920 2528">
    <p class='ocr_par' dir='ltr' id='par_1_27' title="bbox 217 2454 1920 2528">
     <span class='ocr_line' id='line_1_27' title="bbox 217 2454 1920 2528; baseline 0.003 -22"><span class='ocrx_word' id='word_1_184' title='bbox 217 2454 314 2520; x_wconf 91' lang='lat' dir='ltr'><strong><em>sti,</em></strong></span> <span class='ocrx_word' id='word_1_185' title='bbox 346 2470 476 2524; x_wconf 63' lang='lat' dir='ltr'><strong><em>quae</em></strong></span> <span class='ocrx_word' id='word_1_186' title='bbox 516 2460 651 2509; x_wconf 90' lang='lat' dir='ltr'><strong><em>sunt</em></strong></span> <span class='ocrx_word' id='word_1_187' title='bbox 690 2456 763 2509; x_wconf 90' lang='lat' dir='ltr'><strong><em>ad</em></strong></span> <span class='ocrx_word' id='word_1_188' title='bbox 789 2457 1232 2524; x_wconf 85' lang='lat' dir='ltr'><strong><em>correctionem;</em></strong></span> <span class='ocrx_word' id='word_1_189' title='bbox 1267 2456 1431 2511; x_wconf 84' lang='lat' dir='ltr'><strong><em>aliter</em></strong></span> <span class='ocrx_word' id='word_1_190' title='bbox 1462 2458 1613 2511; x_wconf 90' lang='lat' dir='ltr'><strong><em>enim</em></strong></span> <span class='ocrx_word' id='word_1_191' title='bbox 1646 2458 1920 2528; x_wconf 81' lang='lat' dir='ltr'><strong><em>iniquitas</em></strong></span> 
     </span>
    </p>
   </div>
   <div class='ocr_carea' id='block_1_28' title="bbox 216 2544 1917 2615">
    <p class='ocr_par' dir='ltr' id='par_1_28' title="bbox 216 2544 1917 2615">
     <span class='ocr_line' id='line_1_28' title="bbox 216 2544 1917 2615; baseline 0.004 -20"><span class='ocrx_word' id='word_1_192' title='bbox 216 2544 537 2597; x_wconf 84' lang='lat' dir='ltr'><strong><em>incorrecta</em></strong></span> <span class='ocrx_word' id='word_1_193' title='bbox 576 2551 957 2614; x_wconf 82' lang='lat' dir='ltr'><strong><em>permaneret.</em></strong></span> <span class='ocrx_word' id='word_1_194' title='bbox 1022 2548 1353 2614; x_wconf 61' lang='lat' dir='ltr'><strong><em>Corripuisti</em></strong></span> <span class='ocrx_word' id='word_1_195' title='bbox 1411 2550 1693 2601; x_wconf 81' lang='lat' dir='ltr'><strong><em>hominem.</em></strong></span> <span class='ocrx_word' id='word_1_196' title='bbox 1731 2548 1917 2615; x_wconf 74' lang='lat' dir='ltr'><strong><em>(AUG.)</em></strong></span> 
     </span>
    </p>
   </div>
   <div class='ocr_carea' id='block_1_29' title="bbox 223 2631 1919 2705">
    <p class='ocr_par' dir='ltr' id='par_1_29' title="bbox 223 2631 1919 2705">
     <span class='ocr_line' id='line_1_29' title="bbox 223 2631 1919 2705; baseline 0.005 -22"><span class='ocrx_word' id='word_1_197' title='bbox 223 2631 315 2684; x_wconf 87' lang='lat' dir='ltr'><strong><em>Est</em></strong></span> <span class='ocrx_word' id='word_1_198' title='bbox 345 2631 508 2684; x_wconf 91' lang='lat' dir='ltr'><strong><em>dolor</em></strong></span> <span class='ocrx_word' id='word_1_199' title='bbox 538 2631 801 2686; x_wconf 88' lang='lat' dir='ltr'><strong><em>informis</em></strong></span> <span class='ocrx_word' id='word_1_200' title='bbox 842 2633 941 2703; x_wconf 91' lang='lat' dir='ltr'><strong>qui</strong></span> <span class='ocrx_word' id='word_1_201' title='bbox 987 2649 1106 2687; x_wconf 91' lang='lat' dir='ltr'><strong><em>non</em></strong></span> <span class='ocrx_word' id='word_1_202' title='bbox 1152 2634 1418 2689; x_wconf 85' lang='lat' dir='ltr'><strong><em>emendat</em></strong></span> <span class='ocrx_word' id='word_1_203' title='bbox 1450 2635 1785 2701; x_wconf 81' lang='lat' dir='ltr'><strong><em>:t&#39;urmatus,</em></strong></span> <span class='ocrx_word' id='word_1_204' title='bbox 1820 2636 1919 2705; x_wconf 86' lang='lat' dir='ltr'><strong><em>qui</em></strong></span> 
     </span>
    </p>
   </div>
   <div class='ocr_carea' id='block_1_30' title="bbox 223 2720 1916 2793">
    <p class='ocr_par' dir='ltr' id='par_1_30' title="bbox 223 2720 1916 2793">
     <span class='ocr_line' id='line_1_30' title="bbox 223 2720 1916 2793; baseline 0.004 -22"><span class='ocrx_word' id='word_1_205' title='bbox 223 2720 668 2774; x_wconf 88' lang='lat' dir='ltr'><strong><em>erudittionibus</em></strong></span> <span class='ocrx_word' id='word_1_206' title='bbox 688 2720 933 2774; x_wconf 88' lang='lat' dir='ltr'><strong><em>formam</em></strong></span> <span class='ocrx_word' id='word_1_207' title='bbox 951 2727 1202 2791; x_wconf 64' lang='lat' dir='ltr'><strong><em>praestat.</em></strong></span> <span class='ocrx_word' id='word_1_208' title='bbox 1233 2723 1296 2775; x_wconf 87' lang='lat' dir='ltr'><strong><em>Et</em></strong></span> <span class='ocrx_word' id='word_1_209' title='bbox 1317 2725 1443 2776; x_wconf 83' lang='lat' dir='ltr'><strong><em>talis</em></strong></span> <span class='ocrx_word' id='word_1_210' title='bbox 1474 2724 1639 2776; x_wconf 90' lang='lat' dir='ltr'><strong><em>dolor</em></strong></span> <span class='ocrx_word' id='word_1_211' title='bbox 1661 2729 1744 2776; x_wconf 90' lang='lat' dir='ltr'><strong><em>est</em></strong></span> <span class='ocrx_word' id='word_1_212' title='bbox 1769 2739 1916 2793; x_wconf 63' lang='lat' dir='ltr'><strong><em>prae-</em></strong></span> 
     </span>
    </p>
   </div>
   <div class='ocr_carea' id='block_1_31' title="bbox 226 2808 1841 2881">
    <p class='ocr_par' dir='ltr' id='par_1_31' title="bbox 226 2808 1841 2881">
     <span class='ocr_line' id='line_1_31' title="bbox 226 2808 1841 2881; baseline 0.004 -21"><span class='ocrx_word' id='word_1_213' title='bbox 226 2814 468 2877; x_wconf 91' lang='lat' dir='ltr'><strong><em>ceptum,</em></strong></span> <span class='ocrx_word' id='word_1_214' title='bbox 502 2808 557 2861; x_wconf 92' lang='lat' dir='ltr'>id</span> <span class='ocrx_word' id='word_1_215' title='bbox 579 2814 683 2874; x_wconf 91' lang='lat' dir='ltr'><strong><em>est,</em></strong></span> <span class='ocrx_word' id='word_1_216' title='bbox 718 2809 895 2862; x_wconf 86' lang='lat' dir='ltr'><strong><em>vicem</em></strong></span> <span class='ocrx_word' id='word_1_217' title='bbox 928 2816 983 2863; x_wconf 92' lang='lat' dir='ltr'><strong><em>et</em></strong></span> <span class='ocrx_word' id='word_1_218' title='bbox 1014 2810 1324 2879; x_wconf 81' lang='lat' dir='ltr'><strong><em>imaginem</em></strong></span> <span class='ocrx_word' id='word_1_219' title='bbox 1348 2812 1620 2881; x_wconf 64' lang='lat' dir='ltr'><strong><em>praecepti</em></strong></span> <span class='ocrx_word' id='word_1_220' title='bbox 1650 2812 1841 2867; x_wconf 81' lang='lat' dir='ltr'><strong><em>habet.</em></strong></span> 
     </span>
    </p>
   </div>
   <div class='ocr_carea' id='block_1_32' title="bbox 295 2897 1915 2965">
    <p class='ocr_par' dir='ltr' id='par_1_32' title="bbox 295 2897 1915 2965">
     <span class='ocr_line' id='line_1_32' title="bbox 295 2897 1915 2965; baseline 0.004 -16"><span class='ocrx_word' id='word_1_221' title='bbox 295 2897 451 2950; x_wconf 74' lang='lat' dir='ltr'><strong><em>Vens.</em></strong></span> <span class='ocrx_word' id='word_1_222' title='bbox 492 2900 581 2951; x_wconf 80' lang='lat' dir='ltr'><strong><em>l2.</em></strong></span> <span class='ocrx_word' id='word_1_223' title='bbox 614 2928 683 2937; x_wconf 90' lang='lat'>——</span> <span class='ocrx_word' id='word_1_224' title='bbox 714 2900 785 2951; x_wconf 85' lang='lat' dir='ltr'><strong><em>Et</em></strong></span> <span class='ocrx_word' id='word_1_225' title='bbox 833 2899 1098 2952; x_wconf 80' lang='lat' dir='ltr'><strong><em>tabescere</em></strong></span> <span class='ocrx_word' id='word_1_226' title='bbox 1121 2902 1305 2965; x_wconf 83' lang='lat' dir='ltr'><strong><em>fecisti</em></strong></span> <span class='ocrx_word' id='word_1_227' title='bbox 1332 2902 1473 2954; x_wconf 85' lang='lat' dir='ltr'><strong><em>sicut</em></strong></span> <span class='ocrx_word' id='word_1_228' title='bbox 1504 2916 1762 2955; x_wconf 85' lang='lat' dir='ltr'><strong><em>araneam</em></strong></span> <span class='ocrx_word' id='word_1_229' title='bbox 1793 2906 1915 2956; x_wconf 86' lang='lat' dir='ltr'><strong><em>ani-</em></strong></span> 
     </span>
    </p>
   </div>
   <div class='ocr_carea' id='block_1_33' title="bbox 2036 513 3736 593">
    <p class='ocr_par' dir='ltr' id='par_1_33' title="bbox 2036 513 3736 593">
     <span class='ocr_line' id='line_1_33' title="bbox 2036 513 3736 593; baseline 0.008 -29"><span class='ocrx_word' id='word_1_230' title='bbox 2036 513 2286 566; x_wconf 81' lang='lat' dir='ltr'><strong><em>secuturi</em></strong></span> <span class='ocrx_word' id='word_1_231' title='bbox 2317 518 2482 568; x_wconf 90' lang='lat' dir='ltr'><strong><em>sunt:</em></strong></span> <span class='ocrx_word' id='word_1_232' title='bbox 2516 514 2668 569; x_wconf 86' lang='lat' dir='ltr'><strong><em>unde</em></strong></span> <span class='ocrx_word' id='word_1_233' title='bbox 2690 517 2937 585; x_wconf 87' lang='lat' dir='ltr'><strong><em>percutit</em></strong></span> <span class='ocrx_word' id='word_1_234' title='bbox 2982 534 3182 573; x_wconf 91' lang='lat' dir='ltr'><strong><em>omnes</em></strong></span> <span class='ocrx_word' id='word_1_235' title='bbox 3210 523 3652 593; x_wconf 89' lang='lat' dir='ltr'><strong><em>superstitiones</em></strong></span> <span class='ocrx_word' id='word_1_236' title='bbox 3680 531 3736 579; x_wconf 91' lang='lat' dir='ltr'><strong><em>et</em></strong></span> 
     </span>
    </p>
   </div>
   <div class='ocr_carea' id='block_1_34' title="bbox 2034 600 2799 657">
    <p class='ocr_par' dir='ltr' id='par_1_34' title="bbox 2034 600 2799 657">
     <span class='ocr_line' id='line_1_34' title="bbox 2034 600 2799 657; baseline 0.005 -4"><span class='ocrx_word' id='word_1_237' title='bbox 2034 600 2239 655; x_wconf 88' lang='lat' dir='ltr'><strong><em>invitat</em></strong></span> <span class='ocrx_word' id='word_1_238' title='bbox 2260 602 2325 655; x_wconf 90' lang='lat' dir='ltr'><strong><em>ad</em></strong></span> <span class='ocrx_word' id='word_1_239' title='bbox 2357 602 2644 657; x_wconf 83' lang='lat' dir='ltr'><strong><em>mirabilia</em></strong></span> <span class='ocrx_word' id='word_1_240' title='bbox 2677 603 2799 657; x_wconf 91' lang='lat' dir='ltr'><strong><em>Dei.</em></strong></span> 
     </span>
    </p>
   </div>
   <div class='ocr_carea' id='block_1_35' title="bbox 2108 690 3067 759">
    <p class='ocr_par' dir='ltr' id='par_1_35' title="bbox 2108 690 3067 759">
     <span class='ocr_line' id='line_1_35' title="bbox 2108 690 3067 759; baseline 0.007 -17"><span class='ocrx_word' id='word_1_241' title='bbox 2108 690 2232 759; x_wconf 77' lang='lat'><strong><em>(11).)</em></strong></span> <span class='ocrx_word' id='word_1_242' title='bbox 2265 692 2364 745; x_wconf 86' lang='lat' dir='ltr'><strong><em>Hic</em></strong></span> <span class='ocrx_word' id='word_1_243' title='bbox 2403 691 2654 746; x_wconf 82' lang='lat' dir='ltr'><strong><em>Christus</em></strong></span> <span class='ocrx_word' id='word_1_244' title='bbox 2681 710 2745 747; x_wconf 82' lang='lat' dir='ltr'><strong><em>ex</em></strong></span> <span class='ocrx_word' id='word_1_245' title='bbox 2776 694 3067 749; x_wconf 87' lang='lat' dir='ltr'><strong><em>membris.</em></strong></span> 
     </span>
    </p>
   </div>
   <div class='ocr_carea' id='block_1_36' title="bbox 2107 780 3732 859">
    <p class='ocr_par' dir='ltr' id='par_1_36' title="bbox 2107 780 3732 859">
     <span class='ocr_line' id='line_1_36' title="bbox 2107 780 3732 859; baseline 0.006 -27"><span class='ocrx_word' id='word_1_246' title='bbox 2107 780 2272 833; x_wconf 71' lang='lat' dir='ltr'><strong><em>Vnus.</em></strong></span> <span class='ocrx_word' id='word_1_247' title='bbox 2325 783 2378 834; x_wconf 81' lang='lat'><strong><em>2.</em></strong></span> <span class='ocrx_word' id='word_1_248' title='bbox 2430 810 2499 821; x_wconf 93' lang='lat'>—</span> <span class='ocrx_word' id='word_1_249' title='bbox 2574 784 2910 849; x_wconf 69' lang='lat' dir='ltr'><strong><em>Exspectans</em></strong></span> <span class='ocrx_word' id='word_1_250' title='bbox 2960 788 3286 851; x_wconf 68' lang='lat' dir='ltr'><strong><em>exspectavi.</em></strong></span> <span class='ocrx_word' id='word_1_251' title='bbox 3348 787 3474 856; x_wconf 79' lang='grc' dir='ltr'><strong><em>(Ιυ.)</em></strong></span> <span class='ocrx_word' id='word_1_252' title='bbox 3521 788 3732 859; x_wconf 85' lang='lat' dir='ltr'><strong><em>Exspe-</em></strong></span> 
     </span>
    </p>
   </div>
   <div class='ocr_carea' id='block_1_37' title="bbox 2034 869 3733 947">
    <p class='ocr_par' dir='ltr' id='par_1_37' title="bbox 2034 869 3733 947">
     <span class='ocr_line' id='line_1_37' title="bbox 2034 869 3733 947; baseline 0.007 -28"><span class='ocrx_word' id='word_1_253' title='bbox 2034 870 2167 933; x_wconf 87' lang='lat' dir='ltr'><strong><em>ctat,</em></strong></span> <span class='ocrx_word' id='word_1_254' title='bbox 2199 874 2255 922; x_wconf 92' lang='lat' dir='ltr'><strong><em>et</em></strong></span> <span class='ocrx_word' id='word_1_255' title='bbox 2295 869 2599 940; x_wconf 88' lang='lat' dir='ltr'><strong><em>ingratus:</em></strong></span> <span class='ocrx_word' id='word_1_256' title='bbox 2662 871 2759 925; x_wconf 89' lang='lat' dir='ltr'><strong><em>sed</em></strong></span> <span class='ocrx_word' id='word_1_257' title='bbox 2804 879 3134 941; x_wconf 76' lang='lat' dir='ltr'><strong><em>exspectans</em></strong></span> <span class='ocrx_word' id='word_1_258' title='bbox 3168 881 3479 944; x_wconf 77' lang='lat' dir='ltr'><strong><em>exspectat.</em></strong></span> <span class='ocrx_word' id='word_1_259' title='bbox 3546 877 3733 947; x_wconf 82' lang='lat' dir='ltr'><strong><em>(Auc.)</em></strong></span> 
     </span>
    </p>
   </div>
   <div class='ocr_carea' id='block_1_38' title="bbox 2033 956 3730 1033">
    <p class='ocr_par' dir='ltr' id='par_1_38' title="bbox 2033 956 3730 1033">
     <span class='ocr_line' id='line_1_38' title="bbox 2033 956 3730 1033; baseline 0.006 -24"><span class='ocrx_word' id='word_1_260' title='bbox 2033 956 2356 1011; x_wconf 83' lang='lat' dir='ltr'><strong><em>Auctoritas</em></strong></span> <span class='ocrx_word' id='word_1_261' title='bbox 2390 959 2461 1012; x_wconf 90' lang='lat' dir='ltr'><strong><em>ab</em></strong></span> <span class='ocrx_word' id='word_1_262' title='bbox 2490 958 2741 1030; x_wconf 88' lang='lat' dir='ltr'><strong><em>antiquis</em></strong></span> <span class='ocrx_word' id='word_1_263' title='bbox 2771 959 2830 1014; x_wconf 92' lang='lat' dir='ltr'><strong><em>in</em></strong></span> <span class='ocrx_word' id='word_1_264' title='bbox 2859 961 3145 1015; x_wconf 83' lang='lat' dir='ltr'><strong><em>Abraham</em></strong></span> <span class='ocrx_word' id='word_1_265' title='bbox 3202 970 3259 1016; x_wconf 90' lang='lat' dir='ltr'><strong><em>et</em></strong></span> <span class='ocrx_word' id='word_1_266' title='bbox 3310 964 3550 1031; x_wconf 67' lang='lat' dir='ltr'><strong><em>caeteris,</em></strong></span> <span class='ocrx_word' id='word_1_267' title='bbox 3599 972 3730 1033; x_wconf 93' lang='lat' dir='ltr'><strong><em>etc.,</em></strong></span> 
     </span>
    </p>
   </div>
   <div class='ocr_carea' id='block_1_39' title="bbox 2034 1046 3729 1119">
    <p class='ocr_par' dir='ltr' id='par_1_39' title="bbox 2034 1046 3729 1119">
     <span class='ocr_line' id='line_1_39' title="bbox 2034 1046 3729 1119; baseline 0.006 -21"><span class='ocrx_word' id='word_1_268' title='bbox 2034 1060 2202 1113; x_wconf 88' lang='lat' dir='ltr'><strong><em>usque</em></strong></span> <span class='ocrx_word' id='word_1_269' title='bbox 2226 1046 2301 1100; x_wconf 84' lang='lat' dir='ltr'><strong><em>ad</em></strong></span> <span class='ocrx_word' id='word_1_270' title='bbox 2356 1048 2453 1118; x_wconf 93' lang='lat' dir='ltr'><strong><em>qui</em></strong></span> <span class='ocrx_word' id='word_1_271' title='bbox 2482 1055 2673 1101; x_wconf 89' lang='lat' dir='ltr'><strong><em>noster</em></strong></span> <span class='ocrx_word' id='word_1_272' title='bbox 2727 1054 2811 1102; x_wconf 87' lang='lat' dir='ltr'><strong><em>est</em></strong></span> <span class='ocrx_word' id='word_1_273' title='bbox 2870 1066 2971 1119; x_wconf 89' lang='lat' dir='ltr'><strong><em>per</em></strong></span> <span class='ocrx_word' id='word_1_274' title='bbox 3017 1052 3256 1119; x_wconf 87' lang='lat' dir='ltr'><strong><em>cultum,</em></strong></span> <span class='ocrx_word' id='word_1_275' title='bbox 3291 1068 3406 1106; x_wconf 89' lang='lat' dir='ltr'><strong><em>non</em></strong></span> <span class='ocrx_word' id='word_1_276' title='bbox 3465 1054 3729 1108; x_wconf 88' lang='lat' dir='ltr'><strong><em>aliorum.</em></strong></span> 
     </span>
    </p>
   </div>
   <div class='ocr_carea' id='block_1_40' title="bbox 2102 1135 3729 1210">
    <p class='ocr_par' dir='ltr' id='par_1_40' title="bbox 2102 1135 3729 1210">
     <span class='ocr_line' id='line_1_40' title="bbox 2102 1135 3729 1210; baseline 0.006 -24"><span class='ocrx_word' id='word_1_277' title='bbox 2102 1136 2407 1187; x_wconf 86' lang='lat' dir='ltr'><strong><em>Dominum.</em></strong></span> <span class='ocrx_word' id='word_1_278' title='bbox 2444 1135 2569 1203; x_wconf 80' lang='grc' dir='ltr'><strong><em>(ῐυ.)</em></strong></span> <span class='ocrx_word' id='word_1_279' title='bbox 2604 1136 2724 1189; x_wconf 90' lang='lat' dir='ltr'><strong><em>Non</em></strong></span> <span class='ocrx_word' id='word_1_280' title='bbox 2786 1136 3103 1203; x_wconf 83' lang='lat' dir='ltr'><strong><em>hominem,</em></strong></span> <span class='ocrx_word' id='word_1_281' title='bbox 3146 1138 3246 1208; x_wconf 91' lang='lat' dir='ltr'><strong>qui</strong></span> <span class='ocrx_word' id='word_1_282' title='bbox 3298 1144 3484 1208; x_wconf 87' lang='lat' dir='ltr'><strong><em>potest</em></strong></span> <span class='ocrx_word' id='word_1_283' title='bbox 3512 1140 3729 1210; x_wconf 87' lang='lat' dir='ltr'><strong><em>fallere,</em></strong></span> 
     </span>
    </p>
   </div>
   <div class='ocr_carea' id='block_1_41' title="bbox 2034 1222 3733 1299">
    <p class='ocr_par' dir='ltr' id='par_1_41' title="bbox 2034 1222 3733 1299">
     <span class='ocr_line' id='line_1_41' title="bbox 2034 1222 3733 1299; baseline 0.006 -26"><span class='ocrx_word' id='word_1_284' title='bbox 2034 1226 2089 1274; x_wconf 92' lang='lat' dir='ltr'><strong><em>et</em></strong></span> <span class='ocrx_word' id='word_1_285' title='bbox 2137 1222 2277 1288; x_wconf 82' lang='lat' dir='ltr'><strong><em>falli,</em></strong></span> <span class='ocrx_word' id='word_1_286' title='bbox 2311 1229 2368 1277; x_wconf 90' lang='lat' dir='ltr'><strong><em>et</em></strong></span> <span class='ocrx_word' id='word_1_287' title='bbox 2423 1224 2523 1294; x_wconf 90' lang='lat' dir='ltr'><strong><em>qui</em></strong></span> <span class='ocrx_word' id='word_1_288' title='bbox 2578 1240 2797 1277; x_wconf 89' lang='lat' dir='ltr'><strong><em>mecum</em></strong></span> <span class='ocrx_word' id='word_1_289' title='bbox 2839 1225 3077 1294; x_wconf 82' lang='lat' dir='ltr'><strong><em>indiget.</em></strong></span> <span class='ocrx_word' id='word_1_290' title='bbox 3113 1228 3374 1283; x_wconf 82' lang='lat' dir='ltr'><strong><em>Intendit.</em></strong></span> <span class='ocrx_word' id='word_1_291' title='bbox 3421 1229 3545 1299; x_wconf 85' lang='lat' dir='ltr'><strong><em>(ln.)</em></strong></span> <span class='ocrx_word' id='word_1_292' title='bbox 3597 1232 3733 1285; x_wconf 83' lang='lat' dir='ltr'><strong><em>Mihi</em></strong></span> 
     </span>
    </p>
   </div>
   <div class='ocr_carea' id='block_1_42' title="bbox 2035 1311 3186 1380">
    <p class='ocr_par' dir='ltr' id='par_1_42' title="bbox 2035 1311 3186 1380">
     <span class='ocr_line' id='line_1_42' title="bbox 2035 1311 3186 1380; baseline 0.005 -18"><span class='ocrx_word' id='word_1_293' title='bbox 2035 1317 2097 1363; x_wconf 92' lang='lat' dir='ltr'><strong><em>ut</em></strong></span> <span class='ocrx_word' id='word_1_294' title='bbox 2128 1311 2422 1380; x_wconf 91' lang='lat' dir='ltr'><strong><em>prodesset</em></strong></span> <span class='ocrx_word' id='word_1_295' title='bbox 2454 1328 2467 1365; x_wconf 89' lang='lat'>:</span> <span class='ocrx_word' id='word_1_296' title='bbox 2504 1329 2616 1366; x_wconf 93' lang='lat' dir='ltr'><strong><em>non</em></strong></span> <span class='ocrx_word' id='word_1_297' title='bbox 2650 1329 2762 1379; x_wconf 90' lang='lat' dir='ltr'><strong><em>me,</em></strong></span> <span class='ocrx_word' id='word_1_298' title='bbox 2796 1319 2858 1367; x_wconf 89' lang='lat' dir='ltr'><strong><em>ut</em></strong></span> <span class='ocrx_word' id='word_1_299' title='bbox 2897 1320 2950 1368; x_wconf 93' lang='lat' dir='ltr'><strong><em>et</em></strong></span> <span class='ocrx_word' id='word_1_300' title='bbox 2985 1316 3186 1368; x_wconf 88' lang='lat' dir='ltr'><strong><em>malos.</em></strong></span> 
     </span>
    </p>
   </div>
   <div class='ocr_carea' id='block_1_43' title="bbox 2109 1399 3727 1476">
    <p class='ocr_par' dir='ltr' id='par_1_43' title="bbox 2109 1399 3727 1476">
     <span class='ocr_line' id='line_1_43' title="bbox 2109 1399 3727 1476; baseline 0.007 -27"><span class='ocrx_word' id='word_1_301' title='bbox 2109 1399 2267 1453; x_wconf 74' lang='lat' dir='ltr'><strong><em>Vens.</em></strong></span> <span class='ocrx_word' id='word_1_302' title='bbox 2323 1402 2380 1454; x_wconf 89' lang='lat'><strong><em>3.</em></strong></span> <span class='ocrx_word' id='word_1_303' title='bbox 2450 1432 2518 1439; x_wconf 89' lang='lat'><strong><em>——-</em></strong></span> <span class='ocrx_word' id='word_1_304' title='bbox 2576 1405 2736 1456; x_wconf 85' lang='lat' dir='ltr'><strong><em>Lacu.</em></strong></span> <span class='ocrx_word' id='word_1_305' title='bbox 2793 1402 2927 1473; x_wconf 68' lang='lat' dir='ltr'><strong><em>llo.)</em></strong></span> <span class='ocrx_word' id='word_1_306' title='bbox 2982 1404 3253 1457; x_wconf 62' lang='lat' dir='ltr'><strong><em>Tenebrae</em></strong></span> <span class='ocrx_word' id='word_1_307' title='bbox 3327 1405 3727 1476; x_wconf 88' lang='lat' dir='ltr'><strong><em>iniquitatum,</em></strong></span> 
     </span>
    </p>
   </div>
   <div class='ocr_carea' id='block_1_44' title="bbox 2031 1485 3731 1563">
    <p class='ocr_par' dir='ltr' id='par_1_44' title="bbox 2031 1485 3731 1563">
     <span class='ocr_line' id='line_1_44' title="bbox 2031 1485 3731 1563; baseline 0.006 -25"><span class='ocrx_word' id='word_1_308' title='bbox 2031 1485 2381 1540; x_wconf 81' lang='lat' dir='ltr'><strong><em>infidelitatis</em></strong></span> <span class='ocrx_word' id='word_1_309' title='bbox 2410 1488 2625 1542; x_wconf 89' lang='lat' dir='ltr'><strong><em>scilicet</em></strong></span> <span class='ocrx_word' id='word_1_310' title='bbox 2654 1494 2709 1542; x_wconf 90' lang='lat' dir='ltr'><strong><em>et</em></strong></span> <span class='ocrx_word' id='word_1_311' title='bbox 2738 1490 3103 1559; x_wconf 79' lang='lat' dir='ltr'><strong><em>ignorantiae,</em></strong></span> <span class='ocrx_word' id='word_1_312' title='bbox 3140 1498 3270 1552; x_wconf 87' lang='lat' dir='ltr'><strong><em>etc.,</em></strong></span> <span class='ocrx_word' id='word_1_313' title='bbox 3302 1508 3472 1561; x_wconf 89' lang='lat' dir='ltr'><strong><em>usque</em></strong></span> <span class='ocrx_word' id='word_1_314' title='bbox 3504 1509 3518 1547; x_wconf 89' lang='lat'>:</span> <span class='ocrx_word' id='word_1_315' title='bbox 3550 1495 3625 1547; x_wconf 89' lang='lat' dir='ltr'><strong><em>ad</em></strong></span> <span class='ocrx_word' id='word_1_316' title='bbox 3643 1511 3731 1563; x_wconf 85' lang='lat' dir='ltr'><strong><em>pe-</em></strong></span> 
     </span>
    </p>
   </div>
   <div class='ocr_carea' id='block_1_45' title="bbox 2032 1575 3729 1653">
    <p class='ocr_par' dir='ltr' id='par_1_45' title="bbox 2032 1575 3729 1653">
     <span class='ocr_line' id='line_1_45' title="bbox 2032 1575 3729 1653; baseline 0.007 -27"><span class='ocrx_word' id='word_1_317' title='bbox 2032 1579 2120 1626; x_wconf 86' lang='lat' dir='ltr'><strong><em>tra</em></strong></span> <span class='ocrx_word' id='word_1_318' title='bbox 2149 1575 2567 1629; x_wconf 90' lang='lat' dir='ltr'><strong><em>contralutum.</em></strong></span> <span class='ocrx_word' id='word_1_319' title='bbox 2601 1577 2800 1647; x_wconf 75' lang='lat' dir='ltr'><strong><em>(Hii-1a.)</em></strong></span> <span class='ocrx_word' id='word_1_320' title='bbox 2835 1578 2896 1631; x_wconf 92' lang='lat' dir='ltr'><strong><em>In</em></strong></span> <span class='ocrx_word' id='word_1_321' title='bbox 2926 1580 3047 1633; x_wconf 89' lang='lat' dir='ltr'><strong><em>lacu</em></strong></span> <span class='ocrx_word' id='word_1_322' title='bbox 3077 1596 3206 1632; x_wconf 79' lang='lat' dir='ltr'><strong><em>vero</em></strong></span> <span class='ocrx_word' id='word_1_323' title='bbox 3239 1585 3295 1634; x_wconf 90' lang='lat' dir='ltr'><strong><em>et</em></strong></span> <span class='ocrx_word' id='word_1_324' title='bbox 3318 1580 3378 1633; x_wconf 91' lang='lat' dir='ltr'><strong><em>in</em></strong></span> <span class='ocrx_word' id='word_1_325' title='bbox 3412 1583 3543 1648; x_wconf 89' lang='lat' dir='ltr'><strong><em>luto,</em></strong></span> <span class='ocrx_word' id='word_1_326' title='bbox 3590 1598 3729 1653; x_wconf 87' lang='lat' dir='ltr'><strong><em>gen-</em></strong></span> 
     </span>
    </p>
   </div>
   <div class='ocr_carea' id='block_1_46' title="bbox 2030 1662 3578 1730">
    <p class='ocr_par' dir='ltr' id='par_1_46' title="bbox 2030 1662 3578 1730">
     <span class='ocr_line' id='line_1_46' title="bbox 2030 1662 3578 1730; baseline 0.006 -16"><span class='ocrx_word' id='word_1_327' title='bbox 2030 1665 2113 1714; x_wconf 90' lang='lat' dir='ltr'><strong><em>tes</em></strong></span> <span class='ocrx_word' id='word_1_328' title='bbox 2144 1662 2295 1716; x_wconf 89' lang='lat' dir='ltr'><strong><em>idola</em></strong></span> <span class='ocrx_word' id='word_1_329' title='bbox 2325 1665 2572 1717; x_wconf 85' lang='lat' dir='ltr'><strong><em>colentes</em></strong></span> <span class='ocrx_word' id='word_1_330' title='bbox 2602 1684 2617 1718; x_wconf 86' lang='lat'><strong>:</strong></span> <span class='ocrx_word' id='word_1_331' title='bbox 2655 1666 2763 1730; x_wconf 86' lang='lat' dir='ltr'><strong><em>vel,</em></strong></span> <span class='ocrx_word' id='word_1_332' title='bbox 2798 1682 2996 1719; x_wconf 89' lang='lat' dir='ltr'><strong><em>omnes</em></strong></span> <span class='ocrx_word' id='word_1_333' title='bbox 3036 1673 3263 1721; x_wconf 86' lang='lat' dir='ltr'><strong><em>terrena</em></strong></span> <span class='ocrx_word' id='word_1_334' title='bbox 3293 1677 3578 1726; x_wconf 88' lang='lat' dir='ltr'><strong><em>amantes.</em></strong></span> 
     </span>
    </p>
   </div>
   <div class='ocr_carea' id='block_1_47' title="bbox 2106 1751 3729 1827">
    <p class='ocr_par' dir='ltr' id='par_1_47' title="bbox 2106 1751 3729 1827">
     <span class='ocr_line' id='line_1_47' title="bbox 2106 1751 3729 1827; baseline 0.008 -26"><span class='ocrx_word' id='word_1_335' title='bbox 2106 1751 2265 1805; x_wconf 69' lang='lat' dir='ltr'><strong><em>Vens.</em></strong></span> <span class='ocrx_word' id='word_1_336' title='bbox 2316 1751 2367 1804; x_wconf 83' lang='grc'><strong>4.</strong></span> <span class='ocrx_word' id='word_1_337' title='bbox 2400 1781 2469 1792; x_wconf 94' lang='grc'><strong><em>-</em></strong></span> <span class='ocrx_word' id='word_1_338' title='bbox 2499 1754 2744 1809; x_wconf 85' lang='lat' dir='ltr'><strong><em>Carmen.</em></strong></span> <span class='ocrx_word' id='word_1_339' title='bbox 2803 1754 3014 1825; x_wconf 75' lang='lat' dir='ltr'><strong><em>(illan)</em></strong></span> <span class='ocrx_word' id='word_1_340' title='bbox 3049 1757 3170 1809; x_wconf 87' lang='lat' dir='ltr'><strong><em>Non</em></strong></span> <span class='ocrx_word' id='word_1_341' title='bbox 3198 1763 3389 1827; x_wconf 89' lang='lat' dir='ltr'><strong><em>turpe,</em></strong></span> <span class='ocrx_word' id='word_1_342' title='bbox 3423 1774 3538 1811; x_wconf 89' lang='lat' dir='ltr'><strong><em>non</em></strong></span> <span class='ocrx_word' id='word_1_343' title='bbox 3570 1760 3729 1813; x_wconf 85' lang='lat' dir='ltr'><strong><em>thea-</em></strong></span> 
     </span>
    </p>
   </div>
   <div class='ocr_carea' id='block_1_48' title="bbox 2030 1839 3726 1910">
    <p class='ocr_par' dir='ltr' id='par_1_48' title="bbox 2030 1839 3726 1910">
     <span class='ocr_line' id='line_1_48' title="bbox 2030 1839 3726 1910; baseline 0.006 -20"><span class='ocrx_word' id='word_1_344' title='bbox 2030 1839 2193 1904; x_wconf 89' lang='lat' dir='ltr'><strong><em>trale,</em></strong></span> <span class='ocrx_word' id='word_1_345' title='bbox 2274 1841 2370 1893; x_wconf 91' lang='lat' dir='ltr'><strong><em>sed</em></strong></span> <span class='ocrx_word' id='word_1_346' title='bbox 2431 1857 2535 1910; x_wconf 87' lang='lat' dir='ltr'><strong><em>per</em></strong></span> <span class='ocrx_word' id='word_1_347' title='bbox 2609 1843 2825 1895; x_wconf 87' lang='lat' dir='ltr'><strong><em>Novum</em></strong></span> <span class='ocrx_word' id='word_1_348' title='bbox 2904 1844 3350 1899; x_wconf 84' lang='lat' dir='ltr'><strong><em>Testamentum.</em></strong></span> <span class='ocrx_word' id='word_1_349' title='bbox 3428 1847 3726 1901; x_wconf 74' lang='lat' dir='ltr'><strong><em>Videbunt.</em></strong></span> 
     </span>
    </p>
   </div>
   <div class='ocr_carea' id='block_1_49' title="bbox 2030 1926 3728 2008">
    <p class='ocr_par' dir='ltr' id='par_1_49' title="bbox 2030 1926 3728 2008">
     <span class='ocr_line' id='line_1_49' title="bbox 2030 1926 3728 2008; baseline 0.005 -27"><span class='ocrx_word' id='word_1_350' title='bbox 2030 1926 2230 1998; x_wconf 67' lang='lat' dir='ltr'><strong><em>(Cass)</em></strong></span> <span class='ocrx_word' id='word_1_351' title='bbox 2266 1928 2542 1983; x_wconf 77' lang='lat' dir='ltr'><strong><em>Mirabilia</em></strong></span> <span class='ocrx_word' id='word_1_352' title='bbox 2579 1935 2837 2001; x_wconf 78' lang='lat' dir='ltr'><strong><em>tempore</em></strong></span> <span class='ocrx_word' id='word_1_353' title='bbox 2895 1931 3307 1987; x_wconf 86' lang='lat' dir='ltr'><strong><em>incarnationis</em></strong></span> <span class='ocrx_word' id='word_1_354' title='bbox 3339 1935 3483 1989; x_wconf 82' lang='lat' dir='ltr'><strong><em>facta</em></strong></span> <span class='ocrx_word' id='word_1_355' title='bbox 3539 1935 3728 2008; x_wconf 82' lang='lat' dir='ltr'><strong><em>(AUG.)</em></strong></span> 
     </span>
    </p>
   </div>
   <div class='ocr_carea' id='block_1_50' title="bbox 2030 2015 3726 2091">
    <p class='ocr_par' dir='ltr' id='par_1_50' title="bbox 2030 2015 3726 2091">
     <span class='ocr_line' id='line_1_50' title="bbox 2030 2015 3726 2091; baseline 0.006 -24"><span class='ocrx_word' id='word_1_356' title='bbox 2030 2015 2334 2083; x_wconf 90' lang='lat' dir='ltr'><strong><em>Videbunt,</em></strong></span> <span class='ocrx_word' id='word_1_357' title='bbox 2366 2017 2473 2070; x_wconf 92' lang='lat' dir='ltr'><strong><em>hoc</em></strong></span> <span class='ocrx_word' id='word_1_358' title='bbox 2505 2019 2657 2088; x_wconf 91' lang='lat' dir='ltr'><strong><em>quod</em></strong></span> <span class='ocrx_word' id='word_1_359' title='bbox 2691 2020 2876 2089; x_wconf 89' lang='lat' dir='ltr'><strong><em>primo</em></strong></span> <span class='ocrx_word' id='word_1_360' title='bbox 2909 2020 2977 2075; x_wconf 92' lang='lat' dir='ltr'><strong><em>de</em></strong></span> <span class='ocrx_word' id='word_1_361' title='bbox 3030 2021 3319 2091; x_wconf 89' lang='lat' dir='ltr'><strong><em>prioribus</em></strong></span> <span class='ocrx_word' id='word_1_362' title='bbox 3374 2024 3534 2090; x_wconf 84' lang='lat' dir='ltr'><strong><em>dixit,</em></strong></span> <span class='ocrx_word' id='word_1_363' title='bbox 3566 2024 3726 2079; x_wconf 85' lang='lat' dir='ltr'><strong><em>vide-</em></strong></span> 
     </span>
    </p>
   </div>
   <div class='ocr_carea' id='block_1_51' title="bbox 2030 2108 2857 2181">
    <p class='ocr_par' dir='ltr' id='par_1_51' title="bbox 2030 2108 2857 2181">
     <span class='ocr_line' id='line_1_51' title="bbox 2030 2108 2857 2181; baseline 0.006 -20"><span class='ocrx_word' id='word_1_364' title='bbox 2030 2108 2175 2162; x_wconf 91' lang='lat' dir='ltr'><strong><em>bunt</em></strong></span> <span class='ocrx_word' id='word_1_365' title='bbox 2199 2110 2363 2165; x_wconf 88' lang='lat' dir='ltr'><strong><em>multi</em></strong></span> <span class='ocrx_word' id='word_1_366' title='bbox 2395 2111 2594 2181; x_wconf 89' lang='lat' dir='ltr'><strong><em>populi</em></strong></span> <span class='ocrx_word' id='word_1_367' title='bbox 2626 2113 2857 2181; x_wconf 89' lang='lat' dir='ltr'><strong><em>posteri.</em></strong></span> 
     </span>
    </p>
   </div>
   <div class='ocr_carea' id='block_1_52' title="bbox 2101 2199 3721 2271">
    <p class='ocr_par' dir='ltr' id='par_1_52' title="bbox 2101 2199 3721 2271">
     <span class='ocr_line' id='line_1_52' title="bbox 2101 2199 3721 2271; baseline 0.006 -21"><span class='ocrx_word' id='word_1_368' title='bbox 2101 2199 2267 2252; x_wconf 71' lang='lat' dir='ltr'><strong><em>Vnus.</em></strong></span> <span class='ocrx_word' id='word_1_369' title='bbox 2321 2203 2371 2254; x_wconf 84' lang='lat'><strong><em>5.</em></strong></span> <span class='ocrx_word' id='word_1_370' title='bbox 2432 2231 2500 2239; x_wconf 91' lang='lat'><strong><em>—</em></strong></span> <span class='ocrx_word' id='word_1_371' title='bbox 2578 2202 2798 2255; x_wconf 88' lang='lat' dir='ltr'><strong><em>Nomen.</em></strong></span> <span class='ocrx_word' id='word_1_372' title='bbox 2872 2200 3001 2271; x_wconf 81' lang='lat'><strong><em>([0.)</em></strong></span> <span class='ocrx_word' id='word_1_373' title='bbox 3065 2203 3227 2266; x_wconf 91' lang='lat' dir='ltr'><strong>Quod</strong></span> <span class='ocrx_word' id='word_1_374' title='bbox 3323 2208 3408 2257; x_wconf 92' lang='lat' dir='ltr'><strong><em>est</em></strong></span> <span class='ocrx_word' id='word_1_375' title='bbox 3457 2205 3721 2261; x_wconf 87' lang='lat' dir='ltr'><strong><em>salvator.</em></strong></span> 
     </span>
    </p>
   </div>
   <div class='ocr_carea' id='block_1_53' title="bbox 2030 2285 3724 2363">
    <p class='ocr_par' dir='ltr' id='par_1_53' title="bbox 2030 2285 3724 2363">
     <span class='ocr_line' id='line_1_53' title="bbox 2030 2285 3724 2363; baseline 0.005 -24"><span class='ocrx_word' id='word_1_376' title='bbox 2030 2285 2202 2349; x_wconf 90' lang='lat' dir='ltr'><strong><em>Quasi</em></strong></span> <span class='ocrx_word' id='word_1_377' title='bbox 2252 2303 2266 2340; x_wconf 91' lang='lat'><strong>:</strong></span> <span class='ocrx_word' id='word_1_378' title='bbox 2314 2288 2530 2353; x_wconf 86' lang='lat' dir='ltr'><strong><em>Beatus,</em></strong></span> <span class='ocrx_word' id='word_1_379' title='bbox 2568 2294 2699 2355; x_wconf 90' lang='lat' dir='ltr'><strong><em>etc.,</em></strong></span> <span class='ocrx_word' id='word_1_380' title='bbox 2752 2289 2855 2359; x_wconf 91' lang='lat' dir='ltr'><strong>qui</strong></span> <span class='ocrx_word' id='word_1_381' title='bbox 2912 2304 3029 2343; x_wconf 93' lang='lat' dir='ltr'><strong><em>non</em></strong></span> <span class='ocrx_word' id='word_1_382' title='bbox 3056 2293 3397 2362; x_wconf 87' lang='lat' dir='ltr'><strong><em>temporalia</em></strong></span> <span class='ocrx_word' id='word_1_383' title='bbox 3423 2298 3614 2363; x_wconf 83' lang='lat' dir='ltr'><strong><em>sperat</em></strong></span> <span class='ocrx_word' id='word_1_384' title='bbox 3655 2293 3724 2348; x_wconf 90' lang='lat' dir='ltr'><strong><em>ab</em></strong></span> 
     </span>
    </p>
   </div>
   <div class='ocr_carea' id='block_1_54' title="bbox 2031 2367 3778 2447">
    <p class='ocr_par' dir='ltr' id='par_1_54' title="bbox 2031 2367 3778 2447">
     <span class='ocr_line' id='line_1_54' title="bbox 2031 2367 3778 2447; baseline 0.005 -19"><span class='ocrx_word' id='word_1_385' title='bbox 2031 2391 2120 2441; x_wconf 90' lang='lat' dir='ltr'><strong><em>eo,</em></strong></span> <span class='ocrx_word' id='word_1_386' title='bbox 2153 2375 2252 2429; x_wconf 91' lang='lat' dir='ltr'><strong><em>sed</em></strong></span> <span class='ocrx_word' id='word_1_387' title='bbox 2276 2376 2537 2442; x_wconf 89' lang='lat' dir='ltr'><strong><em>salutem,</em></strong></span> <span class='ocrx_word' id='word_1_388' title='bbox 2562 2378 2714 2447; x_wconf 90' lang='lat' dir='ltr'><strong><em>quod</em></strong></span> <span class='ocrx_word' id='word_1_389' title='bbox 2738 2379 2859 2447; x_wconf 86' lang='lat' dir='ltr'><strong><em>ejus</em></strong></span> <span class='ocrx_word' id='word_1_390' title='bbox 2880 2394 3087 2432; x_wconf 89' lang='lat' dir='ltr'><strong><em>nomen</em></strong></span> <span class='ocrx_word' id='word_1_391' title='bbox 3121 2380 3355 2435; x_wconf 86' lang='lat' dir='ltr'><strong><em>indicat.</em></strong></span> <span class='ocrx_word' id='word_1_392' title='bbox 3406 2382 3465 2435; x_wconf 87' lang='lat' dir='ltr'><strong><em>In</em></strong></span> <span class='ocrx_word' id='word_1_393' title='bbox 3490 2383 3726 2437; x_wconf 67' lang='lat' dir='ltr'><strong><em>Hebraeo</em></strong></span> <span class='ocrx_word' id='word_1_394' title='bbox 3776 2367 3778 2369; x_wconf 8' lang='lat' dir='ltr'><strong><em>l</em></strong></span> 
     </span>
    </p>
   </div>
   <div class='ocr_carea' id='block_1_55' title="bbox 2032 2464 3723 2538">
    <p class='ocr_par' dir='ltr' id='par_1_55' title="bbox 2032 2464 3723 2538">
     <span class='ocr_line' id='line_1_55' title="bbox 2032 2464 3723 2538; baseline 0.006 -22"><span class='ocrx_word' id='word_1_395' title='bbox 2032 2480 2183 2534; x_wconf 58' lang='lat' dir='ltr'><strong><em>sape</em></strong></span> <span class='ocrx_word' id='word_1_396' title='bbox 2239 2464 2606 2536; x_wconf 81' lang='lat' dir='ltr'><strong><em>duplicantur</em></strong></span> <span class='ocrx_word' id='word_1_397' title='bbox 2642 2466 2749 2519; x_wconf 92' lang='lat' dir='ltr'><strong><em>hoc</em></strong></span> <span class='ocrx_word' id='word_1_398' title='bbox 2806 2468 2977 2521; x_wconf 89' lang='lat' dir='ltr'><strong><em>modo</em></strong></span> <span class='ocrx_word' id='word_1_399' title='bbox 3030 2469 3310 2537; x_wconf 87' lang='lat' dir='ltr'><strong><em>genitivi:</em></strong></span> <span class='ocrx_word' id='word_1_400' title='bbox 3364 2470 3474 2537; x_wconf 80' lang='lat' dir='ltr'><strong><em>vel,</em></strong></span> <span class='ocrx_word' id='word_1_401' title='bbox 3518 2471 3723 2538; x_wconf 89' lang='lat' dir='ltr'><strong><em>beatus,</em></strong></span> 
     </span>
    </p>
   </div>
   <div class='ocr_carea' id='block_1_56' title="bbox 2029 2554 3726 2626">
    <p class='ocr_par' dir='ltr' id='par_1_56' title="bbox 2029 2554 3726 2626">
     <span class='ocr_line' id='line_1_56' title="bbox 2029 2554 3726 2626; baseline 0.004 -20"><span class='ocrx_word' id='word_1_402' title='bbox 2029 2557 2113 2606; x_wconf 90' lang='lat' dir='ltr'><strong><em>est</em></strong></span> <span class='ocrx_word' id='word_1_403' title='bbox 2141 2554 2233 2607; x_wconf 88' lang='lat' dir='ltr'><strong><em>cui</em></strong></span> <span class='ocrx_word' id='word_1_404' title='bbox 2259 2560 2344 2607; x_wconf 89' lang='lat' dir='ltr'><strong><em>est</em></strong></span> <span class='ocrx_word' id='word_1_405' title='bbox 2387 2570 2620 2621; x_wconf 93' lang='lat' dir='ltr'><strong><em>nomen,</em></strong></span> <span class='ocrx_word' id='word_1_406' title='bbox 2671 2554 2728 2608; x_wconf 91' lang='lat' dir='ltr'><strong><em>id</em></strong></span> <span class='ocrx_word' id='word_1_407' title='bbox 2750 2560 2854 2621; x_wconf 92' lang='lat' dir='ltr'><strong><em>est,</em></strong></span> <span class='ocrx_word' id='word_1_408' title='bbox 2879 2572 2993 2626; x_wconf 91' lang='lat' dir='ltr'><strong><em>quo</em></strong></span> <span class='ocrx_word' id='word_1_409' title='bbox 3014 2557 3137 2610; x_wconf 91' lang='lat' dir='ltr'><strong><em>laus</em></strong></span> <span class='ocrx_word' id='word_1_410' title='bbox 3178 2557 3296 2625; x_wconf 90' lang='lat' dir='ltr'><strong><em>Dei,</em></strong></span> <span class='ocrx_word' id='word_1_411' title='bbox 3325 2563 3390 2612; x_wconf 91' lang='lat' dir='ltr'><strong><em>ut</em></strong></span> <span class='ocrx_word' id='word_1_412' title='bbox 3420 2560 3490 2612; x_wconf 91' lang='lat' dir='ltr'><strong><em>ab</em></strong></span> <span class='ocrx_word' id='word_1_413' title='bbox 3537 2575 3603 2613; x_wconf 93' lang='lat' dir='ltr'><strong><em>eo</em></strong></span> <span class='ocrx_word' id='word_1_414' title='bbox 3638 2576 3726 2613; x_wconf 81' lang='lat' dir='ltr'><strong><em>so-</em></strong></span> 
     </span>
    </p>
   </div>
   <div class='ocr_carea' id='block_1_57' title="bbox 2029 2642 3722 2715">
    <p class='ocr_par' dir='ltr' id='par_1_57' title="bbox 2029 2642 3722 2715">
     <span class='ocr_line' id='line_1_57' title="bbox 2029 2642 3722 2715; baseline 0.004 -20"><span class='ocrx_word' id='word_1_415' title='bbox 2029 2642 2085 2695; x_wconf 93' lang='lat' dir='ltr'><strong><em>lo</em></strong></span> <span class='ocrx_word' id='word_1_416' title='bbox 2115 2642 2303 2696; x_wconf 90' lang='lat' dir='ltr'><strong><em>credat</em></strong></span> <span class='ocrx_word' id='word_1_417' title='bbox 2333 2643 2597 2709; x_wconf 84' lang='lat' dir='ltr'><strong><em>salutem,</em></strong></span> <span class='ocrx_word' id='word_1_418' title='bbox 2633 2643 2787 2697; x_wconf 91' lang='lat' dir='ltr'><strong><em>unde</em></strong></span> <span class='ocrx_word' id='word_1_419' title='bbox 2845 2650 2932 2698; x_wconf 88' lang='lat' dir='ltr'><strong><em>est</em></strong></span> <span class='ocrx_word' id='word_1_420' title='bbox 2986 2650 3040 2697; x_wconf 92' lang='lat' dir='ltr'><strong><em>et</em></strong></span> <span class='ocrx_word' id='word_1_421' title='bbox 3088 2662 3216 2714; x_wconf 87' lang='lat' dir='ltr'><strong><em>spes</em></strong></span> <span class='ocrx_word' id='word_1_422' title='bbox 3247 2648 3389 2715; x_wconf 82' lang='lat' dir='ltr'><strong><em>ejus.</em></strong></span> <span class='ocrx_word' id='word_1_423' title='bbox 3446 2650 3722 2702; x_wconf 86' lang='lat' dir='ltr'><strong><em>Insanias.</em></strong></span> 
     </span>
    </p>
   </div>
   <div class='ocr_carea' id='block_1_58' title="bbox 2031 2730 3721 2801">
    <p class='ocr_par' dir='ltr' id='par_1_58' title="bbox 2031 2730 3721 2801">
     <span class='ocr_line' id='line_1_58' title="bbox 2031 2730 3721 2801; baseline 0.003 -18"><span class='ocrx_word' id='word_1_424' title='bbox 2031 2730 2228 2799; x_wconf 59' lang='lat' dir='ltr'><strong><em>(Cass)</em></strong></span> <span class='ocrx_word' id='word_1_425' title='bbox 2261 2731 2438 2796; x_wconf 90' lang='lat' dir='ltr'><strong><em>ldola,</em></strong></span> <span class='ocrx_word' id='word_1_426' title='bbox 2487 2748 2617 2801; x_wconf 69' lang='lat' dir='ltr'><strong><em>qua:</em></strong></span> <span class='ocrx_word' id='word_1_427' title='bbox 2648 2732 2853 2785; x_wconf 84' lang='lat' dir='ltr'><strong><em>fallunt</em></strong></span> <span class='ocrx_word' id='word_1_428' title='bbox 2883 2750 2914 2785; x_wconf 92' lang='lat' dir='ltr'><strong><em>a</em></strong></span> <span class='ocrx_word' id='word_1_429' title='bbox 2947 2733 3180 2787; x_wconf 87' lang='lat' dir='ltr'><strong><em>veritate</em></strong></span> <span class='ocrx_word' id='word_1_430' title='bbox 3246 2750 3257 2787; x_wconf 93' lang='lat'>:</span> <span class='ocrx_word' id='word_1_431' title='bbox 3303 2735 3410 2801; x_wconf 90' lang='lat' dir='ltr'><strong><em>vel,</em></strong></span> <span class='ocrx_word' id='word_1_432' title='bbox 3461 2735 3721 2800; x_wconf 74' lang='lat' dir='ltr'><strong><em>insaniae,</em></strong></span> 
     </span>
    </p>
   </div>
   <div class='ocr_carea' id='block_1_59' title="bbox 2026 2819 3723 2891">
    <p class='ocr_par' dir='ltr' id='par_1_59' title="bbox 2026 2819 3723 2891">
     <span class='ocr_line' id='line_1_59' title="bbox 2026 2819 3723 2891; baseline 0.003 -19"><span class='ocrx_word' id='word_1_433' title='bbox 2026 2819 2086 2872; x_wconf 91' lang='lat' dir='ltr'><strong><em>in</em></strong></span> <span class='ocrx_word' id='word_1_434' title='bbox 2114 2819 2450 2889; x_wconf 89' lang='lat' dir='ltr'><strong><em>spectaculis</em></strong></span> <span class='ocrx_word' id='word_1_435' title='bbox 2480 2819 2794 2874; x_wconf 86' lang='lat' dir='ltr'><strong><em>fallacibus.</em></strong></span> <span class='ocrx_word' id='word_1_436' title='bbox 2824 2821 2956 2875; x_wconf 91' lang='lat' dir='ltr'><strong><em>Ideo</em></strong></span> <span class='ocrx_word' id='word_1_437' title='bbox 2988 2821 3304 2891; x_wconf 79' lang='lat' dir='ltr'><strong><em>pluraliter,</em></strong></span> <span class='ocrx_word' id='word_1_438' title='bbox 3336 2827 3400 2876; x_wconf 91' lang='lat' dir='ltr'><strong><em>ut</em></strong></span> <span class='ocrx_word' id='word_1_439' title='bbox 3428 2824 3497 2877; x_wconf 92' lang='lat' dir='ltr'><strong><em>de</em></strong></span> <span class='ocrx_word' id='word_1_440' title='bbox 3535 2824 3723 2877; x_wconf 90' lang='lat' dir='ltr'><strong><em>omni-</em></strong></span> 
     </span>
    </p>
   </div>
   <div class='ocr_carea' id='block_1_60' title="bbox 2026 2900 3719 2973">
    <p class='ocr_par' dir='ltr' id='par_1_60' title="bbox 2026 2900 3719 2973">
     <span class='ocr_line' id='line_1_60' title="bbox 2026 2900 3719 2973; baseline 0.003 -20"><span class='ocrx_word' id='word_1_441' title='bbox 2026 2900 2132 2953; x_wconf 91' lang='lat' dir='ltr'><strong><em>bus</em></strong></span> <span class='ocrx_word' id='word_1_442' title='bbox 2160 2900 2493 2970; x_wconf 87' lang='lat' dir='ltr'><strong><em>accipiatur.</em></strong></span> <span class='ocrx_word' id='word_1_443' title='bbox 2530 2902 2659 2954; x_wconf 73' lang='lat' dir='ltr'><strong><em>Haac</em></strong></span> <span class='ocrx_word' id='word_1_444' title='bbox 2710 2901 2871 2967; x_wconf 89' lang='lat' dir='ltr'><strong><em>falsa,</em></strong></span> <span class='ocrx_word' id='word_1_445' title='bbox 2934 2902 3030 2955; x_wconf 91' lang='lat' dir='ltr'><strong><em>sed</em></strong></span> <span class='ocrx_word' id='word_1_446' title='bbox 3080 2919 3255 2973; x_wconf 89' lang='lat' dir='ltr'><strong><em>opera</em></strong></span> <span class='ocrx_word' id='word_1_447' title='bbox 3284 2910 3382 2958; x_wconf 88' lang='lat' dir='ltr'><strong><em>tua</em></strong></span> <span class='ocrx_word' id='word_1_448' title='bbox 3411 2904 3719 2973; x_wconf 85' lang='lat' dir='ltr'><strong><em>mirabilia,</em></strong></span> 
     </span>
    </p>
   </div>
   <div class='ocr_carea' id='block_1_61' title="bbox 219 2985 3126 3060">
    <p class='ocr_par' dir='ltr' id='par_1_61' title="bbox 219 2985 3126 3060">
     <span class='ocr_line' id='line_1_61' title="bbox 219 2985 3126 3060; baseline 0.001 -21"><span class='ocrx_word' id='word_1_449' title='bbox 219 3001 383 3039; x_wconf 89' lang='lat' dir='ltr'><strong><em>mam.</em></strong></span> <span class='ocrx_word' id='word_1_450' title='bbox 425 2985 549 3055; x_wconf 87' lang='lat' dir='ltr'><strong><em>(Io.)</em></strong></span> <span class='ocrx_word' id='word_1_451' title='bbox 580 2985 855 3040; x_wconf 87' lang='lat' dir='ltr'><strong><em>Siccatam</em></strong></span> <span class='ocrx_word' id='word_1_452' title='bbox 914 2988 986 3041; x_wconf 89' lang='lat' dir='ltr'><strong><em>ab</em></strong></span> <span class='ocrx_word' id='word_1_453' title='bbox 1043 3004 1235 3041; x_wconf 88' lang='lat' dir='ltr'><strong><em>amore</em></strong></span> <span class='ocrx_word' id='word_1_454' title='bbox 1266 2988 1560 3055; x_wconf 88' lang='lat' dir='ltr'><strong><em>virtutum,</em></strong></span> <span class='ocrx_word' id='word_1_455' title='bbox 1611 2995 1669 3043; x_wconf 92' lang='lat' dir='ltr'><strong><em>et</em></strong></span> <span class='ocrx_word' id='word_1_456' title='bbox 1715 2991 1920 3060; x_wconf 87' lang='lat' dir='ltr'><strong><em>cogni-</em></strong></span> <span class='ocrx_word' id='word_1_457' title='bbox 1952 2988 1992 3042; x_wconf 87' lang='lat' dir='ltr'><strong><em>C</em></strong></span> <span class='ocrx_word' id='word_1_458' title='bbox 2028 2989 2257 3053; x_wconf 55' lang='lat' dir='ltr'><strong><em>caelum,</em></strong></span> <span class='ocrx_word' id='word_1_459' title='bbox 2290 2993 2462 3053; x_wconf 88' lang='lat' dir='ltr'><strong><em>terra,</em></strong></span> <span class='ocrx_word' id='word_1_460' title='bbox 2491 2988 2650 3042; x_wconf 91' lang='lat' dir='ltr'><strong><em>elidit</em></strong></span> <span class='ocrx_word' id='word_1_461' title='bbox 2679 2989 3126 3059; x_wconf 87' lang='lat' dir='ltr'><strong><em>superstitiones.</em></strong></span> 
     </span>
    </p>
   </div>
   <div class='ocr_carea' id='block_1_62' title="bbox 221 3072 1917 3149">
    <p class='ocr_par' dir='ltr' id='par_1_62' title="bbox 221 3072 1917 3149">
     <span class='ocr_line' id='line_1_62' title="bbox 221 3072 1917 3149; baseline 0.004 -24"><span class='ocrx_word' id='word_1_462' title='bbox 221 3072 413 3127; x_wconf 88' lang='lat' dir='ltr'><strong><em>tionis.</em></strong></span> <span class='ocrx_word' id='word_1_463' title='bbox 460 3073 613 3127; x_wconf 89' lang='lat' dir='ltr'><strong><em>Sicut</em></strong></span> <span class='ocrx_word' id='word_1_464' title='bbox 643 3090 853 3128; x_wconf 88' lang='lat' dir='ltr'><strong><em>aranea</em></strong></span> <span class='ocrx_word' id='word_1_465' title='bbox 881 3075 1023 3129; x_wconf 84' lang='lat' dir='ltr'><strong><em>texit</em></strong></span> <span class='ocrx_word' id='word_1_466' title='bbox 1054 3076 1286 3130; x_wconf 89' lang='lat' dir='ltr'><strong><em>inanem</em></strong></span> <span class='ocrx_word' id='word_1_467' title='bbox 1318 3075 1564 3130; x_wconf 89' lang='lat' dir='ltr'><strong><em>telamin</em></strong></span> <span class='ocrx_word' id='word_1_468' title='bbox 1602 3093 1917 3149; x_wconf 88' lang='lat' dir='ltr'><strong><em>congrega-</em></strong></span> 
     </span>
    </p>
   </div>
   <div class='ocr_carea' id='block_1_63' title="bbox 220 3162 1919 3235">
    <p class='ocr_par' dir='ltr' id='par_1_63' title="bbox 220 3162 1919 3235">
     <span class='ocr_line' id='line_1_63' title="bbox 220 3162 1919 3235; baseline 0.002 -21"><span class='ocrx_word' id='word_1_469' title='bbox 220 3162 377 3215; x_wconf 89' lang='lat' dir='ltr'><strong><em>tione</em></strong></span> <span class='ocrx_word' id='word_1_470' title='bbox 407 3162 841 3232; x_wconf 85' lang='lat' dir='ltr'><strong><em>temporalium.</em></strong></span> <span class='ocrx_word' id='word_1_471' title='bbox 890 3165 1008 3233; x_wconf 90' lang='lat' dir='ltr'><strong><em>Vel,</em></strong></span> <span class='ocrx_word' id='word_1_472' title='bbox 1040 3165 1175 3217; x_wconf 91' lang='lat' dir='ltr'><strong><em>dum</em></strong></span> <span class='ocrx_word' id='word_1_473' title='bbox 1208 3165 1454 3218; x_wconf 85' lang='lat' dir='ltr'><strong><em>extrahit</em></strong></span> <span class='ocrx_word' id='word_1_474' title='bbox 1492 3180 1525 3218; x_wconf 88' lang='lat' dir='ltr'><strong><em>a</em></strong></span> <span class='ocrx_word' id='word_1_475' title='bbox 1552 3181 1612 3218; x_wconf 91' lang='lat' dir='ltr'><strong><em>se</em></strong></span> <span class='ocrx_word' id='word_1_476' title='bbox 1645 3164 1919 3235; x_wconf 89' lang='lat' dir='ltr'><strong><em>iniquita-</em></strong></span> 
     </span>
    </p>
   </div>
   <div class='ocr_carea' id='block_1_64' title="bbox 218 3252 1917 3328">
    <p class='ocr_par' dir='ltr' id='par_1_64' title="bbox 218 3252 1917 3328">
     <span class='ocr_line' id='line_1_64' title="bbox 218 3252 1917 3328; baseline 0.002 -22"><span class='ocrx_word' id='word_1_477' title='bbox 218 3256 333 3306; x_wconf 90' lang='lat' dir='ltr'><strong><em>tem</em></strong></span> <span class='ocrx_word' id='word_1_478' title='bbox 368 3252 513 3306; x_wconf 89' lang='lat' dir='ltr'><strong><em>sicut</em></strong></span> <span class='ocrx_word' id='word_1_479' title='bbox 544 3269 771 3317; x_wconf 85' lang='lat' dir='ltr'><strong><em>aranea,</em></strong></span> <span class='ocrx_word' id='word_1_480' title='bbox 805 3256 1095 3325; x_wconf 83' lang='lat' dir='ltr'><strong><em>egestione</em></strong></span> <span class='ocrx_word' id='word_1_481' title='bbox 1121 3254 1405 3308; x_wconf 85' lang='lat' dir='ltr'><strong><em>viscerum</em></strong></span> <span class='ocrx_word' id='word_1_482' title='bbox 1440 3256 1698 3310; x_wconf 90' lang='lat' dir='ltr'><strong><em>moritur.</em></strong></span> <span class='ocrx_word' id='word_1_483' title='bbox 1722 3256 1917 3328; x_wconf 58' lang='lat' dir='ltr'><strong><em>(Cass)</em></strong></span> 
     </span>
    </p>
   </div>
   <div class='ocr_carea' id='block_1_65' title="bbox 216 3341 1919 3413">
    <p class='ocr_par' dir='ltr' id='par_1_65' title="bbox 216 3341 1919 3413">
     <span class='ocr_line' id='line_1_65' title="bbox 216 3341 1919 3413; baseline 0.003 -19"><span class='ocrx_word' id='word_1_484' title='bbox 216 3341 337 3410; x_wconf 89' lang='lat' dir='ltr'><strong><em>Vel,</em></strong></span> <span class='ocrx_word' id='word_1_485' title='bbox 366 3357 573 3394; x_wconf 88' lang='lat' dir='ltr'><strong><em>aranea</em></strong></span> <span class='ocrx_word' id='word_1_486' title='bbox 600 3347 772 3396; x_wconf 90' lang='lat' dir='ltr'><strong><em>tenue</em></strong></span> <span class='ocrx_word' id='word_1_487' title='bbox 817 3358 1024 3413; x_wconf 89' lang='lat' dir='ltr'><strong><em>corpus</em></strong></span> <span class='ocrx_word' id='word_1_488' title='bbox 1070 3343 1262 3406; x_wconf 89' lang='lat' dir='ltr'><strong><em>habet,</em></strong></span> <span class='ocrx_word' id='word_1_489' title='bbox 1287 3360 1391 3397; x_wconf 90' lang='lat' dir='ltr'><strong><em>nec</em></strong></span> <span class='ocrx_word' id='word_1_490' title='bbox 1417 3344 1475 3397; x_wconf 90' lang='lat' dir='ltr'><strong><em>in</em></strong></span> <span class='ocrx_word' id='word_1_491' title='bbox 1523 3350 1693 3410; x_wconf 90' lang='lat' dir='ltr'><strong><em>terra,</em></strong></span> <span class='ocrx_word' id='word_1_492' title='bbox 1727 3345 1823 3399; x_wconf 91' lang='lat' dir='ltr'><strong><em>sed</em></strong></span> <span class='ocrx_word' id='word_1_493' title='bbox 1860 3346 1919 3400; x_wconf 91' lang='lat' dir='ltr'><strong><em>in</em></strong></span> 
     </span>
    </p>
   </div>
   <div class='ocr_carea' id='block_1_66' title="bbox 216 3431 1920 3502">
    <p class='ocr_par' dir='ltr' id='par_1_66' title="bbox 216 3431 1920 3502">
     <span class='ocr_line' id='line_1_66' title="bbox 216 3431 1920 3502; baseline 0.004 -20"><span class='ocrx_word' id='word_1_494' title='bbox 216 3431 334 3483; x_wconf 86' lang='lat' dir='ltr'><strong><em>alto</em></strong></span> <span class='ocrx_word' id='word_1_495' title='bbox 366 3435 497 3493; x_wconf 86' lang='lat' dir='ltr'><strong><em>stat,</em></strong></span> <span class='ocrx_word' id='word_1_496' title='bbox 552 3431 693 3484; x_wconf 87' lang='lat' dir='ltr'><strong><em>telas</em></strong></span> <span class='ocrx_word' id='word_1_497' title='bbox 724 3432 1016 3502; x_wconf 85' lang='lat' dir='ltr'><strong><em>egestione</em></strong></span> <span class='ocrx_word' id='word_1_498' title='bbox 1069 3433 1349 3487; x_wconf 86' lang='lat' dir='ltr'><strong><em>viscerum</em></strong></span> <span class='ocrx_word' id='word_1_499' title='bbox 1400 3433 1539 3487; x_wconf 80' lang='lat' dir='ltr'><strong><em>texit</em></strong></span> <span class='ocrx_word' id='word_1_500' title='bbox 1573 3450 1585 3487; x_wconf 91' lang='lat'><strong>:</strong></span> <span class='ocrx_word' id='word_1_501' title='bbox 1620 3434 1698 3487; x_wconf 92' lang='lat' dir='ltr'><strong><em>sic</em></strong></span> <span class='ocrx_word' id='word_1_502' title='bbox 1726 3435 1920 3489; x_wconf 87' lang='lat' dir='ltr'><strong><em>anima</em></strong></span> 
     </span>
    </p>
   </div>
   <div class='ocr_carea' id='block_1_67' title="bbox 215 3516 1921 3590">
    <p class='ocr_par' dir='ltr' id='par_1_67' title="bbox 215 3516 1921 3590">
     <span class='ocr_line' id='line_1_67' title="bbox 215 3516 1921 3590; baseline 0.004 -22"><span class='ocrx_word' id='word_1_503' title='bbox 215 3516 477 3569; x_wconf 88' lang='lat' dir='ltr'><strong><em>conversi</em></strong></span> <span class='ocrx_word' id='word_1_504' title='bbox 531 3518 837 3571; x_wconf 75' lang='lat' dir='ltr'><strong><em>etafﬂicti</em></strong></span> <span class='ocrx_word' id='word_1_505' title='bbox 882 3522 1111 3572; x_wconf 88' lang='lat' dir='ltr'><strong><em>terrena</em></strong></span> <span class='ocrx_word' id='word_1_506' title='bbox 1165 3518 1375 3573; x_wconf 86' lang='lat' dir='ltr'><strong><em>deserit</em></strong></span> <span class='ocrx_word' id='word_1_507' title='bbox 1433 3520 1671 3573; x_wconf 91' lang='lat' dir='ltr'><strong><em>subtiles</em></strong></span> <span class='ocrx_word' id='word_1_508' title='bbox 1724 3536 1921 3590; x_wconf 86' lang='lat' dir='ltr'><strong><em>opera-</em></strong></span> 
     </span>
    </p>
   </div>
   <div class='ocr_carea' id='block_1_68' title="bbox 218 3604 1915 3678">
    <p class='ocr_par' dir='ltr' id='par_1_68' title="bbox 218 3604 1915 3678">
     <span class='ocr_line' id='line_1_68' title="bbox 218 3604 1915 3678; baseline 0.004 -20"><span class='ocrx_word' id='word_1_509' title='bbox 218 3604 400 3659; x_wconf 87' lang='lat' dir='ltr'><strong><em>tiones</em></strong></span> <span class='ocrx_word' id='word_1_510' title='bbox 454 3604 663 3659; x_wconf 87' lang='lat' dir='ltr'><strong><em>timore</em></strong></span> <span class='ocrx_word' id='word_1_511' title='bbox 714 3607 809 3662; x_wconf 90' lang='lat' dir='ltr'><strong><em>Dei</em></strong></span> <span class='ocrx_word' id='word_1_512' title='bbox 858 3608 1155 3661; x_wconf 87' lang='lat' dir='ltr'><strong><em>tabeticata</em></strong></span> <span class='ocrx_word' id='word_1_513' title='bbox 1214 3607 1453 3678; x_wconf 80' lang='lat' dir='ltr'><strong><em>perlicit.</em></strong></span> <span class='ocrx_word' id='word_1_514' title='bbox 1522 3610 1915 3664; x_wconf 80' lang='lat' dir='ltr'><strong><em>Verumtamen.</em></strong></span> 
     </span>
    </p>
   </div>
   <div class='ocr_carea' id='block_1_69' title="bbox 217 3693 1918 3765">
    <p class='ocr_par' dir='ltr' id='par_1_69' title="bbox 217 3693 1918 3765">
     <span class='ocr_line' id='line_1_69' title="bbox 217 3693 1918 3765; baseline 0.004 -20"><span class='ocrx_word' id='word_1_515' title='bbox 217 3693 405 3760; x_wconf 60' lang='lat' dir='ltr'><strong><em>(Ana,</em></strong></span> <span class='ocrx_word' id='word_1_516' title='bbox 440 3694 615 3763; x_wconf 65' lang='lat' dir='ltr'><strong><em>Cass.)</em></strong></span> <span class='ocrx_word' id='word_1_517' title='bbox 662 3695 814 3749; x_wconf 88' lang='lat' dir='ltr'><strong><em>Licet</em></strong></span> <span class='ocrx_word' id='word_1_518' title='bbox 841 3695 1187 3765; x_wconf 86' lang='lat' dir='ltr'><strong><em>increpetur,</em></strong></span> <span class='ocrx_word' id='word_1_519' title='bbox 1232 3696 1362 3750; x_wconf 92' lang='lat' dir='ltr'><strong><em>licet</em></strong></span> <span class='ocrx_word' id='word_1_520' title='bbox 1400 3696 1691 3763; x_wconf 74' lang='lat' dir='ltr'><strong><em>tabeﬁant,</em></strong></span> <span class='ocrx_word' id='word_1_521' title='bbox 1725 3703 1918 3752; x_wconf 88' lang='lat' dir='ltr'><strong><em>tamen</em></strong></span> 
     </span>
    </p>
   </div>
   <div class='ocr_carea' id='block_1_70' title="bbox 212 3781 1920 3856">
    <p class='ocr_par' dir='ltr' id='par_1_70' title="bbox 212 3781 1920 3856">
     <span class='ocr_line' id='line_1_70' title="bbox 212 3781 1920 3856; baseline 0.002 -21"><span class='ocrx_word' id='word_1_522' title='bbox 212 3781 473 3835; x_wconf 86' lang='lat' dir='ltr'><strong><em>humana</em></strong></span> <span class='ocrx_word' id='word_1_523' title='bbox 498 3781 831 3837; x_wconf 83' lang='lat' dir='ltr'><strong><em>inﬁrmitate</em></strong></span> <span class='ocrx_word' id='word_1_524' title='bbox 861 3782 1029 3837; x_wconf 87' lang='lat' dir='ltr'><strong><em>variis</em></strong></span> <span class='ocrx_word' id='word_1_525' title='bbox 1067 3785 1237 3838; x_wconf 85' lang='lat' dir='ltr'><strong><em>rebus</em></strong></span> <span class='ocrx_word' id='word_1_526' title='bbox 1263 3784 1645 3847; x_wconf 85' lang='lat' dir='ltr'><strong><em>confunditur,</em></strong></span> <span class='ocrx_word' id='word_1_527' title='bbox 1677 3785 1789 3838; x_wconf 89' lang='lat' dir='ltr'><strong><em>nisi</em></strong></span> <span class='ocrx_word' id='word_1_528' title='bbox 1820 3786 1920 3856; x_wconf 93' lang='lat' dir='ltr'><strong>qui</strong></span> 
     </span>
    </p>
   </div>
   <div class='ocr_carea' id='block_1_71' title="bbox 212 3870 1267 3943">
    <p class='ocr_par' dir='ltr' id='par_1_71' title="bbox 212 3870 1267 3943">
     <span class='ocr_line' id='line_1_71' title="bbox 212 3870 1267 3943; baseline 0.003 -21"><span class='ocrx_word' id='word_1_529' title='bbox 212 3870 404 3923; x_wconf 89' lang='lat' dir='ltr'><strong><em>Deum</em></strong></span> <span class='ocrx_word' id='word_1_530' title='bbox 432 3886 579 3939; x_wconf 87' lang='lat' dir='ltr'><strong><em>pura</em></strong></span> <span class='ocrx_word' id='word_1_531' title='bbox 610 3877 801 3925; x_wconf 91' lang='lat' dir='ltr'><strong><em>mente</em></strong></span> <span class='ocrx_word' id='word_1_532' title='bbox 829 3872 1267 3943; x_wconf 90' lang='lat' dir='ltr'><strong><em>contemplatur.</em></strong></span> 
     </span>
    </p>
   </div>
   <div class='ocr_carea' id='block_1_72' title="bbox 288 3959 1916 4032">
    <p class='ocr_par' dir='ltr' id='par_1_72' title="bbox 288 3959 1916 4032">
     <span class='ocr_line' id='line_1_72' title="bbox 288 3959 1916 4032; baseline 0.002 -21"><span class='ocrx_word' id='word_1_533' title='bbox 288 3959 453 4013; x_wconf 72' lang='lat' dir='ltr'><strong><em>Vens.</em></strong></span> <span class='ocrx_word' id='word_1_534' title='bbox 484 3962 565 4013; x_wconf 75' lang='grc'><strong><em>14.</em></strong></span> <span class='ocrx_word' id='word_1_535' title='bbox 603 3989 665 4000; x_wconf 95' lang='lat'>—</span> <span class='ocrx_word' id='word_1_536' title='bbox 724 3960 960 4015; x_wconf 73' lang='lat' dir='ltr'><strong><em>Exaudi</em></strong></span> <span class='ocrx_word' id='word_1_537' title='bbox 1016 3965 1334 4015; x_wconf 86' lang='lat' dir='ltr'><strong><em>orationem.</em></strong></span> <span class='ocrx_word' id='word_1_538' title='bbox 1394 3961 1593 4031; x_wconf 55' lang='lat' dir='ltr'><strong><em>(Cass)</em></strong></span> <span class='ocrx_word' id='word_1_539' title='bbox 1654 3961 1916 4032; x_wconf 85' lang='lat' dir='ltr'><strong><em>Diapsal-</em></strong></span> 
     </span>
    </p>
   </div>
   <div class='ocr_carea' id='block_1_73' title="bbox 211 4048 1918 4120">
    <p class='ocr_par' dir='ltr' id='par_1_73' title="bbox 211 4048 1918 4120">
     <span class='ocr_line' id='line_1_73' title="bbox 211 4048 1918 4120; baseline 0.002 -20"><span class='ocrx_word' id='word_1_540' title='bbox 211 4063 368 4100; x_wconf 83' lang='lat' dir='ltr'><strong><em>mus.</em></strong></span> <span class='ocrx_word' id='word_1_541' title='bbox 408 4048 517 4101; x_wconf 89' lang='lat' dir='ltr'><strong><em>Iter</em></strong></span> <span class='ocrx_word' id='word_1_542' title='bbox 544 4048 696 4102; x_wconf 90' lang='lat' dir='ltr'><strong><em>mala</em></strong></span> <span class='ocrx_word' id='word_1_543' title='bbox 728 4050 920 4102; x_wconf 73' lang='lat' dir='ltr'><strong><em>saeculi</em></strong></span> <span class='ocrx_word' id='word_1_544' title='bbox 971 4052 1114 4120; x_wconf 91' lang='lat' dir='ltr'><strong><em>petit</em></strong></span> <span class='ocrx_word' id='word_1_545' title='bbox 1165 4050 1275 4104; x_wconf 91' lang='lat' dir='ltr'><strong><em>sibi</em></strong></span> <span class='ocrx_word' id='word_1_546' title='bbox 1327 4050 1525 4103; x_wconf 87' lang='lat' dir='ltr'><strong><em>adesse</em></strong></span> <span class='ocrx_word' id='word_1_547' title='bbox 1584 4056 1642 4103; x_wconf 89' lang='lat' dir='ltr'><strong><em>et</em></strong></span> <span class='ocrx_word' id='word_1_548' title='bbox 1686 4056 1918 4119; x_wconf 88' lang='lat' dir='ltr'><strong><em>peccata</em></strong></span> 
     </span>
    </p>
   </div>
   <div class='ocr_carea' id='block_1_74' title="bbox 208 4135 1916 4211">
    <p class='ocr_par' dir='ltr' id='par_1_74' title="bbox 208 4135 1916 4211">
     <span class='ocr_line' id='line_1_74' title="bbox 208 4135 1916 4211; baseline 0.003 -22"><span class='ocrx_word' id='word_1_549' title='bbox 208 4135 457 4205; x_wconf 88' lang='lat' dir='ltr'><strong><em>dimitti,</em></strong></span> <span class='ocrx_word' id='word_1_550' title='bbox 489 4148 552 4191; x_wconf 87' lang='lat' dir='ltr'><strong><em>ut</em></strong></span> <span class='ocrx_word' id='word_1_551' title='bbox 598 4153 872 4208; x_wconf 88' lang='lat' dir='ltr'><strong><em>prospero</em></strong></span> <span class='ocrx_word' id='word_1_552' title='bbox 928 4138 1040 4192; x_wconf 87' lang='lat' dir='ltr'><strong><em>ﬁne</em></strong></span> <span class='ocrx_word' id='word_1_553' title='bbox 1089 4144 1269 4193; x_wconf 87' lang='lat' dir='ltr'><strong><em>exeat.</em></strong></span> <span class='ocrx_word' id='word_1_554' title='bbox 1334 4139 1458 4210; x_wconf 80' lang='grc' dir='ltr'><strong><em>(Ιο.)</em></strong></span> <span class='ocrx_word' id='word_1_555' title='bbox 1509 4138 1614 4194; x_wconf 91' lang='lat' dir='ltr'><strong><em>Sed</em></strong></span> <span class='ocrx_word' id='word_1_556' title='bbox 1645 4142 1779 4211; x_wconf 88' lang='lat' dir='ltr'><strong>quia</strong></span> <span class='ocrx_word' id='word_1_557' title='bbox 1810 4156 1916 4210; x_wconf 83' lang='lat' dir='ltr'><strong><em>ego</em></strong></span> 
     </span>
    </p>
   </div>
   <div class='ocr_carea' id='block_1_75' title="bbox 206 4225 1914 4296">
    <p class='ocr_par' dir='ltr' id='par_1_75' title="bbox 206 4225 1914 4296">
     <span class='ocr_line' id='line_1_75' title="bbox 206 4225 1914 4296; baseline 0.002 -18"><span class='ocrx_word' id='word_1_558' title='bbox 206 4225 327 4279; x_wconf 83' lang='lat' dir='ltr'><strong><em>ista.</em></strong></span> <span class='ocrx_word' id='word_1_559' title='bbox 358 4242 477 4279; x_wconf 92' lang='lat' dir='ltr'><strong><em>non</em></strong></span> <span class='ocrx_word' id='word_1_560' title='bbox 513 4233 668 4296; x_wconf 90' lang='lat' dir='ltr'><strong><em>peto,</em></strong></span> <span class='ocrx_word' id='word_1_561' title='bbox 698 4232 827 4295; x_wconf 90' lang='lat' dir='ltr'><strong><em>etc.,</em></strong></span> <span class='ocrx_word' id='word_1_562' title='bbox 887 4242 1058 4296; x_wconf 87' lang='lat' dir='ltr'><strong><em>usque</em></strong></span> <span class='ocrx_word' id='word_1_563' title='bbox 1086 4229 1160 4282; x_wconf 84' lang='lat' dir='ltr'><strong><em>ad</em></strong></span> <span class='ocrx_word' id='word_1_564' title='bbox 1188 4231 1531 4283; x_wconf 88' lang='lat' dir='ltr'><strong><em>movendam</em></strong></span> <span class='ocrx_word' id='word_1_565' title='bbox 1582 4228 1914 4283; x_wconf 82' lang='lat' dir='ltr'><strong><em>misericor—</em></strong></span> 
     </span>
    </p>
   </div>
   <div class='ocr_carea' id='block_1_76' title="bbox 206 4314 395 4370">
    <p class='ocr_par' dir='ltr' id='par_1_76' title="bbox 206 4314 395 4370">
     <span class='ocr_line' id='line_1_76' title="bbox 206 4314 395 4370; baseline 0.005 -1"><span class='ocrx_word' id='word_1_566' title='bbox 206 4314 395 4370; x_wconf 86' lang='lat' dir='ltr'><strong><em>diam.</em></strong></span> 
     </span>
    </p>
   </div>
   <div class='ocr_carea' id='block_1_77' title="bbox 283 4403 1912 4475">
    <p class='ocr_par' dir='ltr' id='par_1_77' title="bbox 283 4403 1912 4475">
     <span class='ocr_line' id='line_1_77' title="bbox 283 4403 1912 4475; baseline 0 -16"><span class='ocrx_word' id='word_1_567' title='bbox 283 4404 369 4459; x_wconf 86' lang='lat' dir='ltr'><strong><em>Ne</em></strong></span> <span class='ocrx_word' id='word_1_568' title='bbox 411 4403 590 4470; x_wconf 82' lang='lat' dir='ltr'><strong><em>sileas,</em></strong></span> <span class='ocrx_word' id='word_1_569' title='bbox 625 4408 879 4473; x_wconf 87' lang='lat' dir='ltr'><strong><em>quoniam</em></strong></span> <span class='ocrx_word' id='word_1_570' title='bbox 939 4406 1149 4460; x_wconf 76' lang='lat' dir='ltr'><strong><em>advena</em></strong></span> <span class='ocrx_word' id='word_1_571' title='bbox 1202 4422 1297 4475; x_wconf 90' lang='lat' dir='ltr'><strong><em>ego</em></strong></span> <span class='ocrx_word' id='word_1_572' title='bbox 1354 4421 1491 4460; x_wconf 88' lang='lat' dir='ltr'><strong><em>sum.</em></strong></span> <span class='ocrx_word' id='word_1_573' title='bbox 1550 4405 1732 4475; x_wconf 78' lang='grc' dir='ltr'><strong><em>(Αυο.)</em></strong></span> <span class='ocrx_word' id='word_1_574' title='bbox 1787 4406 1912 4460; x_wconf 86' lang='lat' dir='ltr'><strong><em>Jam</em></strong></span> 
     </span>
    </p>
   </div>
   <div class='ocr_carea' id='block_1_78' title="bbox 202 4492 1914 4565">
    <p class='ocr_par' dir='ltr' id='par_1_78' title="bbox 202 4492 1914 4565">
     <span class='ocr_line' id='line_1_78' title="bbox 202 4492 1914 4565; baseline 0.002 -20"><span class='ocrx_word' id='word_1_575' title='bbox 202 4492 369 4561; x_wconf 86' lang='lat' dir='ltr'><strong><em>apud</em></strong></span> <span class='ocrx_word' id='word_1_576' title='bbox 402 4496 478 4557; x_wconf 87' lang='lat' dir='ltr'><strong><em>te,</em></strong></span> <span class='ocrx_word' id='word_1_577' title='bbox 530 4492 626 4547; x_wconf 91' lang='lat' dir='ltr'><strong><em>sed</em></strong></span> <span class='ocrx_word' id='word_1_578' title='bbox 667 4493 851 4548; x_wconf 89' lang='lat' dir='ltr'><strong><em>adhuc</em></strong></span> <span class='ocrx_word' id='word_1_579' title='bbox 887 4494 1206 4565; x_wconf 87' lang='lat' dir='ltr'><strong><em>inquilinus</em></strong></span> <span class='ocrx_word' id='word_1_580' title='bbox 1236 4510 1252 4548; x_wconf 88' lang='lat'><strong>:</strong></span> <span class='ocrx_word' id='word_1_581' title='bbox 1307 4494 1443 4565; x_wconf 90' lang='lat' dir='ltr'><strong><em>quia</em></strong></span> <span class='ocrx_word' id='word_1_582' title='bbox 1472 4494 1605 4548; x_wconf 91' lang='lat' dir='ltr'><strong><em>hinc</em></strong></span> <span class='ocrx_word' id='word_1_583' title='bbox 1635 4494 1914 4548; x_wconf 86' lang='lat' dir='ltr'><strong><em>transitu-</em></strong></span> 
     </span>
    </p>
   </div>
   <div class='ocr_carea' id='block_1_79' title="bbox 201 4581 1915 4653">
    <p class='ocr_par' dir='ltr' id='par_1_79' title="bbox 201 4581 1915 4653">
     <span class='ocr_line' id='line_1_79' title="bbox 201 4581 1915 4653; baseline 0.002 -19"><span class='ocrx_word' id='word_1_584' title='bbox 201 4598 310 4635; x_wconf 88' lang='lat' dir='ltr'><strong><em>rus</em></strong></span> <span class='ocrx_word' id='word_1_585' title='bbox 338 4581 407 4635; x_wconf 91' lang='lat' dir='ltr'><strong><em>ad</em></strong></span> <span class='ocrx_word' id='word_1_586' title='bbox 439 4586 672 4650; x_wconf 71' lang='lat' dir='ltr'><strong><em>trterna,</em></strong></span> <span class='ocrx_word' id='word_1_587' title='bbox 707 4583 807 4637; x_wconf 93' lang='lat' dir='ltr'><strong><em>ubi</em></strong></span> <span class='ocrx_word' id='word_1_588' title='bbox 837 4600 955 4637; x_wconf 90' lang='lat' dir='ltr'><strong><em>non</em></strong></span> <span class='ocrx_word' id='word_1_589' title='bbox 1002 4600 1100 4637; x_wconf 92' lang='lat' dir='ltr'><strong><em>ero</em></strong></span> <span class='ocrx_word' id='word_1_590' title='bbox 1134 4583 1472 4653; x_wconf 90' lang='lat' dir='ltr'><strong><em>inquilinus.</em></strong></span> <span class='ocrx_word' id='word_1_591' title='bbox 1507 4584 1740 4637; x_wconf 77' lang='lat' dir='ltr'><strong><em>Advena</em></strong></span> <span class='ocrx_word' id='word_1_592' title='bbox 1763 4583 1915 4652; x_wconf 86' lang='lat' dir='ltr'><strong><em>apud</em></strong></span> 
     </span>
    </p>
   </div>
   <div class='ocr_carea' id='block_1_80' title="bbox 206 4670 1911 4739">
    <p class='ocr_par' dir='ltr' id='par_1_80' title="bbox 206 4670 1911 4739">
     <span class='ocr_line' id='line_1_80' title="bbox 206 4670 1911 4739; baseline 0.001 -15"><span class='ocrx_word' id='word_1_593' title='bbox 206 4676 283 4724; x_wconf 86' lang='lat' dir='ltr'><strong><em>te.</em></strong></span> <span class='ocrx_word' id='word_1_594' title='bbox 323 4670 516 4739; x_wconf 60' lang='lat' dir='ltr'><strong><em>(Cass)</em></strong></span> <span class='ocrx_word' id='word_1_595' title='bbox 552 4672 678 4724; x_wconf 81' lang='lat' dir='ltr'><strong><em>Non</em></strong></span> <span class='ocrx_word' id='word_1_596' title='bbox 709 4671 769 4724; x_wconf 89' lang='lat' dir='ltr'><strong><em>in</em></strong></span> <span class='ocrx_word' id='word_1_597' title='bbox 821 4671 1033 4726; x_wconf 88' lang='lat' dir='ltr'><strong><em>diaboli</em></strong></span> <span class='ocrx_word' id='word_1_598' title='bbox 1088 4673 1333 4739; x_wconf 88' lang='lat' dir='ltr'><strong><em>civitate,</em></strong></span> <span class='ocrx_word' id='word_1_599' title='bbox 1385 4672 1483 4727; x_wconf 89' lang='lat' dir='ltr'><strong><em>sed</em></strong></span> <span class='ocrx_word' id='word_1_600' title='bbox 1536 4672 1598 4725; x_wconf 91' lang='lat' dir='ltr'><strong><em>in</em></strong></span> <span class='ocrx_word' id='word_1_601' title='bbox 1629 4678 1725 4725; x_wconf 88' lang='lat' dir='ltr'><strong><em>tua</em></strong></span> <span class='ocrx_word' id='word_1_602' title='bbox 1757 4687 1911 4725; x_wconf 91' lang='lat' dir='ltr'><strong><em>rece-</em></strong></span> 
     </span>
    </p>
   </div>
   <div class='ocr_carea' id='block_1_81' title="bbox 206 4758 1914 4830">
    <p class='ocr_par' dir='ltr' id='par_1_81' title="bbox 206 4758 1914 4830">
     <span class='ocr_line' id='line_1_81' title="bbox 206 4758 1914 4830; baseline 0.001 -18"><span class='ocrx_word' id='word_1_603' title='bbox 206 4763 374 4829; x_wconf 87' lang='lat' dir='ltr'><strong><em>ptus,</em></strong></span> <span class='ocrx_word' id='word_1_604' title='bbox 400 4758 471 4813; x_wconf 89' lang='lat' dir='ltr'>de</span> <span class='ocrx_word' id='word_1_605' title='bbox 496 4759 805 4830; x_wconf 88' lang='lat' dir='ltr'><strong><em>Babylonia</em></strong></span> <span class='ocrx_word' id='word_1_606' title='bbox 826 4760 896 4814; x_wconf 92' lang='lat' dir='ltr'><strong><em>ad</em></strong></span> <span class='ocrx_word' id='word_1_607' title='bbox 926 4761 1236 4815; x_wconf 86' lang='lat' dir='ltr'><strong><em>Jerusalem</em></strong></span> <span class='ocrx_word' id='word_1_608' title='bbox 1260 4762 1586 4815; x_wconf 87' lang='lat' dir='ltr'><strong><em>translatus.</em></strong></span> <span class='ocrx_word' id='word_1_609' title='bbox 1616 4762 1766 4816; x_wconf 91' lang='lat' dir='ltr'><strong><em>Sicut</em></strong></span> <span class='ocrx_word' id='word_1_610' title='bbox 1794 4776 1914 4815; x_wconf 91' lang='lat' dir='ltr'><strong><em>om-</em></strong></span> 
     </span>
    </p>
   </div>
   <div class='ocr_carea' id='block_1_82' title="bbox 196 4848 1912 4920">
    <p class='ocr_par' dir='ltr' id='par_1_82' title="bbox 196 4848 1912 4920">
     <span class='ocr_line' id='line_1_82' title="bbox 196 4848 1912 4920; baseline 0 -18"><span class='ocrx_word' id='word_1_611' title='bbox 196 4863 301 4902; x_wconf 83' lang='lat' dir='ltr'><strong><em>nes</em></strong></span> <span class='ocrx_word' id='word_1_612' title='bbox 326 4851 536 4916; x_wconf 82' lang='lat' dir='ltr'><strong><em>patres.</em></strong></span> <span class='ocrx_word' id='word_1_613' title='bbox 570 4849 649 4902; x_wconf 86' lang='lat' dir='ltr'><strong><em>Ne</em></strong></span> <span class='ocrx_word' id='word_1_614' title='bbox 681 4848 808 4919; x_wconf 89' lang='lat' dir='ltr'><strong><em>quis</em></strong></span> <span class='ocrx_word' id='word_1_615' title='bbox 855 4850 925 4903; x_wconf 89' lang='lat' dir='ltr'><strong><em>ab</em></strong></span> <span class='ocrx_word' id='word_1_616' title='bbox 955 4849 1062 4903; x_wconf 92' lang='lat' dir='ltr'><strong><em>hac</em></strong></span> <span class='ocrx_word' id='word_1_617' title='bbox 1110 4849 1435 4903; x_wconf 91' lang='lat' dir='ltr'><strong><em>conditione</em></strong></span> <span class='ocrx_word' id='word_1_618' title='bbox 1483 4855 1716 4920; x_wconf 86' lang='lat' dir='ltr'><strong><em>putetur</em></strong></span> <span class='ocrx_word' id='word_1_619' title='bbox 1743 4864 1912 4903; x_wconf 89' lang='lat' dir='ltr'><strong><em>exce-</em></strong></span> 
     </span>
    </p>
   </div>
   <div class='ocr_carea' id='block_1_83' title="bbox 197 4935 1912 5009">
    <p class='ocr_par' dir='ltr' id='par_1_83' title="bbox 197 4935 1912 5009">
     <span class='ocr_line' id='line_1_83' title="bbox 197 4935 1912 5009; baseline 0.001 -19"><span class='ocrx_word' id='word_1_620' title='bbox 197 4941 367 5009; x_wconf 87' lang='lat' dir='ltr'><strong><em>ptus.</em></strong></span> <span class='ocrx_word' id='word_1_621' title='bbox 393 4935 831 4991; x_wconf 63' lang='lat' dir='ltr'><strong><em>AdvenaMeum</em></strong></span> <span class='ocrx_word' id='word_1_622' title='bbox 872 4953 1115 5008; x_wconf 82' lang='lat' dir='ltr'><strong><em>regnum</em></strong></span> <span class='ocrx_word' id='word_1_623' title='bbox 1145 4954 1249 5009; x_wconf 89' lang='lat' dir='ltr'><strong><em>pro</em></strong></span> <span class='ocrx_word' id='word_1_624' title='bbox 1291 4942 1388 4992; x_wconf 89' lang='lat' dir='ltr'><strong><em>tuo</em></strong></span> <span class='ocrx_word' id='word_1_625' title='bbox 1411 4938 1625 4992; x_wconf 86' lang='lat' dir='ltr'><strong><em>desero.</em></strong></span> <span class='ocrx_word' id='word_1_626' title='bbox 1660 4940 1912 5006; x_wconf 83' lang='lat' dir='ltr'><strong><em>Peregri-</em></strong></span> 
     </span>
    </p>
   </div>
   <div class='ocr_carea' id='block_1_84' title="bbox 196 5025 1507 5096">
    <p class='ocr_par' dir='ltr' id='par_1_84' title="bbox 196 5025 1507 5096">
     <span class='ocr_line' id='line_1_84' title="bbox 196 5025 1507 5096; baseline -0.001 -16"><span class='ocrx_word' id='word_1_627' title='bbox 196 5040 331 5080; x_wconf 85' lang='lat' dir='ltr'><strong><em>nus.</em></strong></span> <span class='ocrx_word' id='word_1_628' title='bbox 367 5025 567 5079; x_wconf 84' lang='lat' dir='ltr'><strong><em>Adhuc</em></strong></span> <span class='ocrx_word' id='word_1_629' title='bbox 596 5041 710 5078; x_wconf 89' lang='lat' dir='ltr'><strong><em>non</em></strong></span> <span class='ocrx_word' id='word_1_630' title='bbox 750 5025 969 5096; x_wconf 91' lang='lat' dir='ltr'><strong><em>eligens</em></strong></span> <span class='ocrx_word' id='word_1_631' title='bbox 1003 5026 1147 5080; x_wconf 88' lang='lat' dir='ltr'><strong><em>mihi</em></strong></span> <span class='ocrx_word' id='word_1_632' title='bbox 1177 5027 1369 5081; x_wconf 90' lang='lat' dir='ltr'><strong><em>sedem</em></strong></span> <span class='ocrx_word' id='word_1_633' title='bbox 1397 5026 1507 5081; x_wconf 92' lang='lat' dir='ltr'><strong><em>hic.</em></strong></span> 
     </span>
    </p>
   </div>
   <div class='ocr_carea' id='block_1_85' title="bbox 277 5113 1911 5185">
    <p class='ocr_par' dir='ltr' id='par_1_85' title="bbox 277 5113 1911 5185">
     <span class='ocr_line' id='line_1_85' title="bbox 277 5113 1911 5185; baseline -0.001 -17"><span class='ocrx_word' id='word_1_634' title='bbox 277 5116 512 5168; x_wconf 85' lang='lat' dir='ltr'><strong><em>Remitte</em></strong></span> <span class='ocrx_word' id='word_1_635' title='bbox 534 5115 690 5167; x_wconf 88' lang='lat' dir='ltr'><strong><em>mihi.</em></strong></span> <span class='ocrx_word' id='word_1_636' title='bbox 721 5114 862 5185; x_wconf 74' lang='lat'><strong><em>(11).)</em></strong></span> <span class='ocrx_word' id='word_1_637' title='bbox 892 5115 990 5169; x_wconf 86' lang='lat' dir='ltr'><strong><em>Hic</em></strong></span> <span class='ocrx_word' id='word_1_638' title='bbox 1019 5115 1126 5169; x_wconf 88' lang='lat' dir='ltr'><strong><em>sibi</em></strong></span> <span class='ocrx_word' id='word_1_639' title='bbox 1186 5115 1333 5185; x_wconf 86' lang='lat' dir='ltr'><strong><em>petit</em></strong></span> <span class='ocrx_word' id='word_1_640' title='bbox 1361 5113 1593 5176; x_wconf 91' lang='lat' dir='ltr'><strong><em>dimitti,</em></strong></span> <span class='ocrx_word' id='word_1_641' title='bbox 1628 5118 1692 5170; x_wconf 89' lang='lat' dir='ltr'><strong><em>ut</em></strong></span> <span class='ocrx_word' id='word_1_642' title='bbox 1715 5116 1911 5167; x_wconf 89' lang='lat' dir='ltr'><strong><em>certus</em></strong></span> 
     </span>
    </p>
   </div>
   <div class='ocr_carea' id='block_1_86' title="bbox 195 5202 900 5274">
    <p class='ocr_par' dir='ltr' id='par_1_86' title="bbox 195 5202 900 5274">
     <span class='ocr_line' id='line_1_86' title="bbox 195 5202 900 5274; baseline -0.001 -15"><span class='ocrx_word' id='word_1_643' title='bbox 195 5203 285 5274; x_wconf 86' lang='lat' dir='ltr'><strong><em>dij</em></strong></span> <span class='ocrx_word' id='word_1_644' title='bbox 297 5202 554 5257; x_wconf 89' lang='lat' dir='ltr'><strong><em>udicium</em></strong></span> <span class='ocrx_word' id='word_1_645' title='bbox 583 5204 900 5274; x_wconf 87' lang='lat' dir='ltr'><strong><em>perveniat.</em></strong></span> 
     </span>
    </p>
   </div>
   <div class='ocr_carea' id='block_1_87' title="bbox 702 5345 1339 5432">
    <p class='ocr_par' dir='ltr' id='par_1_87' title="bbox 702 5345 1339 5432">
     <span class='ocr_line' id='line_1_87' title="bbox 702 5345 1339 5432; baseline 0 -33"><span class='ocrx_word' id='word_1_646' title='bbox 702 5398 727 5432; x_wconf 42' lang='grc' dir='ltr'><strong><em>ί</em></strong></span> <span class='ocrx_word' id='word_1_647' title='bbox 780 5345 1001 5400; x_wconf 78' lang='lat' dir='ltr'><strong><em>PSALM</em></strong></span> <span class='ocrx_word' id='word_1_648' title='bbox 1013 5345 1093 5401; x_wconf 87' lang='lat' dir='ltr'><strong><em>US</em></strong></span> <span class='ocrx_word' id='word_1_649' title='bbox 1122 5346 1339 5401; x_wconf 83' lang='lat' dir='ltr'><strong><em>XXXIX.</em></strong></span> 
     </span>
    </p>
   </div>
   <div class='ocr_carea' id='block_1_88' title="bbox 274 5466 1909 5539">
    <p class='ocr_par' dir='ltr' id='par_1_88' title="bbox 274 5466 1909 5539">
     <span class='ocr_line' id='line_1_88' title="bbox 274 5466 1909 5539; baseline -0.001 -16"><span class='ocrx_word' id='word_1_650' title='bbox 274 5470 445 5523; x_wconf 73' lang='lat' dir='ltr'><strong><em>Vsus.</em></strong></span> <span class='ocrx_word' id='word_1_651' title='bbox 482 5472 530 5523; x_wconf 84' lang='lat' dir='ltr'><strong><em>l.</em></strong></span> <span class='ocrx_word' id='word_1_652' title='bbox 564 5498 624 5509; x_wconf 93' lang='lat'><strong>—</strong></span> <span class='ocrx_word' id='word_1_653' title='bbox 655 5471 716 5523; x_wconf 90' lang='lat' dir='ltr'><strong><em>1n</em></strong></span> <span class='ocrx_word' id='word_1_654' title='bbox 743 5471 902 5537; x_wconf 77' lang='lat' dir='ltr'><strong><em>ﬁnem</em></strong></span> <span class='ocrx_word' id='word_1_655' title='bbox 946 5470 1209 5539; x_wconf 84' lang='lat' dir='ltr'><strong><em>psalmus.</em></strong></span> <span class='ocrx_word' id='word_1_656' title='bbox 1255 5468 1450 5536; x_wconf 63' lang='lat' dir='ltr'><strong><em>(Cass)</em></strong></span> <span class='ocrx_word' id='word_1_657' title='bbox 1505 5466 1763 5521; x_wconf 88' lang='lat' dir='ltr'><strong><em>Primum</em></strong></span> <span class='ocrx_word' id='word_1_658' title='bbox 1821 5466 1909 5521; x_wconf 89' lang='lat' dir='ltr'><strong><em>in-</em></strong></span> 
     </span>
    </p>
   </div>
   <div class='ocr_carea' id='block_1_89' title="bbox 187 5554 1909 5627">
    <p class='ocr_par' dir='ltr' id='par_1_89' title="bbox 187 5554 1909 5627">
     <span class='ocr_line' id='line_1_89' title="bbox 187 5554 1909 5627; baseline -0.002 -13"><span class='ocrx_word' id='word_1_659' title='bbox 187 5557 367 5614; x_wconf 87' lang='lat' dir='ltr'><strong><em>ducit</em></strong></span> <span class='ocrx_word' id='word_1_660' title='bbox 412 5556 720 5611; x_wconf 82' lang='lat' dir='ltr'><strong><em>Ecclesiam</em></strong></span> <span class='ocrx_word' id='word_1_661' title='bbox 776 5561 1126 5627; x_wconf 88' lang='lat' dir='ltr'><strong><em>exspectasse</em></strong></span> <span class='ocrx_word' id='word_1_662' title='bbox 1178 5556 1505 5623; x_wconf 89' lang='lat' dir='ltr'><strong><em>Dominum,</em></strong></span> <span class='ocrx_word' id='word_1_663' title='bbox 1542 5560 1600 5611; x_wconf 86' lang='lat' dir='ltr'><strong><em>et</em></strong></span> <span class='ocrx_word' id='word_1_664' title='bbox 1627 5554 1909 5626; x_wconf 89' lang='lat' dir='ltr'><strong><em>accepisse</em></strong></span> 
     </span>
    </p>
   </div>
   <div class='ocr_carea' id='block_1_90' title="bbox 2102 3078 3723 3150">
    <p class='ocr_par' dir='ltr' id='par_1_90' title="bbox 2102 3078 3723 3150">
     <span class='ocr_line' id='line_1_90' title="bbox 2102 3078 3723 3150; baseline 0.004 -21"><span class='ocrx_word' id='word_1_665' title='bbox 2102 3078 2265 3130; x_wconf 73' lang='lat' dir='ltr'><strong><em>Vens.</em></strong></span> <span class='ocrx_word' id='word_1_666' title='bbox 2299 3080 2349 3131; x_wconf 89' lang='lat'><strong><em>6.</em></strong></span> <span class='ocrx_word' id='word_1_667' title='bbox 2392 3107 2459 3116; x_wconf 89' lang='lat'><strong>—</strong></span> <span class='ocrx_word' id='word_1_668' title='bbox 2503 3078 2798 3133; x_wconf 79' lang='lat' dir='ltr'><strong><em>Mirabilia</em></strong></span> <span class='ocrx_word' id='word_1_669' title='bbox 2843 3084 2955 3133; x_wconf 89' lang='lat' dir='ltr'><strong><em>tua.</em></strong></span> <span class='ocrx_word' id='word_1_670' title='bbox 3011 3081 3190 3150; x_wconf 81' lang='lat' dir='ltr'><strong><em>(AL&#39;G.)</em></strong></span> <span class='ocrx_word' id='word_1_671' title='bbox 3242 3082 3473 3135; x_wconf 91' lang='lat' dir='ltr'><strong><em>Petrum</em></strong></span> <span class='ocrx_word' id='word_1_672' title='bbox 3520 3081 3723 3135; x_wconf 90' lang='lat' dir='ltr'><strong><em>ambu-</em></strong></span> 
     </span>
    </p>
   </div>
   <div class='ocr_carea' id='block_1_91' title="bbox 2031 3165 3727 3237">
    <p class='ocr_par' dir='ltr' id='par_1_91' title="bbox 2031 3165 3727 3237">
     <span class='ocr_line' id='line_1_91' title="bbox 2031 3165 3727 3237; baseline 0.004 -20"><span class='ocrx_word' id='word_1_673' title='bbox 2031 3165 2149 3219; x_wconf 90' lang='lat' dir='ltr'><strong><em>lare</em></strong></span> <span class='ocrx_word' id='word_1_674' title='bbox 2184 3181 2357 3235; x_wconf 88' lang='lat' dir='ltr'><strong><em>super</em></strong></span> <span class='ocrx_word' id='word_1_675' title='bbox 2375 3181 2551 3235; x_wconf 90' lang='lat' dir='ltr'><strong><em>aquas</em></strong></span> <span class='ocrx_word' id='word_1_676' title='bbox 2580 3165 2640 3218; x_wconf 91' lang='lat' dir='ltr'><strong><em>in</em></strong></span> <span class='ocrx_word' id='word_1_677' title='bbox 2681 3166 2866 3235; x_wconf 87' lang='lat' dir='ltr'><strong><em>signo,</em></strong></span> <span class='ocrx_word' id='word_1_678' title='bbox 2898 3183 3010 3220; x_wconf 90' lang='lat' dir='ltr'><strong><em>non</em></strong></span> <span class='ocrx_word' id='word_1_679' title='bbox 3042 3168 3100 3221; x_wconf 90' lang='lat' dir='ltr'><strong><em>in</em></strong></span> <span class='ocrx_word' id='word_1_680' title='bbox 3132 3169 3361 3234; x_wconf 68' lang='lat' dir='ltr'><strong><em>saeculo,</em></strong></span> <span class='ocrx_word' id='word_1_681' title='bbox 3394 3169 3448 3223; x_wconf 93' lang='lat' dir='ltr'><strong><em>id</em></strong></span> <span class='ocrx_word' id='word_1_682' title='bbox 3478 3175 3581 3237; x_wconf 92' lang='lat' dir='ltr'><strong><em>est,</em></strong></span> <span class='ocrx_word' id='word_1_683' title='bbox 3612 3170 3727 3223; x_wconf 79' lang='lat' dir='ltr'><strong><em>tru-</em></strong></span> 
     </span>
    </p>
   </div>
   <div class='ocr_carea' id='block_1_92' title="bbox 2031 3254 3724 3326">
    <p class='ocr_par' dir='ltr' id='par_1_92' title="bbox 2031 3254 3724 3326">
     <span class='ocr_line' id='line_1_92' title="bbox 2031 3254 3724 3326; baseline 0.003 -19"><span class='ocrx_word' id='word_1_684' title='bbox 2031 3254 2217 3308; x_wconf 91' lang='lat' dir='ltr'><strong><em>ctibus</em></strong></span> <span class='ocrx_word' id='word_1_685' title='bbox 2259 3254 2472 3307; x_wconf 64' lang='lat' dir='ltr'><strong><em>saeculi.</em></strong></span> <span class='ocrx_word' id='word_1_686' title='bbox 2532 3256 2723 3325; x_wconf 79' lang='lat' dir='ltr'><strong><em>(Auc.)</em></strong></span> <span class='ocrx_word' id='word_1_687' title='bbox 2759 3255 2919 3309; x_wconf 91' lang='lat' dir='ltr'><strong><em>Salus</em></strong></span> <span class='ocrx_word' id='word_1_688' title='bbox 2952 3272 3136 3324; x_wconf 87' lang='lat' dir='ltr'><strong><em>verax,</em></strong></span> <span class='ocrx_word' id='word_1_689' title='bbox 3188 3257 3412 3312; x_wconf 88' lang='lat' dir='ltr'><strong><em>insania</em></strong></span> <span class='ocrx_word' id='word_1_690' title='bbox 3459 3259 3724 3326; x_wconf 85' lang='lat' dir='ltr'><strong><em>mendax,</em></strong></span> 
     </span>
    </p>
   </div>
   <div class='ocr_carea' id='block_1_93' title="bbox 2030 3342 3725 3414">
    <p class='ocr_par' dir='ltr' id='par_1_93' title="bbox 2030 3342 3725 3414">
     <span class='ocr_line' id='line_1_93' title="bbox 2030 3342 3725 3414; baseline 0.002 -18"><span class='ocrx_word' id='word_1_691' title='bbox 2030 3358 2146 3396; x_wconf 91' lang='lat' dir='ltr'><strong><em>non</em></strong></span> <span class='ocrx_word' id='word_1_692' title='bbox 2177 3346 2262 3396; x_wconf 89' lang='lat' dir='ltr'><strong><em>est</em></strong></span> <span class='ocrx_word' id='word_1_693' title='bbox 2292 3342 2444 3413; x_wconf 92' lang='lat' dir='ltr'><strong><em>quod</em></strong></span> <span class='ocrx_word' id='word_1_694' title='bbox 2488 3348 2740 3412; x_wconf 91' lang='lat' dir='ltr'><strong><em>putatur.</em></strong></span> <span class='ocrx_word' id='word_1_695' title='bbox 2780 3343 2978 3414; x_wconf 75' lang='lat' dir='ltr'><strong><em>(HIER.)</em></strong></span> <span class='ocrx_word' id='word_1_696' title='bbox 3010 3345 3164 3399; x_wconf 90' lang='lat' dir='ltr'><strong><em>Vana</em></strong></span> <span class='ocrx_word' id='word_1_697' title='bbox 3194 3352 3327 3400; x_wconf 89' lang='lat' dir='ltr'><strong><em>sunt</em></strong></span> <span class='ocrx_word' id='word_1_698' title='bbox 3353 3352 3597 3411; x_wconf 86' lang='lat' dir='ltr'><strong><em>terrena,</em></strong></span> <span class='ocrx_word' id='word_1_699' title='bbox 3633 3346 3725 3401; x_wconf 86' lang='lat' dir='ltr'><strong><em>in-</em></strong></span> 
     </span>
    </p>
   </div>
   <div class='ocr_carea' id='block_1_94' title="bbox 2032 3430 2759 3497">
    <p class='ocr_par' dir='ltr' id='par_1_94' title="bbox 2032 3430 2759 3497">
     <span class='ocr_line' id='line_1_94' title="bbox 2032 3430 2759 3497; baseline 0.001 -12"><span class='ocrx_word' id='word_1_700' title='bbox 2032 3430 2230 3497; x_wconf 64' lang='lat' dir='ltr'><strong><em>sanim,</em></strong></span> <span class='ocrx_word' id='word_1_701' title='bbox 2256 3431 2355 3484; x_wconf 67' lang='lat' dir='ltr'><strong><em>ira:</em></strong></span> <span class='ocrx_word' id='word_1_702' title='bbox 2386 3437 2443 3485; x_wconf 89' lang='lat' dir='ltr'><strong><em>et</em></strong></span> <span class='ocrx_word' id='word_1_703' title='bbox 2468 3430 2626 3497; x_wconf 61' lang='lat' dir='ltr'><strong><em>rixas,</em></strong></span> <span class='ocrx_word' id='word_1_704' title='bbox 2653 3437 2759 3486; x_wconf 90' lang='lat' dir='ltr'><strong><em>etc.</em></strong></span> 
     </span>
    </p>
   </div>
   <div class='ocr_carea' id='block_1_95' title="bbox 2098 3520 3718 3591">
    <p class='ocr_par' dir='ltr' id='par_1_95' title="bbox 2098 3520 3718 3591">
     <span class='ocr_line' id='line_1_95' title="bbox 2098 3520 3718 3591; baseline 0.002 -18"><span class='ocrx_word' id='word_1_705' title='bbox 2098 3521 2214 3575; x_wconf 87' lang='lat' dir='ltr'><strong><em>Non</em></strong></span> <span class='ocrx_word' id='word_1_706' title='bbox 2245 3525 2323 3574; x_wconf 88' lang='lat' dir='ltr'><strong><em>est</em></strong></span> <span class='ocrx_word' id='word_1_707' title='bbox 2363 3522 2460 3588; x_wconf 88' lang='lat' dir='ltr'><strong><em>qui</em></strong></span> <span class='ocrx_word' id='word_1_708' title='bbox 2486 3520 2682 3573; x_wconf 87' lang='lat' dir='ltr'><strong><em>similis</em></strong></span> <span class='ocrx_word' id='word_1_709' title='bbox 2731 3520 2852 3574; x_wconf 87' lang='lat' dir='ltr'><strong><em>tibi.</em></strong></span> <span class='ocrx_word' id='word_1_710' title='bbox 2886 3520 3069 3591; x_wconf 67' lang='lat' dir='ltr'><strong><em>(Anc)</em></strong></span> <span class='ocrx_word' id='word_1_711' title='bbox 3117 3520 3270 3574; x_wconf 90' lang='lat' dir='ltr'><strong><em>Nulli</em></strong></span> <span class='ocrx_word' id='word_1_712' title='bbox 3324 3526 3584 3577; x_wconf 91' lang='lat' dir='ltr'><strong><em>auctores</em></strong></span> <span class='ocrx_word' id='word_1_713' title='bbox 3622 3539 3718 3576; x_wconf 89' lang='lat' dir='ltr'><strong><em>ar-</em></strong></span> 
     </span>
    </p>
   </div>
   <div class='ocr_carea' id='block_1_96' title="bbox 2027 3594 3723 3680">
    <p class='ocr_par' dir='ltr' id='par_1_96' title="bbox 2027 3594 3723 3680">
     <span class='ocr_line' id='line_1_96' title="bbox 2027 3594 3723 3680; baseline 0.004 -20"><span class='ocrx_word' id='word_1_714' title='bbox 2027 3594 2192 3661; x_wconf 88' lang='lat' dir='ltr'><strong><em>tium.</em></strong></span> <span class='ocrx_word' id='word_1_715' title='bbox 2227 3608 2590 3662; x_wconf 81' lang='lat' dir='ltr'><strong><em>Annuntiavi.</em></strong></span> <span class='ocrx_word' id='word_1_716' title='bbox 2621 3608 2720 3662; x_wconf 85' lang='lat' dir='ltr'><strong><em>Hic</em></strong></span> <span class='ocrx_word' id='word_1_717' title='bbox 2740 3608 2995 3663; x_wconf 86' lang='lat' dir='ltr'><strong><em>Christus</em></strong></span> <span class='ocrx_word' id='word_1_718' title='bbox 3036 3609 3097 3662; x_wconf 91' lang='lat' dir='ltr'><strong><em>in</em></strong></span> <span class='ocrx_word' id='word_1_719' title='bbox 3128 3610 3311 3680; x_wconf 88' lang='lat' dir='ltr'><strong><em>capite</em></strong></span> <span class='ocrx_word' id='word_1_720' title='bbox 3343 3616 3398 3665; x_wconf 90' lang='lat' dir='ltr'><strong><em>et</em></strong></span> <span class='ocrx_word' id='word_1_721' title='bbox 3426 3612 3723 3667; x_wconf 89' lang='lat' dir='ltr'><strong><em>membris.</em></strong></span> 
     </span>
    </p>
   </div>
   <div class='ocr_carea' id='block_1_97' title="bbox 2028 3696 3727 3768">
    <p class='ocr_par' dir='ltr' id='par_1_97' title="bbox 2028 3696 3727 3768">
     <span class='ocr_line' id='line_1_97' title="bbox 2028 3696 3727 3768; baseline 0.003 -19"><span class='ocrx_word' id='word_1_722' title='bbox 2028 3697 2155 3749; x_wconf 63' lang='lat' dir='ltr'><strong><em>Huic</em></strong></span> <span class='ocrx_word' id='word_1_723' title='bbox 2185 3701 2316 3749; x_wconf 91' lang='lat' dir='ltr'><strong><em>sunt</em></strong></span> <span class='ocrx_word' id='word_1_724' title='bbox 2338 3696 2484 3749; x_wconf 90' lang='lat' dir='ltr'><strong><em>miro</em></strong></span> <span class='ocrx_word' id='word_1_725' title='bbox 2524 3696 2643 3764; x_wconf 91' lang='lat' dir='ltr'><strong><em>Dei,</em></strong></span> <span class='ocrx_word' id='word_1_726' title='bbox 2677 3696 2765 3750; x_wconf 81' lang='lat' dir='ltr'><strong><em>hte</em></strong></span> <span class='ocrx_word' id='word_1_727' title='bbox 2788 3696 3165 3766; x_wconf 80' lang='lat' dir='ltr'><strong><em>cogitationes</em></strong></span> <span class='ocrx_word' id='word_1_728' title='bbox 3196 3698 3404 3768; x_wconf 90' lang='lat' dir='ltr'><strong>quibus</strong></span> <span class='ocrx_word' id='word_1_729' title='bbox 3442 3716 3613 3755; x_wconf 92' lang='lat' dir='ltr'><strong><em>nemo</em></strong></span> <span class='ocrx_word' id='word_1_730' title='bbox 3640 3704 3727 3754; x_wconf 86' lang='lat' dir='ltr'><strong><em>est</em></strong></span> 
     </span>
    </p>
   </div>
   <div class='ocr_carea' id='block_1_98' title="bbox 2028 3781 3725 3856">
    <p class='ocr_par' dir='ltr' id='par_1_98' title="bbox 2028 3781 3725 3856">
     <span class='ocr_line' id='line_1_98' title="bbox 2028 3781 3725 3856; baseline 0.004 -22"><span class='ocrx_word' id='word_1_731' title='bbox 2028 3782 2250 3836; x_wconf 87' lang='lat' dir='ltr'><strong><em>similis.</em></strong></span> <span class='ocrx_word' id='word_1_732' title='bbox 2296 3781 2492 3853; x_wconf 62' lang='lat' dir='ltr'><strong><em>(Cass)</em></strong></span> <span class='ocrx_word' id='word_1_733' title='bbox 2534 3783 2673 3837; x_wconf 90' lang='lat' dir='ltr'><strong><em>Ecce</em></strong></span> <span class='ocrx_word' id='word_1_734' title='bbox 2728 3782 3014 3837; x_wconf 91' lang='lat' dir='ltr'><strong><em>mirabilia</em></strong></span> <span class='ocrx_word' id='word_1_735' title='bbox 3064 3800 3076 3837; x_wconf 93' lang='lat'>:</span> <span class='ocrx_word' id='word_1_736' title='bbox 3132 3784 3475 3853; x_wconf 88' lang='lat' dir='ltr'><strong><em>incarnatio,</em></strong></span> <span class='ocrx_word' id='word_1_737' title='bbox 3500 3788 3725 3856; x_wconf 88' lang='lat' dir='ltr'><strong><em>justitia</em></strong></span> 
     </span>
    </p>
   </div>
   <div class='ocr_carea' id='block_1_99' title="bbox 2027 3870 3717 3943">
    <p class='ocr_par' dir='ltr' id='par_1_99' title="bbox 2027 3870 3717 3943">
     <span class='ocr_line' id='line_1_99' title="bbox 2027 3870 3717 3943; baseline 0.004 -20"><span class='ocrx_word' id='word_1_738' title='bbox 2027 3870 2471 3939; x_wconf 61' lang='lat' dir='ltr'><strong><em>praedicationis,</em></strong></span> <span class='ocrx_word' id='word_1_739' title='bbox 2531 3870 2794 3924; x_wconf 88' lang='lat' dir='ltr'><strong><em>liberatio</em></strong></span> <span class='ocrx_word' id='word_1_740' title='bbox 2846 3871 3149 3925; x_wconf 89' lang='lat' dir='ltr'><strong><em>hominum</em></strong></span> <span class='ocrx_word' id='word_1_741' title='bbox 3194 3873 3265 3926; x_wconf 91' lang='lat' dir='ltr'><strong><em>ab</em></strong></span> <span class='ocrx_word' id='word_1_742' title='bbox 3296 3873 3717 3943; x_wconf 91' lang='lat' dir='ltr'><strong><em>iniquitatibus,</em></strong></span> 
     </span>
    </p>
   </div>
   <div class='ocr_carea' id='block_1_100' title="bbox 2027 3958 3721 4028">
    <p class='ocr_par' dir='ltr' id='par_1_100' title="bbox 2027 3958 3721 4028">
     <span class='ocr_line' id='line_1_100' title="bbox 2027 3958 3721 4028; baseline 0.002 -16"><span class='ocrx_word' id='word_1_743' title='bbox 2027 3958 2285 4012; x_wconf 86' lang='lat' dir='ltr'><strong><em>confusio</em></strong></span> <span class='ocrx_word' id='word_1_744' title='bbox 2300 3958 2688 4021; x_wconf 87' lang='lat' dir='ltr'><strong><em>inimicorum,</em></strong></span> <span class='ocrx_word' id='word_1_745' title='bbox 2706 3958 2904 4012; x_wconf 65' lang='lat' dir='ltr'><strong><em>laetitia</em></strong></span> <span class='ocrx_word' id='word_1_746' title='bbox 2927 3959 3299 4028; x_wconf 89' lang='lat' dir='ltr'><strong><em>sperantium.</em></strong></span> <span class='ocrx_word' id='word_1_747' title='bbox 3322 3962 3534 4028; x_wconf 90' lang='lat' dir='ltr'><strong><em>Primo,</em></strong></span> <span class='ocrx_word' id='word_1_748' title='bbox 3550 3963 3721 4016; x_wconf 92' lang='lat' dir='ltr'><strong><em>rudes</em></strong></span> 
     </span>
    </p>
   </div>
   <div class='ocr_carea' id='block_1_101' title="bbox 2029 4046 3721 4118">
    <p class='ocr_par' dir='ltr' id='par_1_101' title="bbox 2029 4046 3721 4118">
     <span class='ocr_line' id='line_1_101' title="bbox 2029 4046 3721 4118; baseline 0.002 -18"><span class='ocrx_word' id='word_1_749' title='bbox 2029 4053 2086 4101; x_wconf 91' lang='lat' dir='ltr'><strong><em>et</em></strong></span> <span class='ocrx_word' id='word_1_750' title='bbox 2107 4046 2474 4117; x_wconf 89' lang='lat' dir='ltr'><strong><em>incompositi</em></strong></span> <span class='ocrx_word' id='word_1_751' title='bbox 2491 4046 2792 4118; x_wconf 63' lang='lat' dir='ltr'><strong><em>praeparati</em></strong></span> <span class='ocrx_word' id='word_1_752' title='bbox 2809 4052 2960 4111; x_wconf 88' lang='lat' dir='ltr'><strong><em>sunt,</em></strong></span> <span class='ocrx_word' id='word_1_753' title='bbox 2984 4051 3047 4100; x_wconf 88' lang='lat' dir='ltr'><strong><em>ut</em></strong></span> <span class='ocrx_word' id='word_1_754' title='bbox 3069 4048 3237 4102; x_wconf 87' lang='lat' dir='ltr'><strong><em>verba</em></strong></span> <span class='ocrx_word' id='word_1_755' title='bbox 3256 4048 3460 4102; x_wconf 90' lang='lat' dir='ltr'><strong><em>Christi</em></strong></span> <span class='ocrx_word' id='word_1_756' title='bbox 3473 4050 3721 4104; x_wconf 88' lang='lat' dir='ltr'><strong><em>libenter</em></strong></span> 
     </span>
    </p>
   </div>
   <div class='ocr_carea' id='block_1_102' title="bbox 2029 4134 3721 4205">
    <p class='ocr_par' dir='ltr' id='par_1_102' title="bbox 2029 4134 3721 4205">
     <span class='ocr_line' id='line_1_102' title="bbox 2029 4134 3721 4205; baseline 0.003 -16"><span class='ocrx_word' id='word_1_757' title='bbox 2029 4135 2407 4205; x_wconf 90' lang='lat' dir='ltr'><strong><em>susciperent.</em></strong></span> <span class='ocrx_word' id='word_1_758' title='bbox 2466 4134 2654 4205; x_wconf 85' lang='lat' dir='ltr'><strong><em>(Auc.)</em></strong></span> <span class='ocrx_word' id='word_1_759' title='bbox 2701 4136 2832 4190; x_wconf 91' lang='lat' dir='ltr'><strong><em>Vide</em></strong></span> <span class='ocrx_word' id='word_1_760' title='bbox 2881 4135 3166 4189; x_wconf 87' lang='lat' dir='ltr'><strong><em>mirabilia</em></strong></span> <span class='ocrx_word' id='word_1_761' title='bbox 3198 4137 3316 4191; x_wconf 93' lang='lat' dir='ltr'><strong><em>Dei.</em></strong></span> <span class='ocrx_word' id='word_1_762' title='bbox 3366 4140 3721 4194; x_wconf 87' lang='lat' dir='ltr'><strong><em>Annuntiavi</em></strong></span> 
     </span>
    </p>
   </div>
   <div class='ocr_carea' id='block_1_103' title="bbox 1954 4224 3720 4321">
    <p class='ocr_par' dir='ltr' id='par_1_103' title="bbox 1954 4224 3720 4321">
     <span class='ocr_line' id='line_1_103' title="bbox 1954 4224 3720 4321; baseline 0.003 -45"><span class='ocrx_word' id='word_1_763' title='bbox 1954 4268 1996 4321; x_wconf 67' lang='grc' dir='ltr'><strong>Β</strong></span> <span class='ocrx_word' id='word_1_764' title='bbox 2027 4224 2186 4295; x_wconf 91' lang='lat' dir='ltr'><strong><em>prius</em></strong></span> <span class='ocrx_word' id='word_1_765' title='bbox 2224 4240 2326 4295; x_wconf 91' lang='lat' dir='ltr'><strong><em>per</em></strong></span> <span class='ocrx_word' id='word_1_766' title='bbox 2371 4224 2702 4294; x_wconf 84' lang='lat' dir='ltr'><strong><em>Prophetas,</em></strong></span> <span class='ocrx_word' id='word_1_767' title='bbox 2735 4230 2791 4279; x_wconf 90' lang='lat' dir='ltr'><strong><em>et</em></strong></span> <span class='ocrx_word' id='word_1_768' title='bbox 2833 4231 2961 4295; x_wconf 89' lang='lat' dir='ltr'><strong><em>post</em></strong></span> <span class='ocrx_word' id='word_1_769' title='bbox 2991 4226 3211 4279; x_wconf 89' lang='lat' dir='ltr'><strong><em>locutus</em></strong></span> <span class='ocrx_word' id='word_1_770' title='bbox 3242 4231 3491 4297; x_wconf 81' lang='lat' dir='ltr'><strong><em>egomet.</em></strong></span> <span class='ocrx_word' id='word_1_771' title='bbox 3524 4228 3720 4282; x_wconf 70' lang='lat' dir='ltr'><strong><em>Multi-</em></strong></span> 
     </span>
    </p>
   </div>
   <div class='ocr_carea' id='block_1_104' title="bbox 2021 4314 3259 4387">
    <p class='ocr_par' dir='ltr' id='par_1_104' title="bbox 2021 4314 3259 4387">
     <span class='ocr_line' id='line_1_104' title="bbox 2021 4314 3259 4387; baseline 0.003 -21"><span class='ocrx_word' id='word_1_772' title='bbox 2021 4315 2220 4382; x_wconf 88' lang='lat' dir='ltr'><strong><em>plicati</em></strong></span> <span class='ocrx_word' id='word_1_773' title='bbox 2280 4317 2408 4367; x_wconf 88' lang='lat' dir='ltr'><strong><em>sunt</em></strong></span> <span class='ocrx_word' id='word_1_774' title='bbox 2460 4328 2759 4368; x_wconf 82' lang='lat' dir='ltr'><strong><em>numerum.</em></strong></span> <span class='ocrx_word' id='word_1_775' title='bbox 2815 4315 3026 4381; x_wconf 77' lang='lat' dir='ltr'><strong><em>(HIER.,</em></strong></span> <span class='ocrx_word' id='word_1_776' title='bbox 3095 4314 3259 4387; x_wconf 81' lang='lat' dir='ltr'><strong><em>Auc.)</em></strong></span> 
     </span>
    </p>
   </div>
   <div class='ocr_carea' id='block_1_105' title="bbox 2024 4401 2746 4456">
    <p class='ocr_par' dir='ltr' id='par_1_105' title="bbox 2024 4401 2746 4456">
     <span class='ocr_line' id='line_1_105' title="bbox 2024 4401 2746 4456; baseline -0.001 0"><span class='ocrx_word' id='word_1_777' title='bbox 2024 4418 2247 4456; x_wconf 89' lang='lat' dir='ltr'><strong><em>merum</em></strong></span> <span class='ocrx_word' id='word_1_778' title='bbox 2280 4401 2681 4456; x_wconf 89' lang='lat' dir='ltr'><strong><em>salvandorum</em></strong></span> <span class='ocrx_word' id='word_1_779' title='bbox 2728 4420 2746 4455; x_wconf 90' lang='lat'><strong><em>:</em></strong></span> 
     </span>
    </p>
   </div>
   <div class='ocr_carea' id='block_1_106' title="bbox 3340 4314 3720 4386">
    <p class='ocr_par' dir='ltr' id='par_1_106' title="bbox 3340 4314 3720 4386">
     <span class='ocr_line' id='line_1_106' title="bbox 3340 4314 3720 4386; baseline 0.003 -16"><span class='ocrx_word' id='word_1_780' title='bbox 3340 4314 3522 4386; x_wconf 88' lang='lat' dir='ltr'><strong><em>Super</em></strong></span> <span class='ocrx_word' id='word_1_781' title='bbox 3603 4332 3720 4371; x_wconf 85' lang='lat' dir='ltr'><strong><em>nu-</em></strong></span> 
     </span>
    </p>
   </div>
   <div class='ocr_carea' id='block_1_107' title="bbox 2805 4401 3719 4476">
    <p class='ocr_par' dir='ltr' id='par_1_107' title="bbox 2805 4401 3719 4476">
     <span class='ocr_line' id='line_1_107' title="bbox 2805 4401 3719 4476; baseline 0.007 -23"><span class='ocrx_word' id='word_1_782' title='bbox 2805 4401 2915 4467; x_wconf 89' lang='lat' dir='ltr'><strong><em>vel,</em></strong></span> <span class='ocrx_word' id='word_1_783' title='bbox 2971 4418 3142 4473; x_wconf 89' lang='lat' dir='ltr'><strong><em>super</em></strong></span> <span class='ocrx_word' id='word_1_784' title='bbox 3175 4403 3281 4458; x_wconf 93' lang='lat' dir='ltr'><strong><em>hoc</em></strong></span> <span class='ocrx_word' id='word_1_785' title='bbox 3311 4404 3463 4475; x_wconf 88' lang='lat' dir='ltr'><strong><em>quod</em></strong></span> <span class='ocrx_word' id='word_1_786' title='bbox 3514 4405 3719 4476; x_wconf 88' lang='lat' dir='ltr'><strong><em>aliquis</em></strong></span> 
     </span>
    </p>
   </div>
   <div class='ocr_carea' id='block_1_108' title="bbox 2024 4488 3717 4564">
    <p class='ocr_par' dir='ltr' id='par_1_108' title="bbox 2024 4488 3717 4564">
     <span class='ocr_line' id='line_1_108' title="bbox 2024 4488 3717 4564; baseline 0.002 -19"><span class='ocrx_word' id='word_1_787' title='bbox 2024 4506 2360 4545; x_wconf 87' lang='lat' dir='ltr'><strong><em>enumerare</em></strong></span> <span class='ocrx_word' id='word_1_788' title='bbox 2410 4488 2582 4544; x_wconf 90' lang='lat' dir='ltr'><strong><em>rossit</em></strong></span> <span class='ocrx_word' id='word_1_789' title='bbox 2628 4489 2785 4556; x_wconf 88' lang='lat' dir='ltr'><strong><em>:vel,</em></strong></span> <span class='ocrx_word' id='word_1_790' title='bbox 2830 4505 2919 4543; x_wconf 91' lang='lat' dir='ltr'><strong><em>me</em></strong></span> <span class='ocrx_word' id='word_1_791' title='bbox 2978 4490 3242 4560; x_wconf 90' lang='lat' dir='ltr'><strong><em>loquente</em></strong></span> <span class='ocrx_word' id='word_1_792' title='bbox 3292 4494 3485 4562; x_wconf 89' lang='lat' dir='ltr'><strong><em>plures</em></strong></span> <span class='ocrx_word' id='word_1_793' title='bbox 3542 4509 3717 4564; x_wconf 89' lang='lat' dir='ltr'><strong><em>quam</em></strong></span> 
     </span>
    </p>
   </div>
   <div class='ocr_carea' id='block_1_109' title="bbox 2024 4578 2572 4635">
    <p class='ocr_par' dir='ltr' id='par_1_109' title="bbox 2024 4578 2572 4635">
     <span class='ocr_line' id='line_1_109' title="bbox 2024 4578 2572 4635; baseline -0.007 0"><span class='ocrx_word' id='word_1_794' title='bbox 2024 4580 2162 4635; x_wconf 91' lang='lat' dir='ltr'><strong><em>olim</em></strong></span> <span class='ocrx_word' id='word_1_795' title='bbox 2192 4578 2572 4633; x_wconf 90' lang='lat' dir='ltr'><strong><em>crediderunt.</em></strong></span> 
     </span>
    </p>
   </div>
   <div class='ocr_carea' id='block_1_110' title="bbox 2094 4667 3713 4736">
    <p class='ocr_par' dir='ltr' id='par_1_110' title="bbox 2094 4667 3713 4736">
     <span class='ocr_line' id='line_1_110' title="bbox 2094 4667 3713 4736; baseline 0.002 -15"><span class='ocrx_word' id='word_1_796' title='bbox 2094 4670 2252 4723; x_wconf 75' lang='lat' dir='ltr'><strong><em>Vens.</em></strong></span> <span class='ocrx_word' id='word_1_797' title='bbox 2313 4672 2365 4721; x_wconf 87' lang='grc'><strong>7.</strong></span> <span class='ocrx_word' id='word_1_798' title='bbox 2435 4697 2507 4709; x_wconf 90' lang='grc'><strong><em>-</em></strong></span> <span class='ocrx_word' id='word_1_799' title='bbox 2588 4667 2927 4736; x_wconf 79' lang='lat' dir='ltr'><strong><em>Sacriﬁcium</em></strong></span> <span class='ocrx_word' id='word_1_800' title='bbox 2993 4672 3043 4722; x_wconf 90' lang='lat' dir='ltr'><strong><em>et</em></strong></span> <span class='ocrx_word' id='word_1_801' title='bbox 3094 4669 3414 4724; x_wconf 88' lang='lat' dir='ltr'><strong><em>oblationem</em></strong></span> <span class='ocrx_word' id='word_1_802' title='bbox 3467 4672 3713 4726; x_wconf 88' lang='lat' dir='ltr'><strong><em>noluisti.</em></strong></span> 
     </span>
    </p>
   </div>
   <div class='ocr_carea' id='block_1_111' title="bbox 2024 4755 3711 4828">
    <p class='ocr_par' dir='ltr' id='par_1_111' title="bbox 2024 4755 3711 4828">
     <span class='ocr_line' id='line_1_111' title="bbox 2024 4755 3711 4828; baseline 0.001 -17"><span class='ocrx_word' id='word_1_803' title='bbox 2024 4758 2206 4825; x_wconf 74' lang='grc' dir='ltr'>(Αυο.)</span> <span class='ocrx_word' id='word_1_804' title='bbox 2241 4757 2307 4811; x_wconf 90' lang='lat' dir='ltr'><strong><em>Ut</em></strong></span> <span class='ocrx_word' id='word_1_805' title='bbox 2347 4755 2502 4811; x_wconf 89' lang='lat' dir='ltr'><strong><em>venit</em></strong></span> <span class='ocrx_word' id='word_1_806' title='bbox 2530 4773 2640 4823; x_wconf 88' lang='lat' dir='ltr'><strong><em>res,</em></strong></span> <span class='ocrx_word' id='word_1_807' title='bbox 2675 4756 2859 4810; x_wconf 91' lang='lat' dir='ltr'><strong><em>noluit</em></strong></span> <span class='ocrx_word' id='word_1_808' title='bbox 2888 4757 3051 4827; x_wconf 89' lang='lat' dir='ltr'><strong><em>quasi</em></strong></span> <span class='ocrx_word' id='word_1_809' title='bbox 3090 4758 3258 4811; x_wconf 84' lang='lat' dir='ltr'><strong><em>verba</em></strong></span> <span class='ocrx_word' id='word_1_810' title='bbox 3298 4759 3711 4828; x_wconf 86' lang='lat' dir='ltr'><strong><em>promittentia,</em></strong></span> 
     </span>
    </p>
   </div>
   <div class='ocr_carea' id='block_1_112' title="bbox 2023 4845 3711 4915">
    <p class='ocr_par' dir='ltr' id='par_1_112' title="bbox 2023 4845 3711 4915">
     <span class='ocr_line' id='line_1_112' title="bbox 2023 4845 3711 4915; baseline 0.002 -16"><span class='ocrx_word' id='word_1_811' title='bbox 2023 4851 2152 4910; x_wconf 90' lang='lat' dir='ltr'><strong><em>etc.,</em></strong></span> <span class='ocrx_word' id='word_1_812' title='bbox 2175 4861 2344 4915; x_wconf 82' lang='lat' dir='ltr'><strong><em>usque</em></strong></span> <span class='ocrx_word' id='word_1_813' title='bbox 2375 4846 2449 4899; x_wconf 89' lang='lat' dir='ltr'><strong><em>ad</em></strong></span> <span class='ocrx_word' id='word_1_814' title='bbox 2497 4845 2591 4898; x_wconf 91' lang='lat' dir='ltr'><strong><em>sed</em></strong></span> <span class='ocrx_word' id='word_1_815' title='bbox 2625 4845 2743 4913; x_wconf 91' lang='lat' dir='ltr'><strong><em>ille,</em></strong></span> <span class='ocrx_word' id='word_1_816' title='bbox 2798 4845 2900 4915; x_wconf 91' lang='lat' dir='ltr'><strong><em>qui</em></strong></span> <span class='ocrx_word' id='word_1_817' title='bbox 2929 4845 3099 4913; x_wconf 87' lang='lat' dir='ltr'><strong><em>fudit,</em></strong></span> <span class='ocrx_word' id='word_1_818' title='bbox 3130 4845 3351 4912; x_wconf 90' lang='lat' dir='ltr'><strong><em>surdus,</em></strong></span> <span class='ocrx_word' id='word_1_819' title='bbox 3389 4863 3504 4901; x_wconf 90' lang='lat' dir='ltr'><strong><em>non</em></strong></span> <span class='ocrx_word' id='word_1_820' title='bbox 3533 4848 3711 4902; x_wconf 90' lang='lat' dir='ltr'><strong><em>audit.</em></strong></span> 
     </span>
    </p>
   </div>
   <div class='ocr_carea' id='block_1_113' title="bbox 2022 4932 3809 5005">
    <p class='ocr_par' dir='ltr' id='par_1_113' title="bbox 2022 4932 3809 5005">
     <span class='ocr_line' id='line_1_113' title="bbox 2022 4932 3809 5005; baseline 0.001 -17"><span class='ocrx_word' id='word_1_821' title='bbox 2022 4935 2198 4989; x_wconf 86' lang='lat' dir='ltr'><strong><em>Aures</em></strong></span> <span class='ocrx_word' id='word_1_822' title='bbox 2229 4940 2406 4988; x_wconf 90' lang='lat' dir='ltr'><strong><em>autem</em></strong></span> <span class='ocrx_word' id='word_1_823' title='bbox 2428 4934 2711 5004; x_wconf 80' lang='lat' dir='ltr'><strong><em>per/ecisti</em></strong></span> <span class='ocrx_word' id='word_1_824' title='bbox 2731 4936 2886 4988; x_wconf 85' lang='lat' dir='ltr'><strong><em>mihi.</em></strong></span> <span class='ocrx_word' id='word_1_825' title='bbox 2922 4934 2981 4988; x_wconf 91' lang='lat' dir='ltr'><strong><em>ld</em></strong></span> <span class='ocrx_word' id='word_1_826' title='bbox 3013 4938 3116 5001; x_wconf 91' lang='lat' dir='ltr'><strong><em>est,</em></strong></span> <span class='ocrx_word' id='word_1_827' title='bbox 3148 4933 3398 5005; x_wconf 87' lang='lat' dir='ltr'><strong><em>perfecte</em></strong></span> <span class='ocrx_word' id='word_1_828' title='bbox 3431 4951 3521 4990; x_wconf 92' lang='lat' dir='ltr'><strong><em>me</em></strong></span> <span class='ocrx_word' id='word_1_829' title='bbox 3552 4936 3717 4989; x_wconf 88' lang='lat' dir='ltr'><strong><em>intel-</em></strong></span> <span class='ocrx_word' id='word_1_830' title='bbox 3806 4932 3809 4935; x_wconf 63' lang='grc'>’</span> 
     </span>
    </p>
   </div>
   <div class='ocr_carea' id='block_1_114' title="bbox 2021 5022 3715 5094">
    <p class='ocr_par' dir='ltr' id='par_1_114' title="bbox 2021 5022 3715 5094">
     <span class='ocr_line' id='line_1_114' title="bbox 2021 5022 3715 5094; baseline 0.002 -18"><span class='ocrx_word' id='word_1_831' title='bbox 2021 5022 2198 5094; x_wconf 82' lang='lat' dir='ltr'><strong><em>ligare</em></strong></span> <span class='ocrx_word' id='word_1_832' title='bbox 2228 5022 2407 5077; x_wconf 77' lang='lat' dir='ltr'><strong><em>fecisti</em></strong></span> <span class='ocrx_word' id='word_1_833' title='bbox 2436 5022 2537 5093; x_wconf 91' lang='lat' dir='ltr'><strong>qui</strong></span> <span class='ocrx_word' id='word_1_834' title='bbox 2578 5022 2769 5076; x_wconf 90' lang='lat' dir='ltr'><strong><em>velles.</em></strong></span> <span class='ocrx_word' id='word_1_835' title='bbox 2839 5024 2932 5077; x_wconf 88' lang='lat' dir='ltr'><strong><em>Vel</em></strong></span> <span class='ocrx_word' id='word_1_836' title='bbox 2982 5038 3176 5092; x_wconf 86' lang='lat' dir='ltr'><strong><em>corpus</em></strong></span> <span class='ocrx_word' id='word_1_837' title='bbox 3225 5027 3435 5093; x_wconf 80' lang='lat' dir='ltr'><strong><em>optasti</em></strong></span> <span class='ocrx_word' id='word_1_838' title='bbox 3460 5026 3616 5093; x_wconf 86' lang='lat' dir='ltr'><strong><em>mihi,</em></strong></span> <span class='ocrx_word' id='word_1_839' title='bbox 3652 5030 3715 5080; x_wconf 89' lang='lat' dir='ltr'><strong><em>ut</em></strong></span> 
     </span>
    </p>
   </div>
   <div class='ocr_carea' id='block_1_115' title="bbox 2023 5108 3712 5186">
    <p class='ocr_par' dir='ltr' id='par_1_115' title="bbox 2023 5108 3712 5186">
     <span class='ocr_line' id='line_1_115' title="bbox 2023 5108 3712 5186; baseline 0.002 -21"><span class='ocrx_word' id='word_1_840' title='bbox 2023 5112 2101 5165; x_wconf 90' lang='lat' dir='ltr'><strong><em>ait</em></strong></span> <span class='ocrx_word' id='word_1_841' title='bbox 2131 5108 2430 5181; x_wconf 81' lang='lat' dir='ltr'><strong><em>Apostolus</em></strong></span> <span class='ocrx_word' id='word_1_842' title='bbox 2488 5112 2553 5165; x_wconf 89' lang='lat' dir='ltr'><strong><em>ad</em></strong></span> <span class='ocrx_word' id='word_1_843' title='bbox 2613 5111 2886 5165; x_wconf 76' lang='lat' dir='ltr'><strong><em>Hebrteos</em></strong></span> <span class='ocrx_word' id='word_1_844' title='bbox 2935 5111 3090 5179; x_wconf 87' lang='lat' dir='ltr'><strong><em>(Heb.</em></strong></span> <span class='ocrx_word' id='word_1_845' title='bbox 3144 5112 3222 5183; x_wconf 87' lang='lat' dir='ltr'><strong><em>x),</em></strong></span> <span class='ocrx_word' id='word_1_846' title='bbox 3279 5112 3336 5167; x_wconf 91' lang='lat' dir='ltr'>id</span> <span class='ocrx_word' id='word_1_847' title='bbox 3370 5118 3474 5182; x_wconf 92' lang='lat' dir='ltr'><strong><em>est,</em></strong></span> <span class='ocrx_word' id='word_1_848' title='bbox 3505 5129 3712 5186; x_wconf 91' lang='lat' dir='ltr'><strong><em>corpus</em></strong></span> 
     </span>
    </p>
   </div>
   <div class='ocr_carea' id='block_1_116' title="bbox 2021 5198 3135 5270">
    <p class='ocr_par' dir='ltr' id='par_1_116' title="bbox 2021 5198 3135 5270">
     <span class='ocr_line' id='line_1_116' title="bbox 2021 5198 3135 5270; baseline 0 -16"><span class='ocrx_word' id='word_1_849' title='bbox 2021 5207 2218 5270; x_wconf 86' lang='lat' dir='ltr'><strong><em>aptum</em></strong></span> <span class='ocrx_word' id='word_1_850' title='bbox 2250 5200 2317 5251; x_wconf 89' lang='lat' dir='ltr'><strong><em>ad</em></strong></span> <span class='ocrx_word' id='word_1_851' title='bbox 2346 5198 2703 5253; x_wconf 79' lang='lat' dir='ltr'><strong><em>offerendum</em></strong></span> <span class='ocrx_word' id='word_1_852' title='bbox 2736 5198 2875 5251; x_wconf 91' lang='lat' dir='ltr'><strong><em>mihi</em></strong></span> <span class='ocrx_word' id='word_1_853' title='bbox 2909 5198 3135 5254; x_wconf 88' lang='lat' dir='ltr'><strong><em>dedisti.</em></strong></span> 
     </span>
    </p>
   </div>
   <div class='ocr_carea' id='block_1_117' title="bbox 2091 5288 3713 5346">
    <p class='ocr_par' dir='ltr' id='par_1_117' title="bbox 2091 5288 3713 5346">
     <span class='ocr_line' id='line_1_117' title="bbox 2091 5288 3713 5346; baseline 0.004 -6"><span class='ocrx_word' id='word_1_854' title='bbox 2091 5289 2250 5341; x_wconf 76' lang='lat' dir='ltr'><strong><em>Vens.</em></strong></span> <span class='ocrx_word' id='word_1_855' title='bbox 2285 5290 2334 5342; x_wconf 91' lang='lat'><strong><em>8.</em></strong></span> <span class='ocrx_word' id='word_1_856' title='bbox 2400 5316 2470 5329; x_wconf 91' lang='lat'><strong><em>—</em></strong></span> <span class='ocrx_word' id='word_1_857' title='bbox 2524 5288 2929 5341; x_wconf 87' lang='lat' dir='ltr'><strong><em>Holocaustum.</em></strong></span> <span class='ocrx_word' id='word_1_858' title='bbox 2990 5288 3327 5343; x_wconf 82' lang='lat' dir='ltr'><strong><em>Holocausta</em></strong></span> <span class='ocrx_word' id='word_1_859' title='bbox 3374 5289 3545 5344; x_wconf 92' lang='lat' dir='ltr'><strong><em>etiam</em></strong></span> <span class='ocrx_word' id='word_1_860' title='bbox 3593 5307 3713 5346; x_wconf 92' lang='lat' dir='ltr'><strong><em>non</em></strong></span> 
     </span>
    </p>
   </div>
   <div class='ocr_carea' id='block_1_118' title="bbox 2021 5376 3711 5450">
    <p class='ocr_par' dir='ltr' id='par_1_118' title="bbox 2021 5376 3711 5450">
     <span class='ocr_line' id='line_1_118' title="bbox 2021 5376 3711 5450; baseline 0.002 -19"><span class='ocrx_word' id='word_1_861' title='bbox 2021 5376 2211 5448; x_wconf 87' lang='lat' dir='ltr'><strong><em>petisti</em></strong></span> <span class='ocrx_word' id='word_1_862' title='bbox 2238 5392 2339 5446; x_wconf 91' lang='lat' dir='ltr'><strong><em>pro</em></strong></span> <span class='ocrx_word' id='word_1_863' title='bbox 2383 5381 2643 5446; x_wconf 87' lang='lat' dir='ltr'><strong><em>peccato.</em></strong></span> <span class='ocrx_word' id='word_1_864' title='bbox 2682 5378 2784 5430; x_wconf 89' lang='lat' dir='ltr'><strong><em>Pro</em></strong></span> <span class='ocrx_word' id='word_1_865' title='bbox 2809 5381 3052 5445; x_wconf 86' lang='lat' dir='ltr'><strong><em>peccato.</em></strong></span> <span class='ocrx_word' id='word_1_866' title='bbox 3092 5377 3256 5442; x_wconf 91' lang='lat' dir='ltr'><strong><em>Quod</em></strong></span> <span class='ocrx_word' id='word_1_867' title='bbox 3287 5394 3459 5450; x_wconf 89' lang='lat' dir='ltr'><strong><em>supra</em></strong></span> <span class='ocrx_word' id='word_1_868' title='bbox 3479 5379 3711 5435; x_wconf 87' lang='lat' dir='ltr'><strong><em>oblatio-</em></strong></span> 
     </span>
    </p>
   </div>
   <div class='ocr_carea' id='block_1_119' title="bbox 2017 5461 3713 5540">
    <p class='ocr_par' dir='ltr' id='par_1_119' title="bbox 2017 5461 3713 5540">
     <span class='ocr_line' id='line_1_119' title="bbox 2017 5461 3713 5540; baseline 0.003 -21"><span class='ocrx_word' id='word_1_869' title='bbox 2017 5481 2156 5530; x_wconf 83' lang='lat' dir='ltr'><strong><em>nem,</em></strong></span> <span class='ocrx_word' id='word_1_870' title='bbox 2189 5474 2252 5518; x_wconf 89' lang='lat' dir='ltr'><strong><em>ut</em></strong></span> <span class='ocrx_word' id='word_1_871' title='bbox 2276 5465 2345 5518; x_wconf 88' lang='lat' dir='ltr'>de</span> <span class='ocrx_word' id='word_1_872' title='bbox 2397 5464 2552 5518; x_wconf 90' lang='lat' dir='ltr'><strong><em>hirco</em></strong></span> <span class='ocrx_word' id='word_1_873' title='bbox 2577 5461 2953 5536; x_wconf 78' lang='grc' dir='ltr'><strong><em>ἀποπομπάιῳ,</em></strong></span> <span class='ocrx_word' id='word_1_874' title='bbox 3013 5465 3068 5520; x_wconf 92' lang='lat' dir='ltr'><strong><em>id</em></strong></span> <span class='ocrx_word' id='word_1_875' title='bbox 3098 5473 3199 5534; x_wconf 89' lang='lat' dir='ltr'><strong><em>est,</em></strong></span> <span class='ocrx_word' id='word_1_876' title='bbox 3252 5466 3572 5538; x_wconf 89' lang='lat' dir='ltr'><strong><em>emissario,</em></strong></span> <span class='ocrx_word' id='word_1_877' title='bbox 3612 5470 3713 5540; x_wconf 91' lang='lat' dir='ltr'><strong>qui</strong></span> 
     </span>
    </p>
   </div>
   <div class='ocr_carea' id='block_1_120' title="bbox 2017 5552 3715 5628">
    <p class='ocr_par' dir='ltr' id='par_1_120' title="bbox 2017 5552 3715 5628">
     <span class='ocr_line' id='line_1_120' title="bbox 2017 5552 3715 5628; baseline 0.002 -20"><span class='ocrx_word' id='word_1_878' title='bbox 2017 5568 2147 5608; x_wconf 88' lang='lat' dir='ltr'><strong><em>cum</em></strong></span> <span class='ocrx_word' id='word_1_879' title='bbox 2169 5553 2410 5624; x_wconf 85' lang='lat' dir='ltr'><strong><em>peccatis</em></strong></span> <span class='ocrx_word' id='word_1_880' title='bbox 2431 5552 2629 5625; x_wconf 89' lang='lat' dir='ltr'><strong><em>populi</em></strong></span> <span class='ocrx_word' id='word_1_881' title='bbox 2648 5553 2708 5608; x_wconf 90' lang='lat' dir='ltr'><strong><em>in</em></strong></span> <span class='ocrx_word' id='word_1_882' title='bbox 2723 5553 3011 5611; x_wconf 88' lang='lat' dir='ltr'><strong><em>desertum</em></strong></span> <span class='ocrx_word' id='word_1_883' title='bbox 3036 5555 3373 5611; x_wconf 88' lang='lat' dir='ltr'><strong><em>mittebatur</em></strong></span> <span class='ocrx_word' id='word_1_884' title='bbox 3399 5572 3414 5611; x_wconf 88' lang='lat'><strong>:</strong></span> <span class='ocrx_word' id='word_1_885' title='bbox 3448 5557 3556 5624; x_wconf 87' lang='lat' dir='ltr'><strong><em>vel,</em></strong></span> <span class='ocrx_word' id='word_1_886' title='bbox 3587 5573 3715 5628; x_wconf 86' lang='lat' dir='ltr'><strong><em>pos-</em></strong></span> 
     </span>
    </p>
   </div>
  </div>
