4082 6184
393 292 496 345 903

1046 289 1439 346 WALAFRlDl
1481 291 1729 347 STRABI
1770 291 1971 347 FULD.
2019 291 2183 347 MON.
2224 290 2377 346 OPP.
2423 289 2599 344 PARS
2638 291 2680 345 1.
2722 319 2791 328 --
2829 289 3286 346 THEOLOGICA.
3781 293 3877 345 904

394 420 528 468 sunt
591 430 714 469 esse
772 430 901 486 qua:
949 414 1223 469 dictiones
1274 430 1376 485 pro
1430 419 1682 485 peccato.
1737 418 1868 470 Ecce
1914 416 2080 468 venio.
2117 417 2163 467 A
2202 418 2362 467 catur
2390 429 2462 467 ne
2483 412 2731 467 hominis
2763 411 3064 466 inﬁrmitas
3111 412 3278 467 durio
3317 418 3654 483 superetur;
3706 414 3877 484 quasi,

397 504 598 574 (Cnss)
639 505 780 559 Cum
827 503 1102 558 sacriﬁcia
1150 509 1390 570 cessent,
1449 509 1669 558 constat
1704 504 1896 558 venire
1929 503 2089 559 Chri-

394 598 567 647 stum.

467 683 623 736 Vens.
652 684 703 736 9.
738 713 805 722 —
831 684 902 735 In
937 684 1112 751 capite
1152 682 1282 736 libri
1305 683 1568 752 scriptum
1622 687 1702 736 est
1734 682 1799 736 de
1818 698 1917 736 me.
1954 683 2088 736 Ecce

394 770 584 823 statim
618 769 782 822 venio
838 775 900 822 ut
920 769 1164 823 facerem
1195 770 1545 823 voluntatem
1606 774 1788 834 tuam,
1840 769 1976 840 quia
2029 769 2087 822 in

393 858 573 927 capite
595 857 764 927 hujus
795 858 948 912 libri.
989 860 1106 922 Vel,
1137 859 1216 911 sic
1237 864 1319 912 est
1351 858 1698 928 praefinitum
1721 859 1872 928 apud
1912 859 2082 911 Deum

392 947 639 1011 Patrem,
667 947 766 1015 qui
788 953 871 1000 est
899 954 1072 1017 caput
1099 947 1235 1012 mei,
1270 947 1368 1018 qui
1406 963 1532 1000 sum
1565 947 1729 1013 liber,
1753 947 1809 1001 id
1840 955 1942 1014 est,
1976 955 2088 1000 igr-

392 1049 486 1086 ma
511 1033 750 1102 justitial
773 1034 1124 1089 hominibus.

462 1123 623 1175 Vens.
682 1125 766 1175 10.
824 1151 894 1162 —-
951 1123 1190 1176 Ecclesia
1242 1137 1460 1189 magna.
1514 1121 1698 1192 (Αυα.)
1762 1124 1900 1177 Toto
1947 1123 2086 1177 orbe

392 1215 698 1276 terrarum,
734 1226 850 1264 non
881 1227 1054 1280 parva
1084 1215 1146 1264 ut
1174 1212 1333 1280 prius
1367 1229 1383 1265 :
1413 1216 1470 1265 et
1513 1212 1795 1282 siquidem
1829 1211 2087 1282 insurget

390 1297 584 1364 timor,
618 1314 731 1351 non
773 1298 1102 1368 prohibebit
1134 1300 1308 1370 loqui.
1359 1303 1604 1370 Domine,
1646 1309 1704 1356 tu
1731 1304 1901 1356 scisti.
1955 1303 2082 1372 (Ιυ.)

393 1386 563 1440 Labia
617 1391 821 1439 sonant
869 1387 1221 1454 hominibus,
1280 1393 1411 1455 etc.,
1460 1404 1629 1458 usque
1680 1390 1756 1443 ad
1785 1396 1850 1445 ut
1878 1390 1950 1443 ad
1981 1391 2086 1443 hoc

391 1490 505 1528 non
529 1474 635 1527 sim
658 1473 841 1544 piger.

463 1563 621 1616 Vens.
685 1566 771 1618 ll.
810 1593 879 1601 —
909 1566 1028 1620 Non
1076 1564 1352 1618 abscondi.
1386 1566 1586 1635 (Cass)
1621 1566 1882 1636 (Quando
1924 1566 2085 1636 potui

390 1652 677 1721 prodesse}
708 1651 1028 1718 veritatem,
1092 1653 1552 1722 promissionem,
1585 1663 1643 1708 et
1686 1655 2078 1710 salvationem.

466 1741 620 1794 Vsus.
668 1743 757 1795 12.
787 1769 853 1780 —
875 1741 1245 1796 Misericordia
1273 1747 1384 1796 tua.
1421 1743 1603 1812 (Are)
1633 1747 1808 1798 Amor
1828 1749 1886 1798 et
1913 1743 2088 1798 timor

392 1828 713 1899 perducunt
746 1845 833 1882 me
864 1829 932 1882 ad
965 1836 1037 1882 te.

466 1918 621 1972 Vens.
675 1919 764 1972 13.
829 1947 898 1956 -—
957 1919 1192 1986 Capillos
1242 1918 1422 1988 (Αυσ.)
1483 1919 1628 1973 Bene
1680 1919 1739 1973 in
1789 1935 2084 1991 compara-

392 2006 548 2060 tione
572 2005 910 2060 delictorum
941 2007 1128 2075 capilli
1163 2007 1317 2060 ducti
1347 2012 1500 2062 sunt.
1529 2009 1670 2062 Nam
1725 2008 1856 2063 ideo
1886 2010 1944 2063 in
1977 2011 2086 2064 Ve-

392 2095 500 2148 teri
531 2095 890 2148 Testsmento
920 2095 1238 2149 sacerdotes
1292 2096 1660 2162 radebantur,
1695 2103 1759 2152 ut
1790 2097 1869 2152 sic
1898 2099 2083 2153 carnis

392 2182 527 2236 vitia
555 2182 886 2252 deposuisse
907 2184 1256 2238 viderentur.

462 2272 621 2325 Vens.
660 2271 741 2325 14.
782 2301 848 2310 -—
881 2273 1237 2340 Complaceat.
1299 2272 1495 2343 (Cass)
1554 2275 1912 2344 Complaceat,
1960 2277 2082 2331 Tri-

391 2358 630 2412 nitatem
659 2375 1073 2428 personarum;
1107 2360 1226 2428 tibi,
1275 2361 1648 2430 singulariter
1673 2363 1950 2417 unitatem
1995 2381 2084 2418 es-

387 2445 582 2499 sentiae
638 2447 852 2514 signat.
918 2446 1109 2515 (AUG.)
1137 2447 1490 2515 Complaccat,
1517 2447 1614 2512 ait,
1669 2465 1781 2502 non
1817 2450 2082 2504 difﬁdens

392 2534 461 2588 de
493 2534 747 2603 potentia
779 2534 899 2599 Dei,
933 2536 981 2587 si
1013 2535 1158 2588 adsit
1207 2536 1490 2588 voluntas.
1533 2535 1704 2599 Quasi
1737 2554 1749 2591 :
1783 2538 1838 2592 Si
1886 2543 1948 2592 tu
1976 2539 2082 2608 vis,

388 2623 572 2690 potes,
605 2620 862 2675 Domine.
920 2622 1168 2691 Respice.
1217 2622 1416 2692 (Cass)
1447 2624 1758 2694 Respectus
1805 2626 1928 2696 ejus
1979 2643 2082 2681 no-

390 2713 568 2762 strum
603 2714 688 2762 est
709 2709 1008 2762 auxilium.

461 2799 620 2852 Vens.
658 2799 742 2852 16.
799 2828 867 2837 —
919 2799 1024 2864 Qui
1060 2797 1246 2852 dicunt
1275 2799 1412 2852 mihi
1462 2815 1474 2852 :
1511 2802 1679 2868 Euge,
1711 2816 1858 2868 euge.
1897 2801 2086 2873 (Auo.)

391 2887 455 2941 Et
479 2885 580 2956 qui
636 2886 788 2940 bona
839 2885 975 2940 dicit
1027 2887 1197 2952 malo,
1243 2887 1458 2954 animo,
1493 2894 1550 2942 et
1587 2889 1688 2960 qui
1717 2890 1868 2945 mala
1893 2891 2083 2946 dolose

2201 503 2376 556 lectus
2449 503 2656 573 quietis
2710 507 2844 556 sunt
2892 501 3016 555 haec
3062 501 3213 556 bona
3267 503 3654 572 temporalia:
3703 502 3878 573 quasi,

2173 592 2331 645 'facit
2384 591 2506 645 haec
2563 591 2854 645 doloribus
2899 592 3094 660 plena,
3165 606 3236 644 ne
3281 591 3364 644 eis
3411 608 3540 661 spes
3591 591 3879 645 habeatur.

2196 680 2431 733 Lectum.
2459 677 2641 748 (Aac)
2678 680 2992 732 Universum
3014 678 3165 731 enim
3210 683 3463 745 stratum,
3492 679 3550 732 id
3577 685 3681 741 est,
3721 695 3878 732 mun—

2198 767 2405 821 danam
2433 767 2763 821 felicitatem
2811 766 3046 837 provide
3094 768 3374 820 convertit
3403 767 3552 821 Deus
3606 768 3664 821 in
3704 783 3879 837 angn-

2195 855 2572 925 stias.(C/iss.)
2605 855 2701 909 Hic
2748 854 3006 924 trepidus
3036 855 3155 924 ipse
3201 855 3653 909 misericordiam
3699 857 3878 926 petit:

2195 945 2332 1015 quia
2348 945 2448 1016 qui
2464 960 2522 997 se
2535 935 2793 1013 peccasse
2816 942 3048 1010 sciebat,
3073 943 3161 996 his
3172 943 3303 1012 jure
3326 943 3472 997 tradi
3495 944 3734 997 timebat
3761 944 3879 997 :sed

2194 1050 2265 1086 ne
2297 1033 2495 1087 famuli
2520 1033 2620 1086 Dei
2649 1032 2736 1086 his
2760 1031 2954 1085 afﬂicti
2974 1032 3278 1086 videantur
3307 1049 3340 1086 a
3369 1033 3483 1086 Deo
3502 1033 3736 1097 deserti,
3759 1049 3877 1085 cum

2193 1120 2316 1192 ipse
2347 1122 2495 1175 Deus
2520 1120 2758 1190 pertulit
2781 1119 2946 1185 talia;
2982 1120 3134 1174 unde
3164 1120 3299 1174 dicit
3331 1135 3346 1174 :
3376 1121 3716 1174 lnimicimei
3741 1120 3879 1175 dixe-

2192 1215 2340 1264 runt.
2372 1210 2488 1272 Vel,
2517 1211 2681 1264 lectus
2729 1209 2956 1262 doloris.
3022 1208 3202 1278 (Aura)
3255 1209 3420 1272 Caro,
3480 1209 3538 1262 in
3601 1226 3717 1280 qua
3754 1225 3877 1279 pec-

2198 1304 2408 1364 catum,
2443 1303 2572 1363 etc.,
2606 1313 2776 1366 usque
2822 1297 2894 1352 ad
2925 1297 3154 1367 quando
3208 1298 3384 1351 Adam
3445 1297 3778 1351 inﬁrmatus
3806 1303 3883 1351 est

2193 1386 2640 1458 praevaricando.
2674 1387 2836 1455 Opem
2859 1385 3043 1456 (AUG.,
3077 1387 3252 1452 then.)
3283 1387 3340 1439 In
3395 1385 3734 1440 inﬁrmitate
3773 1402 3882 1440 car-

2196 1476 2305 1542 nis,
2338 1493 2466 1546 quae
2523 1479 2722 1544 gravat
2779 1475 3052 1530 animam.
3088 1475 3358 1530 Stratum.
3407 1476 3595 1544 (Auc.)
3644 1475 3742 1528 Est
3795 1474 3884 1527 ali-

2200 1565 2354 1636 quod
2397 1569 2690 1617 terrenum
2741 1563 2896 1632 quod
2945 1563 3228 1629 inﬁrmus,
3290 1568 3421 1632 etc.,
3479 1578 3647 1634 usque
3677 1564 3752 1618 ad
3789 1579 3884 1633 pro

2196 1656 2366 1707 domo
2399 1659 2628 1705 interna:
2650 1651 3038 1704 habitationis.

2269 1743 2427 1795 Vens.
2482 1744 2534 1795 6.
2564 1769 2638 1780 —
2663 1742 2882 1795 Inimici
2905 1741 3029 1792 mei.
3089 1739 3286 1807 (Cass)
3347 1738 3624 1793 Dominus
3652 1739 3725 1795 de
3766 1757 3883 1810 pas-

2195 1829 2350 1882 sione
2377 1845 2498 1893 sua,
2556 1844 2684 1898 quas
2722 1828 3033 1882 secundum
3081 1843 3328 1898 egenum
3378 1829 3511 1881 fuit.
3551 1830 3742 1898 (Aco.)
3786 1831 3885 1882 lni-

2193 1917 2328 1972 mici
2373 1918 2496 1970 mei.
2532 1917 2660 1969 Hinc
2693 1917 2762 1969 de
2792 1915 3017 1970 Christo
3050 1915 3370 1986 specialiter
3399 1917 3548 1970 dicta
3579 1923 3737 1982 sunt,
3797 1917 3884 1970 sed

2195 2011 2252 2060 et
2280 2005 2348 2059 de
2380 2005 2652 2058 membris
2691 2004 2804 2058 dici
2847 2009 3086 2074 possunt
3121 2021 3134 2057 :
3170 2009 3226 2058 et
3255 2004 3426 2059 hodie
3459 2007 3524 2059 ﬁt
3574 2005 3883 2070 tribulatio,

2194 2099 2258 2148 ut
2304 2109 2514 2147 nomen
2577 2092 2783 2148 Christi
2841 2093 3272 2163 exstinguatur:
3334 2095 3431 2148 sed
3489 2111 3591 2165 per
3646 2101 3881 2148 mortem

2194 2199 2355 2236 suam
2387 2175 2442 2236 et
2471 2198 2707 2236 suorum
2759 2181 2941 2252 magis
2974 2182 3215 2236 Ecclesia
3263 2182 3458 2236 crevit.

2267 2272 2422 2324 Vens.
2455 2275 2508 2324 7.
2547 2300 2612 2311 —
2658 2273 2728 2326 Et
2751 2273 2802 2325 si
2849 2272 3279 2340 inqrediebatur.
3314 2272 3512 2341 (Cass)
3549 2271 3698 2325 Nota
3752 2270 3876 2324 tole-

2192 2357 2402 2411 randos
2443 2359 2642 2412 malos.

2265 2447 2396 2516 (Ιυ.)
2430 2448 2550 2501 Non
2586 2448 2768 2502 solum
2806 2449 2989 2518 aperti
3018 2448 3254 2512 inimici,
3316 2448 3412 2502 sed
3446 2452 3503 2502 et
3531 2447 3632 2519 qui
3662 2449 3885 2501 simula-

2193 2533 2331 2587 bant
2358 2551 2415 2588 se
2439 2536 2678 2590 amicos.

2260 2624 2426 2678 Vens.
2475 2625 2527 2678 8.
2584 2655 2649 2664 —
2695 2625 3104 2692 Egrediebatur
3139 2629 3311 2692 foras.
3341 2629 3385 2679 A
3431 2624 3559 2678 sinu
3609 2624 3881 2689 veritatis,

2194 2712 2379 2765 malus
2403 2712 2713 2782 ingressus.
2771 2715 2958 2767 malus
3000 2731 3278 2784 egressus.
3313 2716 3376 2768 In
3404 2713 3670 2784 idipsum.
3705 2717 3885 2780 (Auc.)

2197 2800 2256 2854 Id
2287 2805 2390 2864 est,
2432 2816 2548 2854 uno
2601 2801 2841 2855 consilio
2899 2819 3096 2856 omnes
3143 2803 3446 2856 adversum
3485 2817 3578 2856 me
3629 2817 3888 2864 susurra-

2196 2888 2352 2942 bant.
2383 2889 2772 2945 Susurrabant.
2805 2891 2999 2960 (Cass)
3034 2893 3157 2945 Non
3187 2891 3404 2945 audent
3448 2891 3720 2961 detegere
3759 2906 3893 2944 con-

390 2975 697 3041 laudando,
731 2979 969 3044 uterque
1021 2975 1204 3029 malus
1234 2982 1320 3030 est
1359 2981 1414 3030 et
1440 2979 1743 3032 cavendus.
1781 2979 1858 3033 De
1889 2981 2089 3050 primis
2119 2987 2160 3042 C
2197 2977 2409 3038 silium,
2445 2978 2583 3048 quia
2620 2978 2679 3032 in
2710 2979 2919 3032 scelere
2945 2981 3080 3034 socii
3111 2985 3244 3034 sunt
3282 2995 3482 3033 omnes
3515 2996 3528 3033 :
3561 2995 3696 3033 cum
3729 2979 3892 3050 pauci

393 3063 538 3118 dixit
569 3079 582 3116 :
609 3063 713 3128 Qui
735 3063 921 3116 volunt
959 3063 1099 3116 mihi
1126 3065 1302 3130 mala;
1337 3062 1407 3118 de
1441 3065 1743 3120 secundis:
1770 3067 1873 3132 Qui
1899 3068 2090 3123 dicant

390 3153 528 3206 mihi
557 3168 570 3205 :
595 3155 762 3218 Euge.
785 3167 932 3219 euge.

462 3241 618 3294 Vens.
655 3243 826 3293 17.—
856 3241 936 3292 Et
964 3241 1168 3294 dicunt.
1213 3240 1408 3310 (Cass;
1464 3241 1593 3294 Haec
1623 3246 1708 3296 est
1753 3258 1953 3298 eorum
1989 3261 2086 3298 ex-

393 3328 623 3382 sultatio
655 3343 667 3382 :
696 3328 818 3380 haec
859 3328 1011 3380 enim
1044 3328 1317 3396 professio
1342 3328 1401 3382 in
1437 3333 1738 3383 aeternum.
1773 3333 2087 3401 gaudentes

395 3415 567 3470 efﬁcit
597 3415 966 3470 Christianos.

464 3505 628 3557 Vens.
677 3507 762 3558 18.
799 3533 863 3541 ν·-
899 3505 1010 3568 Ego
1059 3507 1261 3557 autem.
1322 3502 1525 3574 (CAss.)
1576 3506 1692 3560 Hoc
1721 3506 1974 3561 Christus
2018 3525 2085 3562 ex

393 3590 577 3644 forma
605 3589 795 3642 servi:
838 3605 910 3642 ne
954 3590 1053 3659 qui
1093 3591 1336 3660 gloriam
1382 3593 1670 3660 praedictae
1717 3595 1930 3650 laetitia
1981 3581 2088 3651 sibi

395 3682 708 3747 arrogaret.
743 3676 1052 3744 Mendicus,
1103 3676 1201 3747 qui
1228 3676 1336 3730 sibi
1364 3693 1481 3732 non
1508 3679 1754 3736 sufﬁcit:
1791 3684 1866 3738 Ne
1896 3683 2087 3737 tarda-

391 3770 557 3820 ueris.
599 3765 786 3835 (Αυο.)
817 3767 943 3821 Nisi
971 3766 1202 3819 breviati
1237 3771 1410 3821 essent
1440 3768 1578 3835 dies,
1627 3774 1760 3839 etc.,
1816 3787 1985 3841 usque
2015 3772 2089 3826 ad

397 3854 498 3923 qui
521 3855 642 3924 jam
673 3853 916 3924 quaesita
941 3853 1222 3909 nutriunt.

997 3995 1308 4051 PSALMUS
1371 3998 1475 4052 XL.

2195 3065 2412 3118 soleant
2433 3081 2554 3119 esse
2584 3070 2830 3120 auctores
2874 3066 3175 3120 scelerum.

2268 3155 2442 3208 Vens.
2479 3157 2630 3208 9.—
2691 3156 2965 3225 Nunquid.
3023 3155 3210 3225 (AUG.)
3269 3154 3375 3218 Qui
3427 3155 3600 3208 habet
3650 3159 3894 3225 potesta-

2193 3243 2310 3294 tem
2334 3242 2579 3311 ponendi
2601 3242 2876 3309 animam,
2892 3259 3082 3296 nonne
3101 3243 3272 3296 habet
3292 3248 3345 3295 et
3374 3243 3707 3297 resumendi
3732 3243 3896 3296 eam?

2267 3330 2430 3384 Vens.
2485 3333 2568 3384 10.
2625 3361 2697 3370 --
2749 3333 3002 3400 Speraui.
3067 3332 3252 3400 (Αυα.)
3295 3333 3356 3384 ln
3401 3331 3696 3396 membris,
3763 3331 3898 3402 quia

2195 3418 2291 3470 alii
2347 3417 2549 3472 fratres
2593 3418 2651 3472 in
2727 3419 2946 3490 aliquid
3017 3419 3343 3490 sperabant,
3417 3420 3555 3490 quia
3608 3419 3747 3473 talis
3809 3419 3895 3471 vi-

2195 3505 2438 3560 debatur
2467 3511 2530 3561 ut
2569 3507 2777 3562 caeteri.
2814 3509 2904 3563 Sic
2957 3513 3014 3562 et
3055 3507 3272 3562 esurire
3319 3508 3378 3562 in
3434 3509 3796 3578 pauperibus
3841 3523 3899 3562 se

2197 3594 2353 3650 dicit.

2266 3686 2426 3739 Vens.
2479 3689 2562 3740 11.
2621 3686 2703 3740 Tu
2777 3692 2974 3752 autem,
3053 3688 3290 3741 Domine.
3342 3687 3525 3754 (Auo.)
3577 3687 3656 3740 De
3707 3701 3899 3740 resur-

2195 3777 2468 3843 rectione,
2533 3795 2662 3849 quae
2709 3783 2794 3834 est
2866 3778 3048 3850 gloria
3098 3778 3283 3849 egeni,
3330 3779 3400 3832 ad
3440 3777 3899 3832 conﬁrmandam

2196 3882 2355 3936 spem
2387 3865 2664 3921 fidelium.
2714 3869 2786 3923 Et
2841 3869 3140 3921 retribuam
3166 3870 3262 3922 eis.
3299 3868 3482 3937 (Αυρ.)
3538 3867 3690 3930 Quia
3741 3867 3898 3920 enim

2197 3954 2441 4024 dispersi
2488 3959 2622 4008 sunt
2654 3970 2758 4026 per
2813 3955 3112 4021 mundum,
3147 3954 3219 4008 ad
3274 3955 3739 4009 admonitionem
3797 3959 3898 4022 est,

2198 4041 2456 4096 nondum
2487 4042 2556 4096 ad
2578 4041 3027 4096 damnationem.

468 4119 629 4174 Vens.
694 4123 740 4174 1.
827 4151 895 4160 —
948 4121 1011 4176 In
1039 4123 1217 4189 ﬁnem.
1301 4122 1513 4192 (illam)
1573 4125 1876 4180 Intellectus
1957 4127 2088 4196 ﬁliis
2265 4131 2434 4186 Vens.
2476 4133 2559 4184 13.
2594 4160 2663 4170 —
2691 4132 2776 4186 Me
2807 4136 3006 4186 autem.
3041 4131 3167 4202 (Ιυ.)
3196 4131 3458 4186 Affirmat
3485 4131 3639 4202 quod
3698 4132 3897 4186 oravit.

396 4209 544 4274 Core,
570 4211 654 4269 ;ut
690 4209 950 4278 quamvis
1004 4225 1225 4279 pauper
1267 4215 1322 4263 et
1351 4226 1570 4281 passus,
1622 4218 1751 4279 etc.,
1798 4228 1969 4285 usque
2016 4215 2091 4269 ad
2269 4219 2428 4273 Vens.
2467 4219 2546 4273 14.
2580 4250 2649 4260 -
2678 4219 3016 4274 Benedictus.
3079 4220 3282 4289 (Cass)
3327 4221 3633 4275 Laudativa
3668 4221 3901 4276 conclu-

393 4297 672 4366 Apostolo
721 4297 981 4350 dicente:
1031 4299 1167 4351 Mihi
1191 4302 1392 4366 autem,
1443 4303 1549 4354 etc.
1605 4331 1672 4340 —
1704 4302 1887 4373 (Αυα.)
1919 4303 2090 4367 Quasi
2120 4324 2163 4378 ι)
2201 4306 2307 4377 sio,
2356 4307 2611 4379 exposita
2640 4307 2905 4378 passione
2938 4313 2996 4362 et
3034 4307 3480 4364 resurrectione.
3520 4312 3665 4363 Deus
3698 4310 3896 4365 Israel.

395 4385 568 4440 unius
587 4384 806 4439 homini
829 4401 932 4438 vox
961 4389 1045 4439 est
1056 4386 1257 4456 capitis
1273 4389 1327 4440 et
1355 4388 1630 4457 corporis.

469 4475 630 4528 Vens.
664 4478 718 4528 2.
780 4505 848 4514 —
877 4473 1106 4528 Beatus.
1165 4474 1440 4530 Irridetur
1463 4476 1566 4547 qui
1612 4476 1744 4532 colit
1779 4495 2090 4550 pauperem

396 4568 718 4630 mortuum;
751 4562 851 4617 sed
903 4563 1106 4617 beatus.
1135 4562 1320 4633 (Auc.)
1363 4565 1643 4634 Propheta
1674 4566 2094 4637 intelligentem

396 4667 570 4722 super
622 4667 871 4722 egenum
979 4657 1034 4705 et
1090 4668 1407 4723 pauperem
1479 4655 1853 4710 concelebrat.
1885 4657 2091 4729 (HIER.)

398 4741 561 4795 Prius
590 4740 873 4811 Propheta
902 4756 935 4800 a
964 4757 1044 4807 se,
1079 4745 1206 4811 post
1263 4741 1495 4796 inducet
1536 4743 1842 4797 Christum.
1879 4745 1987 4810 Qui
2005 4748 2092 4800 in-

397 4828 595 4899 telligit
651 4830 834 4900 (Αυρ.)
891 4831 1035 4884 Nota
1067 4832 1164 4898 qui
1190 4831 1468 4898 intelligit,
1507 4836 1568 4886 ut
1620 4837 1676 4886 et
1705 4849 1815 4886 non
1846 4834 2094 4904 petenti-

396 4917 504 4973 bus
532 4917 738 4972 detur:
781 4917 880 4988 qui
911 4918 1130 4987 petenti
1155 4918 1254 4972 dat
1295 4917 1443 4972 bene
1489 4919 1644 4989 facit,
1685 4919 1786 4989 qui
1810 4925 2092 4976 tacentem

397 5006 682 5077 intelligit,
715 5006 912 5061 beatus
942 5006 1064 5061 sine
1089 5007 1284 5078 {dubio
1315 5012 1420 5062 est.

469 5094 629 5149 Vens.
661 5097 719 5155 3.
749 5124 816 5136 --
877 5095 1167 5150 Dominum
1216 5101 1503 5152 conservet.
1560 5097 1682 5168 (Ιυ.)
1743 5098 1890 5152 Bene
1934 5102 2095 5169 optat

399 5182 684 5253 Propheta
728 5184 1074 5254 intelligenti
1133 5201 1307 5256 super
1356 5201 1603 5256 egenum
1651 5191 1709 5240 et
1758 5202 2090 5256 pauperem,

399 5271 550 5341 quod
597 5276 683 5326 est
705 5279 858 5327 certa
889 5272 1211 5343 promissio.
1243 5274 1324 5328 Et
1369 5276 1621 5344 viviﬁcet.
1653 5274 1773 5344 (Ιυ.)
1805 5275 1865 5328 In
1900 5273 2093 5329 futura

398 5358 530 5424 vita,
562 5359 669 5427 vel,
704 5359 796 5414 hic
819 5376 922 5431 per
944 5360 1434 5430 justiﬁcationem.

471 5447 632 5502 Vens.
665 5448 723 5507 4.
764 5478 836 5491 -
869 5449 1136 5504 Dominus
1173 5465 1348 5519 opem.
1384 5449 1584 5520 (Cass)
1618 5451 1698 5504 Ne
1745 5455 1910 5521 putes
1955 5451 2090 5506 bea-

396 5539 522 5590 tum
552 5536 811 5607 requiem
837 5537 932 5592 hic
960 5537 1170 5594 habere
1200 5557 1216 5592 :
1251 5538 1476 5594 dolores
1503 5538 1556 5594 ei
1599 5539 1846 5610 mitigat,
1875 5544 1933 5595 et
1961 5556 2091 5612 pre-

2201 4395 2386 4467 (Auo.)
2431 4395 2616 4452 Judaei
2653 4400 2790 4450 sunt
2845 4395 3085 4468 capsarii
3115 4397 3318 4464 nostri,
3350 4397 3451 4468 qui
3480 4396 3646 4451 nobis
3678 4399 3899 4453 codices

2199 4489 2433 4554 portant
2456 4501 2470 4539 :
2503 4499 2610 4538 nos
2639 4483 2833 4539 Israel.
2855 4485 3039 4540 Aliter
3057 4489 3356 4555 putassent
3374 4485 3588 4556 pagani
3608 4485 3753 4541 ﬁcta
3773 4501 3897 4556 quae

2203 4572 2474 4627 dicuntur
2503 4572 2573 4628 de
2604 4572 2826 4628 Christo
2858 4577 2916 4627 et
2942 4573 3209 4638 Ecclesia,
3247 4574 3344 4628 sed
3392 4574 3711 4629 vincuntur
3741 4575 3899 4630 testi-
3986 4629 4003 4651 δ

2201 4661 2398 4715 monio
2423 4661 2812 4716 inimicorum.
2840 4662 2889 4716 Α
2911 4662 3120 4728 seculo,
3145 4667 3250 4717 etc.
3284 4663 3479 4733 (Cass)
3513 4664 3592 4717 Ex
3620 4681 3745 4734 quo
3776 4680 3900 4717 om-

2199 4749 2295 4804 nia
2315 4754 2498 4820 cmpta
2529 4755 2662 4805 sunt
2703 4750 3094 4805 administrari
3111 4767 3290 4822 usque
3331 4751 3391 4805 in
3435 4751 3715 4806 seaculum
3757 4753 3900 4807 futu‘

2198 4855 2351 4905 rum,
2383 4839 2480 4893 ubi
2501 4839 2696 4893 omnia
2724 4844 2963 4894 aeterna.

2269 4929 2410 4982 Fiat.
2448 4927 2671 4998 (HIER.)
2713 4927 3036 4982 Geminatio
3067 4927 3318 4982 ostendit
3359 4927 3466 4982 hoc
3505 4928 3576 4982 ab
3626 4929 3902 4984 omnibus

2201 5031 2320 5071 esse
2351 5015 2696 5070 faciendum.
2732 5017 2841 5070 Pro
2865 5018 2984 5084 fiat,
3014 5016 3074 5070 in
3108 5015 3343 5071 Hebraeo
3371 5016 3659 5083 scribitur,
3725 5033 3902 5081 amen,

2201 5119 2374 5168 amen,
2405 5105 2559 5175 quod
2592 5103 2817 5175 Aquila,
2848 5118 2990 5173 uere,
3012 5119 3153 5169 uere,
3183 5105 3496 5170 transtulit,
3519 5107 3604 5158 vel
3638 5106 3899 5174 ﬁdeliter.

2203 5193 2268 5246 Et
2294 5190 2422 5246 ﬁnit
2473 5191 2566 5246 hic
2594 5191 2816 5263 primus
2846 5191 2992 5245 liber
3034 5192 3292 5246 Psalterii
3321 5192 3637 5248 secundum
3702 5195 3899 5248 Hiero-

2203 5295 2484 5350 nymum"
2803 5349 3121 5405 PSALMUS
3156 5350 3293 5406 XLI.

2271 5455 2430 5511 Vens.
2500 5459 2548 5510 1.
2595 5483 2666 5497 —
2736 5457 2804 5512 In
2859 5459 2965 5525 ﬁne
3025 5457 3341 5511 intellectus.
3383 5455 3576 5526 (Cass)
3632 5457 3772 5512 Core
3817 5456 3896 5510 in-

2139 5599 2152 5611 ,
2198 5545 2547 5612 terpretatur
2571 5544 2860 5600 Calvaria.
2891 5544 3018 5599 Filii
3049 5560 3208 5615 ergo,
3241 5549 3371 5610 etc.,
3428 5559 3596 5612 usque
3643 5545 3745 5612 ad,
3811 5542 3891 5598 cui
