4034 6180
148 266 235 318 905
1248 261 1502 317 GLOSSA
1539 261 1941 318 ORDINARIA.
1981 292 2048 302 —
2092 263 2223 318 LIB.
2268 263 2501 319 PSALM.

3533 271 3634 324 906

145 383 322 438 obviat
369 383 652 438 malorum
706 382 1019 437 insultatio.
1077 384 1309 455 (HIER.)
1383 386 1515 438 Filii
1571 387 1718 452 Core,
1775 385 1906 439 idA
1945 385 2092 440 ﬁunt
2121 391 2272 440 terra
2322 387 2626 441 fructifera.
2697 387 2896 458 (Cass)
2948 391 3160 445 Horum
3193 407 3415 447 memor
3474 395 3640 449 malis

144 478 235 538 est,
278 472 391 534 ﬁlii
460 474 618 536 calvi,
675 478 807 537 etc.,
860 488 1027 541 usque
1081 475 1154 527 ad
1226 475 1464 528 verbum
1523 492 1834 545 puerorum

145 560 518 615 deridentium
552 561 818 613 Eliseum.

207 650 368 702 Vens.
429 653 481 702 2.
531 679 597 688 —-
641 649 1098 713 Quemadmodum
1157 649 1448 718 desiderat,
1511 657 1615 707 etc.
1651 652 1834 723 (Avo.)

145 741 248 791 Vox
269 739 391 791 haec
435 740 701 791 convenit
756 738 1197 805 catechumenis,
1254 743 1309 793 et
1346 740 1518 794 etiam
1571 741 1835 795 omnibus

145 828 316 880 adhuc
343 826 864 896 peregrinantibus.

207 918 423 972 Cervus.
504 916 711 970 Cervus
784 915 942 968 senio
1029 920 1313 985 gravatus,
1389 918 1838 971 excrescentibus

142 1003 264 1073 pilis
312 1008 368 1056 et
410 1003 694 1066 cornibus,
745 1008 1068 1073 serpentem
1118 1003 1354 1056 naribus
1397 1004 1634 1058 haurit:
1683 1006 1837 1059 unde

142 1108 356 1145 veneno
388 1096 653 1156 aestuans,
705 1092 922 1145 fontem
970 1092 1038 1145 ad
1090 1092 1401 1146 bibendum
1454 1093 1838 1147 ardentissimi

139 1181 458 1246 desiderat;
496 1196 610 1250 quo
643 1182 866 1246 hausto,
901 1196 1118 1234 cornua
1155 1185 1211 1234 et
1240 1181 1388 1250 pilos
1424 1181 1680 1251 deponit.

205 1269 366 1323 Vens.
407 1271 456 1322 3.
490 1299 557 1308 —
584 1269 804 1337 (Sitivit.
852 1268 1049 1338 (Auc.)
1102 1269 1454 1322 Determinat
1492 1269 1839 1323 desiderium

136 1373 322 1423 suum,
367 1356 501 1426 quia
528 1361 754 1426 poterat
784 1357 1030 1426 intelligi
1090 1357 1412 1412 desiderare
1473 1373 1671 1411 cervus
1710 1358 1837 1410 fon-

134 1450 241 1499 tem
270 1461 438 1499 causa
487 1446 742 1509 bibendi,
801 1447 885 1498 vel
946 1445 1208 1512 lavandi;
1258 1446 1347 1499 hic
1395 1462 1566 1500 omne
1621 1446 1840 1502 deside-

133 1535 282 1587 rium
356 1550 475 1588 esse
535 1535 603 1587 ad
659 1535 838 1587 Deum
898 1534 1236 1587 ostenditur.
1324 1534 1548 1599 Quando
1603 1537 1833 1587 veniam.

134 1622 292 1684 Quod
318 1623 486 1675 citius
520 1627 601 1674 est
637 1623 771 1687 Deo,
805 1623 1026 1675 tardum
1083 1627 1166 1675 est
1225 1622 1475 1675 hominis
1531 1623 1831 1676 desiderio.

131 1713 278 1764 Talis
303 1727 502 1764 cervus
534 1711 668 1764 dum
726 1711 920 1775 currit,
967 1711 1182 1780 patitur
1235 1710 1607 1774 insultantes;
1642 1711 1792 1764 unde
1821 1728 1833 1764 :

131 1803 371 1854 Fuerunt
433 1801 570 1853 mihi
650 1802 900 1867 lacrymae
954 1815 1079 1852 mea:
1137 1814 1333 1868 panes.
1420 1800 1485 1852 In
1552 1800 1838 1869 prosperis

133 1890 331 1954 etiam,
413 1905 542 1959 quae
598 1889 855 1957 despicit,
933 1889 1076 1940 sicut
1158 1889 1218 1940 in
1303 1887 1574 1941 adversis.
1645 1890 1836 1956 Panes,

133 1978 338 2047 (Cass)
371 1979 493 2030 Non
525 1978 868 2044 amaritudo,
899 1977 983 2029 vel
1007 1976 1346 2046 peremptio,
1403 1977 1500 2028 sed
1550 1991 1733 2044 panes.

199 2068 382 2120 Vens.
453 2070 505 2119 ‘5.
563 2096 631 2104 ——
684 2068 805 2119 Haec
861 2065 1174 2120 recordatus
1247 2079 1386 2118 sum.
1443 2063 1632 2134 (AUG.)
1692 2066 1836 2118 Dum

125 2158 418 2225 quarunt.
457 2155 558 2208 Ubi
585 2159 670 2206 est
728 2155 872 2206 Deus
902 2155 1081 2206 tuus?
1120 2169 1225 2222 ego
1257 2152 1426 2205 etiam
1484 2168 1611 2205 sum
1651 2153 1835 2206 medi-

121 2249 280 2297 tatus
313 2259 417 2313 per
437 2242 632 2295 omnia
663 2242 1066 2308 visibiliahmc,
1109 2245 1163 2294 et
1190 2257 1292 2310 per
1342 2241 1526 2310 ipsam
1582 2240 1835 2295 animam

123 2351 344 2399 meam,
398 2337 462 2386 ut
516 2348 616 2402 per
666 2349 731 2385 ea
785 2332 1090 2396 exteriora,
1147 2331 1460 2384 invisibilia
1522 2330 1620 2383 Dei
1677 2330 1836 2384 inve-

119 2424 308 2476 niam.
347 2422 480 2474 Ecce
534 2420 851 2473 intellectus
891 2419 1062 2473 tituli.
1132 2419 1341 2486 Effudi.
1395 2417 1588 2487 (Ibid)
1646 2418 1729 2471 Ad
1760 2418 1838 2471 in-

117 2511 505 2579 telligendum
538 2513 593 2562 et
624 2508 1025 2577 attingendum
1055 2507 1281 2561 dilatavi
1338 2522 1510 2576 super
1567 2505 1832 2576 seipsam.

117 2599 354 2667 Effudi.
389 2595 588 2669 (Cass)
617 2597 712 2650 Vel
744 2597 968 2649 laetatus
1011 2611 1157 2648 sum.
1221 2595 1542 2665 Liquefacta
1574 2599 1658 2647 est
1706 2594 1835 2647 ani-

122 2704 226 2740 ma
250 2703 377 2740 mea
434 2687 492 2739 in
537 2701 664 2751 me;
714 2701 830 2738 non
887 2689 1064 2751 extra,
1122 2683 1220 2736 sed
1269 2683 1330 2736 in
1365 2699 1423 2736 se
1494 2687 1836 2752 compuncta

124 2776 456 2829 revertitur.
529 2775 642 2827 Etsi
692 2773 992 2826 visibiliter
1047 2773 1226 2825 Deum
1276 2787 1393 2824 non
1445 2770 1687 2834 videam,
1733 2786 1834 2822 co-

128 2863 256 2933 gito
280 2868 470 2917 tamen
502 2862 656 2932 quod
685 2878 789 2930 per
814 2861 1138 2925 Ecclesiam,
1196 2860 1255 2912 in
1304 2875 1417 2929 qua
1467 2858 1833 2912 admirabiles

123 2957 267 3005 sunt
319 2951 515 3016 sancti,
593 2951 665 3003 ad
730 2950 1042 3004 Jerusalem
1126 2949 1413 3002 caelestem
1477 2946 1906 3017 perveniam,C

121 3045 334 3111 captus
413 3040 687 3093 suavitate
742 3038 928 3092 laudis
968 3037 1262 3106 angelicas,
1321 3052 1451 3106 quae
1521 3035 1835 3104 suscipitur

120 3133 348 3180 mente.
382 3129 449 3181 In
499 3128 668 3180 locum
727 3127 1080 3179 tabernaculi.
1141 3123 1330 3194 (Αυο.)
1386 3122 1837 3176 Tabernaculum

121 3216 230 3269 Dei
255 3215 321 3269 in
380 3219 549 3280 terra,
619 3219 749 3282 etc.,
807 3229 974 3282 usque
1020 3213 1113 3278 ad,
1175 3212 1228 3265 id
1258 3216 1362 3276 est,
1424 3212 1492 3264 de
1535 3209 1836 3264 refectione

113 3310 352 3358 aeterna
407 3303 801 3373 gaudentium.
873 3302 944 3355 In
995 3318 1118 3355 voce
1171 3301 1569 3354 exsultationis.
1651 3296 1836 3368 (Ibid.)

111 3396 201 3448 De
237 3398 464 3447 aeterna
505 3391 802 3445 festivitate
846 3395 1007 3444 sonat
1037 3390 1174 3460 quid
1230 3389 1390 3442 dulce
1448 3387 1605 3441 cordi
1637 3403 1650 3439 :
1683 3386 1838 3439 unde

111 3483 359 3551 rapitur
414 3497 612 3535 cervus
662 3481 732 3532 ad
792 3479 974 3532 fontes
1030 3494 1333 3548 aquarum,
1392 3480 1448 3529 et
1535 3475 1836 3528 mulcetur.

110 3571 233 3625 Sed
296 3571 433 3641 quia
489 3568 794 3640 perstrepit
846 3567 1110 3632 mundus,
1163 3571 1218 3620 et
1272 3581 1400 3618 caro
1473 3569 1672 3634 gravat
1716 3564 1840 3616 ani-

109 3675 303 3714 nam:
355 3673 690 3728 comparans
733 3657 855 3708 haec
906 3653 1137 3707 tristitia
1201 3653 1312 3706 illis
1371 3651 1662 3722 jucundis,
1722 3651 1837 3703 ait:

193 3749 369 3801 Vens.
403 3749 454 3800 6.
491 3776 552 3785 —
581 3746 755 3810 Quare
786 3747 964 3799 tristis
989 3745 1017 3797 ?
1068 3747 1174 3796 etc.
1223 3742 1412 3808 (Cass.)
1467 3742 1543 3794 De
1609 3744 1842 3810 pertur-

100 3837 470 3893 bationibus
528 3840 726 3888 contra
789 3849 930 3903 quas
1005 3832 1153 3885 ratio
1204 3829 1508 3883 conﬁrmat
1586 3827 1842 3881 animam

101 3926 463 3981 sensualem
509 3939 610 3993 spe
668 3922 791 3976 Dei.
859 3924 1036 3988 Quare
1088 3918 1428 3973 conturbas?
1486 3915 1670 3988 (Ave)
1711 3915 1840 3981 Qui,

100 4018 154 4070 si
195 4013 549 4083 investigas,
580 4011 723 4065 nihil
754 4011 919 4063 estin
947 4009 1160 4062 mundo
1202 4023 1379 4077 quare
1438 4006 1543 4059 hoc
1599 4005 1839 4059 debeas:

102 4121 308 4177 spera
370 4102 560 4172 potius
608 4101 851 4153 salutare
903 4097 1224 4152 remedium
1261 4096 1468 4160 adhuc,
1529 4099 1586 4148 et
1633 4093 1681 4147 si
1729 4109 1844 4146 non

1944 491 2060 528 non
2091 477 2378 530 turbatur.
2419 479 2706 545 Propterea
2749 493 2963 532 memor.
3000 479 3182 551 (AUG.)
3246 482 3366 545 Qua
3418 483 3488 536 ad
3547 500 3639 538 me

1943 564 2207 617 turbatur
2235 565 2447 630 anima,
2499 565 2627 619 ideo
2688 582 2904 633 memor,
2965 574 3067 622 etc.
3130 571 3307 623 Nemo
3364 573 3542 626 currit
3567 573 3639 626 ad

1943 653 2355 718 remissionem,
2393 654 2502 707 nisi
2527 655 2626 724 qui
2660 656 2769 708 sibi
2823 655 3106 724 displicet,
3164 658 3274 711 nisi
3305 659 3404 729 qui
3457 677 3514 714 se
3549 661 3640 714 fa-

1943 747 2096 795 tetur
2151 746 2553 812 peccatorem:
2614 744 2767 814 quod
2800 749 2960 798 notat
3016 748 3395 815 Hermoniim;
3444 765 3638 806 nemo.

1944 831 2247 884 confitetur
2279 831 2390 884 nisi
2419 849 2475 884 se
2508 832 2791 898 humiliet,
2826 833 2980 903 quod
3012 841 3286 889 notantur
3329 837 3388 889 in
3434 838 3640 892 modico

1943 919 2199 973 Jordanis
2248 919 2433 990 (Ibid)
2488 920 2803 974 Descensio.
2877 922 3161 976 Descende
3217 939 3354 991 ergo
3405 929 3472 978 ut
3520 925 3642 979 ele-

1944 1007 2109 1061 veris.
2163 1008 2368 1078 (Cass.)
2422 1009 2484 1062 In
2529 1010 2776 1062 Jordane
2834 1010 3104 1063 Dominus
3166 1011 3447 1081 baptisma
3502 1030 3644 1067 con-

1946 1096 2204 1161 secrevit,
2245 1097 2303 1149 in
2347 1112 2460 1165 quo
2519 1097 2806 1151 humiliati
2859 1099 3136 1164 lavantur,
3194 1105 3251 1153 et
3302 1101 3450 1154 ﬁunt
3487 1106 3643 1155 terra

1945 1185 2250 1248 fructifera,
2289 1201 2418 1256 quas
2449 1185 2632 1239 reddit
2673 1185 2922 1239 fructum
2981 1187 3356 1253 tricesimum,
3407 1205 3647 1258 sexage-

1948 1273 2156 1326 simum
2217 1278 2271 1326 et
2327 1273 2704 1326 centesimum
2773 1273 2989 1342 (Matth.
3075 1278 3224 1345 xm).
3287 1279 3638 1332 Hcrmom'im.

1948 1361 2128 1431 (Anc)
2186 1363 2393 1414 Parvus
2455 1378 2620 1415 mons
2668 1363 2832 1431 juxta
2906 1363 3231 1427 Jordanem,
3293 1369 3422 1430 etc.,
3474 1381 3645 1435 usque

1947 1450 2022 1503 ad
2050 1449 2184 1519 quia
2210 1449 2410 1503 nonin
2451 1450 2729 1520 superbis,
2791 1451 2889 1504 sed
2943 1451 2999 1504 in
3051 1453 3369 1508 humilibus
3425 1471 3646 1509 memor

1952 1539 2047 1591 Dei
2080 1544 2184 1591 est.

2019 1627 2185 1679 Vens.
2245 1630 2296 1680 8.
2346 1655 2418 1667 —
2474 1625 2716 1693 Abyssus
2785 1628 3058 1698 abyssum.
3122 1629 3299 1695 (Ibid)
3360 1631 3528 1684 Decet
3585 1633 3650 1682 ut

1949 1714 2055 1767 sim
2088 1731 2328 1779 memor,
2362 1720 2492 1777 etc.,
2526 1730 2694 1783 usque
2723 1716 2795 1768 ad
2824 1720 2878 1768 et
2911 1720 3143 1786 propter
3174 1717 3295 1770 haec
3322 1719 3513 1771 omnia
3545 1735 3646 1771 oro

1948 1803 2005 1854 in
2036 1802 2303 1868 adversis,
2359 1813 2416 1856 et
2473 1804 2577 1856 hoc
2622 1809 2740 1857 est:
2799 1805 2968 1873 Apud
3049 1821 3130 1858 me
3205 1809 3397 1859 oratio.
3452 1806 3643 1876 (Ibid.)

1952 1891 2046 1944 Vel
2077 1891 2301 1958 abyssus
2333 1892 2588 1958 abyssum
2628 1895 2862 1960 invocat,
2914 1892 2970 1946 id
3028 1898 3131 1958 est,
3179 1893 3461 1962 judicium
3493 1895 3651 1964 quod

1946 1978 2142 2033 intulit
2173 1981 2316 2032 Deus
2348 1982 2582 2048 peccati,
2616 1985 2747 2046 etc.,
2812 1996 2980 2049 usque
3031 1981 3105 2034 ad
3136 1984 3272 2052 quia
3303 1982 3466 2035 timet
3491 1983 3648 2052 judi-

1948 2066 2058 2121 cia.
2101 2068 2544 2121 Cataractarum.
2574 2070 2879 2123 Cataractse
2908 2070 2977 2123 ad
3035 2069 3280 2124 litteram
3340 2076 3473 2124 sunt
3501 2070 3647 2124 ostia

1947 2154 2273 2209 fluviorum.

2017 2243 2183 2296 Vens.
2219 2246 2269 2295 9.
2304 2273 2372 2282 -—-
2427 2245 2489 2296 In
2521 2242 2631 2296 die.
2700 2242 2884 2313 (Ibid)
2944 2244 3006 2298 Id
3057 2249 3158 2310 est,
3217 2244 3275 2297 in
3325 2245 3638 2314 prosperis,

1947 2337 2076 2397 etc.,
2132 2346 2298 2400 usque
2354 2331 2427 2384 ad
2479 2331 2627 2384 unde
2678 2331 2933 2385 vivamus
2963 2333 3023 2386 in
3076 2332 3441 2386 adversitate.
3478 2333 3648 2402 Apud

1943 2435 2025 2472 me
2097 2422 2290 2472 oratio.
2353 2419 2541 2488 (Ibid)
2609 2419 2802 2472 Oratio
2857 2419 2917 2473 in
2974 2419 3506 2473 conturbatiouibus
3562 2425 3648 2473 est

1945 2507 2107 2574 mihi,
2144 2513 2200 2561 et
2223 2507 2345 2560 haec
2365 2507 2517 2578 apud
2548 2523 2659 2561 me.

2015 2597 2182 2650 Vens.
2249 2599 2331 2649 IO.
2394 2626 2462 2634 —
2510 2599 2688 2665 Quare
2744 2596 2960 2650 oblitus.
3020 2596 3218 2667 (Cass)
3265 2595 3449 2660 Quare
3490 2612 3644 2650 nunc

1945 2701 2036 2738 me
2067 2683 2280 2753 pateris
2318 2683 2407 2736 his
2438 2683 2685 2736 miseriis
2729 2682 2961 2737 vexari?
3034 2683 3271 2737 Videbat
3356 2700 3484 2755 quae
3515 2684 3643 2738 dul-

1944 2773 2080 2826 cedo
2111 2772 2332 2842 patriaa,
2364 2775 2419 2824 et
2449 2771 2701 2840 pericula
2732 2771 2933 2824 mundi
2977 2771 3266 2825 horrebat.

2042 2859 2202 2910 Vens.
2268 2860 2349 2910 Il.
2426 2885 2497 2895 —
2548 2859 2684 2910 Dum
2754 2859 3178 2924 confringantur
3236 2873 3375 2912 ossa.
3462 2860 3648 2943 (AUG.)
3705 2906 3710 2916 .

1948 2946 2118 3010 Quasi
2147 2961 2269 2999 ossa
2330 2944 2695 3013 franguntur,
2755 2945 2892 2998 dum
2941 2946 3120 2998 virtus
3173 2946 3469 3016 patientia:
3499 2947 3646 3001 afﬂi-

1947 3037 2121 3105 gitur,
2149 3033 2302 3104 quod
2334 3032 2576 3086 irrident
2605 3032 2769 3086 mali.
2829 3034 2959 3086 HtBC
3019 3039 3104 3086 est
3162 3036 3522 3104 exprobratio
3553 3035 3651 3090 illa

1951 3125 2094 3178 Dum
2123 3122 2329 3175 dicitur
2355 3121 2493 3174 mihi
2519 3137 2532 3174 :
2570 3121 2670 3175 Ubi
2689 3125 2767 3175 est
2794 3120 2821 3173 ?
2869 3122 2958 3174 vel
3006 3122 3200 3175 nullus
3231 3126 3336 3185 est,
3369 3124 3454 3176 vel
3497 3124 3566 3178 de
3594 3129 3647 3178 te

1948 3225 2064 3263 non
2101 3213 2279 3264 curat.

2551 3277 2861 3332 PSALMUS
2891 3278 3048 3333 XLII.

2019 3389 2082 3442 In
2144 3389 2302 3454 ﬁnem
2346 3386 2594 3455 psalmus
2656 3386 2852 3440 David.
2907 3386 3090 3455 (Αω.)
3167 3386 3434 3456 Corporis
3495 3387 3651 3441 Chri-

1949 3475 2042 3541 sti,
2073 3474 2226 3544 quod
2257 3473 2351 3528 hic
2400 3474 2576 3545 gemit
2613 3473 2763 3527 inter
2819 3474 3055 3540 zizania,
3089 3474 3145 3528 id
3192 3480 3295 3541 est,
3355 3475 3507 3528 inter
3528 3492 3648 3529 ma-

1950 3565 2055 3629 los,
2085 3563 2298 3616 habens
2325 3577 2454 3615 cum
2505 3561 2585 3615 eis
2645 3562 2825 3615 multa
2879 3561 3226 3627 communia,
3271 3563 3445 3629 nasci,
3480 3564 3649 3631 mori,

1950 3665 2223 3720 prospera
2245 3652 2300 3701 et
2337 3649 2617 3701 adversa:
2679 3664 2810 3701 cum
2863 3648 3072 3718 quibus
3113 3649 3267 3718 (quia
3322 3665 3438 3703 non
3484 3650 3656 3704 habet

1951 3753 2316 3792 communem
2386 3752 2611 3789 causam
2675 3736 3040 3805 meritorum)
3094 3738 3403 3792 exclamat:
3457 3740 3656 3792 Judica

1951 3842 2052 3891 me,
2084 3831 2189 3879 etc.
2254 3825 2436 3893 (Ibid)
2483 3825 2738 3877 Psalmus
2797 3823 2904 3877 iste
2954 3829 3152 3877 contra
3213 3841 3526 3894 pressuras,
3585 3827 3654 3880 de

1954 3920 2009 3968 et
2038 3915 2175 3983 ipsa:
2206 3912 2500 3965 retrahant
2524 3927 2627 3964 nos
2658 3929 2688 3964 a
2749 3912 2880 3964 Deo.
2929 3911 3121 3981 (Cass)
3183 3912 3566 3981 Conqueritur
3585 3914 3654 3967 de

1955 4002 2348 4058 commistione
2381 4001 2682 4066 malorum,
2716 4005 2772 4053 et
2821 4004 3085 4068 precatur
3115 4000 3554 4068 separationem.

2027 4093 2187 4145 Vens.
2228 4094 2276 4144 l.
2311 4119 2374 4128 —
2421 4088 2630 4142 Judica
2683 4103 2765 4141 me
2813 4087 2997 4157 (Ibid.)
3057 4088 3181 4142 Non
3237 4089 3382 4158 petit
3427 4093 3658 4156 peccata

99 4176 338 4257 modo,
383 4192 550 4261 plene
605 4190 662 4242 in
712 4190 926 4242 futuro.
979 4188 1170 4256 Spera.
1232 4185 1425 4256 (Cass.)
1461 4183 1556 4236 Vel
1613 4198 1842 4252 sperare
1883 4224 1928 4278 Β
1958 4198 2059 4235 sua
2091 4177 2316 4243 discuti,
2371 4177 2523 4247 quod
2580 4176 2966 4247 periculosum
3025 4181 3129 4273 est,
3191 4177 3290 4231 sed
3326 4193 3555 4273 causam
3588 4178 3656 4232 ab

99 4288 358 4355 potest,
393 4279 528 4350 quia
554 4279 730 4332 adhuc
777 4277 836 4330 in
883 4275 1152 4346 praesenti
1199 4274 1501 4343 conﬁtebor,
1548 4272 1604 4326 id
1645 4276 1744 4337 est,
1776 4272 1845 4326 de
1883 4263 1927 4278 ⁸’
1958 4267 2152 4339 impiis
2173 4265 2381 4337 parari,
2443 4269 2502 4317 ut
2556 4265 2628 4317 sit
2673 4279 2804 4317 cum
2875 4263 3105 4355 electis:
3159 4264 3310 4317 unde
3352 4263 3508 4355 addit
3541 4279 3556 4317 :
3588 4266 3658 4318 Et

93 4350 394 4444 peccatis
421 4367 812 4437 paenitentiam
849 4381 1035 4435 agam,
1063 4368 1123 4417 ut
1150 4362 1254 4417 tibi
1275 4379 1394 4416 non
1422 4360 1712 4415 obsistam.
1960 4358 2220 4411 discerne.
2270 4355 2417 4408 Gens
2472 4368 2587 4406 non
2643 4355 2834 4405 sancta
2873 4355 2958 4404 est
3012 4351 3267 4420 iniquus,
3299 4356 3356 4405 et
3408 4350 3656 4415 dolosus,

183 4463 388 4513 Vens.
422 4462 479 4511 7.
516 4484 585 4496 --
614 4455 706 4509 Ad
751 4457 1032 4522 meipsum.
1077 4453 1392 4506 Conversus
1419 4449 1491 4502 ad
1552 4451 1730 4502 Deum
1761 4447 1848 4502 di-
1961 4444 2222 4514 aquibus
2270 4443 2330 4496 in
2351 4441 2572 4513 judicio
2623 4444 2948 4511 separatur:
3001 4439 3094 4493 sed
3153 4443 3208 4493 et
3236 4439 3329 4494 hic
3377 4456 3448 4494 ne
3477 4439 3547 4494 ab
3578 4439 3660 4493 eis

93 4552 189 4605 cit
229 4564 315 4603 ex
351 4545 536 4616 seipso
593 4542 1082 4607 conturbationes,
1117 4557 1183 4594 ex
1236 4541 1350 4592 Deo
1404 4538 1579 4592 ﬁnem
1613 4551 1847 4589 earum:
1961 4536 2380 4603 corrumpatur.

95 4638 297 4693 unde
332 4613 490 4688 ineo
539 4635 625 4686 est
653 4631 705 4684 ei
746 4647 892 4701 spes.
945 4631 1011 4684 Et
1044 4631 1147 4683 hoc
1178 4632 1260 4681 est
1311 4627 1386 4680 ad
1442 4628 1723 4695 meipsum,
1765 4624 1854 4678 vel
2035 4624 2211 4676 Vens.
2243 4622 2297 4674 2.
2329 4650 2397 4659 —
2445 4618 2619 4684 Quare
2675 4619 2851 4672 tristis
2891 4615 3076 4670 incedo
3101 4614 3128 4668 ?
3176 4613 3365 4687 (AUG.)
3422 4616 3660 4671 Causam

91 4747 133 4783 a
163 4726 447 4795 meipso.
490 4719 694 4791 (Cass)
725 4721 864 4774 Ecce
912 4718 1012 4789 qui
1064 4717 1324 4788 superius
1383 4715 1703 4786 corrigebat
1730 4713 1854 4767 ani-
1964 4710 2207 4766 tristitia:
2234 4707 2462 4779 quaerit,
2523 4722 2652 4777 quae
2711 4709 2793 4758 est
2850 4709 3166 4774 peccatum,
3203 4705 3661 4795 ut_c_ausalasti-

93 4792 340 4872 mam‘
372 4812 441 4865 ad
501 4808 886 4864 conditionem
943 4805 1215 4869 hominis,
1267 4819 1524 4859 reversus
1599 4803 1736 4857 dicit
1762 4801 1857 4856 hic
1964 4799 2059 4852 tiae
2084 4795 2326 4866 justitia.
2363 4795 2530 4848 Isaias
2557 4796 2791 4862 propter
2838 4794 3131 4861 peccatum
3165 4806 3178 4844 :
3237 4792 3504 4846 Modicum
3534 4793 3663 4861 qui-

86 4905 405 4962 animam
439 4916 473 4952 a
498 4915 554 4952 se
588 4897 828 4964 turbari,
888 4911 1018 4965 quae
1046 4893 1158 4948 nisi
1213 4892 1352 4946 vitia
1407 4890 1592 4945 carnis
1648 4893 1853 4956 essent,
1967 4886 2086 4940 dem
2119 4884 2437 4937 contristavi
2465 4883 2638 4941 illum,
2683 4879 2760 4932 sic
2791 4879 2942 4931 enim
2973 4877 3136 4948 punit
3160 4879 3323 4932 Deus.

81 4989 464 5061 tranquilla
492 4990 873 5057 permaneret.
915 4986 1048 5038 Ecce
1081 4999 1146 5036 ex
1205 4997 1320 5052 qua
1361 4979 1686 5034 diversitate
1713 4994 1857 5032 con-
2039 4975 2200 5026 Vens.
2227 4975 2278 5025 3.
2315 5002 2384 5061 ἦ
2441 4971 2640 5024 Emitte
2685 4968 2870 5061 .lucem
2906 4971 3093 5061 tuam.
3154 4967 3372 5061 (Cass)
3403 4967 3566 5061 Quia,
3597 4984 3664 5061 eo

75 5088 236 5141 stat
274 5055 736 5140 homoiQuasi:
793 5077 1118 5144 propterea,
1173 5070 1231 5125 id
1306 5076 1409 5135 est,
1469 5071 1705 5138 propter
1725 5082 1857 5120 con-
1968 5061 2252 5127 veniente,
2285 5059 2522 5113 tolletur
2542 5055 2726 5110 omnis
2774 5055 3002 5107 tristitia
3056 5055 3425 5144 confusionis.
3485 5057 3666 5126 (Αυδ.)

74 5169 510 5232 turbationes
554 5143 804 5228 animae,
841 5177 1039 5215 memor
1089 5175 1196 5214 ero.
1255 5158 1438 5226 (Anc)
1491 5156 1552 5209 Id
1619 5159 1722 5219 est,
1777 5153 1860 5207 fe-
1971 5151 2113 5216 Quia
2143 5148 2278 5203 certi
2305 5148 2425 5217 jam
2451 5146 2661 5216 pignus
2681 5144 2980 5211 habemus,
3013 5143 3147 5214 quia
3208 5160 3275 5197 ea
3301 5145 3446 5213 ipsa,
3471 5144 3529 5198 id
3556 5153 3664 5211 est,

71 5265 296 5323 stino
326 5257 394 5310 ad
429 5260 505 5319 te,
529 5253 664 5324 quia
720 5250 969 5306 excludis
1026 5248 1179 5301 mala
1233 5245 1447 5300 omnia.
1494 5246 1628 5297 Ecce
1674 5257 1859 5295 reme-
1971 5241 2071 5294 lux
2137 5242 2188 5291 et
2246 5236 2472 5300 veritas,
2542 5233 2896 5287 deduxerunt
2955 5249 2980 5285 a
3041 5232 3284 5302 peccatis
3360 5234 3668 5288 Ecclesiam

73 5322 336 5411 dium,
369 5361 484 5415 quo
516 5322 713 5396 evadet
770 5337 1239 5393 conturbationes
1274 5351 1286 5388 :
1341 5333 1492 5387 unde
1522 5348 1626 5402 pro
1655 5331 1861 5401 quibus
1973 5330 2340 5400 praesentem,
2377 5339 2506 5415 quae
2538 5327 2624 5375 est
2654 5322 3104 5415 tabernaculum.

75 5408 179 5499 ξίι
233 5408 508 5497 memor,
544 5429 736 5484 subdit
769 5446 781 5482 :
817 5432 893 5483 De
926 5433 1073 5481 terra
1100 5425 1394 5488 Jordanis,
1451 5421 1549 5475 ubi
1584 5419 1859 5474 Dominus
2044 5417 2210 5469 Vens.
2245 5415 2301 5467 4.
2338 5442 2406 5451 —-
2441 5414 2507 5465 Et
2547 5411 2798 5464 introibo.
2851 5409 3008 5463 Sicut
3050 5408 3323 5499 pontifex
3363 5409 3436 5499 ad
3469 5409 3673 5465 Sancta

73 5497 898 5589 consecravitbaptismum,
924 5516 983 5569 in
1009 5531 1125 5586 quo
1152 5510 1442 5568 humiliati
1490 5510 1770 5573 lavantur,
1806 5511 1864 5562 et
1979 5508 2322 5559 sanctorum.
2386 5499 2575 5569 (Cass.)
2649 5502 2718 5554 Et
2764 5499 3018 5553 introibo.
3080 5499 3158 5553 De
3214 5497 3414 5552 laetitia
3491 5499 3671 5564 ﬁnali,

523 5625 794 5688 Parnon
849 5621 1060 5686 CXIII.
3284 5609 3367 5666 29
