4082 6184
407 321 506 372 907

1031 317 1427 371 WALAFRIDI
1467 315 1714 370 STRABI
1753 316 1946 370 FULD.
1992 317 2094 370 ΜΟ]

2249 311 2356 368 PP.
2392 313 2568 368 PARS
2606 314 2646 367 Ι.
2678 342 2742 351 —
2783 312 3237 368 THEOLOGICA.
3795 313 3883 364 908

408 451 512 504 pro
564 451 679 506 qua
738 435 932 490 laudat
994 436 1051 489 iu
1110 435 1496 503 tribulatione,
1547 436 1648 506 qui
1703 451 1877 505 supra
1924 433 2101 487 tristis
2139 437 2187 488 Α
2286 435 2654 504 Diripiebant.
2709 435 2822 487 Hoc
2871 434 3082 504 fugatis
3131 434 3435 506 contingit,
3505 440 3564 488 ut
3603 436 3797 489 cadant
3838 436 3888 488 in

408 528 529 576 erat
559 524 708 578 unde
741 528 797 577 et
826 539 883 578 se
911 525 1207 578 confortat.

479 613 640 665 Vens.
675 615 726 665 5.
761 643 827 650 -
883 613 1183 678 Conﬁtebor
1236 613 1338 668 tibi
1390 615 1449 666 in
1499 613 1732 667 cithara.
1771 611 1950 683 (Anc)
1994 611 2102 675 Qui

405 703 689 769 praecepta
725 700 825 753 Dei
847 700 1002 765 facit,
1034 705 1090 754 et
1123 718 1236 755 non
1292 703 1528 771 patitur,
1563 702 1623 755 in
1675 701 1946 770 psalterio
1968 717 2101 754 con-

406 787 634 839 fitetur:
687 787 786 856 qui
834 803 964 840 vero
1011 787 1144 840 facit
1173 793 1229 841 et
1259 788 1490 858 patitur,
1529 789 1685 858 quod
1733 793 1816 841 est
1859 803 1923 840 ex
1951 787 2103 840 infe-

405 875 543 928 riori
593 881 815 942 natura,
865 878 923 928 in
969 877 1202 942 cithara,
1255 893 1382 947 qua
1426 878 1496 930 ab
1539 877 1797 930 inferiori
1855 881 2101 941 resonat,

404 963 548 1016 sicut
604 965 941 1033 psalterium
997 982 1028 1018 a
1104 965 1406 1034 superiori.
1482 965 1552 1019 In
1609 969 1843 1020 cithara.
1907 966 2102 1033 (Cass)

405 1052 544 1105 Ecce
575 1051 672 1121 qui
704 1069 875 1122 supra
911 1053 1017 1106 fuit
1052 1054 1201 1107 tristi
1245 1054 1314 1107 de
1372 1055 1538 1107 malis
1596 1054 1803 1116 saeculi,
1852 1055 1920 1108 de
1952 1053 2103 1106 bono

403 1140 693 1194 intellectu
725 1141 831 1194 sibi
886 1141 1160 1210 gaudium
1221 1142 1371 1195 facit.
1439 1147 1616 1212 Quare
1661 1143 1947 1197 conturbas
1982 1143 2106 1196 me?

404 1226 592 1297 (Ibid.)
644 1228 1014 1299 Frequenter,
1043 1234 1097 1282 et
1147 1230 1511 1283 vehementer
1553 1230 1858 1299 persuadet
1913 1228 2104 1282 saeculi

402 1315 692 1368 tristitiam
725 1315 1085 1384 fugiendam,
1127 1332 1254 1386 qua!
1287 1317 1645 1386 patientiam,
1689 1318 2021 1370 charitatem
2049 1319 2106 1369 et

403 1419 566 1472 spem
597 1402 930 1472 exstinguit,
966 1407 1021 1456 et
1056 1408 1236 1457 totam
1268 1405 1442 1458 vitam
1493 1405 1811 1460 confundit.
1853 1406 2105 1460 Salutare

403 1493 582 1544 cultus
654 1493 774 1545 mei.
838 1491 1025 1561 (Are)
1096 1493 1160 1545 Et
1236 1493 1416 1547 alibi:
1471 1496 1726 1549 Miserere
1779 1497 1902 1559 mei,
1972 1498 2102 1560 etc.,

403 1594 571 1648 usque
621 1580 693 1632 ad
739 1580 1123 1650 elcemosyna,
1183 1585 1237 1634 et
1291 1582 1474 1635 oratio
1533 1598 1660 1650 quas
1718 1582 1829 1635 illis
1885 1582 2105 1636 duabus

403 1667 508 1721 alis
535 1668 684 1722 volat
709 1668 776 1720 ad
813 1669 1010 1722 Deum.

1039 1822 1349 1877 PSALMUS
1377 1823 1561 1877 XLIII.

479 1954 635 2005 Vens.
676 1956 724 2006 1.
759 1983 824 1991 —
879 1953 977 2006 Ad
1019 1954 1364 2007 intellectum.
1401 1954 1580 2024 (Auc.)
1643 1955 1767 2008 Non
1819 1954 1897 2008 sic
1948 1971 2107 2025 quaa-

405 2046 535 2095 rant
556 2041 664 2094 sibi
692 2042 834 2102 fieri,
857 2046 986 2109 clc.,
1017 2046 1145 2108 etc.,
1171 2057 1339 2111 usque
1360 2043 1433 2095 ad
1463 2047 1518 2095 et
1541 2043 1662 2096 haec
1683 2059 1798 2096 non
1823 2048 2104 2110 amentur.

405 2128 601 2199 (Cass)
659 2129 969 2198 Distinguit
1019 2129 1296 2182 beneficia
1354 2131 1470 2196 Dei,
1515 2147 1645 2201 quae
1698 2131 2107 2202 incipientibus

405 2219 536 2270 data
565 2223 698 2270 sunt
727 2217 786 2270 in
813 2218 1044 2285 mundo,
1076 2218 1338 2288 perfectis
1359 2219 1417 2271 in
1448 2220 1611 2273 ccelo.

477 2307 546 2360 Ut
581 2305 762 2375 magis
811 2306 882 2359 sit
941 2306 1152 2360 mirum
1217 2307 1467 2378 relinqui
1523 2312 1850 2378 praesentes,
1910 2309 2109 2364 recolit

403 2393 714 2464 praeterita.

475 2483 638 2535 Vens.
673 2484 724 2535 2.
767 2510 834 2522 —
892 2485 1030 2536 Deus
1081 2483 1330 2536 auribus.
1399 2483 1584 2550 (Ana,
1634 2482 1808 2552 Cass.)
1849 2483 2108 2537 Primum

403 2570 582 2624 dicit:
644 2573 806 2637 Deus,
865 2571 1017 2640 quod
1064 2571 1250 2624 facere
1303 2573 1446 2624 solet
1501 2572 1668 2625 laetus
1717 2573 1803 2625 vel
1856 2572 2110 2642 graviter

401 2657 662 2712 afflictus.

472 2745 824 2798 Audiuimus.
896 2745 963 2797 Ut
1013 2743 1200 2814 major
1258 2744 1398 2798 ﬁdes
1451 2744 1524 2798 sit
1583 2745 1684 2812 rei,
1745 2761 1816 2799 ne
1873 2749 2110 2816 putetur

403 2833 693 2902 ambigua.
1028 2888 1047 2902 ,

474 2923 680 2974 Patres.
739 2921 862 2973 Non
910 2919 1171 2988 juvenes,
1235 2924 1298 2972 ut
1353 2919 1654 2973 videantur
1728 2921 1846 2974 veri
1904 2921 2106 2986 nostri,

405 3009 506 3080 qui
529 3009 644 3062 suis
673 3014 825 3062 certa
851 3009 1121 3062 dicerent.

476 3098 620 3165 Opus
671 3097 832 3164 quod,
899 3101 1006 3149 etc.
1063 3095 1256 3165 (Ibid.)
1319 3097 1382 3148 Et
1439 3095 1482 3148 si
1541 3112 1768 3166 semper
1815 3103 2100 3168 operetur,

406 3190 598 3238 tamen
626 3184 850 3253 operari
898 3183 1122 3249 dicitur,
1183 3183 1413 3254 quando
1467 3185 1697 3254 aliquod
1739 3186 1963 3254 signum
1995 3203 2104 3240 no-

408 3273 593 3326 vitatis
633 3271 903 3324 ostendit.

476 3360 650 3412 Vens.
686 3359 737 3410 4.
768 3386 835 3396 -
885 3357 989 3411 Sed
1021 3357 1247 3410 dextera
1297 3361 1409 3410 tua.
1445 3359 1632 3425 (Αυθ.)
1669 3358 1731 3411 Id
1763 3363 1866 3426 est,
1926 3359 2107 3414 bonus

406 3462 714 3509 successus,
793 3462 964 3514 quem
1027 3447 1110 3498 eis
1165 3447 1394 3501 dedisti.
1462 3449 1546 3500 Et
1596 3449 1879 3502 brachium
1933 3456 2102 3517 tuum,

407 3539 511 3587 etc.
549 3532 745 3603 (Ῑὸἱιί.)
801 3532 864 3586 ld
917 3535 1018 3594 est,
1071 3533 1390 3598 fortitudo;
1442 3541 1498 3586 et
1525 3535 1872 3598 illuminatio,
1918 3536 1974 3588 id
2001 3541 2102 3602 est,

406 3621 632 3690 sapiens
681 3619 1030 3674 consilium:
1074 3620 1228 3690 quod
1277 3625 1462 3674 totum
1510 3621 1692 3674 fecisti
1749 3637 1818 3675 ex
1865 3623 2108 3676 benevo-

406 3709 579 3762 lentia
613 3713 731 3761 tua.

501 3799 668 3850 Vens.
723 3800 774 3850 5.
820 3826 890 3836 —
952 3799 1029 3850 Tu
1066 3812 1120 3851 es
1166 3799 1281 3866 ipse
1343 3812 1440 3850 rea:
1477 3813 1624 3852 meus
1669 3803 1718 3852 et
1749 3799 1896 3852 Deus
1935 3815 2101 3855 meus.

405 3885 593 3954 (Αυα.)
618 3887 897 3956 Tempora
933 3892 1152 3940 mutata
1211 3891 1344 3939 sunt
1376 3905 1388 3948 ;
1451 3891 1648 3940 auctor
1685 3903 1798 3940 non
1828 3893 2100 3943 mutatur.

480 3975 647 4028 Vens.
683 3978 732 4026 7.
766 4003 834 4013 —
863 3976 982 4030 Non
1019 3976 1161 4028 enim
1207 3976 1266 4028 in
1295 3990 1427 4028 arcu
1469 3990 1580 4028 meo
1623 3976 1866 4043 sperabo.
1895 3977 2105 4045 (Cass)

407 4060 584 4113 Minor
614 4062 808 4126 virtus,
837 4062 1106 4129 hominis,
1141 4063 1274 4133 quia
1307 4064 1494 4116 minus
1528 4065 1675 4116 valet
1698 4065 1758 4117 in
1791 4064 1959 4119 bello.

477 4150 732 4203 Gladius.
782 4151 957 4219 Major
1001 4152 1201 4217 virtus,
1237 4168 1364 4221 quae
1397 4152 1455 4204 in
1484 4152 1634 4206 bello
1686 4153 1816 4222 plus
1857 4154 2106 4208 creditur

2213 523 2486 594 praedam,
2523 523 2622 593 qui
2652 522 2913 576 hostibus
2941 527 3238 592 nequeunt
3267 522 3547 576 resistere.

2288 608 2455 665 Vens.
2517 615 2600 665 12.
2651 641 2718 649 -
2770 610 2989 665 Dedisti
3007 626 3102 665 nos
3160 616 3422 680 tanquam
3492 626 3612 665 oves
3648 627 3888 665 escarum.

2216 701 2414 768 (Cass)
2452 700 2822 754 Persistentes
2869 700 2930 753 in
2985 699 3117 754 ﬁde.
3166 701 3266 754 Hic
3295 699 3500 754 diversi
3525 706 3811 769 martyres,
3840 699 3890 752 id

2215 793 2298 842 est
2321 789 2544 842 diversa
2576 787 2832 858 martyrii
2884 803 3131 857 genera:
3166 787 3263 840 alii
3311 804 3436 842 esca
3489 788 3642 856 feris,
3671 788 3765 840 alii
3791 799 3892 840 tra-

2215 877 2316 932 diti
2351 878 2618 947 gentibus
2650 877 2706 929 in
2722 876 3052 930 servitutem
3079 893 3092 942 ;
3114 877 3268 930 unde
3292 877 3426 930 dicit
3451 893 3465 930 :
3491 878 3770 944 Tanquam
3790 891 3893 929 ores

2213 982 2473 1031 escarum,
2508 966 2606 1018 ubi
2630 970 2857 1019 notatur
2877 965 3262 1035 quorumdam
3295 967 3577 1019 mactatio.

2274 1039 2446 1108 'Vens.
2484 1057 2566 1109 13.
2600 1083 2663 1094 —-
2722 1053 3039 1108 Vendidisti
3067 1056 3327 1123 populum
3379 1061 3530 1108 tuum
3578 1057 3691 1108 sine
3716 1058 3890 1123 pretio.

2216 1143 2396 1213 (Αυο.)
2454 1144 2600 1196 Dum
2645 1142 2854 1196 dantur
2909 1143 3252 1213 alienigenis
3289 1149 3345 1197 et
3401 1144 3594 1196 nullus
3624 1143 3892 1214 acquirit:

2214 1232 2368 1304 quod
2403 1232 2468 1286 fit
2496 1232 2565 1286 ad
2594 1232 2992 1301 probationem
3015 1232 3100 1286 vel
3121 1232 3535 1285 correctionem
3562 1249 3575 1298 ;
3610 1232 3697 1287 vel
3722 1233 3896 1285 nullus

2215 1337 2316 1393 pro
2351 1321 2430 1375 eis
2461 1320 2794 1391 acquiritur,
2817 1320 2903 1374 vel
2935 1320 2981 1373 si
3011 1320 3157 1391 quis,
3191 1322 3358 1391 pauci
3392 1326 3601 1374 tamen.

2289 1411 2450 1464 Vens.
2517 1409 2596 1462 14.
2655 1407 3132 1477 -Ορρνοὸνξαηι
3183 1411 3399 1475 vicinis,
3469 1406 3664 1479 (Cass)
3720 1409 3896 1462 Gravis

2213 1497 2443 1553 afflictio
2465 1514 2499 1550 a
2525 1495 2726 1549 vicinis
2778 1495 3081 1565 ingeritur,
3116 1496 3254 1567 quia
3299 1513 3410 1550 non
3465 1497 3792 1550 transitorie
3813 1496 3894 1550 di-

2215 1588 2381 1650 citur,
2439 1586 2591 1655 quod
2634 1601 2667 1638 a
2722 1583 3221 1637 circumstantibus
3270 1585 3506 1655 irrogat.
3559 1588 3801 1640 Derisum
3826 1587 3900 1638 his

2216 1677 2310 1744 qui
2338 1677 2396 1727 in
2417 1677 2668 1728 circuitu.
2728 1673 2930 1742 (Cass)
2981 1673 3209 1726 Derisus
3255 1679 3342 1727 est
3375 1691 3477 1727 vox
3505 1674 3739 1727 confusa
3768 1675 3900 1727 laui-

2217 1765 2331 1829 tiai,
2363 1761 2792 1816 insultationem
2823 1761 3197 1814 immoderata
3226 1760 3512 1815 hilaritate
3542 1761 3898 1815 denuntians.

2217 1853 2592 1922 Contemptus
2617 1856 2701 1904 est
2731 1850 2951 1919 abjecta
2975 1850 3178 1903 vilitas.

2289 1941 2453 1994 Vens.
2506 1943 2591 1995 15.
2648 1968 2718 1978 —
2759 1941 2830 1991 In
2887 1938 3301 1992 similitudinem
3329 1941 3588 2005 gentium.
3626 1938 3903 2008 (Ibid.)ln

2217 2028 2595 2082 similitudine
2621 2027 2830 2081 Christi
2860 2026 3130 2096 gentibus
3178 2032 3312 2080 sunt
3355 2028 3625 2098 appositi,
3687 2027 3902 2098 quando

2217 2134 2313 2171 eos
2333 2116 2696 2187 comparibus
2725 2115 2911 2186 poenis
2951 2115 3278 2170 affecerunt.

2287 2207 2447 2260 Vens.
2500 2210 2582 2259 l7.
2642 2235 2704 2245 -
2752 2205 3154 2272 Emprobrantis
3209 2204 3390 2274 (Ibid)
3436 2205 3795 2274 Exprobrare
3829 2209 3900 2257 est

2217 2294 2275 2347 in
2305 2293 2509 2347 faciem
2532 2291 2878 2346 maledicere
2913 2307 2926 2357 ;
2964 2290 3198 2361 obloqui
3228 2295 3313 2344 est
3343 2291 3564 2345 absenti
3593 2291 3895 2352 detrahere,

2217 2388 2272 2436 et
2303 2383 2492 2435 dolose
2522 2382 2808 2435 mordere.

2292 2473 2446 2537 Vens.
2483 2472 2566 2524 18.
2612 2500 2682 2508 —
2733 2471 3000 2524 Venerunt
3021 2483 3183 2538 super
3236 2483 3330 2522 nos
3375 2467 3562 2538 (lbid.)
3610 2468 3762 2532 Quia
3803 2483 3903 2520 non

2219 2564 2384 2613 erant
2409 2560 2469 2612 in
2498 2557 2666 2611 nobis
2695 2573 2798 2626 per
2824 2560 3072 2627 culpam.

2293 2650 2447 2701 Vens.
2481 2649 2563 2699 19.
2609 2677 2677 2684 -
2707 2647 2821 2700 Νοη
2877 2646 3115 2699 recessit.
3181 2643 3361 2713 (Ibid.)
3412 2645 3496 2698 Ita
3541 2644 3702 2714 quod
3733 2649 3901 2698 retro-

2220 2737 2350 2803 iret,
2409 2734 2515 2788 etsi
2564 2733 2871 2804 aliquando
2921 2731 3216 2785 descendit
3246 2732 3738 2802 contemplatione
3799 2733 3910 2786 dei-

2218 2825 2364 2878 tatis.
2406 2825 2694 2878 Declinasti
2739 2819 2926 2892 (Auc.)
2959 2820 3186 2874 Semitas
3217 2826 3423 2873 nostra:
3468 2825 3630 2873 erant
3661 2822 3722 2873 in
3754 2821 3910 2873 volu-

2221 2912 2472 2983 ptatibus
2498 2914 2554 2963 et
2582 2908 3048 2979 prosperitatibus
3097 2908 3287 2961 saeculi
3314 2924 3327 2961 :
3361 2908 3460 2962 sed
3508 2908 3690 2961 tulisti
3726 2925 3820 2962 eas
3850 2909 3916 2961 de

2144 3004 2184 3057 C
2224 3018 2324 3054 sua
2380 2999 2488 3065 via,
2547 3003 2604 3052 et
2651 2995 2949 3050 ostendisti
3005 3001 3218 3048 arctam
3273 2995 3446 3060 viam,
3483 3012 3614 3065 quas
3661 2997 3818 3050 ducit
3848 2997 3915 3049 ad

2215 3088 2410 3141 vitam.
2436 3085 2641 3155 (HIER.)
2675 3085 2770 3138 Vel
2798 3090 2849 3139 et
2885 3085 3190 3149 declinasti,
3247 3084 3306 3138 id
3340 3089 3443 3151 est,
3494 3101 3671 3154 opera
3725 3089 3916 3138 nostra

2214 3175 2282 3228 de
2309 3175 2434 3244 lege
2459 3178 2558 3227 tua
2584 3172 2832 3243 pendere
2879 3172 3080 3225 fecisti.
3143 3173 3259 3238 Vel,
3311 3187 3417 3225 non
3443 3172 3740 3226 declinasti
3787 3173 3918 3240 (alia

2215 3263 2442 3333 littera),
2474 3263 2532 3317 id
2589 3266 2693 3330 est,
2725 3277 2842 3315 non
2878 3261 3190 3332 permisisti
3248 3263 3534 3316 declinare
3593 3268 3652 3316 et
3691 3263 3919 3317 deviare

2213 3353 2443 3406 semitas
2475 3358 2717 3405 nostras.
2780 3351 3031 3417 Semitas,
3083 3351 3142 3405 id
3201 3356 3305 3416 est,
3336 3367 3550 3421 opera;
3610 3367 3648 3404 a
3671 3352 3773 3406 via
3807 3358 3916 3416 tua,

2213 3443 2268 3496 id
2298 3447 2400 3506 est,
2433 3457 2466 3493 a
2495 3441 2619 3509 lege
2646 3455 2665 3505 ;
2698 3439 2824 3494 ideo
2854 3440 3130 3510 quoniam
3182 3441 3488 3493 humiliasti
3516 3454 3634 3493 nos.

2284 3532 2443 3582 Vens.
2476 3531 2564 3582 20.
2587 3557 2660 3568 -
2691 3528 2893 3582 Umbra
2931 3529 3140 3581 mortis.
3201 3527 3396 3596 (AUG.)
3426 3528 3543 3595 Vel,
3593 3528 3722 3582 haec
3774 3544 3920 3582 mon

2213 3619 2423 3682 talitas,
2461 3617 2666 3671 umbra
2724 3615 2923 3669 mortis
2969 3621 3110 3670 est:
3167 3631 3299 3669 vera
3357 3620 3551 3670 autem
3609 3632 3775 3670 mors
3840 3623 3920 3671 est

2213 3706 2504 3761 damnatio
2535 3721 2663 3759 cum
2695 3704 2941 3758 diabolo.

2287 3797 2442 3848 Vens.
2474 3797 2562 3847 21.
2618 3822 2688 3833 -
2716 3793 2783 3846 Si
2815 3792 2972 3846 obliti
3012 3805 3196 3846 sumus
3217 3806 3406 3846 nomen
3443 3794 3541 3845 Dei
3578 3792 3788 3863 (Ibid.)
3817 3795 3920 3848 Iste

2214 3890 2300 3938 est
2328 3883 2646 3936 intellectus
2677 3880 2925 3934 filiorum
2959 3881 3117 3947 Core,
3154 3881 3253 3951 qui
3293 3886 3529 3950 propter
3559 3880 3687 3936 huic
3726 3884 3922 3936 omnia

2215 3972 2364 4026 mala
2394 3987 2511 4025 non
2541 3969 2958 4024 obliviscuntur
2979 3970 3179 4034 Deum,
3204 3968 3441 4022 scientes
3471 3969 3604 4040 quia
3634 3971 3826 4025 Deum
3845 3989 3923 4026 re-

2214 4060 2405 4132 quiret
2434 4060 2561 4113 ista.

2287 4150 2454 4202 Vens.
2513 4149 2601 4200 22.
2649 4175 2719 4186 -—
2768 4147 2948 4202 Novit.
2996 4144 3199 4214 (Ibid.)
3244 4146 3458 4199 Nocere
3507 4146 3728 4201 dicitur
3781 4151 3923 4203 Deus

405 4239 612 4291 valere.
645 4239 854 4308 (0.155.)
882 4241 996 4303 Vel,
1029 4240 1247 4305 gladius
1291 4256 1437 4293 mnus
1489 4256 1593 4294 non
1615 4243 1852 4295 salvabit
1875 4259 1976 4310 me,
2006 4245 2094 4297 sed

2248 4241 2277 4290 it
2299 4237 2451 4306 quod
2484 4235 2639 4288 novit
2689 4238 2745 4288 et
2773 4233 2926 4304 quod
2973 4237 3027 4286 te
3057 4233 3191 4288 facit
3232 4249 3487 4289 noscere.
3547 4236 3744 4303 Novit,
3778 4254 3919 4308 quo-

404 4330 488 4391 tu,
522 4325 656 4396 quia
682 4333 738 4379 et
777 4328 834 4379 in
892 4327 998 4380 hoc
1059 4328 1266 4380 saeculo
1311 4329 1553 4394 salvasti,
1623 4346 1691 4382 ne
1757 4347 1861 4383 nos
1914 4332 2105 4386 trahe-

406 4421 533 4467 rent
554 4419 679 4484 post
709 4431 789 4483 se,
812 4419 866 4468 et
898 4431 995 4468 eos
1019 4416 1234 4486 pudere
1292 4417 1471 4470 fecisti
1497 4433 1509 4470 :
1545 4423 1599 4471 et
1651 4418 1779 4472 ideo
1830 4424 1965 4473 tunc
1993 4422 2108 4474 lau-

407 4503 678 4556 dabimur.

483 4592 638 4643 Vens.
675 4593 724 4644 8.
761 4621 827 4629 —
857 4592 1119 4653 Salvasti,
1154 4596 1260 4644 etc.
1297 4591 1480 4660 (Αυα.)
1539 4593 1683 4646 Nota
1739 4593 1912 4648 etiam
1962 4611 2106 4665 pree-

405 4678 569 4732 terita
600 4679 764 4743 dicta,
800 4695 905 4749 pro
928 4680 1132 4732 futuris
1159 4696 1277 4734 esse
1309 4680 1656 4750 accipienda.

475 4769 642 4820 Vens.
679 4769 760 4820 10.
821 4769 975 4822 Nunc
1022 4773 1200 4821 autem
1244 4771 1514 4837 repulisti.
1587 4769 1788 4840 (Cass)
1847 4771 2102 4840 Diapsal-

405 4871 549 4909 mus.
581 4856 889 4908 Enumerat
914 4856 1062 4908 mala
1089 4872 1216 4925 quae
1255 4857 1347 4909 hic
1394 4857 1648 4909 fecerunt
1677 4857 1834 4921 boni,
1869 4875 1985 4911 non
2013 4865 2103 4911 ta-

403 4959 534 4996 men
566 4943 731 4996 obliti
766 4943 880 4996 Dei.
927 4943 1125 5011 (Cass.)
1175 4944 1454 5012 Exagerat
1510 4943 1682 5011 mala,
1733 4950 1798 4997 ut
1852 4945 2100 4998 benevo-

402 5032 639 5084 lentiam
661 5029 872 5099 judicis
901 5029 1184 5100 impetret.
1224 5031 1563 5096 Con/adisti,
1599 5031 1736 5084 dum
1779 5031 1868 5084 hic
1889 5033 1958 5085 ab
1989 5032 2099 5085 iiii-

402 5119 530 5188 quis
555 5119 838 5171 habentur
886 5117 1216 5188 opprobrio.
1279 5119 1464 5187 (AUG.)
1535 5119 1662 5171 llaec
1718 5135 1850 5172 vere
1906 5119 2102 5173 futura

403 5214 532 5272 etc.,
564 5221 732 5276 usque
753 5206 827 5259 ad
844 5206 949 5259 hoc
979 5211 1064 5260 est
1108 5205 1399 5276 jejunium
1446 5221 1561 5259 non
1593 5206 1970 5270 abstinentiae,
2002 5208 2099 5261 sed

401 5290 667 5346 luxuriae.

472 5380 638 5433 Vens.
677 5384 761 5434 11.
812 5411 882 5421 —
933 5381 1219 5437 Avertisti.
1273 5382 1468 5450 (Cass)
1517 5384 1621 5436 Pro
1683 5381 2094 5436 deﬁcientibus.

400 5467 520 5533 Vel,
544 5469 744 5536 averti,
769 5474 854 5524 est
907 5471 1134 5524 hostem
1194 5470 1427 5540 fugere;
1461 5471 1646 5525 unde:
1681 5472 1746 5525 Si
1773 5487 1865 5526 vos
1907 5485 2096 5541 perse-

399 5557 514 5612 cuti
528 5557 736 5628 fuerint
754 5559 812 5613 in
846 5573 960 5612 una
992 5560 1212 5613 civitate
1248 5561 1427 5626 fugite
1454 5561 1513 5613 in
1532 5560 1719 5614 aliam.

2221 4325 2376 4378 niam
2405 4322 2659 4394 requiret
2712 4325 2948 4392 propter
2995 4325 3072 4389 te,
3103 4326 3169 4375 ut
3211 4325 3274 4376 tu
3305 4321 3561 4376 invenias
3591 4328 3673 4391 te,
3713 4332 3777 4380 et
3805 4342 3921 4396 gra-

2217 4413 2324 4466 tias
2354 4429 2489 4483 agas
2521 4413 2574 4465 ei
2599 4411 2700 4482 qui
2732 4416 2787 4464 te
2817 4411 2968 4476 fecit,
3010 4416 3072 4464 ut
3119 4411 3177 4464 in
3229 4413 3393 4464 Petro
3441 4416 3627 4465 actum
3686 4419 3801 4482 est,
3829 4414 3920 4486 qui

2215 4502 2482 4572 probavit
2511 4501 2649 4572 quid
2675 4511 2885 4571 posset.
2942 4502 3170 4568 Propter
3199 4505 3247 4554 te
3275 4502 3692 4567 mortiﬁcamur.
3730 4504 3919 4572 (Cass)

2218 4591 2337 4643 Non
2372 4605 2474 4659 pro
2513 4588 2848 4642 criminibus
2876 4587 3101 4653 nostris,
3133 4587 3226 4641 sed
3258 4591 3322 4641 ut
3351 4587 3492 4640 fides
3519 4592 3620 4641 tua
3649 4591 3922 4660 gentibus

2213 4684 2510 4746 augeatur.

2284 4766 2449 4818 Vens.
2484 4767 2572 4819 23.
2605 4796 2672 4804 -
2720 4768 2988 4834 Exsurge.
3035 4765 3235 4834 (Ibid.)
3296 4767 3564 4820 Precatur
3613 4769 3920 4835 auxilium,

2211 4856 2276 4905 ut
2329 4852 2423 4905 hic
2483 4853 2708 4907 afﬂictis
2765 4858 3022 4924 tempore
3078 4854 3511 4908 resurrectionis
3591 4857 3921 4912 subveniat.

2214 4939 2400 5008 (AUG.)
2463 4941 2744 4994 Hactenus
2790 4958 2909 4995 non
2961 4941 3164 5005 obliti;
3215 4947 3272 4995 et
3322 4947 3385 4995 ut
3433 4959 3922 5013 perseveremus:

2215 5029 2460 5092 Exsurge
2491 5031 2621 5095 quia
2652 5029 2878 5098 propter
2936 5034 2986 5083 te
3036 5032 3447 5098 mortiﬁcamur.
3479 5031 3671 5100 (Auc.,
3730 5033 3924 5098 Hien.)

2212 5116 2276 5168 Et
2304 5115 2351 5168 si
2407 5115 2594 5168 sciunt
2647 5116 2934 5171 Christum
2987 5134 3106 5174 non
3155 5118 3426 5180 dormire,
3487 5123 3543 5170 et
3578 5117 3692 5171 sibi
3729 5136 3921 5174 resur-

2208 5202 2441 5270 rexisse,
2471 5208 2782 5272 precantur
2829 5205 3023 5255 tamen
3078 5217 3378 5272 resurgere
3415 5219 3517 5272 per
3568 5204 3782 5272 tidem,
3815 5222 3920 5260 non

2208 5291 2332 5352 sibi,
2366 5291 2462 5345 sed
2491 5291 2779 5362 gentibus,
2813 5307 2942 5362 quas
2971 5295 3175 5362 putant
3208 5296 3526 5347 mortuum.
3567 5292 3628 5346 Si
3677 5296 3842 5349 enim
3870 5299 3916 5347 et

2207 5380 2292 5433 illi
2317 5380 2615 5433 crederent
2639 5380 2968 5446 surrexisse,
3018 5381 3310 5435 credentes
3339 5379 3402 5434 in
3453 5397 3586 5434 eum
3632 5398 3766 5438 non
3797 5399 3913 5456 per-

2206 5473 2602 5538 sequerentur,
2662 5469 2760 5522 sed
2808 5471 2866 5523 et
2921 5468 3032 5539 ipsi
3086 5469 3403 5524 crederent.
3461 5471 3654 5538 (AUG.)
3691 5473 3798 5527 Vel
3828 5487 3916 5526 ea:-

2204 5572 2382 5624 surge,
2415 5557 2692 5613 contorta.
