4034 6180
194 312 292 363 909

1326 313 1575 369 GLOSSA
1614 313 2016 373 ORDINARIA.
2059 350 2126 359 ——
2167 322 2296 377 LIB.
2340 324 2580 379 PSALM.

3586 340 3689 393 9lO

159 489 170 501 ,
257 434 561 489 Obdormis.
603 430 901 504 Negligere
932 434 1160 488 videris.
1192 434 1375 499 Quare
1403 438 1509 490 etsi
1539 438 1876 505 nesciamus,
1918 442 1965 495 A
1994 441 2434 514 humanitatem,
2466 447 2522 499 in
2546 464 2658 517 qua
2720 450 2933 504 mundo
2971 454 3238 522 apparuit
3271 475 3284 522 ;
3334 457 3688 526 pulchritudo

187 528 241 576 tu
274 524 385 575 scis
410 539 586 594 quare
620 540 631 576 :
667 524 752 575 vel
787 539 891 592 pro
926 524 1113 594 culpa,
1146 526 1229 578 vel
1269 542 1373 594 pro
1407 526 1671 580 utilitate.
1729 528 1887 591 Quod

187 611 232 664 si
260 628 367 681 pro
398 611 583 682 culpa,
619 611 842 665 utinam
875 611 1123 679 abesset;
1191 613 1234 666 si
1286 630 1391 683 pro
1450 615 1714 681 utilitate,
1772 622 1885 670 utt-

187 716 317 753 nam
352 700 589 754 adesset.
626 700 911 763 Quosdam
946 701 1193 769 repellis,
1218 702 1355 771 quia
1402 702 1629 768 faciem,
1689 704 1746 758 id
1782 711 1885 771 est,

186 790 577 859 cognitionem
610 794 788 855 tuam,
822 790 889 842 ab
933 789 1012 843 eis
1040 790 1359 844 subtrahis:
1417 792 1708 847 obdormis
1759 796 1886 864 qui-

185 875 427 930 busdam
452 878 551 947 qui
592 883 833 948 gemunt
857 878 925 931 de
958 878 1144 932 malis.

254 967 416 1019 Vens.
466 967 551 1020 24.
601 997 669 1006 —-
710 969 886 1033 Quare
934 967 1319 1021 Oblivisceris?
1366 968 1417 1021 id
1487 974 1589 1034 est,
1642 986 1755 1023 non
1786 970 1885 1024 das

184 1054 450 1122 spiritum
497 1054 871 1119 fortitudinis,
928 1055 1049 1107 sine
1092 1072 1206 1126 quo
1267 1056 1488 1126 inopes.
1543 1058 1612 1112 Et
1661 1059 1886 1113 tribula-

184 1144 368 1196 tionis.
405 1142 616 1212 (Cass)
673 1143 814 1207 Quia
864 1159 987 1196 eam
1050 1160 1167 1197 non
1223 1143 1469 1215 mitigas,
1530 1152 1660 1215 etc.,
1718 1163 1886 1217 usque

180 1231 251 1283 ad
280 1231 384 1301 qui
415 1231 579 1285 facile
601 1232 810 1285 cedunt
845 1231 1057 1285 illicitis
1092 1232 1368 1301 motibus,
1416 1239 1473 1288 et
1511 1234 1733 1289 haerent
1766 1241 1884 1290 ter-

179 1318 357 1372 renis.

248 1407 412 1461 Vens.
445 1408 532 1461 26.
579 1436 651 1448 —
700 1410 966 1477 Exsurge,
1037 1408 1287 1465 Domine.
1345 1410 1441 1463 Hic
1489 1410 1610 1465 sine
1666 1412 1882 1465 dormi-

178 1494 331 1547 tione
382 1511 612 1563 exsurge
641 1498 895 1566 ponitur,
928 1497 1082 1567 quod
1118 1498 1187 1551 ad
1241 1499 1717 1553 resurrectionem
1756 1518 1883 1570 per—

178 1583 345 1649 tinet,
383 1584 440 1635 in
472 1600 585 1653 qua
616 1590 701 1637 est
726 1602 854 1654 spes
881 1586 1140 1640 omnium
1195 1586 1451 1640 ﬁdelium
1480 1605 1492 1653 ;
1536 1588 1595 1641 in
1625 1605 1737 1659 qua
1769 1590 1880 1643 hu-

180 1687 351 1724 mana
384 1672 699 1725 destruitur
729 1674 1063 1743 captivitas;
1092 1691 1195 1743 per
1247 1692 1417 1745 quam
1452 1692 1649 1729 sumus
1697 1678 1878 1747 adjuti

178 1764 233 1812 et
263 1760 608 1814 liberati.In
657 1766 801 1815 terra
832 1767 1031 1815 venter.
1096 1761 1293 1830 (AUG.)
1351 1763 1458 1827 Qui
1502 1780 1689 1833 genua
1755 1766 1881 1835 ﬁgit

175 1852 366 1913 terrae,
396 1849 567 1902 habet
595 1867 707 1920 quo
729 1852 857 1919 plus
884 1850 1253 1906 humilietur:
1298 1853 1397 1922 qui
1430 1868 1566 1905 vero
1598 1855 1725 1922 plus
1780 1855 1880 1907 hu-

180 1938 433 1990 miliatur
455 1945 517 1990 ut
546 1944 601 1990 et
647 1947 842 1991 Venter
875 1939 1087 1991 haereat
1121 1944 1303 2006 terim,
1338 1957 1455 1993 non
1504 1942 1676 1995 habet
1733 1943 1879 1995 ultra

176 2042 290 2093 quo
324 2026 454 2095 plus
480 2026 833 2079 humilietur.
862 2026 1140 2096 Exprimit
1166 2043 1301 2096 ergo
1337 2028 1574 2081 nimiam
1606 2030 1877 2083 humilia-

174 2113 417 2180 tionem,
467 2119 530 2167 ut
560 2114 696 2184 quia
727 2114 881 2167 venit
932 2115 999 2166 ad
1054 2130 1359 2181 summam,
1415 2115 1536 2185 jam
1583 2116 1728 2169 adsit
1778 2117 1877 2170 Dei

171 2202 487 2255 miseratio.
528 2203 623 2255 Vel
657 2203 876 2272 plangit
906 2218 1000 2255 eos
1052 2202 1150 2272 qui
1203 2207 1338 2257 sunt
1385 2208 1601 2269 venter,
1663 2205 1717 2258 id
1771 2209 1873 2274 est,

173 2292 520 2357 carnales,et
550 2291 833 2357 hwserunt,
868 2290 924 2345 id
952 2298 1039 2344 est
1066 2297 1476 2346 consenserunt
1496 2292 1729 2364 iniquis.

759 2423 1074 2478 PSALMUS
1118 2424 1296 2478 XLIV.

245 2556 410 2609 Vens.
449 2558 498 2608 l.
532 2584 594 2594 —
629 2557 691 2609 In
736 2557 910 2623 finem,
977 2559 1082 2609 etc.
1146 2554 1343 2625 (AUG.)
1404 2555 1869 2625 Epithalamium,

171 2642 228 2695 id
263 2648 367 2705 est,
428 2643 552 2696 laus
601 2642 850 2695 thalami.
915 2642 1209 2697 Canticum
1248 2658 1352 2711 pro
1379 2643 1799 2697 commutandis
1819 2649 1874 2698 et

174 2747 277 2799 pro
318 2731 543 2797 dilecto,
572 2731 625 2784 id
661 2736 761 2797 est,
795 2747 1005 2800 sponsa
1027 2735 1082 2783 et
1130 2746 1359 2800 sponso,
1419 2731 1685 2784 scribitur
1739 2732 1871 2785 ﬁliis

180 2820 337 2885 Core,
373 2825 436 2873 ut
472 2824 832 2874 venerentur.
867 2821 966 2873 Hic
998 2819 1151 2873 enim
1184 2819 1527 2873 describitur
1554 2836 1657 2891 per
1698 2837 1870 2891 quem

177 2908 701 2973 commutabuntur,
735 2908 871 2978 quia
903 2908 1027 2961 laus
1058 2908 1253 2978 sponsi
1300 2913 1356 2961 et
1376 2924 1596 2978 sponsae
1622 2908 1714 2962 hic
1736 2925 1868 2963 can-

176 3001 349 3050 tatur.
394 2996 597 3066 (Cass)
648 2996 932 3066 Propheta
962 2994 1253 3065 praeconia
1307 2994 1407 3049 Dei
1473 3011 1529 3048 se
1575 3000 1869 3050 eructatu—

176 3100 305 3137 rum
338 3083 637 3154 promittit.

246 3174 410 3227 Vens.
444 3175 494 3225 2.
524 3202 592 3211 —
622 3174 930 3227 Eructavit.
961 3171 1157 3242 (AUG.,
1192 3169 1380 3243 Hien.)
1411 3172 1565 3226 Intus
1596 3171 1751 3225 enim
1781 3171 1870 3225 fa-

172 3264 267 3313 tur
288 3260 591 3330 Propheta,
627 3266 757 3328 etc.,
795 3276 963 3329 usque
983 3261 1056 3314 ad
1086 3266 1396 3331 antequam
1449 3252 1539 3313 sit‘
1575 3262 1726 3332 quod
1782 3260 1868 3313 fa-

169 3354 366 3403 cturus
388 3353 488 3402 est.
524 3349 840 3405 Consilium
871 3365 1002 3403 vero
1034 3349 1216 3402 Patris
1241 3353 1323 3402 est
1368 3348 1636 3402 Verbum.

242 3438 474 3490 Bonum.
510 3436 631 3501 Quo
663 3437 857 3490 omnia
900 3437 1052 3491 bona
1082 3437 1227 3490 facta
1252 3441 1404 3491 sunt.
1463 3439 1609 3491 Dico.
1672 3437 1730 3491 Id
1762 3442 1866 3503 est,

173 3524 421 3579 Verbum
450 3526 719 3595 profero:
769 3526 921 3580 idem
977 3526 1067 3579 hic
1097 3526 1247 3596 quod
1286 3526 1481 3596 prius;
1518 3526 1616 3579 sed
1652 3525 1711 3579 in
1745 3527 1869 3596 ipso

167 3615 337 3667 verbo
369 3614 564 3667 omnia
606 3630 783 3683 opera
816 3614 915 3668 Dei
946 3631 1067 3668 esse
1097 3614 1267 3682 dicit;
1334 3615 1517 3669 unde:
1582 3615 1738 3680 Quod
1785 3618 1869 3681 fa-

166 3707 311 3756 ctum
332 3708 411 3756 est
444 3706 502 3756 in
525 3706 641 3773 ipso
666 3705 782 3757 vita
806 3708 942 3767 erat,
976 3708 1041 3757 ut
1072 3704 1213 3757 nihil
1265 3704 1336 3757 sit
1382 3704 1441 3757 in
1502 3720 1675 3773 opere
1717 3704 1869 3774 quod

162 3807 285 3845 non
325 3790 483 3860 prius
508 3790 615 3844 fuit
646 3790 704 3844 in
742 3790 1001 3844 consilio.
1037 3790 1114 3844 De
1143 3790 1251 3844 hoc
1282 3790 1527 3844 dicitur:
1563 3791 1731 3846 Semel
1787 3791 1870 3843 lo-

167 3885 331 3935 cutus
359 3884 439 3933 est
470 3882 626 3933 Deus.

242 3969 520 4025 Calamus.
567 3968 687 4021 Non
744 3984 907 4034 sono,
972 3966 1072 4038 qui
1128 3967 1350 4034 transit,
1400 3970 1689 4037 comparat
1742 3966 1869 4018 Ver-

164 4056 315 4111 bum
346 4072 358 4109 :
387 4056 485 4109 sed
519 4054 748 4126 scripto,
780 4054 935 4126 quod
975 4058 1185 4108 manet.
1244 4055 1363 4120 Vel,
1411 4055 1677 4119 velociter,
1738 4054 1872 4123 quia

166 4160 289 4198 non
322 4142 476 4197 aliud
506 4147 637 4214 post
666 4142 818 4197 aliud
846 4163 861 4212 ;
892 4143 989 4197 sed
1021 4142 1214 4196 omnia
1254 4141 1423 4196 simul
1453 4142 1513 4196 in
1544 4159 1658 4196 uno
1689 4142 1871 4195 Verbo

170 4240 419 4287 aeterno.

255 4322 540 4377 Velociter.
572 4320 759 4372 Virtus
784 4318 1114 4389 prophetiae,
1150 4334 1277 4389 qua;
1308 4334 1423 4371 non
1477 4318 1580 4373 sub
1619 4317 1868 4373 cruciatu

172 4409 438 4464 humano
458 4408 669 4480 cogitat
698 4408 852 4478 quod
881 4408 951 4462 de
996 4423 1203 4461 arcano
1234 4406 1547 4461 divinitatis
1606 4407 1731 4461 aliis
1786 4406 1878 4461 di-

167 4500 394 4568 vulgat.

246 4588 416 4640 Vens.
476 4588 527 4640 3.
587 4614 656 4625 —
701 4585 982 4653 Speciosus
1033 4586 1231 4651 forma.
1287 4582 1488 4653 (Cass)
1549 4582 1757 4654 Incipit
1810 4583 1878 4637 de

168 4675 350 4729 laude
379 4673 572 4745 sponsi
628 4672 790 4743 prius
830 4689 860 4725 a
890 4672 1093 4727 forma.
1128 4670 1432 4725 Benedimit.
1494 4670 1693 4725 Priora
1739 4670 1883 4725 dixit

170 4762 469 4832 Propheta
499 4778 565 4815 ex
592 4778 835 4833 persona
855 4762 978 4827 Dei,
1013 4762 1133 4814 haec
1164 4776 1228 4813 ex
1262 4775 1399 4824 sua;
1440 4760 1528 4813 vel
1583 4760 1778 4814 omnia
1812 4776 1881 4814 ex

170 4869 255 4907 se.
286 4851 409 4917 Vel,
444 4855 650 4905 eructat
671 4851 908 4916 verbum,
934 4848 1183 4919 quidicit
1214 4848 1331 4902 Deo
1362 4847 1664 4918 hymnum.

250 4941 394 4994 Dico
419 4955 599 5008 opera.
638 4938 833 5009 (Auc.)
857 4938 924 4992 ad
957 4937 1183 4990 laudem
1213 4937 1354 5006 ejus,
1389 4935 1487 5005 qui
1515 4952 1582 4990 ex
1625 4952 1713 4990 eo.
1747 4938 1877 4991 Lin-

170 5046 314 5100 gua,
346 5029 603 5082 calamus.
639 5028 782 5091 Quia
820 5026 966 5094 quod
994 5025 1139 5090 dico,
1200 5028 1256 5077 et
1309 5024 1511 5092 scribo,
1570 5025 1686 5091 Vel,
1737 5026 1879 5079 velo-

171 5122 353 5175 citer:
386 5116 521 5188 quia
548 5116 657 5169 cito
688 5120 927 5168 ventura
956 5129 1085 5184 quas
1116 5111 1320 5165 scribo.

254 5204 464 5278 (Cass)
498 5207 560 5258 In
588 5204 767 5258 labiis.
801 5202 965 5267 Quia,
998 5217 1063 5255 eo
1112 5202 1404 5271 loquente,
1455 5201 1705 5255 mundus
1752 5216 1881 5271 gra-

170 5297 323 5351 tiam
358 5291 837 5347 reconciliationis
863 5290 1099 5360 accepit.

255 5385 417 5438 Vens.
472 5385 525 5438 4.
559 5411 628 5423 —
671 5382 983 5449 Accingere.
1053 5378 1243 5449 (Ibid.)
1286 5379 1386 5434 Hic
1432 5379 1628 5434 laudat
1675 5396 1807 5434 eum
1852 5397 1884 5433 a

170 5475 467 5547 potestate
492 5489 504 5537 ;
530 5475 588 5525 et
617 5475 675 5524 tu
700 5470 828 5523 talis
859 5472 1154 5537 accingere.

254 5562 423 5616 Vens.
466 5563 517 5614 5.
551 5591 618 5599 —
648 5557 838 5629 Specie
869 5563 964 5613 tua
1012 5561 1063 5612 et
1099 5556 1525 5627 pulchritudine.
1557 5558 1765 5627 Species
1812 5556 1879 5611 ad

1999 531 2067 584 ad
2100 533 2400 597 Deitatem,
2444 551 2557 603 qua
2581 538 2774 590 omnia
2800 537 3048 593 decorat.

2068 621 2306 675 Intende.
2362 623 2659 677 Hominem
2708 630 3043 693 pereuntem
3075 628 3378 685 miseratus
3438 636 3683 706 respice.

2067 710 2343 777 Prospere.
2380 710 2649 764 Liberans
2696 711 2981 768 homines.

2065 797 2311 850 Procede.
2370 798 2448 851 De
2488 804 2652 852 utero
2710 800 2979 871 Virginis,
3035 808 3099 857 ut
3142 821 3429 875 sponsus:
3473 812 3583 877 vel,
3619 812 3690 867 ab

1996 883 2084 937 his
2114 883 2274 937 victis
2305 885 2373 938 ad
2413 886 2555 939 alios
2583 887 2907 942 vincendos.

2066 974 2268 1038 Regna.
2314 975 2377 1027 In
2404 974 2514 1028 ﬁde
2539 975 2842 1029 hominum
2873 982 3029 1031 tuam
3061 982 3376 1049 potentiam
3424 986 3685 1054 ostende,

1994 1060 2093 1129 qui
2119 1076 2344 1131 semper
2365 1062 2635 1131 regnasti.
2671 1064 2733 1117 Et
2763 1080 2866 1134 per
2907 1064 3035 1133 hoc,
3069 1068 3205 1137 quia
3238 1074 3293 1123 et
3348 1086 3451 1139 per
3506 1078 3582 1139 te,
3632 1079 3689 1128 et

1992 1164 2097 1218 per
2146 1154 2272 1203 tuos
2332 1152 2632 1205 veritatem
2679 1152 2865 1221 doces,
2905 1171 3019 1225 qua
3075 1155 3378 1211 falsitatem
3436 1166 3687 1216 nostram

1992 1236 2257 1292 destruis.
2291 1238 2356 1291 Et
2387 1240 2521 1310 quia
2543 1249 2872 1296 mansuetus
2898 1244 3134 1298 ferendo
3156 1247 3355 1307 malos,
3379 1251 3439 1302 ut
3456 1250 3687 1319 quando

1990 1340 2094 1393 pro
2133 1325 2380 1380 inimicis
2412 1329 2612 1396 oravit,
2648 1329 2726 1382 sic
2754 1334 2811 1383 et
2840 1330 2925 1384 sui
2952 1348 2964 1384 :
2994 1334 3058 1386 Et
3084 1333 3219 1403 quia
3244 1335 3527 1404 justitiam
3558 1339 3687 1393 vitae

1991 1414 2259 1467 ostendit.
2293 1416 2360 1467 Et
2416 1416 2551 1486 quia
2598 1416 2838 1471 deducet
2895 1423 2949 1472 te
3003 1420 3279 1475 inoffense
3320 1440 3423 1493 per
3455 1440 3686 1480 cursum

1989 1502 2166 1554 totius
2197 1501 2347 1567 vitae,
2380 1504 2467 1557 vel
2501 1505 2569 1557 de
2596 1506 2811 1575 populo
2856 1507 2924 1560 ad
2957 1511 3257 1578 populum.

2059 1590 2408 1644 Mirabiliter.
2447 1592 2589 1654 Quia
2620 1610 2817 1646 omnes
2847 1594 3230 1661 mirabuntur,
3272 1598 3381 1660 vel,
3416 1599 3549 1667 quia
3578 1600 3683 1654 mi-

1993 1678 2185 1730 racula
2215 1678 2401 1731 faciet.

2061 1766 2221 1819 Vens.
2259 1769 2311 1820 6.
2365 1798 2429 1806 —
2479 1769 2674 1837 Populi
2718 1770 2816 1824 sub
2867 1775 2915 1824 te
2977 1772 3186 1827 cadent.
3239 1773 3424 1843 (Aes)
3483 1777 3546 1830 Id
3601 1782 3686 1831 est

1990 1852 2157 1905 multi
2187 1853 2255 1905 de
2296 1854 2410 1906 suis
2458 1854 2706 1909 inimicis
2753 1850 3080 1927 supponent
3107 1876 3164 1913 se
3198 1860 3326 1926 sibi,
3361 1868 3416 1915 et
3454 1863 3562 1917 hoc
3586 1880 3682 1918 ra-

1988 1940 2143 1992 tione
2174 1940 2260 1992 vel
2290 1941 2605 1995 voluntate.
2642 1945 2755 1997 Hoc
2785 1950 2868 1998 est
2902 1946 3055 2016 quod
3100 1946 3301 2001 titulus
3356 1950 3531 2003 dixit:
3583 1953 3685 2005 Pro

1989 2028 2072 2081 his
2128 2030 2223 2095 qui
2270 2031 2740 2084 commutabuntur
2794 2047 2860 2086 ea:
2901 2034 3042 2101 [iliis
3084 2036 3239 2090 Core.
3290 2065 3362 2077 —
3390 2039 3453 2091 In
3498 2040 3680 2093 corda.

1989 2114 2193 2182 (Cass)
2251 2115 2624 2171 Inimicorum
2682 2122 2937 2184 tuorum,
2994 2126 3054 2174 ut
3120 2122 3235 2177 sint
3290 2125 3480 2193 amici,
3542 2126 3687 2180 sicut

1985 2203 2207 2257 Saulus.

2060 2313 2219 2366 Vens.
2262 2316 2313 2366 7.
2342 2343 2410 2351 —
2443 2313 2623 2368 Sedes.
2659 2312 2853 2381 (Ibid.)
2906 2315 3002 2369 Hic
3045 2332 3075 2369 a
3122 2316 3379 2386 judicio:
3414 2320 3575 2375 Sedes
3607 2321 3678 2375 ad

1978 2398 2259 2467 judicium
2290 2401 2556 2470 pertinet.
2591 2403 2780 2468 Virga.
2818 2402 3010 2471 (Ibid.)
3036 2404 3254 2475 Regula
3275 2406 3483 2461 divinze
3505 2410 3684 2478 tequi-

1982 2486 2137 2553 tatis,
2191 2504 2318 2557 quae
2380 2505 2509 2541 vere
2555 2494 2706 2543 recta
2755 2495 2810 2542 et
2850 2507 3145 2561 nunquam
3192 2500 3495 2549 curVatur:
3558 2497 3681 2551 haec
3754 2562 3761 2565 η

1976 2574 2162 2644 justos
2194 2576 2357 2646 regit,
2390 2576 2617 2648 iniquos
2654 2579 2920 2649 percutit.
2951 2578 3151 2650 (AUG.)
3188 2582 3365 2636 Nemo
3395 2583 3503 2637 sibi
3531 2585 3679 2638 mul-

1982 2667 2105 2715 tum
2150 2663 2220 2717 de
2268 2664 2661 2719 misericordia
2733 2672 3058 2735 praesumat,
3120 2669 3493 2723 blandiatur:
3545 2672 3680 2741 quia

1982 2750 2141 2820 virga
2171 2751 2519 2817 directionis,
2554 2754 2600 2806 si
2653 2754 2792 2807 alios
2818 2755 2987 2825 regit,
3023 2756 3166 2809 alios
3218 2758 3496 2812 conterit:
3530 2759 3678 2831 regit

1981 2838 2326 2909 spirituales,
2349 2842 2592 2895 conterit
2621 2843 2894 2897 carnales.

2051 2946 2211 3000 Vens.
2241 2949 2293 3001 8.
2328 2978 2394 2986 —
2425 2949 2696 3002 Dilemisti.
2730 2949 2921 3018 (Ibid.)
2969 2950 3089 3015 Vel,
3142 2950 3277 3020 quia
3306 2951 3553 3006 dilexisti
3586 2954 3679 3021 ju-

1910 3063 1949 3119 C
1979 3036 2211 3101 stitiam,
2244 3040 2373 3102 etc.,
2400 3036 2624 3109 reddita
2641 3042 2774 3090 sunt
2791 3038 2913 3091 haec
2927 3038 3188 3106 praemia,
3221 3039 3355 3093 fecit
3381 3043 3434 3093 te
3458 3056 3673 3111 regem,

1980 3122 2167 3176 dando
2199 3139 2387 3177 nomen
2424 3124 2567 3191 quod
2596 3129 2674 3179 est
2702 3140 2863 3193 super
2892 3141 3042 3180 omne
3067 3141 3281 3181 nomen.

2048 3212 2129 3265 Et
2153 3211 2336 3265 odisti.
2370 3211 2427 3266 Si
2453 3212 2627 3266 homo
2654 3213 3020 3284 iniquitatem
3048 3215 3106 3267 in
3130 3230 3187 3269 se
3211 3215 3349 3283 odit,
3398 3232 3527 3270 cum
3559 3218 3674 3272 Deo

1978 3298 2144 3352 facit:
2181 3299 2303 3353 odit
2334 3301 2481 3354 Deus
2509 3301 2898 3372 iniquitatem,
2930 3302 3118 3356 oderis
3158 3308 3214 3357 et
3235 3307 3317 3357 tu.

2050 3388 2092 3442 Ο
2122 3391 2278 3442 Deus.
2314 3386 2511 3459 (Αυα.)
2534 3390 2623 3443 Bis
2656 3390 2894 3460 ponitur
2920 3391 2981 3445 in
3012 3391 3203 3445 Graeco
3259 3396 3477 3463 aperte,
3530 3395 3676 3449 alter

1977 3476 2286 3540 vocativus,
2316 3477 2460 3529 alter
2518 3477 2922 3532 nominativus.
2992 3479 3102 3532 Iste
3160 3483 3366 3533 unctus
3420 3484 3525 3548 est,
3578 3479 3674 3533 ille

1978 3563 2124 3634 lapis
2152 3580 2323 3635 quem
2353 3564 2524 3619 Jacob
2553 3565 2731 3621 unxit.

2048 3670 2212 3723 Vens.
2238 3673 2290 3724 9.
2320 3701 2388 3709 —
2430 3672 2679 3738 Myrrha,
2714 3676 2817 3725 etc.
2880 3672 3085 3741 (Cass)
3134 3672 3234 3725 Hic
3281 3673 3475 3726 laudat
3530 3674 3675 3728 Pro—

1977 3757 2152 3827 pheta
2209 3773 2485 3828 sponsum
2540 3758 2610 3811 ab
2662 3775 2834 3812 uxore
2878 3762 2933 3811 et
2985 3764 3227 3825 ornatu;
3260 3760 3449 3829 primo
3480 3761 3551 3814 ab
3581 3778 3675 3815 or-

1979 3850 2133 3899 natu.
2168 3844 2360 3915 (Αυο.)
2388 3846 2617 3913 Myrrha
2637 3851 2686 3899 et
2714 3850 2895 3913 gutta.
2932 3845 3145 3900 Odores
3186 3847 3330 3900 bene
3390 3848 3671 3902 adhiben-

1978 3938 2073 3985 tur
2100 3933 2343 4002 nuptiali
2375 3934 2649 3999 thalamo,
2673 3938 2794 3999 etc.,
2824 3948 2992 4001 usque
3021 3933 3095 3986 ad
3122 3934 3178 3987 id
3211 3939 3313 3998 est,
3331 3935 3672 4004 redemptio,

1980 4037 2081 4091 per
2111 4036 2319 4090 aquam
2351 4020 2640 4090 baptismi.
2674 4021 2956 4074 Eburneis.
2993 4019 3202 4092 (Hien.)
3262 4022 3325 4073 In
3380 4022 3548 4075 ebore
3577 4038 3674 4076 ca-

1980 4108 2157 4175 stitas,
2180 4109 2329 4179 quod
2356 4109 2514 4179 prius
2543 4108 2850 4162 obscurum
2881 4109 3053 4162 serris
3107 4113 3163 4163 et
3214 4109 3368 4163 limis
3419 4109 3673 4164 lucidum

1980 4198 2065 4263 ﬁt,
2098 4197 2177 4251 ita
2202 4197 2381 4250 sancti
2413 4213 2517 4267 per
2545 4198 2819 4250 sectiones
2874 4201 2927 4251 et
2975 4196 3292 4251 attritiones
3320 4198 3676 4253 diversorum

1987 4285 2400 4356 suppliciorum
2427 4284 2661 4349 elimati,
2692 4286 2968 4339 virtutum
2996 4286 3267 4341 varietate
3306 4287 3451 4342 ﬁunt
3481 4288 3675 4342 lucidi.

1987 4377 2140 4430 Filiae
2158 4391 2361 4443 regum.
2426 4374 2632 4446 (Αυο.)
2680 4377 3083 4446 Terrenorum,
3111 4393 3229 4432 non
3261 4385 3523 4433 curantes
3572 4378 3677 4432 ho-

1987 4478 2187 4517 norem
2217 4468 2468 4533 patrum,
2501 4467 2632 4530 etc.,
2662 4479 2832 4534 usque
2883 4465 2958 4519 ad
2990 4472 3044 4519 et
3083 4466 3155 4519 ad
3205 4482 3401 4521 semen
3435 4466 3681 4521 excitan-

1989 4550 2126 4605 dum
2158 4556 2551 4621 susceperunt.

2056 4658 2222 4711 Vens.
2280 4660 2364 4711 tO.
2402 4688 2468 4696 —
2510 4658 2711 4712 Astitit
2764 4661 2978 4727 regina,
3024 4663 3129 4713 etc.
3192 4660 3411 4730 (Cass)
3472 4660 3569 4714 Hic
3608 4659 3678 4714 ab

1987 4759 2165 4797 uxore
2212 4743 2575 4797 commendat
2623 4761 2918 4815 sponsum.
2984 4749 3281 4801 Varietate.
3342 4746 3527 4816 (Ibid.)
3567 4746 3683 4800 Etsi

1990 4832 2061 4886 sit
2097 4831 2286 4886 unitas
2316 4831 2377 4885 in
2422 4832 2713 4897 charitate,
2750 4837 2943 4886 tamen
2975 4851 3135 4900 auro,
3166 4835 3222 4887 id
3273 4840 3377 4901 est,
3429 4834 3685 4889 doctrina

1987 4921 2417 4991 Apostolorum,
2476 4937 2639 4974 cocco
2697 4926 3034 4991 martyrum,
3088 4922 3332 4992 gemmis
3372 4922 3680 4993 virginum,

1988 5025 2246 5079 purpura
2282 5009 2685 5079 poenitentium
2718 5015 2971 5064 ornatur.

2060 5116 2221 5169 Vens.
2252 5119 2335 5168 tt.
2369 5146 2436 5155 —
2458 5116 2629 5180 Audi,
2656 5115 2795 5183 ﬁlia.
2826 5116 3029 5184 (Cass)
3067 5118 3208 5170 Laus
3256 5134 3478 5187 sponsa:
3534 5134 3685 5173 sum-

1992 5203 2237 5269 missior,
2271 5203 2369 5257 sed
2399 5203 2775 5274 quadruplex,
2806 5220 2840 5256 a
2894 5203 3098 5269 forma,
3143 5221 3170 5256 a
3201 5206 3401 5274 gloria,
3455 5207 3524 5259 ab
3556 5207 3690 5261 ado-

1992 5291 2335 5359 lescentulis,
2386 5308 2418 5345 a
2465 5292 2646 5361 prole.
2699 5291 2889 5361 (Aes)
2947 5293 3122 5361 Audi,
3170 5293 3309 5363 ﬁlia.
3363 5295 3691 5365 Alloquitur

1994 5380 2277 5450 Propheta
2306 5378 2587 5449 reginam,
2620 5384 2895 5451 tanquam
2927 5398 3074 5435 unus
3101 5382 3169 5435 de
3200 5382 3475 5451 patribus.
3508 5385 3692 5455 Judaei

1990 5468 2257 5522 viderunt
2282 5473 2338 5522 et
2362 5468 2710 5535 occiderunt,
2740 5473 2804 5522 tu
2852 5469 2988 5523 audi
3038 5470 3434 5542 Evangelium,
3466 5477 3522 5527 et
3563 5491 3691 5529 crc-

1992 5556 2178 5611 dendo
2204 5555 2422 5611 videbis
2452 5558 2669 5611 Deum:
2720 5556 2812 5611 hic
2861 5573 2967 5628 per
3008 5558 3344 5630 imaginem,
3395 5562 3455 5616 in
3496 5562 3690 5618 futuro
