4034 6180
390 273 484 324 911
1007 269 1399 324 WALAFRIDI
1438 271 1683 326 STRABI
1724 272 1918 326 FULD.
1962 271 2131 326 MON.
2171 271 2321 328 OPP.
2365 269 2538 324 PARS
2576 270 2617 323 I.
2659 297 2727 304 -—
2766 267 3218 322 THEOLOGICA.
3761 276 3843 325 9t?

390 409 494 463 per
525 392 794 463 speciem.
836 392 954 456 Vel,
1006 392 1150 447 Audi
1188 391 1543 462 pr0phetias,
1577 409 1706 463 quae
1740 393 2084 447 incarnatio-
2125 395 2170 446 Α
2271 393 2433 446 Vens.
2480 393 2530 444 4.
2593 420 2660 430 -
2717 391 3022 445 Sonuerunt
3076 395 3126 442 et
3157 389 3405 456 turbata,
3447 393 3548 444 etc.
3586 391 3845 446 Contradi-

391 499 525 537 nem
551 483 956 553 praedixerunt,
992 486 1048 535 et
1078 480 1203 534 vide
1235 481 1520 550 impletas.

466 575 621 626 Vens.
678 574 759 626 12.
791 603 856 610 -
891 573 960 624 Et
1005 571 1335 638 concupiscet
1371 586 1490 623 rem.
1524 569 1724 640 (Cass)
1758 570 1856 624 Hic
1898 569 2092 624 laudat

394 677 523 716 eam
549 677 581 714 a
610 660 814 713 forma.

465 752 628 803 Vens.
687 751 771 802 13.
820 777 892 787 -
937 749 1086 814 Tyri.
1158 747 1367 813 (CASS.)
1420 748 1526 800 Per
1577 747 1808 817 Tyrum,
1845 746 2090 800 vicinam

391 839 624 904 Judeem,
657 840 853 905 gentes
883 835 1290 905 designantur;
1329 835 1482 888 unde
1515 835 1721 888 mulier
1770 835 2092 888 Chananzea

393 926 653 979 Ecclesia:
676 924 880 993 ﬁgura.
915 925 1113 989 (Cass.)
1152 927 1301 992 Tyri,
1330 923 1612 993 gentium,
1639 941 1670 976 a
1693 929 1852 994 parte
1882 928 2090 976 totum.

390 1017 463 1067 In
490 1014 833 1068 mune-ribus.
900 1011 1096 1082 (AUG.)
1134 1013 1199 1066 Ut
1239 1028 1297 1065 se
1329 1012 1592 1077 offerant,
1627 1016 1758 1080 etc.,
1812 1027 1980 1081 usque
2017 1012 2092 1065 ad

392 1106 589 1170 gentes
621 1100 853 1165 scilicet,
875 1116 1003 1170 qua:
1033 1104 1164 1151 sunt
1187 1099 1242 1152 in
1271 1099 1534 1167 angustia
1563 1105 1944 1170 peccatorum.

466 1190 622 1240 Vens.
657 1188 738 1240 14.
769 1217 837 1226 —
868 1187 1051 1242 Omnis
1083 1187 1279 1254 gloria.
1311 1185 1521 1255 (CASS.)
1557 1189 1603 1238 Α
1629 1185 1813 1256 gloria
1842 1202 2086 1255 sponsae,

395 1285 457 1330 ut
482 1292 655 1346 supra
684 1292 716 1328 a
750 1279 1027 1344 potestate
1059 1274 1271 1344 sponsi.
1303 1274 1388 1328 Ab
1425 1276 1590 1327 intus.
1635 1276 1830 1344 (AUG.)
1864 1275 1958 1327 Vel
1995 1269 2088 1327 lin-

394 1365 694 1419 trinsecus.
724 1364 805 1417 Sit
835 1379 970 1432 ergo
1027 1363 1392 1432 eleemosyna
1431 1363 1491 1414 in
1533 1363 1770 1428 occulto,
1815 1361 1911 1415 ubi
1941 1364 2088 1416 Deus

395 1453 567 1506 videt.
597 1453 692 1504 Vel
725 1468 839 1504 non
872 1451 930 1504 in
963 1450 1394 1504 circumcisione
1453 1451 1799 1518 manufacta,
1851 1451 1997 1504 sicut
2029 1451 2087 1504 in

393 1540 569 1593 veteri
619 1541 764 1609 lege,
825 1539 922 1592 sed
951 1540 1013 1592 in
1068 1538 1482 1608 spiritualibus.
1539 1538 1814 1591 Fimbriis.
1879 1538 2084 1607 (Cass)

391 1631 545 1682 Finis
603 1629 770 1680 vestis
844 1627 1126 1697 signiﬁcat
1189 1627 1366 1679 tinem
1425 1626 1625 1678 mundi
1667 1626 1751 1678 vel
1813 1626 2081 1678 hominis.

391 1711 613 1772 Aureis.
667 1717 786 1769 Non
820 1715 1129 1780 deauratis,
1180 1720 1245 1768 ut
1299 1729 1492 1783 supra,
1545 1714 1637 1767 sed
1694 1713 1900 1779 aureis,
1957 1715 2090 1784 quia

388 1807 448 1858 in
506 1806 619 1858 line
674 1809 792 1857 tota
854 1803 1124 1872 perfectio
1186 1806 1288 1869 est,
1339 1801 1438 1855 ubi
1505 1801 1752 1855 Charitas
1801 1801 2091 1857 invenitur

391 1895 583 1964 plena.

464 1983 628 2034 Vens.
659 1981 738 2033 15.
779 2009 847 2020 -
889 1979 1241 2031 Adducentur
1267 1980 1402 2044 regi.
1434 1977 1617 2048 (Ibid.)
1675 1978 1772 2032 Hic
1822 1978 2090 2031 laudatur

391 2085 602 2138 sponsa
632 2068 700 2121 ab
733 2067 1042 2132 amicabus,
1077 2072 1137 2119 ut
1165 2083 1336 2135 supra
1388 2083 1419 2119 a
1470 2067 1710 2137 judicio.
1745 2067 1931 2134 (Ibid.)
1969 2067 2088 2120 Ad-

391 2157 673 2222 ducentur,
718 2161 1042 2225 opportuna
1069 2155 1490 2225 prmdicatione.
1526 2157 1649 2209 Post
1695 2171 1832 2209 eam.
1884 2157 2085 2223 (Ibid.)

394 2245 554 2297 Prius
601 2244 792 2298 unitas
831 2243 1056 2306 dicitur,
1108 2247 1232 2312 post
1289 2244 1648 2296 enumeratio
1707 2244 1953 2314 partium
2003 2249 2087 2296 est

388 2333 673 2393 distincta,
697 2349 825 2385 cum
856 2331 1088 2386 dicitur:
1131 2333 1382 2397 Virgines
1413 2337 1462 2385 et
1487 2335 1776 2400 proximae.

461 2422 626 2474 Vens.
659 2425 740 2474 l7.
774 2451 843 2459 -—
872 2423 973 2474 Pro
1015 2421 1266 2488 patribus
1308 2423 1415 2474 tuis
1469 2423 1590 2474 nati
1646 2426 1771 2474 sunt
1807 2421 1908 2474 tibi
1959 2422 2081 2488 ﬁlii.

390 2509 586 2577 (Ibid.)
624 2509 717 2562 Vel
751 2525 854 2577 pro
885 2507 1135 2576 antiquis
1155 2506 1730 2577 patribus,idolorum
1749 2508 2079 2562 cultoribus.

386 2597 506 2650 nati
537 2596 963 2666 suntApostoli,
989 2597 1278 2667 principes
1307 2596 1746 2666 praedicationis.
1770 2597 1964 2667 (Λυο.)
1988 2598 2083 2650 Vel

389 2690 514 2754 post
538 2686 845 2756 prophetas
875 2685 1151 2754 Apostoli,
1186 2691 1312 2754 post
1339 2686 1642 2754 Apostolos
1681 2685 1796 2738 alii.

461 2774 733 2827 Cantatur
763 2773 853 2826 hic
895 2774 1148 2843 psalmus
1179 2774 1248 2826 de
1283 2773 1425 2826 festo
1481 2774 1664 2827 beata:
1714 2773 1901 2826 Mariae
1961 2774 2081 2827 Vir-

383 2861 552 2930 ginis,
587 2861 721 2930 quia
754 2877 882 2930 quaa.
917 2861 984 2913 de
1019 2861 1261 2914 Ecclesia
1293 2861 1642 2929 generaliter
1672 2861 1762 2914 hic
1793 2861 2082 2928 dicuntur,

385 2950 456 3003 ad
491 2949 719 3002 Mariam
749 2949 1072 3017 specialiter
1100 2949 1304 3002 referri
1326 2954 1584 3018 possunt.
1618 2951 1894 3002 Cantatur
1916 2949 2087 3002 etiam

387 3052 490 3106 pro
547 3035 887 3104 virginibus,
944 3035 1080 3104 quia
1137 3034 1216 3088 ibi
1269 3033 1513 3088 dicitur.
1564 3035 1921 3089 Adduccntur
1961 3039 2086 3102 regi

386 3127 643 3190 uirgines.
683 3125 747 3176 Et
777 3139 882 3192 pro
917 3123 1220 3192 Apostolis,
1255 3124 1392 3194 qnia
1417 3125 1512 3177 ubi
1543 3124 1776 3177 dicitur:
1800 3127 1932 3178 Nati
1957 3130 2083 3178 sunt

391 3212 494 3264 tibi
524 3213 644 3278 ﬁlii.
684 3211 824 3263 Item
865 3211 933 3263 de
973 3210 1265 3262 nativitate
1301 3210 1547 3274 Domini,
1581 3210 1717 3280 quia
1767 3209 1846 3262 ibi
1897 3210 2084 3280 agitur

392 3299 461 3350 de
506 3298 672 3350 laude
703 3299 897 3366 sponsi
925 3303 980 3350 et
1027 3313 1252 3366 sponsae
1287 3303 1344 3350 et
1387 3297 1458 3351 de
1489 3297 1704 3366 nuptiis
1762 3296 1970 3350 Christi
2028 3301 2085 3350 et

396 3385 675 3448 Ecclesiae,
723 3401 966 3454 quarum
1014 3384 1377 3454 desponsatio
1415 3384 1562 3437 facta
1591 3389 1674 3437 est
1703 3383 1762 3436 in
1794 3383 1959 3436 Verbi
1990 3385 2080 3436 in-

392 3473 738 3526 carnatione.

983 3595 1290 3650 PSALMUS
1346 3596 1494 3649 XLV.

465 3740 617 3792 Vens.
643 3741 688 3792 l.
722 3769 790 3776 —
820 3739 890 3791 In
918 3741 1094 3806 ﬁnem.
1152 3737 1360 3805 (C..\ss.)
1416 3739 1670 3791 Psalmus
1728 3737 1924 3800 David,
1974 3739 2085 3792 ali-

393 3827 551 3896 cujus
583 3827 767 3881 tidelis
791 3827 859 3881 de
889 3827 1106 3895 Judaea,
1132 3832 1193 3880 ut
1225 3827 1297 3880 sit
1327 3827 1534 3880 certius
1564 3827 1974 3882 testimonium.

466 3917 574 3968 Pro
603 3917 840 3970 arcanis.
894 3916 1002 3968 Pro
1037 3914 1491 3968 manifestatione
1519 3931 1880 3982 arcanorum,
1933 3916 2084 3985 quod

395 4004 539 4057 Deus
571 4003 642 4056 sit
673 4004 863 4066 homo,
898 4003 1050 4073 quod
1085 4004 1234 4056 salus
1265 4003 1544 4072 promissa
1574 4003 1800 4073 utrique
1851 4005 2082 4073 populo,

391 4093 544 4162 quod
575 4093 793 4145 cam-itas
823 4092 1062 4162 contigit
1117 4093 1174 4144 in
1209 4092 1400 4157 Israel,
1435 4092 1583 4161 quod
1618 4092 1875 4160 Apostoli
1903 4096 2084 4144 trans-

390 4182 582 4234 ierunt
619 4181 685 4233 ad
718 4184 934 4248 gentes,
967 4179 1120 4249 quod
1156 4195 1260 4249 pax
1292 4180 1349 4232 in
1385 4184 1571 4244 terra;
1623 4180 1812 4233 unde:
1869 4181 2080 4248 Con/la-

392 4271 522 4324 bunt
551 4269 763 4336 gladios
793 4283 916 4323 suos
948 4271 1010 4321 in
1049 4283 1283 4322 vomeres
1331 4273 1381 4323 et
1422 4271 1632 4322 lanceas
1661 4283 1787 4323 suas
1814 4271 1872 4322 in
1908 4271 2077 4336 falces

392 4361 522 4424 (Isa.
558 4359 636 4424 ιι).

461 4449 616 4502 Filiis
646 4448 793 4501 Core.
837 4446 1047 4515 (CASS.)
1081 4445 1206 4498 Filii
1237 4445 1438 4498 crucis.
1495 4447 1566 4498 De
1613 4444 1852 4512 arcanis,
1885 4445 1943 4500 id
1973 4449 2076 4511 est,

391 4537 458 4590 de
486 4536 734 4589 adventu
760 4534 968 4588 Christi
996 4534 1268 4604 loquitur.

462 4625 624 4675 Vens.
673 4611 726 4676 ἢ.
763 4651 830 4661 -
867 4623 1006 4675 Deus
1036 4626 1232 4674 noster.
1269 4621 1487 4691 (CASS.,
1541 4619 1713 4690 AUG.)
1743 4622 1806 4675 In
1835 4621 2081 4676 adventu

391 4709 619 4763 Domini
653 4708 840 4761 omnis
905 4724 1032 4777 spes
1089 4708 1353 4762 habenda
1404 4709 1743 4774 ostenditur,
1804 4709 1977 4764 etiam
2017 4709 2077 4762 in

389 4797 633 4852 transitu
683 4795 1085 4866 Apostolorum
1135 4795 1204 4849 ad
1234 4801 1451 4865 gentes.
1485 4799 1806 4850 Invenerunt
1852 4813 1946 4852 nos
1993 4800 2078 4851 ni-

388 4889 508 4941 mis.
539 4884 738 4957 (Auc.)
770 4887 879 4939 Nos
926 4885 1080 4938 enim
1112 4884 1470 4954 fugiebamus
1504 4902 1624 4940 eas.
1685 4887 1802 4952 Vel,
1864 4888 2077 4940 invene-

387 4980 516 5029 runt
547 4990 641 5028 nos
691 4973 974 5044 expositos
1005 4989 1104 5042 per
1142 4973 1342 5026 Adam.
1375 4975 1572 5040 Nimis,
1606 4977 1763 5027 tanto
1790 4974 2078 5044 potentior

389 5065 485 5134 qui
507 5065 728 5116 liberat.
1295 5123 1324 5138 υ

458 5153 615 5205 Vens.
647 5153 696 5204 3.
747 5179 814 5191 —
845 5149 1180 5204 Turbabitur
1235 5155 1401 5215 terra,
1435 5154 1484 5204 ct
1516 5152 1914 5216 transferentur
1932 5165 2075 5204 mon-

389 5244 484 5305 tes,
514 5243 618 5292 etc.
652 5238 859 5305 (CASS.)
886 5237 1104 5304 Iudaea,
1136 5237 1298 5307 quasi
1333 5238 1528 5291 arida:
1570 5237 1692 5290 sine
1727 5237 2072 5305 idololatria,

385 5326 770 5380 amaritudine
800 5325 1060 5396 gentium
1092 5326 1458 5380 circumdata.
1497 5327 1614 5392 Vel,
1660 5341 1828 5380 mare.
1881 5327 2074 5397 (AUG.)

385 5415 679 5468 saeculum.

455 5505 566 5558 Cor
588 5504 777 5558 maris.
808 5501 1140 5556 Immauitas
1169 5503 1449 5572 gentium.

2203 486 2409 545 centes,
2447 484 2678 547 gentes:
2716 478 2804 531 vel
2831 477 3087 548 Apostoli
3118 477 3499 548 praedicando.

2272 571 2341 622 Et
2385 568 2614 620 turbatae
2659 570 2785 620 sunt
2814 581 2969 633 aqua:
2997 581 3198 620 eorum.
3229 565 3314 618 Ad
3347 581 3574 619 sensum
3631 567 3688 620 ﬁt
3730 570 3847 621 rela-

2200 656 2303 723 tio,
2335 672 2452 710 non
2503 655 2572 708 ad
2627 671 2819 707 vocem
2852 670 2864 707 :
2900 653 2958 707 id
2997 658 3098 720 est,
3123 669 3289 724 aquae
3321 654 3512 722 maris,
3548 654 3741 709 scilicet
3766 673 3849 726 po-

2200 743 2340 814 puli,
2373 744 2458 796 vel
2508 742 2782 796 doctrinae
2813 758 3034 807 eorum,
3089 758 3217 812 quae
3274 741 3568 795 inlatuatae
3601 751 3740 810 sunt,
3773 762 3849 797 co-

2201 838 2460 886 ruscante
2489 832 2748 886 doctrina
2764 830 3068 885 Salvatoris
3088 848 3102 898 ;
3123 831 3276 884 unde
3297 847 3310 882 :
3335 832 3596 900 Absorpti
3619 838 3848 898 sunt,etc.

2201 923 2266 974 Et
2303 921 2421 974 hac
2451 925 2536 974 est
2575 920 2734 990 virga
2792 919 2989 990 Moysi,
3043 935 3171 990 quas
3216 919 3512 973 devoravit
3557 921 3732 990 virgas
3756 921 3851 974 Ma-

2200 1025 2423 1080 gorum.

2271 1099 2427 1150 Vens.
2549 1126 2619 1137 —
2659 1097 2928 1150 Fluminis
2967 1097 3216 1163 impetus.
3251 1094 3456 1167 (CASS.)
3509 1095 3850 1166 Diapsalmus.

2198 1186 2341 1249 Quia
2375 1185 2620 1239 Ecclesia
2649 1185 2708 1237 in
2739 1185 2961 1238 Christo
2991 1183 3284 1249 fundatur,
3344 1184 3436 1236 cui
3487 1189 3680 1254 gentes
3707 1191 3757 1238 et
3783 1201 3854 1238 re-

2198 1290 2310 1344 gna
2341 1274 2738 1344 subjiciuntur.
2773 1275 2973 1343 (Auc.)
3001 1272 3172 1336 Quasi
3199 1271 3386 1326 dicat:
3412 1273 3495 1325 Ita
3523 1272 3676 1326 saevit
3696 1290 3852 1339 mare;

2199 1360 2298 1414 sed
2330 1361 2478 1414 inter
2503 1363 2607 1415 hos
2638 1362 2843 1414 fluctus
2885 1367 2942 1414 et
2971 1360 3193 1414 sonitus
3250 1377 3366 1413 non
3423 1361 3647 1427 timent,
3693 1361 3780 1430 qui
3800 1363 3853 1414 ad

2199 1449 2341 1503 illud
2367 1450 2652 1520 refugium
2683 1450 3085 1520 confugerunt.

2270 1539 2430 1592 VERS.
2493 1543 2542 1592 6.
2578 1570 2645 1578 —
2684 1539 2986 1606 Adjuvabil
3024 1554 3160 1591 eam.
3212 1537 3421 1604 (CASS.)
3458 1538 3578 1602 Vel,
3624 1539 3782 1605 vultu,
3809 1537 3855 1591 id

2201 1630 2305 1691 est,
2368 1627 2852 1680 demonstratione
2885 1626 3080 1679 auxilii
3112 1627 3220 1692 sui,
3273 1642 3402 1679 cum
3466 1625 3773 1693 adjuvando
3809 1643 3856 1678 se

2199 1714 2426 1768 indicat.
2449 1716 2633 1768 Mane.
2671 1717 2733 1768 In
2765 1715 2888 1784 ipso
2919 1715 3057 1768 boni
3089 1715 3278 1784 operis
3305 1714 3631 1784 principio;
3668 1720 3716 1767 et
3753 1715 3855 1776 hoc,

2197 1803 2452 1869 diluculo,
2487 1804 2542 1857 id
2597 1808 2699 1869 est,
2734 1819 2835 1872 per
2864 1803 3348 1857 illuminationem
3393 1804 3575 1857 sancti
3625 1804 3856 1873 Spiritus,

2197 1892 2297 1962 qui
2323 1899 2405 1945 est
2435 1894 2531 1945 lux
2563 1892 2727 1962 quasi
2757 1891 2893 1946 diei.

2269 1981 2497 2032 νωθῆ.
2532 2009 2598 2016 -
2625 1980 2812 2033 Dedit.
2861 1978 3031 2042 Quasi
3063 1994 3335 2049 magnum
3385 1979 3715 2049 praemium.
3772 1983 3854 2034 Vo-

2193 2082 2320 2120 cem.
2398 2065 2889 2131 Prmdicationem,
2943 2066 3013 2120 ad
3081 2083 3256 2136 quam
3311 2068 3554 2122 tremuit
3612 2073 3853 2122 lerrenus.

2193 2155 2421 2208 Tremet
2467 2159 2621 2206 metu
2649 2153 2877 2224 judicis.

2265 2243 2423 2296 Vens.
2473 2245 2524 2296 8.
2589 2273 2656 2280 —
2715 2245 2972 2296 Dominus
3042 2245 3328 2297 virtutum.
3390 2245 3592 2314 (Ibid.)
3645 2245 3853 2299 Breviter

2193 2329 2396 2383 definit
2422 2331 2558 2401 quid
2581 2331 2653 2384 sit
2683 2331 2960 2385 Christus.
3019 2330 3326 2386 Nobiscum.
3371 2334 3586 2397 Quasi:
3644 2334 3743 2397 Qui
3772 2335 3850 2387 mi-

2192 2418 2265 2471 sit
2293 2420 2545 2488 angelos,
2589 2419 2711 2487 jam
2745 2419 2862 2488 ipse
2893 2418 3064 2483 venit,
3126 2423 3182 2472 et
3233 2424 3318 2473 est
3381 2421 3700 2486 nobiscum,
3750 2421 3855 2491 quia

2192 2507 2488 2560 nobiscum
2521 2511 2854 2575 susceptor;
2889 2523 3052 2576 ergo:
3089 2509 3292 2571 Venite,
3326 2507 3490 2578 quasi
3515 2509 3637 2578 jam
3666 2525 3855 2561 securos

2195 2611 2293 2647 vos
2324 2595 2521 2648 invito.
2565 2597 2775 2650 Noster.
2835 2595 2960 2648 Non
3017 2595 3126 2648 nisi
3180 2595 3432 2649 iiliorum
3483 2597 3682 2649 crucis.
3743 2597 3856 2648 Deus

2189 2684 2382 2737 Jacob.
2419 2683 2527 2746 Qui
2551 2687 2704 2736 tanta
2735 2682 2900 2736 nobis
2929 2683 3084 2736 dedit
3113 2688 3326 2754 quanta
3351 2684 3512 2738 dedit
3539 2685 3704 2739 Jacob
3727 2701 3738 2737 :
3765 2701 3858 2738 non

2191 2771 2345 2824 enim
2375 2771 2529 2824 illius
2561 2777 2785 2824 tantum
2825 2776 2909 2823 est
2944 2772 3106 2825 Deus.

2262 2861 2422 2912 Vens.
2475 2863 2525 2913 9.
2560 2890 2620 2900 -
2665 2860 2850 2912 Venite
2905 2862 2956 2911 et
2999 2859 3192 2912 videte.
3249 2858 3439 2928 (Ibid.)
3509 2859 3860 2929 Diapsalmus.

2129 2953 2168 3006 C
2200 2947 2478 3017 Magnalia
2526 2945 2952 2999 incarnationis.
3014 2947 3216 3000 Posuit.
3278 2946 3452 3010 Quasi
3487 2948 3670 3016 signa,
3701 2948 3767 2999 ad
3791 2963 3862 2999 vo-

2193 3036 2435 3089 candum
2469 3034 2765 3104 populum.
2802 3033 3088 3100 Prodigia.
3129 3035 3196 3087 Ut
3221 3035 3290 3088 de
3321 3040 3492 3104 partu
3524 3036 3780 3107 Virginis,
3818 3039 3864 3088 et

2193 3125 2373 3190 stella,
2429 3129 2486 3176 et
2541 3122 2776 3176 caeteris.
2819 3123 3090 3188 Auferens
3144 3123 3298 3178 bella.
3340 3127 3537 3196 (Auc.)
3591 3125 3729 3189 Quia
3778 3140 3866 3195 per

2193 3214 2315 3284 ejus
2344 3212 2650 3266 adventum
2699 3210 3023 3264 idololatria
3051 3217 3108 3264 et
3135 3213 3463 3282 superstitio
3513 3215 3686 3268 totius
3733 3214 3868 3268 orbis

2194 3303 2358 3374 perit,
2392 3302 2500 3367 vel,
2540 3308 2674 3354 tunc
2702 3299 2978 3370 temporis
3026 3317 3132 3371 pro
3189 3302 3312 3372 ejus
3368 3304 3679 3373 praesentia
3737 3303 3868 3357 orbis

2193 3394 2426 3459 pacatus
2457 3389 2582 3444 fuit.

2262 3477 2422 3530 Vens.
2479 3480 2562 3530 lt.
2625 3508 2693 3515 -—
2754 3477 2973 3530 Vacate.
3034 3478 3217 3548 (Ibid.)
3285 3479 3343 3533 Si
3399 3481 3701 3534 combusta
3753 3485 3869 3534 sunt

2191 3578 2370 3630 arma,
2402 3569 2607 3632 vacate,
2637 3580 2755 3618 non
2785 3567 3062 3621 habentes
3092 3567 3246 3621 unde
3275 3570 3567 3640 pugnetis.

2772 3705 3080 3761 PSALMUS
3123 3707 3306 3763 XLVI.

2263 3828 2426 3882 Vens.
2487 3831 2540 3882 2.
2579 3860 2646 3867 -
2685 3829 2875 3885 Omnes
2908 3836 3106 3900 gentes.
3159 3831 3358 3903 (AUG.)
3405 3834 3580 3898 Quasi
3640 3837 3860 3891 diceret:

2195 3915 2491 3980 insultant,
2517 3916 2701 3985 pueri,
2736 3917 2987 3971 dicentes
3022 3935 3034 3972 :
3091 3919 3270 3986 Calve,
3314 3923 3482 3987 calve,
3535 3939 3636 3976 Vos
3691 3939 3867 3977 omnes

2195 4007 2393 4072 gentes
2435 4005 2504 4057 ad
2539 4021 2679 4074 quas
2704 4006 2963 4059 transivit
2991 4007 3202 4076 gratia:
3237 4010 3506 4079 Plaudite,
3542 4017 3649 4066 etc.
3685 4015 3867 4067 Gentes

2195 4092 2265 4145 ad
2291 4107 2430 4161 quas
2462 4093 2720 4146 transivit
2749 4095 2953 4162 gratia,
2982 4100 3037 4147 et
3067 4111 3211 4166 quos
3240 4096 3300 4150 in
3328 4098 3511 4168 priori
3541 4102 3761 4171 psalmo
3807 4101 3864 4154 ad

2195 4180 2368 4234 tidem
2399 4180 2636 4247 vocavit,
2669 4180 2874 4235 invitat
2925 4183 2996 4237 ad
3027 4184 3273 4238 laudem.

2263 4269 2419 4322 Vens.
2463 4271 2514 4323 3.
2567 4300 2636 4308 —
2681 4271 2963 4327 Excelsus.
3006 4273 3210 4342 (lima)
3269 4275 3472 4329 Potens
3528 4278 3687 4348 quod
3741 4278 3859 4332 vult.

2197 4356 2498 4411 Terribilis.
2532 4359 2778 4428 (Reme)
2803 4359 2944 4422 Quia
2967 4361 3323 4429 judicaturus
3347 4363 3404 4415 in
3434 4371 3740 4434 potestate.

2262 4446 2495 4500 Vens.4.
2530 4476 2576 4483 -ο
2627 4446 2868 4514 Subjecit
2891 4450 3114 4516 populos
3144 4451 3316 4504 nobis.
3365 4452 3574 4522 (Cass.)
3631 4457 3742 4509 Hoc
3784 4456 3862 4508 ho-

2192 4533 2443 4587 minibus
2474 4533 2737 4586 ﬁdelibus
2767 4537 3054 4600 convenit,
3097 4537 3305 4607 quibus
3333 4557 3533 4595 omnes
3585 4543 3861 4598 extrinseci

2191 4621 2431 4690 subjecti
2472 4625 2622 4689 sunt,
2655 4623 2766 4690 vel,
2835 4623 2941 4678 sibi
2989 4625 3228 4695 subjecit
3289 4629 3452 4682 nobis
3499 4633 3858 4686 associandos.

2189 4712 2437 4778 Populos,
2486 4711 2734 4765 Iudaeos.
2811 4713 2991 4768 Nobis.
3053 4715 3237 4784 (Ibid.)
3299 4717 3619 4774 Universali
3676 4721 3862 4775 scilicet

2191 4798 2480 4864 Ecclesiae;
2514 4799 2622 4853 hoc
2648 4800 2835 4854 dicere
2859 4803 3400 4858 convenitomnibus
3429 4806 3720 4877 fidelibus,
3758 4809 3861 4878 qui-

2188 4886 2294 4939 bus
2315 4887 2613 4939 extrinseci
2641 4888 2880 4957 subjecti
2912 4894 3062 4943 sunt.
3096 4889 3210 4944 Sub
3251 4893 3498 4960 pedibus.
3533 4897 3724 4965 (Ibid.)
3772 4898 3861 4950 Per

2183 4975 2366 5044 pedes,
2398 4975 2803 5044 praedicatores
2854 4977 3065 5047 accipe,
3125 4979 3333 5049 quibus
3388 4985 3586 5052 populi
3645 4982 3859 5055 subjecti

2187 5069 2337 5118 sunt.
2368 5064 2560 5133 (Λυο.)
2595 5066 2704 5119 Sub
2725 5066 2975 5135 pedibus.
3004 5067 3091 5121 Sic
3124 5073 3207 5122 est
3238 5071 3481 5126 exaltata
3520 5075 3778 5142 Ecclesia,
3807 5078 3859 5127 ut

2186 5151 2442 5206 nondum
2473 5152 2768 5206 credentes
2800 5154 2904 5207 sub
2925 5154 3166 5224 pedibus
3192 5155 3418 5212 habeat.

2257 5241 2417 5294 Vens.
2461 5244 2510 5294 5.
2547 5271 2608 5280 -
2651 5243 2829 5309 Elegit
2858 5242 3032 5309 nobis,
3065 5248 3170 5298 etc.
3203 5244 3299 5299 Vel
3343 5245 3399 5299 in
3429 5263 3676 5317 persona
3726 5252 3853 5319 Apo-

2185 5329 2484 5396 stolorum,
2519 5329 2690 5398 elegit
2718 5330 2884 5384 nobis
2910 5331 3044 5385 dare
3072 5332 3462 5389 haereditatem
3521 5353 3707 5402 suam,
3736 5336 3852 5391 mul-

2183 5421 2373 5471 torum
2403 5419 2770 5487 populorum,
2795 5424 2860 5472 ut
2887 5419 3141 5474 colamus
3172 5437 3319 5488 eam,
3357 5423 3548 5493 gladio
3600 5425 3848 5495 praedica-

2184 5503 2355 5558 tionis
2375 5505 2544 5559 corda
2556 5519 2757 5560 eorum
2777 5505 3064 5573 ferientes,
3101 5509 3158 5560 et
3186 5508 3464 5564 malitiam
3489 5510 3846 5566 destruentes.
