4034 6180
181 340 278 390 913
1299 336 1555 392 GLOSSA
1583 334 1987 391 ORDINARIA.
2031 368 2096 376 —
2138 338 2267 393 LIB.
2313 338 2550 393 PSALM.
3572 348 3675 400 914

179 457 566 511 Hereditatem.
616 461 800 523 (Aac)
841 458 1091 511 Caelestis
1131 458 1452 527 hrcreditas,
1504 459 1867 529 pulchritudo
1897 459 1944 512 A
1985 461 2091 514 Sed
2147 463 2476 517 conturbati.
2531 465 2638 516 Pro
2696 456 2945 534 peccato,
2996 469 3051 519 et
3108 468 3366 521 Commoti
3416 475 3554 524 sunt.
3589 472 3670 525 Ad

174 550 251 597 est
273 546 580 599 Christiani
620 546 839 617 populi,
872 546 931 599 in
955 563 1067 617 qua
1100 548 1386 617 speciosus
1419 549 1526 601 erit
1558 548 1779 619 fulgens
1801 555 1865 601 ut
1973 549 2167 613 ﬁdem,
2204 556 2259 604 et
2291 555 2480 604 tantus
2511 550 2616 604 fuit
2644 568 2841 620 pavor,
2878 557 2936 605 ut
2967 570 3170 624 corpus
3195 560 3485 609 tremeret.

172 633 267 701 sol,
297 633 394 703 qui
432 650 582 687 nunc
641 640 725 687 est
757 635 1028 704 abiectus.
1065 636 1303 704 Speciem
1330 637 1504 690 Jacob
1536 654 1719 705 quam,
1753 644 1857 692 etc.

170 721 223 774 Id
254 728 360 789 est,
394 721 609 775 similes
636 723 808 776 Jacob
842 724 923 776 vel
966 723 1214 793 signatos
1273 741 1377 794 per
1404 726 1589 792 Iacob,
1624 726 1721 796 qui
1752 731 1861 778 ter-

172 825 298 862 rena
351 810 488 863 dant
534 826 638 879 pro
689 811 1033 878 coelestibus,
1079 817 1141 865 ut
1168 813 1337 865 Iacob
1368 811 1519 878 fecit,
1553 815 1705 885 quod
1748 813 1859 867 fuit

164 899 344 968 gratia
370 900 489 963 Dei,
517 899 651 969 quia
672 915 790 952 eum
820 900 1039 962 dilexit,
1069 904 1215 954 Esau
1236 902 1540 970 reprobate.

228 988 391 1040 Vens.
428 991 478 1041 6.
527 1017 594 1026 —
640 988 919 1041 Ascendit.
975 989 1171 1055 (Cass)
1230 990 1552 1059 Diapsalma
1604 990 1855 1044 ascensio

161 1079 212 1127 et
266 1091 509 1144 regnum
561 1075 657 1127 Dei
711 1075 1069 1141 describitur,
1127 1076 1278 1129 unde
1336 1078 1616 1130 instanter
1660 1081 1859 1131 monet

160 1164 419 1231 psallere.
475 1163 534 1216 In
588 1163 785 1231 jubilo.
849 1167 1026 1228 (Ara)
1090 1164 1366 1218 Gaudium
1447 1165 1851 1218 admirantium

156 1251 591 1320 Apostolorum,
625 1257 755 1316 etc.,
781 1267 949 1321 usque
982 1253 1054 1306 ad
1108 1252 1262 1322 quod
1296 1269 1398 1307 nec
1430 1253 1603 1307 taceri
1642 1258 1849 1323 potest,

156 1356 253 1392 nec
286 1339 537 1410 exprimi
564 1340 730 1392 valet.

222 1429 385 1481 Vens.
409 1432 461 1481 7.
486 1456 556 1468 -
582 1429 821 1481 Psallite.
857 1428 1059 1494 (Cass)
1091 1429 1370 1499 Operibus
1401 1428 1657 1482 laudate:
1692 1430 1850 1483 valde

2042 636 2202 690 Vens.
2238 642 2288 690 7.
2322 665 2387 678 —
2419 638 2508 692 Ibi
2546 639 2752 693 dolores
2780 645 2839 692 ut
2871 644 3255 708 parturientis.
3289 644 3670 709 Pmnitentiaa,

1969 723 2225 777 videntes
2256 724 2365 795 ita;
2392 727 2487 780 sed
2508 743 2519 779 :

2042 814 2201 867 Vens.
2236 816 2288 867 8.
2326 846 2388 855 -η
2415 817 2487 869 In
2514 818 2718 884 spiritu
2764 816 3084 882 vehementi,
3133 818 3387 872 Herodis.
3424 821 3669 877 Conteres

1966 916 2127 955 naves
2163 904 2403 957 Tharsis.
2463 905 2622 971 Quia,
2676 904 2735 957 in
2791 906 3024 972 Tliarso,
3090 906 3297 959 Ciliciae
3338 924 3507 960 naves
3538 926 3668 979 quae

1966 989 2156 1059 Magos
2212 992 2623 1061 transposuisse
2670 992 2727 1044 in
2771 992 3012 1061 patriam
3064 1010 3225 1047 suam
3265 996 3663 1065 credebantur,

1964 1078 2264 1133 contractae
2313 1085 2444 1133 sunt
2502 1082 2571 1134 ab
2626 1081 2867 1134 Herode.
2932 1083 3176 1135 Tharsis.
3235 1084 3426 1151 (AUG.)
3475 1086 3663 1141 Cilicia

1962 1166 2122 1235 regio
2188 1186 2217 1220 a
2270 1170 2503 1233 Tharso,
2564 1174 2694 1235 etc.,
2752 1185 2921 1237 usque
2972 1171 3045 1223 ad
3092 1172 3344 1226 decursis
3393 1176 3663 1229 omnibus

1968 1256 2271 1309 concludit.
2308 1258 2454 1327 Ergo
2478 1274 2489 1311 :

2036 1345 2196 1398 Vens.
2259 1349 2308 1399 9.
2343 1377 2406 1383 —
2476 1347 2627 1400 Sicut
2674 1347 3005 1402 audivimus.
3062 1351 3127 1402 In
3180 1349 3398 1403 civitate
3447 1354 3663 1405 Domini

1960 1434 2247 1497 virtutum,
2281 1434 2415 1503 quia
2454 1434 2533 1487 ibi
2568 1436 2828 1488 custodes
2862 1436 3096 1504 angelos
3125 1438 3379 1506 deputat.
3416 1438 3656 1508 Repetit.

149 1521 229 1569 est
267 1518 518 1569 salutare
545 1517 699 1586 quod
732 1522 848 1570 tam
869 1517 1067 1571 crebro
1101 1518 1399 1587 repetitur,
1430 1518 1564 1589 quia
1592 1520 1738 1571 Deus
1768 1523 1851 1572 est
1963 1521 2031 1572 In
2079 1522 2293 1574 civitate
2338 1524 2551 1575 Domini
2595 1526 2879 1590 virtutum,
2912 1527 2968 1577 in
3000 1527 3215 1578 civitate
3254 1528 3348 1579 Ι)θὶ
3369 1529 3560 1580 nostri.
3598 1528 3658 1580 Id

149 1604 245 1674 qui
273 1610 452 1670 creat,
481 1610 538 1658 et
567 1621 663 1657 rex
694 1611 884 1658 creata
916 1606 1254 1674 gubernans.
1961 1614 2064 1675 est,
2118 1608 2409 1663 Catholica
2438 1612 2711 1673 Ecclesia,
2756 1629 2824 1664 ne
2876 1612 2982 1665 sibi
3014 1614 3121 1666 hoc
3151 1630 3365 1667 nomen
3417 1631 3659 1669 conven-

214 1695 382 1748 Vans.
434 1697 484 1749 8.
519 1725 586 1735 -—
646 1695 848 1749 Omnis.
904 1694 1087 1765 (Ibid)
1131 1695 1253 1748 Non
1284 1698 1348 1748 ut
1393 1694 1613 1765 Jupiter
1646 1697 1844 1761 Cretas,
1878 1736 1920 1791 Β
1959 1702 2051 1749 tus
2081 1697 2480 1752 hereticorum
2533 1706 2787 1769 usurpet.
2838 1703 2915 1754 Ne
2955 1707 3143 1755 autem
3178 1707 3407 1771 putetur
3436 1709 3655 1774 tempo-

147 1785 288 1837 tlars
350 1782 623 1836 Thraciae.
672 1783 976 1851 Sapienter.
1035 1784 1204 1837 Docet
1252 1785 1538 1853 quomodo
1578 1784 1650 1837 sit
1695 1785 1845 1853 psal-
1878 1782 1918 1791 '
1958 1787 2110 1852 ralis,
2143 1786 2330 1840 addit:
2369 1790 2507 1841 Deus
2536 1789 2798 1854 fundavit
2828 1796 2943 1842 eam
2994 1792 3052 1842 in
3079 1796 3353 1843 aeternum.
3409 1792 3530 1844 Non
3583 1792 3654 1845 ad

142 1870 402 1924 lendum.
465 1871 612 1925 Olim
676 1871 797 1924 sine
833 1887 1004 1924 sensu
1060 1872 1396 1942 psallebant,
1438 1874 1573 1926 dum
1629 1873 1847 1941 lapides
1955 1876 2180 1943 horam,
2208 1880 2271 1929 ut
2303 1876 2461 1946 prius
2494 1878 2925 1931 tabernaculum
2962 1880 3155 1948 Moysi.

143 1960 416 2012 colerent.
448 1962 639 2026 (AUG)
670 1960 845 2013 Nemo
876 1960 1164 2030 sapienter
1220 1961 1350 2016 facit
1409 1962 1557 2032 quod
1590 1978 1707 2014 non
1748 1961 1841 2013 in-
2029 1965 2186 2017 Vens.
2273 1968 2354 2018 lO.
2425 1996 2489 2004 —
2564 1968 2931 2035 Suscepimus,
3009 1970 3166 2032 Deus,
3226 1969 3653 2024 misericordiam

146 2046 376 2117 telligit.
1956 2056 2122 2105 tuam.
2163 2053 2360 2121 (Cass)
2390 2056 2579 2123 Agens
2630 2054 2842 2122 gratias
2875 2055 2943 2109 de
2975 2055 3221 2108 adventu
3256 2056 3483 2123 Christi,
3536 2074 3655 2111 mo-

208 2136 374 2189 Vens.
407 2139 455 2189 9.
495 2165 563 2175 —
595 2136 875 2201 Regnabit.
913 2137 1103 2204 (Ibid)
1137 2137 1297 2190 Modo
1330 2137 1566 2205 impleta
1606 2142 1689 2190 est
1723 2136 1844 2190 haec
1954 2144 2052 2193 net
2092 2140 2161 2193 de
2213 2141 2487 2210 gradibus
2548 2142 2808 2194 Ecclesiae
2867 2143 3294 2204 distribuendis,
3356 2161 3456 2215 per
3510 2162 3652 2216 quos

136 2223 483 2292 praphetia:
549 2226 685 2277 Deus
736 2224 881 2277 sedet
910 2240 1077 2292 super
1132 2225 1307 2278 sedem
1336 2230 1599 2278 sanctam.
1653 2226 1841 2279 Sedem
1952 2226 2204 2281 Salvator
2226 2227 2405 2296 possit
2432 2228 2682 2296 agnosci.
2738 2231 2810 2281 In
2859 2230 3030 2282 medio
3055 2232 3259 2299 templi.
3293 2233 3646 2287 Jerusalem:

132 2317 404 2366 sanctam.
440 2314 626 2378 (Ara)
655 2313 889 2381 Throni,
923 2312 1271 2372 Virtutes,et
1300 2314 1500 2366 sancti.
1950 2317 2175 2385 gravius
2221 2323 2575 2380 accusantur,
2637 2316 2736 2386 qui
2793 2322 3167 2372 contemnunt
3220 2335 3372 2383 eum,
3434 2321 3532 2390 qui
3586 2322 3646 2376 in

204 2400 375 2453 Vrsas.
418 2402 498 2452 10.
533 2431 600 2438 —
630 2403 906 2469 Principes
941 2403 1284 2470 populorum.
1333 2402 1528 2467 (Cass)
1560 2400 1840 2454 Primitivi
1948 2405 2138 2458 medio
2170 2420 2365 2458 eorum
2398 2411 2730 2474 conspectus
2762 2412 2864 2458 est.
2924 2408 3029 2459 Per
3065 2406 3169 2459 hoc
3203 2413 3432 2461 notatur
3454 2409 3645 2462 incar-

130 2489 402 2541 omnium
433 2489 691 2559 gentium
750 2496 1139 2545 convenerunt
1167 2491 1450 2545 credendo
1500 2490 1560 2543 in
1597 2491 1835 2555 Christo,
1947 2493 2102 2546 natio
2143 2493 2369 2561 Christi,
2428 2495 2526 2564 qui
2584 2495 2895 2548 secundum
2948 2495 3100 2565 quod
3163 2496 3351 2561 homo,
3387 2513 3641 2566 praesen-

130 2576 296 2644 quia,
327 2577 576 2647 expulsis
630 2578 861 2641 Iudaeis,
905 2584 1105 2649 gentes
1134 2580 1194 2633 in
1246 2580 1395 2633 ﬁlios
1442 2580 1681 2633 Abrahae
1712 2595 1836 2631 suc-
1945 2585 2096 2635 tatus
2127 2586 2209 2635 est
2238 2582 2299 2635 in
2329 2584 2563 2653 templo.

125 2665 369 2731 cedunt,
422 2666 697 2719 habentes
743 2666 1205 2736 promissionem,
1260 2668 1395 2737 quia
1423 2668 1607 2721 Judaei
1637 2683 1833 2736 super-
2014 2671 2175 2723 Vens.
2248 2674 2331 2724 tl.
2390 2700 2459 2711 —
2512 2675 2768 2726 Deartera.
2828 2672 3024 2738 (Cass)
3084 2673 3195 2725 Hac
3269 2676 3427 2742 parte
3497 2674 3639 2743 justi

131 2753 385 2806 bierunt.
422 2756 627 2819 (HIER.,
687 2754 861 2821 Cass.)
895 2757 991 2809 Vel
1048 2756 1131 2809 dii
1185 2759 1375 2822 fortes,
1405 2757 1657 2825 Apostoli
1691 2755 1833 2808 scili-
1946 2759 2224 2812 locantur.

126 2846 234 2907 cet,
283 2859 426 2912 quos
455 2859 641 2912 neque
675 2859 847 2907 mors,
882 2860 1068 2914 neque
1100 2844 1212 2898 vita
1243 2845 1529 2914 separabit
1575 2862 1607 2898 a
1637 2843 1827 2898 chari-

128 2935 247 2983 tate
283 2931 507 2985 Christi.
542 2930 772 2997 Elevati,
800 2932 1090 2985 miraculis
1113 2938 1170 2986 et
1199 2933 1473 2986 doctrina.

696 3127 1006 3182 PSALMUS
1044 3128 1253 3183 XLVII.

228 3286 414 3339 Vens.
450 3289 497 3338 l.
544 3316 611 3324 —
641 3285 893 3340 Psalmus
924 3288 1003 3340 vel
1037 3289 1155 3340 laus
1186 3290 1387 3343 cantici
1406 3290 1535 3357 ﬁliis
1563 3290 1701 3343 Core
1738 3306 1826 3343 se-

113 3373 329 3437 cunda,
364 3377 474 3427 etc.
511 3376 695 3441 (Avo)
731 3374 923 3427 Primo
947 3375 1059 3437 die,
1092 3376 1224 3429 fecit
1257 3378 1401 3430 Deus
1433 3379 1640 3447 lucem,
1690 3383 1823 3445 etc.,

113 3477 296 3529 usque
326 3460 401 3513 ad
429 3460 496 3513 de
526 3476 640 3530 qua
694 3461 784 3515 hic
815 3464 1079 3514 cantatur
1135 3461 1267 3516 ﬁliis
1301 3464 1454 3516 Core.
1508 3464 1706 3530 (Cass)
1744 3468 1819 3519 De

119 3549 464 3602 fundatione
515 3548 779 3615 civitatis,
838 3566 1012 3620 quam
1050 3552 1503 3605 commendative
1536 3554 1820 3608 describit.

116 3638 315 3698 CAUC.)
361 3634 738 3689 Commendat
784 3634 1091 3704 civitatem,
1124 3641 1256 3701 etc.,
1289 3653 1458 3705 usque
1487 3640 1560 3692 ad
1588 3656 1621 3692 a
1646 3639 1819 3693 stabi-

112 3722 283 3774 litate
318 3726 550 3775 aeterna.

186 3811 363 3863 Vens.
416 3812 467 3863 2.
500 3839 568 3851 —
611 3813 683 3864 In
736 3817 911 3865 monte
958 3818 1140 3866 sancto
1200 3818 1306 3866 etc.
1361 3812 1543 3883 (Ibid)
1602 3815 1700 3869 Hic
1741 3820 1827 3869 est

101 3914 294 3950 mons
316 3897 432 3964 ille,
470 3902 601 3963 etc.,
643 3914 809 3967 usque
839 3899 913 3953 ad
941 3916 1113 3968 super
1140 3917 1313 3971 quem
1344 3901 1582 3955 fundata
1623 3906 1707 3955 est
1739 3903 1827 3955 Ec-

94 3984 315 4036 clesia.

178 4074 360 4125 Vens.
405 4074 455 4126 3.
511 4101 582 4111 —
635 4074 922 4127 Fundatur
978 4076 1351 4129 exsultatione.
1408 4077 1611 4142 (Hien)
1655 4076 1823 4141 Quasi

98 4159 294 4217 dicat.
335 4175 463 4228 quae
512 4160 669 4229 prius
700 4161 1195 4214 maledictionibus
1226 4162 1498 4232 subjecta,
1534 4169 1676 4226 etc.,
1724 4180 1817 4218 us-

95 4264 214 4315 que
250 4247 334 4300 ad
383 4248 505 4317 ipse
535 4252 619 4301 est
650 4248 928 4317 Christus,
984 4251 1083 4320 qui
1126 4267 1228 4319 per
1274 4251 1596 4305 universam
1636 4253 1819 4306 Eccle-

95 4338 266 4388 siam
313 4335 523 4403 gaudia
576 4335 791 4389 dilatat.
826 4339 972 4390 Mons
1031 4339 1159 4392 Sion
1212 4340 1409 4393 latera.
1445 4342 1627 4405 (Anc)
1689 4341 1817 4403 Qui-

89 4439 353 4494 cunque
402 4423 573 4477 alicui
614 4426 852 4503 haerent,
914 4426 1092 4480 latera
1150 4428 1271 4496 ejus
1340 4427 1629 4493 dicuntur,
1688 4434 1818 4495 etc.,

89 4530 293 4582 usque
324 4513 400 4566 ad
427 4512 564 4566 item
587 4514 655 4567 ab
684 4515 937 4582 aquilone
974 4515 1247 4582 pandetur
1277 4532 1426 4569 omne
1454 4517 1676 4582 malum,
1710 4523 1817 4569 etc.

173 4604 359 4654 Vens.
413 4603 465 4654 4.
508 4631 578 4639 ——
628 4603 692 4655 In
737 4602 1004 4655 domibus.
1042 4604 1159 4668 Vel,
1194 4603 1249 4655 in
1278 4603 1572 4672 gradibus,
1606 4596 1663 4658 id
1714 4610 1814 4669 est,

88 4688 440 4743 secundum
495 4690 704 4757 gradus
753 4689 1111 4756 meritorum,
1145 4691 1280 4760 quia
1333 4690 1392 4743 in
1443 4691 1683 4761 singulis
1715 4693 1821 4746 dis-

86 4776 349 4831 tinctim
398 4777 553 4831 dabit
608 4778 994 4847 cognitionem
1042 4778 1146 4831 sui.
1200 4780 1341 4833 Cum
1378 4782 1636 4849 suscipiet
1682 4797 1816 4836 eam.

84 4865 463 4928 Tutandam,
498 4870 550 4919 et
599 4867 735 4936 quid
780 4883 921 4936 Opus
955 4867 1081 4919 est?
1119 4868 1382 4931 Quoniam
1436 4884 1584 4937 reges
1613 4875 1818 4925 contra.

79 4956 215 5009 Sed
260 4954 518 5007 videntes
569 4971 673 5023 per
702 4954 894 5023 ﬁdem,
938 4956 1018 5008 sic
1047 4956 1262 5009 scilicet
1290 4958 1441 5026 quod
1489 4964 1603 5012 tam
1648 4959 1822 5029 digna

76 5050 188 5097 est
232 5043 365 5096 haec
388 5042 581 5095 civitas
608 5042 873 5097 admirati
902 5048 1053 5109 sunt,
1084 5049 1188 5097 etc.

172 5133 360 5184 Vens.
404 5133 453 5184 5.
488 5162 556 5169 —
597 5133 779 5196 Reges.
811 5135 998 5200 (Auc.,
1054 5133 1229 5198 Cass.)
1265 5132 1553 5202 Principes
1602 5134 1822 5188 Iudaeo-

2014 2846 2195 2915 (AUG)
2238 2848 2601 2915 Suscepimus,
2637 2850 2791 2900 Deus.
2843 2847 2963 2910 Quo
2996 2847 3197 2901 ordine
3256 2848 3508 2917 fundata,
3551 2852 3638 2904 vel

1940 2935 2090 3003 quod
2149 2934 2466 2988 audivimus
2521 2940 2574 2988 et
2608 2934 2874 2988 vidimus.
2941 2937 3147 3003 Templi
3200 2938 3297 2989 tui.
3340 2936 3528 3005 (Ibid)
3576 2937 3637 2990 Id

1864 3013 1905 3069 C
1942 3028 2043 3084 est,
2099 3023 2298 3092 populi
2328 3040 2441 3077 non
2496 3023 2826 3093 sucipientis
2856 3023 3327 3093 misericordiam,
3359 3025 3458 3095 qui
3498 3027 3638 3079 mul-

1939 3110 2040 3163 tis:
2069 3111 2319 3163 utnulla
2381 3111 2683 3164 videantur
2714 3127 2832 3164 esse
2865 3129 3067 3182 grana,
3121 3114 3217 3166 sed
3268 3118 3458 3166 tamen
3492 3129 3634 3166 non-

1938 3200 2117 3266 nulla,
2172 3199 2305 3268 quia
2371 3200 2682 3253 secundum
2742 3216 2972 3253 nomen.
3054 3201 3356 3256 Secundum
3422 3217 3630 3257 nomen.

1938 3286 2130 3355 (Cass)
2180 3286 2337 3350 Quod
2398 3286 2607 3356 ubique
2647 3286 2917 3341 ditfusum
2964 3292 3064 3353 est,
3127 3288 3263 3357 quia
3305 3289 3493 3343 nullus
3524 3294 3625 3353 est,

1936 3379 1991 3427 et
2020 3374 2065 3427 si
2123 3374 2339 3428 nesciat
2368 3377 2603 3440 cultum,
2633 3376 2731 3445 qui
2786 3376 2919 3428 huic
2950 3376 3167 3429 nomini
3194 3393 3310 3430 non
3362 3392 3419 3429 se
3459 3368 3642 3447 subji-~

1935 3462 2065 3517 ciat.
2105 3465 2199 3517 Vel
2227 3464 2518 3517 secundum
2570 3480 2777 3517 nomen.
2834 3465 2947 3517 Hoc
2978 3470 3083 3529 est,
3138 3465 3282 3518 sicut
3314 3467 3630 3521 reverentia

1934 3552 2017 3604 tui
2050 3553 2321 3618 nominis,
2351 3557 2482 3617 etc.,
2515 3569 2682 3621 usque
2714 3553 2787 3605 ad
2815 3558 2912 3606 tua
2944 3554 3275 3623 propitiatio
3300 3554 3631 3623 justiﬁcavit

1933 3642 2147 3707 multos,
2174 3644 2271 3708 qui
2292 3657 2471 3694 omnes
2501 3642 2746 3693 laudant.

2006 3730 2169 3782 Vens.
2208 3733 2288 3783 t2.
2347 3759 2415 3766 —-
2471 3730 2723 3781 Laetetur.
2778 3729 2958 3796 (Anc)
3014 3729 3123 3781 Etsi
3186 3730 3443 3782 laborent
3484 3730 3627 3799 justi

1932 3816 2083 3867 inter
2106 3815 2319 3884 spinas,
2353 3821 2480 3879 etc.,
2514 3832 2680 3883 usque
2733 3816 2807 3868 ad
2856 3832 3073 3877 eorum.
3122 3822 3205 3869 est
3254 3818 3426 3870 modo
3467 3818 3625 3871 colli-

1933 3919 2086 3970 gere,
2120 3903 2218 3957 Dei
2249 3907 2332 3955 est
2361 3920 2642 3971 separare.
2680 3905 2829 3957 Mons
2857 3906 2983 3958 Sion
3014 3909 3064 3956 et
3093 3906 3377 3957 exsultent.
3417 3907 3625 3972 (Cass)

1934 3990 2194 4054 Ecclesia,
2231 4006 2358 4059 qua:
2391 3994 2468 4042 est
2504 3990 2562 4041 in
2596 3990 2981 4059 speculatione
3014 3991 3231 4060 populi.
3267 3994 3416 4047 Filia
3460 3994 3627 4047 Juda:

1928 4083 2152 4147 propter
2188 4078 2406 4146 judicia
2461 4082 2573 4143 tua,
2636 4079 2881 4131 Domine.
2942 4078 3160 4132 Sanctae
3215 4078 3464 4133 feminae.
3520 4082 3627 4134 Per

1930 4166 2153 4233 Iudam,
2216 4183 2354 4236 gens
2420 4182 2617 4219 earum
2670 4165 3009 4229 ostenditur,
3073 4184 3199 4237 quas
3256 4172 3337 4220 est
3397 4174 3627 4239 propter

1933 4252 2242 4319 Christum,
2280 4252 2377 4322 qui
2408 4254 2475 4306 de
2505 4253 2668 4318 Iuda,
2712 4258 2769 4306 et
2800 4253 2887 4307 hee
2934 4254 3236 4317 exsultent,
3269 4258 3330 4306 ut
3369 4254 3428 4306 in
3467 4260 3623 4308 utro-

1931 4357 2041 4412 que
2062 4358 2203 4415 sexu
2258 4340 2501 4393 Ecclesia
2531 4340 2619 4393 sit.
2685 4342 2889 4408 (Anc)
2925 4343 3103 4396 Causa
3158 4342 3369 4395 laetitiae
3409 4342 3626 4412 judicia

1928 4430 2140 4495 futura,
2174 4429 2273 4482 ubi
2306 4445 2363 4481 se
2396 4428 2580 4481 sciunt
2609 4430 2679 4482 ad
2718 4430 3131 4485 beatitudinem
3179 4436 3462 4485 venturas.
3517 4432 3624 4494 Qui

1930 4518 2081 4592 intus
2102 4522 2254 4585 sunt,
2297 4518 2597 4581 laetentur;
2634 4534 2730 4571 vos
2754 4518 2852 4587 qui
2883 4525 3061 4586 extra,
3094 4518 3462 4572 circumdate.

2000 4609 2163 4659 Vens.
2234 4609 2319 4659 l3.
2396 4637 2463 4645 —-
2542 4607 2898 4662 Circumdate.
2955 4609 3205 4661 Honores
3281 4607 3619 4661 exhibendo.

1929 4696 2353 4763 Complectimini
2418 4711 2552 4749 eam.
2611 4696 2916 4750 Charitate.
2969 4698 3204 4751 Narrate
3266 4697 3323 4747 in
3378 4696 3624 4750 turribus

1928 4785 2060 4851 ejus.
2098 4785 2283 4837 Ponite
2329 4784 2493 4837 corda
2526 4785 2744 4837 Ivestra.
2800 4785 2995 4849 (CAss)
3030 4784 3339 4837 Prazdicate
3395 4783 3521 4836 aliis
3563 4784 3625 4838 in

1930 4871 2233 4924 concordia
2261 4872 2683 4940 Apostolorum,
2726 4876 2856 4933 etc.,
2920 4888 3088 4941 usque
3116 4872 3196 4925 ad
3242 4888 3313 4925 ne
3352 4888 3455 4940 per
3488 4873 3624 4926 laeti-

1930 4959 2067 5013 tiam
2109 4959 2328 5012 remissi
2356 4961 2682 5013 lentescant.

2004 5050 2167 5101 Vens.
2210 5050 2291 5101 14.
2339 5077 2408 5088 -
2471 5050 2685 5101 Virtute
2715 5048 2849 5116 ejus.
2912 5050 3102 5115 (Anc)
3137 5048 3328 5101 Virtus
3385 5047 3624 5100 civitatis

1930 5135 2173 5190 charitas
2201 5140 2303 5201 est,
2328 5152 2499 5205 quam
2558 5135 2701 5189 nihil
2742 5135 2941 5200 vincit;
2977 5137 3130 5189 unde
3182 5136 3478 5190 Salomon:
3522 5139 3624 5190 Di—

1932 5225 2083 5278 lectio
2112 5225 2273 5288 fortis
2307 5229 2384 5277 est
2421 5228 2480 5276 ut
2537 5238 2698 5277 mors.
2742 5225 2940 5289 (Cass)
2984 5226 3046 5277 In
3104 5225 3313 5278 virtute
3366 5225 3623 5279 Ecclesiae.

1933 5315 2129 5364 monet
2148 5327 2362 5381 ponere
2388 5311 2577 5365 corda.
2623 5313 2943 5366 Distribuite
2972 5313 3152 5367 domos
3181 5314 3316 5381 ejus,
3368 5320 3426 5367 ut
3458 5330 3624 5368 enar-

1930 5402 2061 5454 retis
2092 5402 2150 5453 in
2201 5402 2456 5468 progenie
2485 5401 2676 5453 altera.
2710 5401 2768 5454 Id
2800 5406 2903 5466 est,
2937 5401 3124 5455 ofﬁcia
3155 5402 3438 5470 distincta,
3491 5408 3620 5465 etc.,

1930 5504 2099 5555 usque
2129 5489 2201 5542 ad
2230 5505 2399 5559 quem
2427 5488 2677 5559 primum
2704 5489 2980 5543 Dominus
3005 5490 3193 5560 elegit.

2003 5578 2173 5630 Vsus.
2212 5579 2296 5630 15.
2339 5608 2407 5617 -
2436 5578 2700 5643 Quoniam
2732 5580 2818 5633 hic
2874 5586 2971 5648 est,
3031 5583 3134 5634 etc.
3167 5581 3284 5634 Hoc
3338 5584 3419 5634 est
3467 5581 3620 5651 quod

72 5237 273 5275 xum.
312 5220 655 5285 Congregati.
688 5220 773 5273 Ab
829 5222 1049 5278 Herode
1107 5220 1425 5275 sciscitante
1462 5222 1650 5275 locum
1682 5222 1825 5275 nati-

72 5308 335 5363 vitatis.
398 5309 786 5363 Convenerunt.
849 5309 1219 5364 Concorditer
1265 5309 1533 5364 dicendo:
1567 5312 1630 5364 In
1658 5310 1823 5364 Beth-

62 5402 297 5455 Iehem
335 5395 497 5450 Juda:
530 5397 821 5451 secundum
843 5398 1183 5466 Scripturas.

164 5487 362 5538 Vnus.
412 5487 463 5537 6.
498 5515 565 5523 —-
606 5487 876 5540 Videntes.
933 5486 1069 5549 Quae
1102 5485 1159 5538 in
1206 5486 1499 5556 prophetis
1539 5487 1816 5555 legerant.

62 5576 411 5635 Admirati
439 5578 583 5628 sunt.
629 5575 705 5628 De
734 5578 893 5628 tanta
917 5574 1117 5644 gloria,
1152 5591 1266 5629 non
1288 5575 1487 5629 leviter
1506 5577 1593 5629 vel
1618 5576 1819 5630 otiose.
