4034 6180
355 288 460 340 915

964 284 1361 340 WALAFRIDI
1399 285 1648 340 STRABI
1687 286 1884 340 FULD.
1928 285 2089 340 MON.
2131 285 2283 342 OPP.
2325 284 2522 341 PARS.
2561 285 2604 339 Ι.
2647 313 2716 324 -
2753 283 3218 340 THEOLOGICA.
3727 290 3808 341 916

358 406 712 461 narrandum
763 411 868 475 est,
927 407 1114 462 brevis
1171 407 1471 470 sententia,
1522 409 1621 463 sed
1677 424 1808 480 quae
1855 408 2052 464 omnia
2093 412 2138 464 A
2167 411 2268 465 ad:
2300 412 2534 480 Populus
2572 411 2657 465 hic
2706 410 2867 465 labiis
2893 426 2974 464 me
3004 411 3249 478 honorat,
3285 426 3378 465 cor
3448 416 3616 466 autem
3665 429 3814 469 eorum

359 495 644 549 concludi.
703 497 765 550 1n
818 499 1095 561 astemum,
1151 501 1348 550 contra
1394 495 1519 549 illos
1567 496 1668 568 qui
1711 497 2058 568 temporales

364 584 622 638 homines
656 585 801 638 Deos
828 582 1128 638 faciebant.

902 725 1212 780 PSALMUS
1249 727 1478 782 XLVIII.

437 854 510 905 In
563 853 746 918 finem,
799 851 1070 919 psalmus,
1128 857 1232 904 etc.
1282 851 1481 919 (Cass)
1513 851 1643 921 Agit
1675 852 1958 922 Propheta
1989 853 2058 908 de

362 939 717 993 amatoribus
750 938 971 1004 mundi,
997 945 1052 993 et
1082 939 1304 994 Christo
1358 941 1743 1008 redemptore,
1789 957 1904 994 non
1935 941 2060 994 illo-

362 1045 512 1094 rum,
547 1028 644 1082 sed
668 1033 1131 1098 contemptorum
1159 1029 1381 1093 mundi,
1407 1035 1468 1082 ut
1485 1030 1738 1099 dejectus
1758 1030 1817 1084 in
1847 1032 2060 1085 mundo

363 1133 480 1169 non
512 1116 864 1186 appretietur
895 1118 1093 1171 elatos.
1131 1121 1316 1185 (Ana)
1349 1118 1454 1181 Qui
1481 1119 1677 1172 colunt
1704 1118 1905 1185 Deum,
1930 1123 2060 1187 etc.,

363 1221 532 1273 usque
561 1205 636 1258 ad
665 1210 913 1258 attentos
943 1205 1074 1258 facit
1103 1205 1171 1259 ad
1200 1222 1343 1259 nova
1374 1212 1430 1260 et
1460 1207 1525 1258 ad
1557 1205 1832 1275 ingentia.

432 1296 590 1347 Vens.
649 1296 699 1346 2.
736 1323 803 1332 —-
866 1293 1026 1350 Odite
1057 1293 1184 1356 haec,
1224 1309 1401 1348 omnes
1440 1299 1638 1361 gentes.
1685 1295 1887 1362 (Cass)
1919 1295 2062 1348 Nul-

366 1383 489 1436 lum
528 1382 772 1451 excipio,
806 1386 936 1446 etc.,
987 1397 1156 1449 usque
1211 1382 1284 1434 ad
1333 1382 1564 1452 quando
1591 1382 1804 1436 scilicet
1832 1399 2061 1454 separa-

370 1471 584 1524 buntur
607 1469 826 1523 zizania
856 1485 889 1522 a
914 1468 1117 1533 tritico,
1144 1484 1274 1521 oves
1301 1469 1372 1522 ab
1401 1467 1597 1522 haedis.

437 1560 600 1612 Vnus.
636 1559 687 1612 3.
721 1587 791 1597 —
835 1558 1048 1625 Quique
1077 1559 1376 1624 terrigenae.
1431 1559 1620 1624 (AUG.)
1668 1556 1818 1611 Nulli
1848 1573 2062 1612 sermo-

368 1664 500 1701 nem
529 1646 825 1711 subtraho,
848 1645 1040 1698 audiat
1068 1647 1252 1698 haares
1277 1649 1463 1712 terrm,
1493 1650 1728 1716 propter
1749 1645 2060 1716 judicium:

365 1735 576 1805 justus,
610 1738 846 1804 propter
873 1748 1142 1802 regnum.

442 1823 604 1877 Vnus.
653 1823 705 1876 4.
755 1852 824 1861 —-
855 1821 924 1877 Os
976 1836 1155 1874 meum
1209 1821 1472 1890 loquetur.
1530 1820 1727 1888 (CASS.)
1765 1821 2067 1876 Commen-

374 1911 471 1964 dat
519 1910 778 1963 dicenda.
831 1911 1111 1978 Sapientia
1154 1908 1226 1962 ad
1257 1908 1478 1962 divinas
1523 1925 1632 1971 res,
1675 1910 1972 1964 Prudentia
1998 1910 2068 1964 ad

375 2013 564 2050 mores
589 1996 984 2065 instruendos;
1019 1995 1076 2049 in
1096 1996 1181 2050 his
1213 1995 1434 2050 duobus
1465 1996 1650 2049 omnis
1696 2012 1881 2051 sermo
1921 1997 2066 2051 divi-

376 2101 483 2138 nus
512 2085 818 2138 indicatur.

443 2174 608 2226 Vens.
644 2176 695 2226 5.
748 2202 816 2213 —
847 2171 1153 2226 Inclinabo.
1204 2173 1407 2240 (Ηιειι.)
1443 2172 1766 2227 Humiliabo
1797 2190 1889 2228 me
1920 2174 2068 2228 veri-

374 2260 476 2314 tati
506 2262 662 2314 intus
711 2260 990 2330 loquenti,
1026 2276 1155 2331 quae
1177 2260 1342 2316 docet
1379 2261 1536 2332 loqui
1565 2261 1626 2315 in
1655 2261 1965 2332 parabolis,
1997 2279 2068 2316 ne

362 2349 642 2402 omnibus
671 2353 876 2418 pateat.

443 2436 602 2491 Vsus.
661 2440 712 2492 6.
747 2468 812 2476 —
874 2438 992 2490 Cur
1051 2437 1262 2491 timebo.
1323 2436 1521 2503 (ωδε.)
1585 2436 1793 2507 Incipit
1835 2453 2068 2492 narrare

373 2541 502 2596 qua:
523 2525 804 2595 promisit,
840 2525 1034 2579 dicens
1073 2525 1226 2596 quod
1263 2524 1520 2580 Christus
1546 2540 1661 2578 non
1695 2525 1935 2579 redimet
1963 2526 2069 2579 im-

374 2615 530 2684 pios;
565 2614 656 2668 hic
683 2614 989 2684 propheta,
1011 2614 1072 2668 in
1116 2631 1218 2668 sua
1262 2630 1505 2686 persona
1535 2615 1863 2686 generalem
1895 2630 2069 2685 agens

373 2717 624 2768 causam,
659 2703 867 2773 quaerit
891 2719 1118 2756 causam
1151 2702 1537 2756 damnationis
1573 2707 1632 2757 et
1677 2703 1899 2757 timoris
1945 2720 2067 2757 ma-

375 2791 582 2855 lorum,
615 2807 745 2860 quae
795 2796 879 2844 est
924 2790 1216 2861 iniquitas.
1254 2793 1440 2858 (Αυο.)
1476 2791 1588 2846 Cur
1618 2791 1872 2846 timebo?
1907 2793 2069 2862 quasi

373 2895 491 2933 non
540 2883 624 2933 est
653 2879 807 2948 quod
840 2879 1096 2945 timeam,
1133 2895 1262 2932 cum
1321 2879 1685 2950 iniquitatem
1712 2880 1886 2933 vitare
1917 2880 2068 2934 sitin

372 2983 502 3021 mea
553 2947 865 3038 potestate;
923 2983 1028 3037 pro
1088 2984 1202 3038 qua
1259 2947 1483 3022 tantum
1543 2969 1842 3023 timebitur
1885 2969 1945 3022 in
1977 2970 2069 3023 die
2108 2947 2148 3002 (ἶ

376 3055 707 3122 novissima,
737 3071 866 3126 quae
896 3056 1004 3110 erit
1053 3057 1204 3110 mala
1254 3055 1558 3121 damnatis,
1594 3072 1709 3110 non
1737 3057 1924 3127 justis.
1960 3059 2072 3114 Cal.

373 3146 543 3198 cunei.
577 3143 779 3214 (Ibid.)
828 3143 1042 3198 Alludit
1093 3143 1302 3212 verbis,
1363 3148 1492 3211 etc.,
1538 3159 1707 3212 usque
1753 3144 1827 3198 ad
1872 3144 1928 3198 id
1963 3149 2068 3212 est,

376 3231 664 3303 opprimet
692 3237 750 3285 et
787 3232 988 3286 timere
1020 3231 1209 3285 faciet.

445 3321 607 3374 Vsus.
635 3324 690 3373 7.
723 3348 792 3359 —
841 3322 946 3386 Qui
1003 3320 1296 3388 conﬁdunt.
1343 3319 1430 3387 Hi,
1480 3318 1714 3385 scilicet,
1747 3319 1848 3390 qui
1892 3320 2069 3375 conﬁ-

376 3407 540 3473 dunt,
582 3411 713 3472 etc.,
745 3421 914 3474 usque
945 3405 1020 3460 ad
1051 3407 1112 3459 in
1143 3406 1350 3476 quibus
1383 3407 1524 3461 adeo
1546 3406 1706 3460 stulti
1737 3412 1892 3462 sunt.

447 3494 610 3547 Vsus.
657 3495 707 3548 8.
741 3523 808 3532 —
863 3494 1062 3547 Frater
1117 3509 1223 3547 non
1268 3492 1507 3548 redimit.
1540 3491 1596 3549 Si
1646 3494 1841 3562 frater,
1874 3495 1933 3548 id
1987 3501 2072 3551 est

378 3581 652 3644 Christus,
702 3597 819 3634 non
851 3581 1097 3647 redimit,
1128 3587 1258 3647 etc.,
1304 3597 1470 3651 usque
1507 3581 1581 3636 ad
1609 3582 1745 3654 quia
1787 3583 1912 3637 talis
1958 3601 2073 3639 non

378 3672 475 3724 dat
507 3671 620 3723 Deo
661 3670 1063 3739 placationem.

444 3759 605 3813 Vens.
639 3761 690 3813 9.
715 3787 782 3798 —
832 3760 904 3813 Et
930 3761 1072 3812 vivet
1097 3758 1295 3813 adhuc.
1329 3758 1521 3830 (Ibid.)
1555 3760 1685 3813 Post
1713 3758 1888 3814 ﬁnem
1919 3760 2070 3829 vitae,

379 3845 527 3899 vivet
574 3845 890 3899 secundum
950 3846 1221 3913 animam,
1273 3847 1408 3916 quia
1458 3863 1574 3900 non
1633 3847 1842 3918 peribit
1882 3849 2075 3903 anima

378 3950 509 3987 cum
570 3950 832 4003 corpore,
883 3934 981 3988 sed
1039 3933 1225 3988 dolori
1265 3933 1594 4000 salvabitur,
1647 3952 1948 4007 usquequo
1979 3953 2071 3990 ac-

377 4027 542 4091 cepto
575 4038 813 4092 corpore
838 4023 1110 4090 utrinque
1131 4023 1432 4078 crucietur.

451 4111 622 4164 Vens.
655 4114 734 4164 11.
767 4140 835 4150 -
858 4111 976 4165 Non
997 4110 1218 4164 videbit.
1249 4109 1438 4180 (Ibid.)
1458 4110 1516 4164 Id
1531 4116 1616 4163 est
1636 4125 1754 4164 non
1780 4110 2070 4182 intelligit,

2168 501 2320 567 longe
2343 505 2474 554 esta
2505 515 2602 554 me.
2636 500 2698 553 In
2735 514 2824 554 ore
2879 514 2974 554 suo
3011 499 3433 569 complacebunt.
3483 504 3658 568 (Anc)
3700 503 3816 557 Cum

2169 587 2310 642 tales
2362 588 2496 654 sint,
2527 593 2669 656 etc.,
2724 602 2892 657 usque
2948 587 3022 642 ad
3075 593 3131 642 et
3180 588 3408 658 pejores
3462 595 3588 643 sunt
3645 591 3817 660 apertis

2173 675 2357 731 malis.

2239 765 2399 818 Vens.
2461 767 2542 819 15.
2603 765 2753 820 δοκε
2821 779 2961 818 oves.
3023 765 3220 830 (CAss.)
3282 764 3652 834 Diapsalmus.
3709 764 3819 828 Qua:

2171 854 2364 924 impiis
2403 854 2666 922 angustia
2720 858 2815 906 red
2843 853 3026 906 lenda.
3075 854 3144 906 Se
3169 854 3410 923 jactaut,
3452 854 3548 906 sed
3579 853 3706 906 mihi
3726 855 3819 923 jam

2170 947 2392 996 constat
2435 942 2587 1013 quod
2632 941 2691 995 in
2730 942 2953 996 inferno
3013 942 3183 1012 positi
3235 948 3390 995 sunt.
3445 942 3602 1004 Oves,
3652 943 3822 995 amissa

2171 1032 2319 1098 lana,
2355 1038 2607 1096 manent,
2627 1029 2706 1084 sic
2735 1030 2794 1084 in
2825 1030 2967 1094 istis,
3001 1031 3121 1084 sine
3151 1030 3584 1098 consumptione
3609 1030 3823 1083 subslan~

2171 1119 2286 1180 tite,
2335 1134 2504 1188 pmna
2562 1117 2780 1170 invenit
2833 1117 2986 1187 quod
3046 1117 3281 1170 cruciet.
3343 1119 3505 1170 Mors.
3566 1119 3732 1182 (:tue.)
3774 1118 3827 1170 L't

2173 1206 2428 1261 Christus
2459 1205 2590 1272 vita,
2644 1205 2719 1258 ita
2751 1205 3007 1258 diabolus
3053 1221 3238 1270 mors;
3273 1205 3372 1275 qui
3419 1210 3607 1275 pastor
3643 1208 3717 1258 est
3745 1207 3825 1271 eis,

2173 1301 2235 1348 ut
2263 1295 2484 1361 ovibus,
2547 1309 2689 1363 quas
2733 1293 2908 1347 trahit
2949 1293 3018 1346 ad
3070 1309 3279 1363 pascua
3307 1292 3530 1346 mortis.
3585 1293 3826 1361 Deposcet.

2175 1385 2375 1450 (CASS.)
2404 1385 2449 1435 A
2480 1380 2856 1434 similitudine
2890 1380 3311 1450 jumentorum,
3340 1385 3473 1445 etc.,
3506 1396 3666 1448 usque
3693 1381 3754 1432 ad
3776 1380 3828 1432 de

2174 1487 2341 1542 poma
2387 1469 2456 1523 ad
2505 1485 2733 1539 pmnam
2781 1469 2966 1521 ducet.
3022 1470 3091 1522 In
3152 1471 3435 1522 matutino.
3485 1470 3664 1533 (Aue.)
3716 1467 3833 1530 Quia

2176 1557 2342 1610 modo
2397 1572 2527 1622 nox,
2573 1555 2710 1610 dum
2757 1571 2872 1608 non
2922 1562 3202 1626 apparent
3234 1555 3437 1608 merita
3481 1555 3768 1624 justorum,
3793 1560 3836 1607 et

2174 1644 2336 1714 quasi
2393 1643 2630 1698 felicitas
2683 1643 3016 1697 nominatur
3062 1643 3392 1713 impiorum.
3459 1645 3744 1698 Veterascet
3790 1646 3836 1696 in

2177 1734 2391 1800 inferno
2437 1749 2472 1786 a
2517 1734 2692 1801 gloria
2721 1747 2919 1798 eorum,
2969 1737 3074 1786 etc.
3131 1735 3325 1798 (Αυα.)
3384 1731 3663 1795 Quantam
3712 1731 3838 1783 visus

2177 1827 2262 1874 est
2288 1820 2496 1874 habere
2553 1820 2816 1890 gloriam,
2847 1825 2976 1888 etc.,
3029 1836 3197 1888 usque
3227 1819 3327 1872 ad:
3362 1821 3410 1873 Α
3437 1821 3616 1888 gloria
3646 1835 3734 1873 sua
3760 1835 3836 1872 ex-

2177 1908 2328 1979 pulsi
2361 1911 2508 1961 sunt.

2249 1998 2410 2050 Vens.
2476 2000 2558 2050 l7.
2627 2026 2698 2035 —
2751 1997 2829 2053 Ne
2887 1997 3153 2050 timueris.
3215 1995 3417 2061 (Cass)
3475 1995 3828 2064 Diapsalmus.

2175 2083 2530 2150 Admonitio,
2565 2099 2636 2137 ne
2684 2084 2998 2137 timeantur
3035 2087 3320 2154 potentes,
3380 2083 3483 2154 qui
3514 2083 3703 2137 omnia
3730 2099 3834 2136 cum

2177 2174 2301 2227 luce
2328 2173 2678 2244 relinquunt.
2709 2174 2821 2228 Cur
2850 2175 3005 2228 enim
3034 2175 3153 2227 haec
3181 2173 3580 2243 peccatoribus
3600 2172 3838 2242 permissa

2175 2262 2309 2328 sint,
2340 2262 2662 2316 communis
2716 2264 2948 2332 querela
3002 2268 3105 2316 est.
3139 2265 3294 2316 Dives
3313 2263 3519 2327 factus.
3574 2263 3697 2316 Haec
3716 2260 3838 2314 enim

2176 2355 2234 2404 et
2262 2350 2467 2420 abjecti
2519 2351 2750 2404 habent.
2785 2353 2995 2406 Gloria.
3035 2351 3099 2404 In
3151 2351 3470 2404 honoribus
3503 2350 3718 2404 saeculi.
3757 2353 3838 2402 Do-

2175 2455 2311 2493 mus.
2354 2438 2496 2503 Quia
2553 2455 2671 2493 non
2718 2440 2904 2493 solum
2944 2440 3086 2510 ipse,
3143 2439 3237 2493 sed
3270 2455 3470 2494 omnes
3519 2439 3619 2510 qui
3652 2438 3715 2492 ad
3737 2453 3842 2491 eum

2178 2527 2485 2598 pertinent.

2252 2617 2409 2669 Vnus.
2479 2617 2562 2670 19.
2623 2646 2690 2654 -—
2749 2615 3115 2669 Benedicetur.
3174 2615 3365 2682 (Ιὸἱά.)
3424 2615 3553 2668 Non
3601 2615 3668 2668 de
3722 2613 3846 2668 bono

2177 2708 2326 2771 actu,
2363 2703 2460 2758 sed
2500 2704 2569 2758 de
2629 2703 2846 2758 deliciis
2901 2703 3289 2768 benedicatur,
3345 2703 3540 2757 favore
3587 2701 3847 2756 luxurian-

2177 2793 2346 2858 tium,
2380 2793 2478 2863 qui
2501 2796 2662 2860 inter
2691 2793 2890 2862 epulas
2919 2792 3245 2862 pastoribus
3293 2791 3436 2846 bene
3485 2795 3699 2862 optant.
3729 2791 3850 2846 Con-

2175 2881 2416 2948 ﬁtebitur
2491 2881 2594 2934 tibi
2647 2896 2765 2935 cum
2831 2881 3150 2946 bene/‘eceris
3224 2882 3291 2933 ei.
3355 2883 3542 2946 (Ana)
3611 2880 3854 2948 Despecta

2179 2969 2555 3035 confessione,
2613 2984 2786 3039 quam
2855 2969 3202 3038 prosperitas
3255 2968 3416 3022 facit:
3471 2968 3570 3022 sed
3628 2967 3720 3020 illa
3784 2970 3855 3018 est

2179 3057 2372 3127 magni
2403 3057 2615 3124 meriti,
2647 3072 2819 3127 quam
2846 3073 2963 3109 non
2984 3055 3134 3109 tollit
3164 3055 3245 3108 vis
3277 3056 3511 3110 doloris.

2253 3146 2420 3202 Vsus.
2475 3146 2564 3199 ‘20.
2599 3173 2666 3185 —-
2709 3147 3085 3213 Inprogenies
3129 3149 3353 3213 patrum
3401 3142 3588 3214 (lbid.)
3648 3142 3750 3207 Qui
3776 3157 3857 3211 pa-

2179 3239 2296 3288 tres
2327 3237 2646 3305 sequuntur
2674 3231 2972 3303 pessimos,
3025 3247 3227 3286 eorum
3266 3230 3538 3286 societate
3570 3228 3859 3285 damnandi

2181 3327 2334 3375 sunt.

2251 3413 2322 3466 Et
2371 3411 2539 3464 homo.
2571 3410 2784 3476 (Cass.)
2817 3409 2993 3462 Iterat
3040 3407 3463 3462 deformitatem
3515 3405 3764 3462 hominis
3810 3408 3864 3459 ut

2181 3499 2366 3554 malus
2386 3516 2419 3554 a
2449 3499 2598 3553 malo
2629 3497 2902 3570 quiescat.

2767 3637 3080 3694 PSALMUS
3116 3638 3289 3692 XLIX.

2255 3762 2424 3817 Vens.
2468 3765 2515 3816 l.
2549 3791 2616 3801 —
2655 3761 2906 3816 Psalmus
2936 3762 3146 3830 Asaph.
3200 3758 3406 3829 (HIEB.)
3439 3759 3658 3828 Asaph,
3688 3755 3862 3812 Latine

2182 3849 2580 3921 congregatio;
2610 3849 2819 3908 Graece,
2857 3865 3167 3920 synagoga,
3196 3864 3326 3918 qua:
3352 3847 3538 3901 fidelis
3571 3848 3664 3900 hic
3687 3845 3861 3915 loqui-

2182 3944 2294 4005 tur,
2321 3955 2449 4008 quaa
2479 3937 2766 3992 Christum
2800 3942 3106 4007 exspectat,
3134 3953 3238 4006 per
3265 3952 3436 4006 quam
3465 3936 3652 4006 magis
3684 3932 3861 3987 confu-

2182 4031 2378 4080 tantur
2425 4025 2702 4079 increduli
2751 4025 2952 4080 Judaai.
3010 4025 3210 4091 (CASS.)
3278 4025 3499 4092 Asaph,
3545 4039 3742 4076 vocem
3780 4019 3862 4074 Dei

2183 4115 2520 4168 inducturus
2550 4114 2618 4168 de
2651 4113 2967 4167 mutatione
2991 4112 3428 4176 sacrificiorum,
3462 4111 3629 4180 prius
3660 4109 3772 4179 agit
3804 4107 3862 4160 de

377 4202 687 4265 etc.,usque
715 4198 789 4251 ad
809 4213 937 4251 cum
961 4199 1185 4267 sapiens
1208 4196 1757 4265 transitvitam.Vel,
1780 4201 2064 4268 insipiens.
2106 4219 2151 4273 D
2182 4209 2426 4274 utroque
2447 4202 2690 4256 adventu
2724 4217 2827 4272 per
2858 4201 3111 4272 primum
3137 4201 3402 4268 invitans,
3439 4214 3544 4268 per
3574 4197 3866 4252 secundum

375 4287 563 4356 (lbid.)
591 4285 697 4350 Qui
727 4302 837 4338 non
864 4286 1124 4340 attendit.
1158 4287 1390 4340 Stultus.
1425 4285 1551 4353 Qui,
1585 4285 1632 4338 si
1661 4287 1922 4354 attendit,
1957 4305 2072 4343 non

377 4379 548 4428 cavet.
607 4376 842 4428 Divitias
895 4375 1094 4440 (Cass)
1152 4375 1390 4442 Propter
1425 4388 1566 4444 quas
1613 4374 1868 4428 fecerunt
1896 4373 2064 4428 mala.

375 4463 545 4517 Suas:
591 4478 720 4530 quae
752 4477 863 4514 non
893 4461 1208 4515 secundum
1238 4462 1438 4516 Deum.

446 4550 608 4602 Vsus.
662 4551 742 4602 l2.
814 4552 1150 4603 Vocaverunt
1201 4551 1422 4603 nomina
1481 4564 1601 4604 sua.
1650 4551 1833 4620 (AUG.)
1887 4550 2069 4604 Haere-

377 4638 496 4702 des,
527 4637 626 4707 qui
657 4637 727 4690 ad
758 4638 1019 4705 sepulcra
1065 4642 1423 4690 mortuorum
1457 4636 1743 4691 inebriant
1774 4654 1830 4692 se
1870 4638 1932 4691 in
1958 4655 2072 4692 me-

376 4726 621 4779 moriam
644 4739 864 4790 eorum,
898 4725 995 4778 sed
1027 4740 1132 4779 nec
1186 4729 1346 4796 gutta
1392 4726 1654 4796 pervenit
1709 4725 1781 4780 ad
1811 4725 2070 4797 linguam

374 4816 436 4869 in
465 4813 689 4868 inferno
720 4814 989 4868 ardentis.

437 4901 601 4956 Vens.
639 4905 723 4956 13.
772 4932 842 4941 -
872 4903 942 4957 Et
1001 4902 1158 4957 homo
1201 4917 1338 4957 cum.
1393 4904 1458 4957 Et
1500 4908 1614 4957 tam
1646 4903 1707 4958 in
1734 4904 1863 4972 hoc,
1897 4920 2070 4975 quam

373 4989 434 5043 in
467 4990 709 5057 caeteris,
758 4991 930 5044 homo
997 5006 1108 5043 non
1160 4989 1460 5061 intelligit;
1509 4993 1621 5060 vel,
1671 4993 1804 5046 inde
1841 5008 1958 5046 non
1987 4996 2072 5046 est

375 5079 728 5132 accusandus
786 5079 952 5146 Deus,
1013 5094 1129 5131 non
1177 5079 1460 5133 intellexit
1495 5096 1656 5133 suam
1705 5081 2066 5151 dignitatem,

376 5181 490 5219 non
517 5166 905 5237 intelligenter
937 5166 1074 5237 egit,
1123 5166 1219 5219 scd
1257 5173 1640 5238 comparatus,
1671 5168 1876 5221 amissa
1906 5167 2072 5220 ratio-

379 5270 472 5320 ne,
500 5254 796 5324 jumentis,
814 5270 930 5307 non
960 5255 1070 5307 alia
1097 5270 1180 5323 re,
1208 5256 1301 5308 sed
1329 5256 1386 5309 in
1413 5255 1712 5326 sapientia.

446 5342 615 5396 Vnus.
653 5345 734 5396 14.
762 5373 824 5382 -
859 5344 980 5397 Haec
1035 5346 1146 5397 via.
1182 5343 1381 5412 (Cass)
1431 5344 1664 5414 Hicjam
1692 5343 1886 5397 omnia
1919 5342 2072 5396 dicta

377 5429 612 5499 colligit,
646 5431 705 5484 in
760 5449 958 5484 unum.
1019 5435 1142 5498 Via,
1196 5433 1251 5486 id
1285 5437 1387 5498 est,
1438 5434 1572 5499 vita,
1625 5433 1759 5503 quia
1815 5432 1970 5486 ducit
2000 5432 2068 5485 ad

378 5523 644 5574 mortem.
705 5519 1054 5575 Scandalum.
1099 5520 1372 5575 Stimulus
1410 5526 1465 5576 et
1517 5522 1697 5587 dolor,
1737 5526 1867 5588 etc.,
1901 5535 2070 5588 usque

2181 4295 2418 4343 terrens.
2466 4293 2598 4344 Deus
2661 4292 2908 4344 Deorum.
2957 4289 3155 4356 (Cr.ss.)
3215 4289 3290 4340 Ne
3340 4287 3468 4356 quis
3517 4284 3866 4338 mediocriter

2177 4379 2245 4432 de
2275 4377 2666 4432 incarnatione
2713 4377 2974 4442 asstimet,
3020 4382 3149 4443 etc.,
3172 4390 3340 4442 usque
3366 4374 3444 4427 ad
3473 4372 3864 4440 nuncupative,

2176 4465 2382 4519 utfalsi
2414 4463 2513 4529 dii,
2553 4462 2796 4534 Jupiter,
2824 4465 3028 4516 Venus.
3053 4465 3283 4517 Locutus
3331 4467 3428 4525 est,
3461 4466 3510 4514 et
3540 4463 3753 4514 vocavit
3782 4462 3864 4510 ter-

2178 4568 2317 4606 ram.
2345 4554 2532 4620 (Aue.)
2567 4553 2672 4606 Per
2704 4567 2782 4618 se,
2836 4567 2938 4621 per
2971 4565 3282 4620 praacones.
3314 4552 3366 4602 Α
3393 4549 3520 4602 solis
3562 4553 3689 4602 ortu
3720 4559 3865 4613 usque

2178 4641 2255 4693 ad
2282 4655 2543 4693 occasum.
2579 4640 2779 4706 (Cass)
2802 4639 2970 4702 Quasi
3002 4639 3172 4704 dicat,
3206 4645 3337 4701 etc.,
3388 4653 3557 4704 usque
3579 4636 3685 4690 ad:
3712 4634 3863 4689 eribit

2178 4728 2244 4782 de
2269 4728 2398 4783 Sion
2429 4729 2535 4795 lex,
2567 4731 2618 4780 et
2661 4726 2891 4782 Verbum
2923 4729 3134 4780 Domini
3163 4725 3229 4780 de
3251 4727 3566 4780 Jerusalem.

2251 4815 2408 4869 Vsus.
2464 4815 2516 4867 2.
2571 4843 2634 4854 —
2694 4816 2791 4869 Ea:
2848 4816 2999 4882 Sion,
3053 4816 3253 4883 species
3309 4812 3515 4867 decoris
3573 4813 3715 4880 ejus,
3773 4813 3864 4861 etc.

2180 4906 2360 4971 (Aue.)
2416 4901 2600 4974 Coepit
2653 4903 2822 4958 decus
2871 4903 3183 4972 Evangelii,
3245 4907 3386 4964 etc.,
3444 4915 3616 4968 usque
3680 4897 3753 4952 ad
3815 4899 3867 4948 ut

2179 4997 2350 5046 testes
2379 4995 2570 5046 essent
2599 4991 2658 5046 in
2681 4991 2996 5046 Jerusalem
3029 4995 3084 5046 et
3112 4990 3173 5044 in
3204 4994 3325 5043 tota
3364 4995 3533 5042 terra.

2250 5081 2412 5134 Vsus.
2446 5081 2498 5145 3,
2530 5079 2582 5132 4.
2607 5109 2676 5118 -
2727 5081 2884 5147 Ignis
2939 5081 2995 5132 in
3036 5083 3317 5146 conspectu
3347 5077 3465 5145 ejus
3499 5074 3864 5128 οταν-ἀρεσθεεέ

2177 5171 2236 5222 in
2266 5170 2552 5222 circumitu
2599 5170 2736 5235 ejus.
2797 5166 2994 5235 (Ibid.)
3029 5171 3177 5219 Ante
3225 5181 3358 5218 eum
3422 5162 3685 5233 prmibit;
3714 5173 3867 5230 pugna

2179 5272 2316 5326 ergo
2341 5259 2570 5320 terreat,
2603 5271 2744 5325 quos
2793 5254 3030 5324 prazmia
3082 5269 3197 5306 non
3246 5251 3509 5317 invitant,
3552 5256 3689 5318 etc.,
3715 5260 3864 5315 usque

2178 5345 2252 5398 ad
2282 5344 2461 5398 malos
2517 5343 2884 5397 comitabitur
2925 5343 2996 5396 ad
3055 5341 3288 5396 inferos.
3353 5343 3630 5409 Tempesta
3659 5336 3854 5391 valida.

2177 5431 2483 5487 Advocabit
2537 5433 2722 5485 oculum
2761 5431 3062 5495 desursum,
3117 5434 3168 5483 et
3223 5435 3446 5483 terram.
3503 5426 3708 5492 (CAss.)
3751 5424 3856 5476 Non

2178 5529 2398 5586 ventus,
2429 5525 2561 5586 etc.,
2601 5534 2769 5588 usque
2797 5518 2872 5572 ad
2902 5518 3060 5589 prius
3087 5532 3287 5571 omnes
3333 5514 3720 5570 communiter
3773 5525 3855 5562 vo-
