4034 6180
166 277 265 328 917
1298 268 1560 323 GLOSSA
1597 266 2004 324 OBDINARIA.
2044 298 2113 307 —
2153 269 2283 323 LIB.
2327 268 2567 323 PSALM.

160 397 321 463 cavit,
354 402 488 450 tunc
520 394 748 449 vocabit
772 398 839 448 ut
873 393 1182 448 discernat.
1250 393 1554 447 Discernere
1598 393 1855 461 populum
1888 393 1933 446 Α

159 501 332 539 suum.
380 482 564 553 (Ave)
624 483 819 538 Primo
871 482 1200 536 commistos
1229 482 1449 534 vocavit
1496 497 1529 533 a
1562 480 1693 533 solis
1728 486 1858 534 ortu

161 588 337 642 usque
371 573 442 626 ad
472 587 757 637 occasum,
786 576 921 623 tunc
960 575 1150 623 autem
1176 575 1236 623 ut
1267 570 1569 623 discernat.

226 662 388 714 Vens.
444 663 495 716 5.
558 690 630 701 —
695 661 1024 727 Congregate
1094 660 1178 712 illi
1243 664 1453 712 sanctos
1498 658 1614 727 ejus
1672 657 1854 727 (lbid.)

160 750 369 802 Videas
400 748 704 817 Propheta,
738 747 948 811 futura,
974 751 1106 813 etc.,
1137 762 1309 814 usque
1331 746 1405 798 ad
1426 746 1490 799 de
1528 745 1692 799 malis
1726 746 1857 799 dici-

158 846 266 901 tur,
300 837 369 890 de
404 853 507 905 quo
560 852 665 890 non
699 837 943 904 implevit
996 850 1213 888 manum
1247 850 1417 888 suam.
1459 836 1567 899 Qui
1600 834 1858 888 ordinant

158 931 533 980 testamentum
614 928 731 993 ejus
804 940 967 992 super
1036 926 1320 991 sacriﬁcia.
1383 923 1571 992 (Ibid)
1638 924 1855 976 Novum

155 1015 585 1067 Testamentum
618 1029 789 1083 super
844 1014 1032 1076 Vetus,
1064 1018 1193 1077 etc.,
1229 1028 1397 1079 usque
1428 1012 1501 1064 ad
1527 1010 1626 1081 qui
1677 1011 1856 1080 pluris

158 1102 370 1156 habent
393 1119 563 1173 opere
594 1101 886 1155 cbaritatis
915 1117 1087 1170 quam
1119 1100 1389 1153 sacriﬁcia
1428 1099 1739 1169 pecudum.

223 1193 389 1245 Vens.
437 1194 489 1246 6.
524 1223 588 1231 —
619 1195 688 1245 Et
714 1190 1121 1244 annuntiabunt
1150 1191 1265 1242 cmli
1288 1190 1567 1256 justitiam
1582 1190 1713 1254 ejus,
1744 1191 1851 1240 etc.

154 1279 355 1351 (Ibid.)
395 1281 519 1333 lam
565 1280 692 1333 εωιί
738 1277 1149 1331 nuntiaverunt
1200 1276 1364 1330 nobis
1402 1277 1547 1329 hanc
1574 1276 1853 1344 justitiam

158 1369 275 1429 Dei,
338 1374 470 1431 etc.,
502 1384 671 1436 usque
727 1367 801 1420 ad
832 1370 887 1419 et
933 1366 981 1419 si
1019 1382 1173 1419 nunc
1212 1364 1511 1435 permista,
1547 1364 1683 1434 quia
1714 1367 1850 1418 Deus

153 1462 230 1509 est
245 1456 430 1524 judecc
452 1456 657 1523 justus.

224 1564 391 1617 Vens.
436 1568 486 1616 7.
541 1591 611 1602 -
666 1561 838 1627 Audi,
888 1561 1123 1629 papulas
1166 1576 1333 1624 meus,
1383 1566 1481 1613 etc.
1517 1560 1705 1625 (Cass)
1739 1560 1852 1611 Vox

155 1651 386 1716 Christi,
418 1655 501 1715 ut,
536 1649 748 1703 relictis
788 1648 1078 1702 sacriﬁciis
1134 1648 1439 1718 pecudum,
1501 1648 1600 1701 ﬁat
1640 1648 1851 1699 sacriﬁ-

153 1740 305 1793 cium
339 1739 541 1792 laudis.
575 1738 763 1808 (AUG.)
786 1738 903 1802 Vel,
946 1736 1155 1807 repetit
1186 1736 1290 1790 sub
1321 1737 1432 1788 alio
1480 1736 1673 1799 verbo,
1703 1735 1849 1788 Audi

152 1829 297 1881 sicut
324 1828 515 1890 Israel,
559 1827 611 1881 id
647 1832 750 1892 est,
773 1826 916 1879 sicut
945 1826 1142 1879 videns
1176 1826 1374 1889 Deum,
1402 1829 1457 1876 et
1482 1824 1848 1892 Tcstiﬁcabor,

151 1916 293 1977 hinc,
338 1914 569 1979 scilicet,
598 1915 740 1967 Deus
766 1919 888 1967 tuus
910 1928 1001 1978 ego
1032 1928 1171 1965 sum.

221 2006 367 2056 Deus
424 2008 565 2056 tuus.
623 2002 811 2071 (Αυῦ.)
870 2001 1031 2055 Prius
1086 2000 1223 2052 dicit
1276 1999 1664 2068 simpliciter:
1717 2000 1852 2053 Sum

152 2094 313 2145 Deus.
352 2092 415 2145 Et
446 2094 642 2160 postea
672 2090 808 2143 dicit
841 2106 854 2143 :
908 2090 1043 2143 Sum
1075 2089 1220 2141 Deus
1280 2093 1424 2142 tuus.
1474 2087 1646 2151 Quasi
1700 2087 1850 2140 dice-

156 2184 239 2232 ret
274 2196 286 2233 :
320 2178 428 2232 Etsi
471 2195 587 2233 non
614 2194 739 2231 sum
770 2180 918 2231 Deus
946 2183 1101 2244 tuus,
1134 2179 1327 2229 tamen
1348 2192 1473 2229 sum
1500 2177 1665 2229 Deus.
1696 2176 1851 2228 Bono

153 2266 310 2319 enim
339 2283 461 2319 meo
492 2283 617 2318 sum
652 2267 818 2329 Deus,
850 2266 1001 2319 malo
1018 2269 1212 2317 autem
1247 2270 1345 2317 tuo
1378 2280 1492 2317 non
1550 2280 1675 2317 sum
1709 2265 1852 2318 Deus

150 2364 309 2407 tuus.
343 2357 496 2410 Sum.
520 2355 733 2423 (Cass)
767 2355 895 2407 Esse
926 2358 1010 2406 est
1040 2352 1338 2422 proprium
1371 2351 1625 2405 Deitatis.
1680 2352 1849 2416 Audi,

150 2444 343 2495 Israel.
380 2441 572 2510 (Ibid)
605 2441 775 2504 Quasi
835 2440 1093 2493 diceret:
1133 2439 1192 2493 Si
1224 2455 1282 2492 es
1329 2440 1518 2502 Israel,
1570 2438 1625 2490 id
1659 2443 1760 2503 est,
1807 2437 1854 2489 si

152 2546 248 2583 me
300 2530 475 2594 vides,
526 2529 725 2581 audire
780 2544 897 2581 non
923 2527 1189 2597 negligis.
1235 2528 1383 2580 Deus
1422 2526 1516 2579 ille
1548 2525 1850 2596 generalis,

156 2621 308 2672 Deus
341 2622 472 2670 tuus
494 2617 741 2687 proprie.

224 2725 389 2776 Vens.
446 2725 496 2776 8.
546 2752 612 2761 —
660 2723 985 2776 Holocausta
1050 2727 1253 2775 autem.
1306 2718 1495 2790 (Αυα.)
1554 2720 1611 2774 Si
1666 2719 1853 2771 anima

161 2811 575 2876 inﬂammatur,
623 2814 679 2863 et
715 2810 971 2863 membra
1026 2809 1085 2863 in
1134 2825 1300 2862 usum
1361 2825 1524 2861 suum
1579 2808 1745 2877 rapit,
1779 2824 1849 2859 ne

157 2900 407 2952 serviant
453 2898 792 2969 cupiditati:
872 2899 1027 2951 unde
1096 2897 1423 2968 prmcipitur
1471 2896 1530 2949 in
1584 2896 1845 2956 Levitico,

157 2992 218 3039 ut
240 2987 471 3057 adipem
521 3002 651 3039 cum
674 2986 1002 3039 renunculis
1046 2986 1306 3053 offerant,
1360 2985 1568 3055 quibus
1624 2985 1849 3038 interna

159 3077 408 3130 Charitas
438 3075 718 3145 signatur.

224 3182 389 3233 Vens.
444 3184 495 3234 9.
550 3211 617 3218 --
692 3181 812 3235 Νοη
872 3181 1158 3247 accipiam,
1215 3181 1320 3232 etc.
1372 3177 1563 3247 (Cass)
1610 3178 1724 3231 Etsi
1775 3177 1854 3230 sic

154 3270 357 3322 feceris
392 3285 404 3322 :
440 3270 557 3323 Non
590 3271 857 3337 accipiam
876 3268 941 3321 de
989 3268 1142 3321 domo
1175 3272 1269 3321 tua
1326 3267 1547 3333 vitulos,
1580 3265 1741 3336 quasi
1778 3266 1851 3319 si-

156 3358 463 3427 gniﬁcatos
497 3356 974 3425 acciperem,non
1005 3355 1135 3408 illos
1198 3355 1267 3408 de
1325 3355 1518 3409 domo.
1591 3355 1854 3420 Quoniam

153 3463 320 3500 meae:
352 3462 417 3499 ac
448 3447 494 3499 si
547 3446 779 3512 diceret,
832 3444 969 3514 quia
1008 3460 1121 3496 non
1170 3448 1302 3496 sunt
1351 3448 1465 3507 tua,
1536 3444 1634 3496 sed
1703 3458 1849 3497 mea.

158 3536 424 3599 Quoniam
462 3550 589 3587 mea:
617 3538 761 3598 sunt,
812 3538 914 3586 etc.
984 3531 1164 3601 (Αῡρ.)
1215 3533 1332 3585 Mea
1380 3536 1515 3583 sunt
1567 3548 1694 3601 quae
1739 3547 1854 3584 non

155 3621 433 3691 possides,
470 3620 771 3688 indomita,
805 3620 1017 3673 scilicet
1045 3636 1057 3673 :
1104 3621 1252 3673 Fere
1276 3618 1563 3686 silvarum,
1588 3621 1850 3687 iumenta,

157 3713 333 3775 tores,
367 3714 472 3763 etc.
535 3708 729 3779 (Cass)
762 3708 861 3762 Hic
892 3708 1364 3761 similitudinibus
1406 3707 1614 3777 ﬁgurat
1668 3707 1854 3759 Eccle-

148 3798 322 3863 siam,
370 3802 499 3862 etc.,
540 3813 707 3866 usque
737 3797 853 3851 ad:
914 3798 1116 3853 Games
1146 3800 1425 3850 taurorum
1472 3810 1590 3847 non
1648 3795 1764 3850 vult
1794 3793 1855 3847 in

146 3885 466 3949 sacriﬁciis,
492 3885 587 3938 sed
622 3885 679 3938 in
719 3885 1086 3956 pauperibus.

222 3975 389 4026 Vens.
429 3976 512 4027 11.
572 4003 641 4011 -
687 3974 931 4041 Cognovi
978 3974 1159 4026 omnia
1208 3971 1475 4025 volatilia.
1506 3969 1684 4037 (Αυο.)
1713 3968 1854 4023 Cum

146 4062 248 4115 illo
283 4066 419 4113 sunt
443 4061 657 4126 omnia,
706 4060 1031 4131 cognitione
1088 4060 1336 4130 quadam
1393 4056 1700 4111 ineﬁ‘abilis
1757 4073 1851 4109 sa-

146 4149 416 4221 pientiaa.

222 4239 397 4291 Vnus.
432 4241 514 4291 t2.
547 4268 616 4276 —
646 4239 712 4293 Si
754 4238 1007 4303 esuriero,
1061 4252 1187 4289 non.
1237 4234 1423 4303 (Ibid)
1468 4234 1524 4287 Si
1582 4233 1705 4286 hinc
1748 4232 1853 4287 da—

147 4327 221 4380 tis
254 4325 498 4379 forsitan
521 4325 737 4379 esurire
771 4325 1002 4394 putatis,
1037 4324 1186 4394 quod
1240 4328 1324 4376 est
1375 4320 1641 4377 insania?

222 4433 391 4485 Vens.
441 4433 524 4485 13.
580 4460 649 4469 -
702 4429 964 4498 Nunquid
1026 4428 1363 4482 manducabo
1431 4440 1617 4480 carnes
1670 4430 1853 4477 tauro-

144 4520 319 4573 rum?
348 4518 495 4572 Olim
524 4518 646 4571 heec
678 4517 1161 4582 sacriﬁcabantur,
1195 4532 1312 4569 non
1350 4515 1476 4568 ideo
1509 4513 1659 4584 quod
1705 4514 1853 4566 Deus

146 4608 292 4661 inde
324 4606 721 4671 delectaretur,
768 4606 861 4658 sed
910 4622 982 4658 ne
1012 4604 1369 4658 daemonibus
1431 4602 1762 4667 oﬁerentur,
1795 4604 1853 4652 et

147 4702 382 4750 tantum
437 4696 554 4749 Deo
595 4693 1079 4759 sacriﬁcabantur,
1137 4692 1198 4745 in
1233 4691 1440 4762 quibus
1482 4694 1605 4743 erat
1659 4688 1852 4757 aliqua

144 4782 521 4854 signiﬁcatio.

218 4871 449 4926 Immola
505 4873 626 4924 Deo.
683 4867 878 4939 (Cass)
931 4868 1055 4923 Non
1105 4867 1242 4922 dicit
1288 4866 1451 4931 mihi,
1512 4864 1611 4918 sed
1641 4864 1709 4918 de
1770 4880 1848 4929 se,

142 4956 322 5028 quasi
370 4956 438 5009 de
483 4956 595 5010 alio
655 4961 719 5011 ut
755 4961 811 5011 et
864 4961 996 5026 post
1056 4973 1069 5009 :
1128 4957 1401 5011 Peccatori
1444 4958 1622 5005 autem
1681 4952 1846 5019 dixit,

144 5046 324 5109 Deus,
350 5059 457 5097 non
480 5059 591 5111 ego.

220 5132 385 5184 Vens.
413 5133 495 5184 t5.
528 5162 595 5171 —
619 5131 1025 5185 Tribulationis.
1079 5128 1260 5200 (Αυω.)
1312 5130 1510 5182 Nostra
1540 5125 1844 5180 tribulatio

139 5218 385 5290 proprie
416 5222 502 5271 est
530 5218 739 5272 timore
770 5218 989 5284 salutis,
1023 5234 1139 5271 non
1168 5216 1506 5270 carnalium.

221 5326 387 5377 VEBS.
462 5326 545 5378 16.
593 5352 665 5365 -
700 5326 976 5378 Peccatori
1022 5328 1220 5377 autem.
1296 5322 1483 5391 (Ibid.)
1534 5323 1582 5374 Α
1641 5319 1849 5389 quibus

138 5411 495 5466 sacriﬁcium
519 5412 670 5477 velit,
704 5412 801 5465 ubi
831 5412 1112 5481 peccatori
1158 5427 1275 5464 sum
1326 5409 1601 5479 nequitia:
1658 5408 1846 5478 impu-

136 5506 367 5558 tantur.

3560 274 3663 327 918

2043 391 2244 461 (Cass)
2297 392 2426 445 Haec
2454 391 2666 461 populo
2721 408 2823 445 suo
2872 391 3035 457 dixit,
3067 398 3172 447 etc.
3206 408 3375 463 usque
3422 396 3497 449 ad
3538 397 3663 451 Non

1966 479 2121 534 enim
2152 480 2319 533 lectio
2360 485 2603 549 negatur
2631 480 3001 553 corrigendis.
3312 464 3321 473 ⁸

2037 569 2224 622 Vens.
2261 573 2346 622 t7.
2378 599 2442 608 -—
2488 569 2569 622 Tu
2606 584 2728 621 vero
2766 569 2951 622 odisti.
3013 570 3195 638 (Ibid)
3263 573 3341 625 Tu
3399 587 3531 625 vero
3566 588 3663 625 ore

1968 656 2122 719 dicis,
2162 657 2259 709 sed
2290 657 2439 710 facto
2486 673 2656 724 negas
2689 657 3049 727 disciplinam
3086 675 3097 711 :
3133 660 3179 711 si
3222 660 3469 729 corrigo,
3502 675 3661 712 mur-

1969 761 2181 799 muras.

2035 836 2255 898 Furem,
2297 834 2773 901 currebas(1bid.)
2820 836 2880 887 In
2926 834 3015 886 his
3048 833 3240 886 omnia
3292 838 3453 887 tonat
3484 834 3653 899 vitia;

1964 941 1997 977 a
2024 929 2187 993 parte
2217 928 2423 988 totum,
2451 923 2536 975 vel
2571 924 2753 976 furem
2804 922 2927 974 saui
2958 923 3282 974 intellectus
3325 922 3654 991 Scriptura.

1963 1012 2267 1066 Adulteris.
2331 1011 2437 1075 Qui
2524 1016 2744 1079 ponunt
2801 1011 3027 1074 falsum,
3091 1010 3403 1063 auferendo
3438 1026 3655 1062 verum.

2035 1102 2192 1153 Vens.
2230 1102 2311 1153 19.
2356 1129 2424 1137 -
2459 1100 2526 1153 Os
2578 1106 2727 1152 tuum
2790 1099 3112 1163 abundavit,
3160 1104 3289 1163 etc.,
3341 1099 3658 1166 (Ibid.)Ac-

1963 1194 2120 1241 cusat
2149 1187 2572 1249 conscientiam,
2625 1192 2679 1239 et
2729 1188 3004 1255 linguam,
3063 1193 3196 1255 etc.,
3228 1201 3397 1254 usque
3443 1187 3515 1239 ad
3545 1202 3659 1238 non

1963 1292 2091 1328 casu
2127 1276 2219 1328 alii
2256 1275 2510 1344 derogat,
2552 1276 2646 1327 sed
2671 1274 2880 1327 studio.

2036 1365 2190 1416 Vens.
2246 1366 2335 1416 ‘20.
2386 1392 2453 1402 —
2500 1362 2721 1418 Sedens.
2773 1361 2971 1429 (Ibid)
3019 1361 3181 1424 Quod
3240 1360 3525 1413 transiens
3573 1360 3658 1412 vel

1964 1457 2115 1505 stans
2147 1452 2299 1517 facit,
2333 1467 2445 1505 non
2482 1468 2611 1503 cum
2644 1452 2932 1503 voluntate
2975 1450 3130 1502 facit.
3166 1450 3435 1502 Fratrem.
3473 1448 3656 1516 (Ibid)

1963 1540 2203 1594 Omnem
2261 1540 2571 1592 hominem.
2634 1538 2914 1592 Adversus
2968 1538 3142 1605 ﬁlium
3195 1539 3410 1599 matris,
3468 1536 3658 1588 Eccle-

1964 1628 2080 1689 εἰει»,
2128 1628 2219 1681 cui
2279 1628 2551 1680 charitute
2623 1626 2943 1695 jungimur.
3008 1626 3244 1678 Ponebas
3311 1624 3651 1688 scandalum,

1962 1715 2205 1767 haereses
2256 1714 2339 1765 vel
2371 1713 2481 1765 alia
2516 1713 2723 1782 quibus
2763 1713 3036 1765 innocens
3060 1712 3336 1781 capiatur.

2030 1802 2359 1869 Loqueburis
2389 1801 2673 1855 adversus.
2703 1800 2893 1869 (AUG.)
2920 1801 3061 1853 Dum
3094 1799 3343 1853 detrahit
3377 1798 3473 1867 qui
3515 1799 3656 1851 doc-

1960 1895 2083 1944 ctus
2113 1890 2351 1943 videtur.
2388 1893 2520 1955 etc.,
2554 1905 2720 1956 usque
2763 1889 2837 1941 ad
2894 1888 3179 1941 validioris
3210 1888 3477 1941 doctrinm
3509 1887 3654 1941 cibo.

2036 1979 2141 2031 Tui
2170 1980 2363 2031 similis
2399 1979 2589 2043 (Cass)
2619 1977 3039 2030 Consenticndo
3074 1977 3257 2030 malis.

2030 2069 2286 2123 Statuam
2334 2071 2519 2119 contra
2570 2070 2736 2118 tuam.
2799 2064 2983 2134 (Acs)
3034 2066 3196 2129 Quod
3256 2068 3382 2135 post
3425 2064 3654 2118 dorsum

1960 2155 2222 2224 posuisti,
2247 2158 2379 2207 ante
2411 2154 2609 2207 faciem
2642 2170 2876 2222 ponam.

2034 2243 2191 2296 Vsus.
2258 2246 2344 2295 22.
2381 2271 2447 2280 —
2482 2243 2684 2309 Rapiat
2716 2242 2912 2309 (Cass)
2973 2242 3118 2293 Deus
3178 2241 3245 2294 ad
3308 2256 3564 2309 poenam,
3597 2245 3652 2293 et

1960 2346 2065 2384 non
2094 2331 2168 2384 sit
2197 2333 2292 2399 qui
2317 2332 2535 2396 eripiat.
2562 2329 2799 2392 Quando
2841 2328 3103 2381 diabolus
3138 2328 3306 2397 rapit,
3347 2330 3490 2381 Deus
3535 2329 3650 2381 eri-

1961 2420 2075 2488 pit;
2104 2419 2199 2472 sed
2232 2435 2360 2471 cum
2392 2419 2537 2471 Deus
2563 2418 2728 2486 rapit,
2765 2433 2933 2470 nemo
2969 2418 3113 2469 valet
3141 2417 3405 2469 liberare.

2035 2508 2201 2560 Vens.
2234 2510 2322 2561 23.
2364 2537 2424 2545 —
2465 2506 2802 2573 Sacriﬁcium
2833 2506 3031 2558 laudis.
3098 2506 3301 2573 (Cass)
3344 2506 3465 2557 Non
3503 2504 3658 2573 quod

1964 2595 2219 2648 scelerati
2258 2598 2506 2659 cantant,
2541 2596 2868 2661 sacriﬁcium
2918 2594 3120 2659 laudis,
3153 2610 3267 2645 non
3298 2592 3655 2645 animalium.

1962 2686 2031 2737 Et
2061 2684 2181 2737 haec
2224 2689 2309 2736 est
2364 2683 2454 2736 via
2500 2683 2566 2736 ad
2630 2683 2828 2746 Deum,
2875 2683 3025 2735 scala
3055 2682 3247 2748 Jacob,
3299 2697 3412 2745 qua
3455 2682 3656 2746 angeli,

1962 2772 2015 2824 id
2070 2776 2172 2834 est,
2230 2770 2445 2835 ﬁdeles,
2506 2771 2801 2823 ascendunt
2849 2770 2917 2823 ad
2951 2770 3180 2822 laudem
3237 2768 3566 2833 divinitatis,
3600 2774 3657 2821 et

1962 2860 2290 2914 descendunt
2332 2860 2401 2912 ad
2460 2859 2687 2911 laudem
2730 2857 3123 2911 humanitatis.
3192 2859 3311 2910 Illic
3361 2860 3463 2909 iter
3520 2872 3644 2923 quo,

1889 2948 1930 3003 C
1960 2953 2064 3000 etc.
2096 2946 2287 3016 (Ibid.)
2312 2948 2374 2999 In
2403 2945 2674 2998 sacriﬁcio
2722 2945 2922 3000 laudis.
2985 2946 3242 3001 Salutare
3301 2947 3414 2998 Dei.
3451 2945 3654 3012 (Αυα.)

1965 3035 2238 3101 Christus,
2274 3034 2369 3104 qui
2403 3050 2529 3087 cum
2566 3034 2747 3101 gratia
2772 3033 2946 3099 venit,
2991 3049 3163 3103 quem
3195 3033 3368 3097 novit,
3401 3032 3499 3103 qui
3548 3032 3655 3085 ali-

1964 3124 2065 3193 qui
2095 3123 2193 3177 alii
2223 3139 2395 3194 quam
2426 3122 2626 3192 gratia}
2647 3121 2746 3175 Dei
2778 3120 3056 3173 attribuit.

2600 3260 2913 3315 PSALMUS
2960 3262 3016 3314 L.

2034 3386 2194 3439 Vens.
2286 3387 2333 3438 1.
2414 3386 2475 3438 1η
2538 3384 2708 3453 ﬁnem
2757 3385 3021 3452 psalmus.
3102 3380 3307 3450 (Cass)
3364 3380 3659 3450 Arguente

1964 3473 2205 3539 Nathan,
2260 3488 2357 3525 rex
2393 3488 2505 3525 non
2556 3472 2787 3525 erubuit
2832 3476 3063 3541 peccata
3095 3469 3322 3540 publice
3375 3468 3656 3533 conﬁteri,

1964 3566 2096 3628 etc.,
2124 3576 2290 3628 usque
2318 3560 2392 3613 ad
2420 3576 2547 3630 qua:
2578 3577 2611 3613 a
2656 3561 2771 3615 Deo
2802 3561 2954 3614 valet
2982 3558 3411 3629 paenitentibus.
3446 3557 3647 3612 David.

1965 3650 2152 3720 (Αοα.)
2197 3650 2537 3718 Proponitur
2568 3649 2627 3701 in
2702 3650 3053 3718 exemplum,
3086 3664 3202 3701 non
3233 3646 3495 3711 cadendi,
3538 3645 3660 3713 sed,

1964 3738 2070 3792 etsi
2100 3736 2385 3801 cecideris,
2420 3736 2757 3805 resurgendi
2800 3752 2869 3788 ne
2925 3736 3209 3805 desperes.
3245 3734 3435 3802 (Cass)
3469 3733 3661 3787 Prima

1964 3829 2049 3878 est
2093 3823 2437 3893 deprecatio,
2498 3827 2627 3889 etc.,
2661 3838 2827 3891 usque
2858 3823 2936 3877 ad
2987 3823 3156 3891 plena
3188 3825 3493 3891 praestatur
3522 3837 3660 3889 pec-

1964 3916 2218 3965 catorum
2243 3908 2521 3963 remissio.

2035 4000 2194 4053 Vens.
2258 4000 2307 4051 3.
2340 4028 2407 4036 —
2460 4000 2709 4051 Miserere
2763 3997 2887 4062 mei,
2952 3998 3109 4049 Deus.
3157 3993 3350 4063 (Ibid)
3407 3991 3506 4046 Hic
3538 4009 3659 4061 pce-

1964 4086 2276 4141 nitentialis
2331 4085 2601 4155 psalmus,
2664 4088 2791 4149 etc.,
2852 4096 3020 4150 usque
3101 4081 3174 4134 ad
3220 4080 3355 4150 quia
3394 4081 3662 4149 praevidit

1893 4225 1938 4280 Β
1964 4190 2066 4244 per
2087 4173 2237 4227 hunc
2276 4173 2562 4242 psalmum
2606 4172 2799 4241 plures
2831 4170 3134 4239 perituros.
3184 4168 3487 4224 Secundum
3539 4184 3657 4221 ma-

1978 4278 1982 4280 .
2093 4278 2116 4280 η
2176 4260 2592 4280 ..ηιΑμνμ---μΔξ-μμμ
2660 4265 2804 4280 1..-...
2869 4260 2940 4280 n-
2979 4257 3130 4280 -.η-ε
3188 4263 3415 4280 _--.._L-
3456 4257 3621 4280 1]----

1961 4278 2125 4329 gnam
2170 4260 2598 4315 misericordiam
2659 4265 2827 4313 tuam.
2868 4260 2944 4313 De
2975 4257 3135 4327 gravi
3188 4263 3419 4328 peccato
3451 4257 3656 4325 despe-

1961 4350 2206 4404 randum
2261 4354 2425 4417 esset,
2485 4349 2595 4402 nisi
2644 4364 2850 4418 magna
2901 4346 3263 4400 misericodia
3318 4350 3483 4399 esset.
3544 4345 3658 4398 Ma-

1963 4454 2076 4509 gna
2108 4455 2223 4491 non
2256 4442 2443 4507 potest
2471 4437 2710 4491 difﬁniri
2741 4442 2958 4507 quanta
3012 4435 3100 4488 sit.
3151 4437 3405 4501 Magnam
3445 4436 3659 4488 miseri-

1962 4528 2222 4581 cordiam.
2263 4526 2450 4596 (Ibid)
2514 4527 2716 4596 Magna
2766 4523 3155 4577 misericordia
3206 4524 3385 4575 Deum
3416 4522 3484 4576 de
3515 4522 3657 4576 coelo

1961 4615 2245 4684 deposuit,
2278 4620 2407 4682 etc.,
2442 4629 2611 4681 usque
2648 4613 2721 4665 ad
2762 4628 2891 4665 cum
2943 4610 3255 4664 secundum
3311 4626 3371 4663 se
3424 4614 3660 4679 rogatur

1964 4706 2111 4758 Deus
2138 4704 2473 4771 ignoscere?
2520 4703 2927 4756 Miserationum
2960 4704 3063 4752 etc.
3100 4697 3296 4767 (Cass)
3344 4699 3451 4751 Per
3486 4698 3653 4752 mise-

1958 4791 2265 4845 ricordiam
2312 4796 2368 4843 ct
2397 4790 2823 4843 miserationem
2850 4787 3010 4857 petit.
3048 4787 3111 4839 Et
3134 4790 3218 4838 est
3262 4785 3657 4839 misericordia

1961 4880 2023 4933 in
2053 4885 2277 4945 natura,
2310 4877 2601 4932 miseratio
2632 4876 2691 4929 in
2722 4875 2948 4928 effectu.

2033 4969 2189 5019 Vens.
2224 4966 2276 5019 4.
2311 4995 2380 5006 -
2425 4966 2675 5032 Amplius
2703 4964 2828 5016 lava
2853 4978 2952 5015 me.
2988 4958 3181 5030 (Cass)
3212 4959 3392 5023 Quem
3425 4960 3658 5013 modum

1961 5054 2185 5109 delendi
2238 5054 2373 5106 velit
2428 5053 2669 5105 subdit:
2712 5050 2917 5105 Munda
2964 5065 3064 5115 me,
3119 5053 3222 5101 etc.
3297 5047 3518 5117 (HIER.)
3570 5047 3662 5101 Sic

1963 5144 2080 5196 lava
2102 5148 2163 5195 ut
2188 5142 2449 5207 mundes,
2483 5142 2744 5194 lavantur
2773 5138 2927 5192 enim
2959 5137 3240 5208 quaedam,
3290 5152 3419 5206 qua:
3467 5140 3659 5189 tamen

1960 5248 2075 5285 non
2094 5234 2227 5283 sunt
2242 5245 2410 5299 pura.

2030 5320 2191 5372 Vens.
2247 5321 2300 5369 5.
2347 5346 2413 5355 ——
2487 5316 2751 5380 Quoniam
2803 5315 3172 5382 iniquitatem.
3228 5313 3407 5380 (Aue.,
3470 5311 3657 5379 Cass.)

1961 5407 2133 5475 Cujus
2165 5404 2611 5458 misericordiam
2660 5401 2801 5471 petit
2829 5407 2895 5454 ut
2950 5401 3226 5469 ignoscat,
3261 5398 3397 5469 quia
3436 5399 3541 5453 scit
3564 5400 3657 5469 ju-

1958 5499 2108 5547 stum
2136 5498 2199 5545 ut
2230 5495 2457 5561 peccata
2476 5489 2697 5559 puniat,
2730 5488 2925 5542 subdit
2957 5504 2971 5541 :
2997 5489 3080 5541 Tu
3107 5503 3178 5540 ne
3230 5487 3459 5554 punias,
3516 5488 3655 5558 quia
