4034 6180
382 266 485 319 919

1003 263 1404 319 WALAFBIDI
1444 264 1689 319 STRABI
1730 264 1926 319 FULD.
1974 264 2075 320 MOI

2226 267 2323 321 PP.
2366 266 2549 322 PARS
2586 267 2630 321 Ι.
2671 294 2739 305 —-
2776 265 3228 322 THEOLOGICA.
3748 276 3831 326 920

383 407 490 461 ego
544 389 745 462 punio.
797 389 1063 455 Quoniam
1089 392 1438 458 iniquitatem
1472 404 1669 454 meam,
1722 394 1835 445 etc.
1878 392 2079 446 Contra
2106 392 2153 444 A
2192 407 2309 445 non
2342 406 2576 462 corpus;
2610 405 2715 461 per
2774 392 3033 459 spiritum
3091 396 3315 455 rectum,
3366 390 3584 457 Filium,
3617 393 3837 460 Spiritum

387 496 487 534 me.
523 478 710 551 (Auo.)
742 480 875 533 Post
899 482 1126 548 tergum
1164 483 1463 547 peccatum
1522 478 1742 541 habuit,
1799 495 1930 533 cum
1989 495 2081 532 rex

385 568 731 623 sententiam
780 566 839 620 in
889 566 1144 633 divitem,
1199 567 1299 638 qui
1352 566 1545 637 rapuit
1600 583 1764 622 ovem
1810 567 2082 638 pauperis

386 656 562 724 dedit,
597 655 809 710 oblitus
838 654 944 709 sui.

456 746 614 799 Vens.
658 747 803 797 6.—
837 742 964 796 Tibi
987 742 1091 797 soli
1134 745 1372 812 peccavi.
1442 744 1648 814 (HIER.)
1698 744 1864 799 Solus
1926 744 2081 801 enim

389 834 485 887 ille
504 832 654 901 juste
682 830 870 902 punit,
904 831 1004 901 qui
1037 848 1151 885 non
1181 832 1355 885 habet
1385 831 1443 885 in
1478 849 1556 900 se,
1587 833 1739 903 quod
1779 835 2084 902 reprehen-

386 922 571 986 datur,
606 920 699 974 hic
723 923 808 974 est
833 919 983 973 inter
1021 920 1284 973 homines
1313 921 1465 974 solus
1496 920 1777 976 Christus.
1805 922 1931 975 Tibi
1958 923 2077 976 soli.

387 1008 588 1078 (Cass)
648 1006 791 1070 Quia
837 1023 934 1061 rex
984 1008 1251 1062 omnibus
1304 1009 1583 1079 superior,
1643 1014 1866 1063 tantum
1896 1026 1929 1063 a
1972 1011 2082 1064 Deo

384 1096 712 1167 puniendus
733 1100 836 1149 est.
862 1096 1051 1151 Coram
1094 1102 1163 1150 te.
1192 1096 1335 1160 Quia
1361 1098 1573 1167 ubique
1600 1113 1719 1150 esse
1750 1099 1877 1163 scit,
1928 1099 2082 1152 unde

387 1201 446 1239 se
479 1185 692 1255 arguit,
716 1183 851 1255 quia
880 1200 945 1238 eo
971 1190 1251 1254 praesente
1279 1200 1512 1254 peccare
1546 1201 1662 1239 non
1702 1185 1953 1240 erubuit.
2017 1188 2085 1240 Ut

375 1275 719 1343 justiﬁceris,
750 1278 855 1326 etc.
892 1274 1064 1343 Cujus
1113 1273 1283 1327 verba
1309 1288 1430 1327 non
1476 1279 1797 1343 transeunt,
1851 1274 1949 1328 sed
1974 1274 2082 1327 im-

384 1363 636 1432 plentur.
692 1364 890 1417 Vincas
939 1378 1059 1415 cum
1099 1362 1394 1430 judicaris.
1430 1364 1793 1417 Deustautaa
1844 1362 2084 1433 justitia":

384 1456 489 1519 est,
521 1455 839 1519 etc.,usque
870 1450 943 1504 ad
968 1454 1032 1504 ut
1074 1450 1259 1504 vincat
1287 1450 1440 1505 inter
1467 1467 1527 1505 se
1566 1456 1623 1505 et
1675 1467 1829 1518 eum,
1862 1451 1909 1504 si
1931 1452 2083 1521 judi-

388 1544 608 1595 centur.

462 1628 590 1683 Tibi
618 1628 738 1682 soli.
772 1626 953 1719 (Anon)
992 1626 1213 1719 Christo
1244 1626 1469 1679 nullum
1486 1626 1732 1719 habenti
1758 1631 2076 1719 peccatum,
2112 1665 2153 1719 Β

387 1721 519 1783 etc.,
551 1731 721 1786 usque
753 1715 832 1771 ad
878 1732 946 1769 eo
977 1715 1133 1785 quod
1180 1718 1299 1768 tam
1344 1715 1591 1784 graviter
1623 1717 1805 1770 Deum
1835 1716 2085 1770 offende-

386 1810 494 1859 rat.
521 1806 600 1859 Et
630 1808 835 1859 vincas.
874 1802 1064 1873 (AUG.)
1114 1804 1212 1857 Vel
1245 1803 1387 1857 adeo
1436 1804 1626 1874 justus
1667 1820 1744 1871 es,
1807 1808 1872 1857 ut
1896 1808 2086 1857 vincas

387 1892 705 1956 diabolum,
736 1895 793 1944 et
822 1895 1088 1959 mortem,
1122 1898 1179 1944 et
1217 1889 1466 1959 Iudaeos,
1520 1907 1650 1946 cum
1675 1890 1950 1962 judicaris
1983 1908 1996 1946 :
2030 1896 2087 1946 et

387 1983 448 2036 in
469 1980 708 2051 judicio,
734 1978 1147 2050 quojudicatus
1178 1996 1256 2032 es.
1502 1964 1512 1976 ’

458 2071 620 2125 Vnus.
655 2073 709 2122 7.
760 2096 829 2107 —
869 2070 933 2122 In
969 2068 1385 2137 iniquitatibus.
1426 2067 1614 2137 (Cass)
1667 2066 1941 2122 Minuitur
1994 2067 2083 2122 in-

388 2158 542 2212 vidia
570 2156 807 2228 peccati,
842 2160 972 2223 etc.,
994 2170 1164 2226 usque
1182 2156 1257 2211 ad
1278 2156 1348 2211 de
1377 2172 1493 2210 uno
1519 2155 1782 2226 arguitur
1807 2161 1865 2211 et
1891 2156 2084 2211 omnia

389 2246 711 2301 conﬁtetur.

458 2336 619 2389 Vens.
647 2336 699 2388 8.
736 2362 805 2373 -
851 2335 981 2388 Ecce
1026 2334 1187 2399 enim,
1229 2336 1335 2388 etc.
1395 2332 1580 2403 (Auo.)
1627 2332 1718 2388 Sic
1771 2332 2085 2388 misericor-

387 2422 540 2477 diam
582 2422 696 2490 dat,
742 2426 807 2476 ut
835 2424 1023 2475 servet
1072 2420 1394 2487 veritatem,
1443 2426 1509 2473 ut
1562 2435 1667 2473 nec
1713 2424 1943 2490 peccata
1974 2419 2087 2474 sint

388 2511 675 2582 impunita
716 2510 841 2581 ejus
901 2510 993 2563 cui
1042 2508 1307 2579 ignoscit.
1350 2508 1599 2579 Ignoscit
1646 2508 1802 2561 enim
1833 2507 2086 2578 seipsum
2188 2507 2445 2577 justitias.
2530 2512 2701 2565 Muri.

389 2599 669 2670 punienti.
705 2598 1083 2653 Misericordia
1116 2613 1255 2667 ergo
1300 2597 1475 2651 etiam
1505 2601 1590 2651 est
1618 2596 1771 2667 quod
1818 2596 1991 2650 homo
2019 2597 2087 2650 li-

390 2690 653 2755 beratur;
680 2687 887 2741 veritas
928 2686 1082 2755 quod
1112 2690 1408 2755 peccatum
1476 2684 1732 2755 punitur.
1768 2688 2083 2753 Veritatem,

391 2781 497 2831 etc.
535 2774 734 2847 (Cass)
756 2774 899 2840 Quia
925 2774 985 2828 in
1018 2774 1363 2841 conﬁtendo,
1396 2773 1695 2827 veritatem
1718 2773 1880 2842 dixit,
1914 2789 2088 2844 quam

394 2866 544 2919 Deus
600 2880 771 2935 super
798 2863 1073 2916 sacriﬁcia
1123 2862 1348 2934 quaerit,
1384 2862 1669 2933 supplicat
1723 2862 1830 2916 sibi
1884 2862 2087 2916 subve-

2190 485 2457 545 sanclum,
2504 496 2604 533 suo
2645 479 2901 547 nomine,
2948 495 3053 548 per
3073 482 3331 547 spiritum
3369 482 3721 549 principalem,
3760 484 3838 537 Pa-

2189 570 2356 622 trem.
2434 569 2632 634 (Cass)
2695 567 2974 638 Spiritum
3032 567 3350 638 prophetia:
3418 568 3515 638 qui
3611 570 3833 625 omnibus

2190 655 2496 725 pretiosior
2525 661 2629 723 est,
2660 656 2837 710 robur
2884 657 3068 710 solum
3106 656 3254 727 petit
3275 671 3391 709 non
3429 655 3651 723 auferri,
3680 662 3835 712 tacens

2192 743 2263 797 de
2285 744 2525 798 caeteris.

2260 834 2418 887 Vens.
2458 835 2539 886 l'o'.
2574 863 2645 871 —
2702 832 2928 887 Docebo.
2984 831 3181 897 (Ibid.)
3231 832 3377 896 Quid
3418 833 3699 887 restitutus
3740 851 3841 904 per-

2190 921 2398 987 solvat;
2422 920 2583 991 prius
2610 921 2864 991 plorans,
2892 921 3012 990 jam
3046 920 3110 974 ﬁt
3138 920 3353 974 doctor.

2262 1011 2423 1065 Vens.
2492 1012 2574 1062 16.
2606 1039 2675 1048 -
2720 1013 2795 1063 De
2850 1008 3227 1074 sanguinibus.
3284 1008 3477 1074 (Ibid.)
3516 1008 3654 1073 Quia
3697 1011 3844 1062 multa

2191 1102 2324 1151 sunt
2349 1097 2600 1150 carnalia
2656 1101 2906 1166 peccata,
2972 1103 3103 1163 etc.,
3137 1112 3306 1167 usque
3348 1098 3423 1151 ad
3480 1114 3607 1167 quae
3659 1098 3720 1151 de
3748 1115 3845 1151 cor-

2190 1185 2459 1254 ruptione
2481 1185 2667 1238 carnis
2698 1190 2753 1237 et
2774 1184 3072 1255 sanguinis
3109 1185 3365 1239 veniunt.
3399 1189 3678 1241 Justitiam
3708 1192 3842 1240 tuam.

2191 1273 2380 1341 (Ibid)
2418 1273 2701 1327 Justitiam
2747 1273 2961 1339 laudat,
3021 1290 3148 1327 cum
3176 1274 3374 1344 pietati
3405 1275 3637 1328 deberet
3676 1276 3847 1344 gratias

2192 1364 2519 1431 agere;sed
2568 1362 2884 1433 etjustitim
2907 1361 3014 1415 fuit
3061 1362 3431 1416 conﬁtentem
3481 1363 3847 1433 suscipere;et

2193 1450 2284 1503 ha:
2342 1450 2471 1504 duas
2510 1466 2599 1504 res
2648 1466 2876 1521 semper
2933 1451 2994 1504 in
3044 1450 3262 1520 judicio
3310 1451 3542 1505 Domini
3607 1452 3847 1522 adjuncta:

2192 1543 2343 1592 sunt.

2266 1628 2433 1682 Vens.
2471 1630 2555 1682 17.
2596 1657 2658 1667 -
2691 1628 2932 1683 Laudem
2980 1634 3151 1685 tuam.
3181 1632 3367 1696 (Aue.)
3392 1628 3561 1692 Quod
3594 1645 3680 1683 me
3723 1645 3850 1683 crea-

2194 1713 2298 1781 sti;
2332 1714 2486 1783 quod
2541 1720 2872 1785 peccantem
2920 1733 3035 1771 non
3082 1717 3393 1787 reliquisti;
3427 1718 3583 1788 quod
3631 1718 3853 1772 conﬁteri

2194 1802 2495 1870 monuisti;
2530 1804 2685 1874 quod
2716 1805 3022 1859 mundasti.

2266 1892 2429 1945 Vens.
2490 1894 2573 1946 19.
2624 1923 2693 1933 —-
2760 1894 3101 1963 Sacriﬁcium
3138 1896 3267 1949 Deo.
3322 1894 3527 1959 (Cass.)
3578 1894 3731 1957 Quod
3777 1894 3855 1947 illo

2192 1982 2451 2047 tempore
2506 1996 2609 2049 pro
2670 1980 2990 2051 expiatione
3071 1981 3412 2052 ponebatur.
3472 1983 3855 2039 Contribulatus.

2192 2065 2378 2133 (lbid.)
2437 2067 2621 2120 Laetus
2664 2073 2720 2121 et
2771 2068 3015 2125 lascivus
3081 2068 3317 2139 spiritus
3375 2070 3599 2140 obligat
3640 2076 3852 2141 peccato.

2195 2152 2465 2224 Sequitur
2516 2155 2685 2225 hujus
2747 2157 3009 2211 sacriﬁcii
3049 2158 3357 2229 promissio
3424 2175 3437 2212 :
3512 2160 3614 2214 Cor
3681 2160 3848 2212 contri—

2193 2245 2325 2295 tum.

2266 2329 2425 2384 Vens.
2480 2333 2568 2386 20.
2604 2362 2673 2372 —
2718 2334 2952 2400 Benigne
3009 2337 3120 2399 fac.
3175 2335 3357 2402 (lbid.)
3432 2336 3563 2391 Jam
3608 2334 3843 2405 gaudens.

2193 2416 2263 2470 de
2288 2418 2668 2474 aediﬁcatione
2683 2422 2998 2476 Jerusalem
3030 2424 3354 2493 prophetat,
3401 2424 3498 2477 ubi
3549 2421 3851 2476 sacriﬁcium

2790 2513 2939 2577 (A0.)
3022 2511 3373 2565 Munimenta
3438 2510 3852 2565 immortalitatis

2198 2600 2409 2648 nostrae
2432 2602 2839 2651 construantur
2865 2598 2923 2651 in
2946 2598 3079 2667 ﬁde,
3115 2616 3234 2668 spe,
3268 2606 3324 2652 et
3345 2600 3641 2653 charitate.

2270 2683 2428 2737 Vens.
2480 2688 2567 2739 21.
2610 2716 2679 2725 -
2737 2689 2880 2742 Tunc
2936 2688 3241 2756 acceptabis
3298 2691 3648 2756 sacriﬁcium.
3704 2686 3861 2753 (Ibid)

2200 2771 2360 2825 Modo
2418 2773 2760 2828 sacriﬁcium
2825 2791 2930 2845 pro
3009 2776 3335 2847 iniquitate,
3417 2782 3553 2839 etc.,
3616 2791 3771 2844 usque
3801 2773 3864 2827 ad

2196 2861 2330 2910 tunc
2360 2858 2584 2927 justitia
2635 2860 2746 2915 erit
2824 2862 3188 2929 sacriﬁcium,
3273 2862 3572 2918 oblationes
3646 2862 3869 2915 minores

391 2954 527 3010 uiri.
574 2956 787 3009 Incerta
820 2957 871 3007 et
906 2953 1130 3007 occulta.
1162 2954 1351 3020 (Avo)
1403 2951 1547 3006 Sunt
1602 2955 1659 3005 et
1691 2952 1910 3004 occulta
1932 2951 2088 3021 quod
2120 2945 2162 3001 C
2199 2946 2398 3011 sancti,
2433 2948 2763 3015 holocausta,
2804 2950 3057 3020 perfecti.

390 3041 624 3105 talibus,
680 3045 809 3107 etc.,
854 3055 1026 3109 usque
1071 3040 1148 3094 ad
1207 3039 1360 3094 unde
1389 3038 1576 3109 magis
1605 3054 1637 3092 a
1686 3043 1917 3109 peccato
1964 3044 2087 3092 erat

392 3130 500 3185 sibi
549 3128 882 3184 cavendum.
928 3129 1166 3185 Occulta.
1232 3128 1432 3195 (Cass)
1464 3129 1537 3181 Ex
1599 3127 1937 3181 auctoritate
1959 3142 2089 3180 ma-

399 3218 737 3285 nifestantis,
770 3216 1116 3271 conﬁdentia
1136 3215 1445 3271 ablutionis
1467 3219 1523 3269 et
1549 3215 1942 3270 dealbatiouis.

470 3309 627 3361 Vens.
664 3309 715 3361 9.
760 3334 829 3345 —
867 3308 1140 3374 Asperges
1174 3320 1276 3358 me.
1305 3304 1505 3370 (Cass)
1534 3302 1791 3357 Secunda
1838 3307 1923 3356 est
1951 3318 2089 3357 con-

398 3394 635 3449 ﬁdentia
694 3392 1102 3447 misericordiae
1143 3391 1264 3457 Dei,
1313 3407 1446 3462 quas
1477 3392 1726 3445 multum
1780 3395 1862 3445 est
1890 3390 2087 3445 utilis:

400 3493 471 3530 ne
503 3478 775 3548 subrepat
796 3478 1143 3548 desperatio,
1197 3494 1326 3549 quae
1377 3479 1646 3533 omnibus
1675 3479 1921 3548 peccatis
1960 3494 2090 3549 gra-

399 3564 522 3617 vior
578 3571 680 3620 est.
731 3568 1003 3638 Hyssopo.
1040 3567 1226 3633 (Ibid.)
1272 3567 1573 3621 Immolato
1606 3568 1883 3638 sanguine
1914 3566 2086 3621 intin-

400 3658 509 3720 cta,
551 3670 722 3724 super
759 3670 964 3724 corpus
1021 3654 1233 3725 leprosi
1281 3655 1708 3726 aspergebatur,
1768 3655 2094 3725 signiﬁcans

400 3742 678 3812 sanguine
735 3742 943 3798 Christi
1013 3745 1267 3797 maculas
1320 3750 1685 3814 peccatorum
1759 3744 2090 3811 abluendas,

400 3833 591 3899 (Auo.)
635 3834 922 3902 Hyssopus
982 3832 1160 3887 herba
1216 3832 1469 3899 humilis,
1523 3836 1653 3897 etc.,
1716 3848 1885 3901 usque
1931 3833 2005 3886 ad
2034 3832 2093 3885 in

402 3919 611 3989 quibus
631 3925 715 3974 est
751 3920 995 3988 inﬂatio,
1048 3921 1128 3975 sic
1167 3920 1463 3975 humilitas
1518 3920 1863 3990 superbiam.
1922 3922 2096 3989 Super

399 4010 592 4061 nivem.
643 4009 830 4076 (Ibid.)
873 4010 1444 4079 Iucomparabiliter:
1501 4009 1657 4063 unde
1712 4013 1769 4063 et
1811 4008 1869 4062 in
1899 4013 2093 4063 monte

402 4095 572 4149 vestis
604 4095 813 4150 Christi
850 4096 1009 4150 fulsit
1039 4096 1186 4150 sicut
1228 4096 1345 4149 nix.

470 4184 638 4237 Vens.
676 4185 760 4236 10.
810 4213 880 4223 -
907 4183 1146 4238 Auditui
1191 4199 1326 4239 meo.
1366 4185 1549 4251 (Auo.)
1605 4184 1749 4238 Nota
1793 4182 2089 4238 humilem.

402 4270 645 4326 Audiam
677 4276 752 4339 te,
799 4275 930 4337 etc.,
955 4287 1124 4341 usque
1155 4271 1229 4325 ad
1275 4275 1332 4326 et
1384 4272 1518 4342 quia
1542 4272 1664 4342 jam
1710 4272 1946 4327 humilis
1973 4273 2095 4343 jam

401 4359 678 4413 exsultant
697 4373 817 4412 ossa
847 4360 1154 4413 humiliata.

473 4446 635 4500 Vsus.
694 4450 773 4500 11.
824 4477 893 4488 —
950 4451 1149 4502 Averte
1193 4449 1393 4515 (Cass)
1426 4449 1499 4502 Ex
1551 4448 1896 4503 conﬁdentia
1935 4464 2095 4503 secu-

405 4549 521 4600 rus,
549 4534 695 4604 petit
712 4533 1061 4589 deletionem
1092 4534 1354 4590 omnium
1385 4540 1751 4606 peccatorum
1780 4540 1837 4592 et
1865 4537 2095 4608 plenam

404 4620 847 4676 restitutionem.

476 4711 634 4764 Vens.
691 4713 775 4764 t2.
826 4738 895 4752 —
950 4712 1023 4765 In
1089 4712 1383 4766 visceribus
1454 4714 1605 4766 meis.
1689 4711 1883 4777 (Ibid.)
1934 4711 2096 4765 Unde

406 4798 751 4851 adulterium
804 4797 956 4852 exiit.
1031 4799 1093 4851 In
1148 4798 1406 4869 utrisque
1464 4798 1740 4867 partibus,
1802 4798 1994 4853 anima
2040 4804 2098 4853 et

404 4901 642 4955 corpore
678 4886 996 4940 remedium
1024 4887 1335 4941 curationis
1378 4887 1540 4957 petit,
1576 4886 1709 4957 quia
1754 4885 1814 4941 in
1844 4886 1924 4940 eis
1964 4902 2094 4957 pec-

404 4972 570 5027 cavit.
625 4973 715 5028 Sic
761 4973 1044 5027 desiderat
1099 4973 1337 5045 expiari,
1414 4979 1477 5028 ut
1530 4974 1785 5029 videatur
1849 4974 1931 5029 nil
1983 4975 2094 5028 tale

402 5061 554 5116 ultra
573 5061 716 5117 velle
746 5062 1122 5116 committere.

472 5151 640 5204 Vens.
708 5152 787 5204 13.
823 5180 891 5189 -
944 5150 1019 5207 Ne
1059 5150 1324 5219 projicias
1379 5166 1462 5205 me
1510 5167 1544 5205 a
1571 5149 1714 5217 facie
1752 5154 1864 5204 tua.
1898 5151 2095 5218 (CASS.)

402 5239 449 5292 A
477 5237 722 5308 peccatis
776 5237 979 5292 faciem
1026 5243 1234 5306 averte,
1284 5238 1381 5293 sed
1435 5254 1553 5293 non
1585 5254 1675 5293 me
1710 5255 1741 5292 a
1787 5238 1927 5292 facie
1973 5244 2095 5306 tua,

408 5326 558 5380 unde
588 5326 785 5380 lumen
810 5330 869 5379 et
897 5326 1109 5380 sanitas
1139 5328 1350 5381 veniat.

476 5414 637 5466 Vens.
674 5414 758 5467 14.
801 5441 873 5451 -
917 5415 1132 5481 Spiritu
1162 5415 1478 5483 principali.
1534 5416 1718 5482 (Avo)
1768 5414 1979 5468 Notaut
2006 5412 2100 5467 hic

406 5500 645 5573 quidam
709 5500 1047 5557 Trinitatem
1095 5502 1157 5556 in
1210 5504 1346 5571 Deo,
1392 5503 1493 5575 qui
1541 5508 1625 5559 est
1654 5503 1907 5575 spiritus,
1961 5518 2090 5558 cum

2277 3034 2425 3088 Tunc
2477 3038 2768 3106 imponent.
2817 3037 3013 3106 (Cass)
3054 3038 3399 3104 Sacerdotes,
3460 3040 3661 3093 vitulos
3718 3038 3868 3091 inuo-

2200 3127 2413 3189 centes,
2460 3129 2590 3192 etc.,
2623 3140 2791 3194 usque
2835 3128 2909 3180 ad
2941 3126 3137 3181 ﬁdeles
3201 3144 3306 3197 pro
3358 3132 3459 3181 tuo
3516 3126 3743 3180 nomine
3788 3140 3870 3195 pa-

2200 3208 2426 3277 tientes,
2460 3212 2561 3266 tibi
2594 3219 2766 3268 erunt
2812 3214 2980 3287 grati.
3023 3216 3232 3271 Altare.
3263 3218 3448 3283 (Aura)
3480 3216 3776 3270 Coelestem
3801 3213 3876 3267 Je-

2199 3298 2471 3354 rusalem.

2835 3417 3057 3475 PSALM
3066 3419 3145 3475 US
3192 3420 3258 3474 L1

2280 3560 2340 3612 ιη
2384 3562 2541 3629 ﬁnem
2578 3576 2701 3632 pro,
2724 3566 2829 3615 etc.
2876 3563 3081 3629 (81211.,
3128 3562 3286 3629 Avo.)
3321 3561 3477 3631 Doeg
3502 3560 3753 3632 prodidit
3781 3559 3876 3613 Da-

2197 3655 2314 3723 vid,
2339 3657 2468 3719 etc.,
2499 3666 2669 3720 usque
2708 3650 2782 3704 ad
2811 3651 2933 3704 Non
2976 3654 3062 3704 est
3102 3649 3194 3703 hic
3215 3649 3393 3704 oratio
3418 3666 3524 3721 pro
3558 3649 3740 3715 malis,
3794 3647 3875 3701 sed

2199 3741 2504 3815 prophetia
2533 3739 2671 3811 quid
2700 3738 2773 3792 sit
2792 3739 2871 3792 eis
2897 3738 3179 3793 futurum.

2271 3833 2433 3885 Vens.
2483 3831 2537 3883 2.
2569 3857 2639 3868 —
2690 3829 2859 3895 Doeg.
2922 3828 3119 3895 (Cass)
3174 3826 3547 3881 Adversarius
3597 3825 3766 3880 David
3814 3823 3875 3876 si-

2202 3919 2435 3993 gniﬁcat
2488 3916 2924 3980 Antichristum,
2980 3915 3079 3985 qui
3136 3920 3316 3969 totum
3363 3915 3562 3969 orbem
3611 3913 3878 3977 movebit;

2203 4007 2305 4079 qui
2324 4006 2513 4060 veniet
2537 4020 2640 4075 per
2671 4004 2856 4075 signa,
2907 4009 2960 4057 et
2986 4003 3258 4057 miracula
3297 4008 3429 4057 ante
3461 4003 3771 4057 adventum
3796 4002 3876 4071 ju-

2205 4095 2357 4160 dicii,
2392 4098 2447 4147 et
2476 4092 2754 4147 auxilium
2795 4108 2827 4144 a
2865 4090 3053 4157 Saule,
3099 4090 3157 4144 id
3202 4094 3305 4154 est,
3343 4107 3375 4143 a
3417 4089 3653 4144 diabolo
3683 4093 3877 4159 petens,

2203 4180 2493 4237 uuntiabit
2518 4179 2740 4233 venisse
2797 4178 2994 4246 David,
3022 4178 3080 4231 id
3109 4183 3212 4243 est,
3245 4178 3531 4232 Christum
3578 4179 3641 4232 in
3671 4179 3877 4232 domum

2205 4268 2588 4335 Achimelech,
2620 4267 2673 4321 id
2710 4272 2813 4334 est,
2854 4267 2926 4320 ad
2982 4266 3290 4333 Eccesiam,
3350 4283 3479 4338 quas
3532 4272 3623 4320 est
3662 4279 3877 4336 regnum

2202 4358 2404 4412 Patris.

2271 4444 2595 4502 Abimelech.
2640 4444 2847 4511 (Ηιειι.)
2917 4442 3082 4510 Dicit;
3120 4442 3179 4496 in
3228 4442 3466 4497 Hebraeo
3510 4441 3876 4503 Achimelech,

2202 4540 2526 4604 etc.,usque
2585 4532 2659 4586 ad
2712 4547 2850 4603 ergo
2900 4531 3230 4586 Abimelech
3262 4532 3443 4602 patris
3492 4532 3612 4586 mei
3659 4542 3878 4601 regnum

2202 4629 2259 4677 et
2288 4621 2572 4692 signiﬁcat
2592 4620 2839 4675 Iudaeos.

2272 4713 2437 4765 Vens.
2480 4713 2532 4765 3.
2586 4739 2656 4748 —
2694 4708 2836 4774 Quid
2877 4708 3135 4776 gloriaris
3166 4708 3225 4760 in
3262 4707 3497 4774 malitia,
3543 4712 3658 4762 etc.
3704 4701 3877 4773 (Cass)

2203 4800 2394 4855 Prima
2436 4803 2520 4853 est
2552 4797 2795 4852 invectio
2844 4796 2904 4850 in
2964 4797 3135 4865 Doeg,
3192 4799 3253 4848 ut
3297 4795 3495 4849 ﬁdeles
3547 4797 3877 4857 corroboret,

2201 4891 2397 4941 contra
2424 4886 2839 4941 Antichristum
2861 4889 2917 4939 et
2946 4886 3069 4955 ejus
3090 4884 3415 4953 complices,

2272 4975 2440 5030 Vsus.
2478 4974 2529 5027 4.
2562 5001 2633 5013 -
2663 4973 2962 5039 Cogitavit.
2997 4971 3186 5039 (Ibid.)
3220 4971 3378 5025 Levis
3416 4986 3603 5039 mens,
3650 4982 3881 5041 prasceps

2202 5062 2395 5127 dictio,
2438 5077 2556 5115 non
2582 5065 2713 5114 aute
2742 5059 2961 5131 cogitat
2995 5075 3168 5130 quam
3191 5060 3485 5131 loquatur,
3505 5059 3666 5113 unde
3696 5076 3707 5111 :
3733 5060 3883 5113 Iners

2205 5153 2562 5208 stulorsorum
2583 5155 2660 5205 est
2689 5164 2779 5204 cor
2807 5164 3002 5204 eorum.
3476 5204 3479 5207 _

2275 5241 2431 5295 Sicut
2480 5239 2763 5304 novacula,
2814 5241 2919 5291 etc.
2981 5236 3162 5304 (lbid.)
3220 5236 3357 5300 Qua:
3406 5236 3543 5291 dum
3620 5231 3879 5305 promittit

2204 5326 2649 5388 inuovationem,
2690 5325 2892 5380 incidit
2926 5324 3008 5379 ita
3062 5324 3159 5378 ille
3206 5324 3458 5389 dolosus,
3515 5324 3875 5378 Antichristus

2208 5414 2446 5481 scilicet,
2474 5414 2911 5475 beatitudinem,
2936 5416 2991 5466 et
3020 5412 3243 5466 occidit.

2276 5503 2436 5557 Vens.
2462 5505 2512 5557 5.
2536 5532 2604 5542 -
2636 5503 2889 5558 Dilexisti
2910 5501 3203 5567 malitiam,
3255 5506 3368 5557 etc.
3404 5501 3604 5570 (Cass)
3652 5502 3770 5555 Non
3796 5499 3874 5553 de-

3307 5785 3346 5825 θ
