  <div class='ocr_page' id='page_1' title='image "/cluster/home/n/w/nwhite01/storage/ocr_20150623/113/hvd.32044054759782/466.png"; bbox 0 0 4034 6180; ppageno 0'>
   <div class='ocr_carea' id='block_1_1' title="bbox 182 286 2549 346">
    <p class='ocr_par' dir='ltr' id='par_1_1' title="bbox 182 286 2549 346">
     <span class='ocr_line' id='line_1_1' title="bbox 182 286 2549 346; baseline 0.001 -5"><span class='ocrx_word' id='word_1_1' title='bbox 182 290 269 341; x_wconf 80' lang='grc'>921</span> <span class='ocrx_word' id='word_1_2' title='bbox 1284 286 1541 343; x_wconf 87' lang='lat' dir='ltr'>GLOSSA</span> <span class='ocrx_word' id='word_1_3' title='bbox 1577 286 1983 345; x_wconf 71' lang='lat' dir='ltr'>ORDINARIA.</span> <span class='ocrx_word' id='word_1_4' title='bbox 2028 317 2090 329; x_wconf 68' lang='lat'><strong>—</strong></span> <span class='ocrx_word' id='word_1_5' title='bbox 2134 291 2265 346; x_wconf 86' lang='lat' dir='ltr'>LIB.</span> <span class='ocrx_word' id='word_1_6' title='bbox 2306 288 2549 345; x_wconf 78' lang='lat' dir='ltr'>PSALM.</span> 
     </span>
    </p>
   </div>
   <div class='ocr_carea' id='block_1_2' title="bbox 3571 293 3675 346">
    <p class='ocr_par' dir='ltr' id='par_1_2' title="bbox 3571 293 3675 346">
     <span class='ocr_line' id='line_1_2' title="bbox 3571 293 3675 346; baseline 0.048 -5"><span class='ocrx_word' id='word_1_7' title='bbox 3571 293 3675 346; x_wconf 80' lang='lat'>922</span> 
     </span>
    </p>
   </div>
   <div class='ocr_carea' id='block_1_3' title="bbox 179 406 3672 481">
    <p class='ocr_par' dir='ltr' id='par_1_3' title="bbox 179 406 3672 481">
     <span class='ocr_line' id='line_1_3' title="bbox 179 406 3672 481; baseline 0.002 -20"><span class='ocrx_word' id='word_1_8' title='bbox 179 406 308 461; x_wconf 87' lang='lat' dir='ltr'>serit</span> <span class='ocrx_word' id='word_1_9' title='bbox 338 406 578 476; x_wconf 89' lang='lat' dir='ltr'>malum,</span> <span class='ocrx_word' id='word_1_10' title='bbox 609 406 709 478; x_wconf 87' lang='lat' dir='ltr'>qui</span> <span class='ocrx_word' id='word_1_11' title='bbox 741 406 928 477; x_wconf 82' lang='lat' dir='ltr'>diligit</span> <span class='ocrx_word' id='word_1_12' title='bbox 965 422 1140 477; x_wconf 82' lang='lat' dir='ltr'>super</span> <span class='ocrx_word' id='word_1_13' title='bbox 1188 407 1605 479; x_wconf 78' lang='lat' dir='ltr'>benignitatem</span> <span class='ocrx_word' id='word_1_14' title='bbox 1640 425 1653 475; x_wconf 90' lang='lat'><strong>;</strong></span> <span class='ocrx_word' id='word_1_15' title='bbox 1704 415 1761 464; x_wconf 87' lang='lat' dir='ltr'>et</span> <span class='ocrx_word' id='word_1_16' title='bbox 1812 410 1858 464; x_wconf 89' lang='lat' dir='ltr'>si</span> <span class='ocrx_word' id='word_1_17' title='bbox 1888 414 1935 465; x_wconf 84' lang='lat' dir='ltr'><strong>A</strong></span> <span class='ocrx_word' id='word_1_18' title='bbox 1972 410 2206 475; x_wconf 88' lang='lat' dir='ltr'>buntur,</span> <span class='ocrx_word' id='word_1_19' title='bbox 2237 416 2302 465; x_wconf 91' lang='lat' dir='ltr'>ut</span> <span class='ocrx_word' id='word_1_20' title='bbox 2328 410 2673 478; x_wconf 83' lang='lat' dir='ltr'>generaliter</span> <span class='ocrx_word' id='word_1_21' title='bbox 2702 411 2925 481; x_wconf 81' lang='lat' dir='ltr'>legatur</span> <span class='ocrx_word' id='word_1_22' title='bbox 2954 409 3024 464; x_wconf 91' lang='lat' dir='ltr'>de</span> <span class='ocrx_word' id='word_1_23' title='bbox 3054 409 3323 465; x_wconf 91' lang='lat' dir='ltr'>omnibus</span> <span class='ocrx_word' id='word_1_24' title='bbox 3355 412 3539 479; x_wconf 89' lang='lat' dir='ltr'>malis,</span> <span class='ocrx_word' id='word_1_25' title='bbox 3575 413 3672 467; x_wconf 90' lang='lat' dir='ltr'>sed</span> 
     </span>
    </p>
   </div>
   <div class='ocr_carea' id='block_1_4' title="bbox 177 494 1292 564">
    <p class='ocr_par' dir='ltr' id='par_1_4' title="bbox 177 494 1292 564">
     <span class='ocr_line' id='line_1_4' title="bbox 177 494 1292 564; baseline -0.001 -15"><span class='ocrx_word' id='word_1_26' title='bbox 177 494 495 564; x_wconf 83' lang='lat' dir='ltr'>benignitas</span> <span class='ocrx_word' id='word_1_27' title='bbox 535 494 723 564; x_wconf 82' lang='lat' dir='ltr'>tangit</span> <span class='ocrx_word' id='word_1_28' title='bbox 752 494 1031 561; x_wconf 88' lang='lat' dir='ltr'>animum,</span> <span class='ocrx_word' id='word_1_29' title='bbox 1065 494 1292 563; x_wconf 88' lang='lat' dir='ltr'>refugit.</span> 
     </span>
    </p>
   </div>
   <div class='ocr_carea' id='block_1_5' title="bbox 242 583 1864 654">
    <p class='ocr_par' dir='ltr' id='par_1_5' title="bbox 242 583 1864 654">
     <span class='ocr_line' id='line_1_5' title="bbox 242 583 1864 654; baseline 0.003 -19"><span class='ocrx_word' id='word_1_30' title='bbox 242 584 400 637; x_wconf 75' lang='lat' dir='ltr'>Vens.</span> <span class='ocrx_word' id='word_1_31' title='bbox 435 587 486 637; x_wconf 87' lang='lat'>6.</span> <span class='ocrx_word' id='word_1_32' title='bbox 521 613 590 621; x_wconf 91' lang='lat'><strong><em>—</em></strong></span> <span class='ocrx_word' id='word_1_33' title='bbox 635 585 853 654; x_wconf 85' lang='lat' dir='ltr'>Lingua</span> <span class='ocrx_word' id='word_1_34' title='bbox 902 583 1106 637; x_wconf 84' lang='lat' dir='ltr'>dolosa.</span> <span class='ocrx_word' id='word_1_35' title='bbox 1144 583 1339 653; x_wconf 88' lang='lat' dir='ltr'>(Ibid.)</span> <span class='ocrx_word' id='word_1_36' title='bbox 1398 584 1457 637; x_wconf 89' lang='lat' dir='ltr'>Id</span> <span class='ocrx_word' id='word_1_37' title='bbox 1507 588 1609 651; x_wconf 90' lang='lat' dir='ltr'>est,</span> <span class='ocrx_word' id='word_1_38' title='bbox 1667 585 1864 640; x_wconf 91' lang='lat' dir='ltr'>dolosa</span> 
     </span>
    </p>
   </div>
   <div class='ocr_carea' id='block_1_6' title="bbox 174 671 1863 743">
    <p class='ocr_par' dir='ltr' id='par_1_6' title="bbox 174 671 1863 743">
     <span class='ocr_line' id='line_1_6' title="bbox 174 671 1863 743; baseline 0.002 -18"><span class='ocrx_word' id='word_1_39' title='bbox 174 672 340 726; x_wconf 83' lang='lat' dir='ltr'>verba</span> <span class='ocrx_word' id='word_1_40' title='bbox 364 672 600 725; x_wconf 67' lang='lat' dir='ltr'>fallaciae</span> <span class='ocrx_word' id='word_1_41' title='bbox 644 671 924 730; x_wconf 88' lang='lat' dir='ltr'>ministra.</span> <span class='ocrx_word' id='word_1_42' title='bbox 976 672 1130 725; x_wconf 86' lang='lat' dir='ltr'>aliud</span> <span class='ocrx_word' id='word_1_43' title='bbox 1185 671 1245 725; x_wconf 92' lang='lat' dir='ltr'>in</span> <span class='ocrx_word' id='word_1_44' title='bbox 1285 673 1452 727; x_wconf 90' lang='lat' dir='ltr'>corde</span> <span class='ocrx_word' id='word_1_45' title='bbox 1497 675 1863 743; x_wconf 88' lang='lat' dir='ltr'>gestantium,</span> 
     </span>
    </p>
   </div>
   <div class='ocr_carea' id='block_1_7' title="bbox 175 759 988 830">
    <p class='ocr_par' dir='ltr' id='par_1_7' title="bbox 175 759 988 830">
     <span class='ocr_line' id='line_1_7' title="bbox 175 759 988 830; baseline 0 -18"><span class='ocrx_word' id='word_1_46' title='bbox 175 760 322 813; x_wconf 85' lang='lat' dir='ltr'>aliud</span> <span class='ocrx_word' id='word_1_47' title='bbox 357 760 415 812; x_wconf 93' lang='lat' dir='ltr'>in</span> <span class='ocrx_word' id='word_1_48' title='bbox 457 775 555 813; x_wconf 91' lang='lat' dir='ltr'>ore</span> <span class='ocrx_word' id='word_1_49' title='bbox 576 759 988 830; x_wconf 84' lang='lat' dir='ltr'>prementium.</span> 
     </span>
    </p>
   </div>
   <div class='ocr_carea' id='block_1_8' title="bbox 238 849 1865 918">
    <p class='ocr_par' dir='ltr' id='par_1_8' title="bbox 238 849 1865 918">
     <span class='ocr_line' id='line_1_8' title="bbox 238 849 1865 918; baseline 0.003 -17"><span class='ocrx_word' id='word_1_50' title='bbox 238 849 402 902; x_wconf 72' lang='lat' dir='ltr'>Vens.</span> <span class='ocrx_word' id='word_1_51' title='bbox 433 852 485 901; x_wconf 89' lang='lat'><strong>7.</strong></span> <span class='ocrx_word' id='word_1_52' title='bbox 532 879 598 887; x_wconf 95' lang='lat'><strong><em>—</em></strong></span> <span class='ocrx_word' id='word_1_53' title='bbox 630 851 920 917; x_wconf 84' lang='lat' dir='ltr'>Propterea</span> <span class='ocrx_word' id='word_1_54' title='bbox 957 851 1113 903; x_wconf 83' lang='lat' dir='ltr'>Deus.</span> <span class='ocrx_word' id='word_1_55' title='bbox 1173 850 1385 918; x_wconf 58' lang='lat' dir='ltr'>(Cass)</span> <span class='ocrx_word' id='word_1_56' title='bbox 1447 851 1525 903; x_wconf 91' lang='lat' dir='ltr'>De</span> <span class='ocrx_word' id='word_1_57' title='bbox 1551 850 1721 904; x_wconf 89' lang='lat' dir='ltr'>celeri</span> <span class='ocrx_word' id='word_1_58' title='bbox 1752 851 1865 906; x_wconf 91' lang='lat' dir='ltr'>ﬁne</span> 
     </span>
    </p>
   </div>
   <div class='ocr_carea' id='block_1_9' title="bbox 172 936 1863 1012">
    <p class='ocr_par' dir='ltr' id='par_1_9' title="bbox 172 936 1863 1012">
     <span class='ocr_line' id='line_1_9' title="bbox 172 936 1863 1012; baseline 0.004 -23"><span class='ocrx_word' id='word_1_59' title='bbox 172 936 373 1006; x_wconf 82' lang='lat' dir='ltr'>iniqui.</span> <span class='ocrx_word' id='word_1_60' title='bbox 426 937 507 990; x_wconf 85' lang='lat' dir='ltr'>Et</span> <span class='ocrx_word' id='word_1_61' title='bbox 536 936 776 990; x_wconf 83' lang='lat' dir='ltr'>radicem</span> <span class='ocrx_word' id='word_1_62' title='bbox 810 945 958 990; x_wconf 87' lang='lat' dir='ltr'>tuam</span> <span class='ocrx_word' id='word_1_63' title='bbox 1007 936 1072 990; x_wconf 91' lang='lat' dir='ltr'>de</span> <span class='ocrx_word' id='word_1_64' title='bbox 1123 942 1268 990; x_wconf 83' lang='lat' dir='ltr'>terra</span> <span class='ocrx_word' id='word_1_65' title='bbox 1296 940 1609 992; x_wconf 80' lang='lat' dir='ltr'>viventium.</span> <span class='ocrx_word' id='word_1_66' title='bbox 1671 941 1863 1012; x_wconf 83' lang='lat' dir='ltr'>(AUG.)</span> 
     </span>
    </p>
   </div>
   <div class='ocr_carea' id='block_1_10' title="bbox 170 1024 1864 1094">
    <p class='ocr_par' dir='ltr' id='par_1_10' title="bbox 170 1024 1864 1094">
     <span class='ocr_line' id='line_1_10' title="bbox 170 1024 1864 1094; baseline 0.002 -15"><span class='ocrx_word' id='word_1_67' title='bbox 170 1024 348 1079; x_wconf 81' lang='lat' dir='ltr'>Radix</span> <span class='ocrx_word' id='word_1_68' title='bbox 381 1030 575 1078; x_wconf 88' lang='lat' dir='ltr'>nostra</span> <span class='ocrx_word' id='word_1_69' title='bbox 626 1026 873 1078; x_wconf 90' lang='lat' dir='ltr'>charitas</span> <span class='ocrx_word' id='word_1_70' title='bbox 927 1030 1029 1091; x_wconf 90' lang='lat' dir='ltr'>est,</span> <span class='ocrx_word' id='word_1_71' title='bbox 1077 1029 1208 1090; x_wconf 90' lang='lat' dir='ltr'>etc.,</span> <span class='ocrx_word' id='word_1_72' title='bbox 1240 1041 1409 1094; x_wconf 86' lang='lat' dir='ltr'>usque</span> <span class='ocrx_word' id='word_1_73' title='bbox 1446 1027 1521 1079; x_wconf 90' lang='lat' dir='ltr'>ad</span> <span class='ocrx_word' id='word_1_74' title='bbox 1564 1028 1657 1081; x_wconf 88' lang='lat' dir='ltr'>hic</span> <span class='ocrx_word' id='word_1_75' title='bbox 1710 1028 1864 1083; x_wconf 88' lang='lat' dir='ltr'>enim</span> 
     </span>
    </p>
   </div>
   <div class='ocr_carea' id='block_1_11' title="bbox 170 1112 1863 1183">
    <p class='ocr_par' dir='ltr' id='par_1_11' title="bbox 170 1112 1863 1183">
     <span class='ocr_line' id='line_1_11' title="bbox 170 1112 1863 1183; baseline 0.003 -18"><span class='ocrx_word' id='word_1_76' title='bbox 170 1112 374 1183; x_wconf 82' lang='lat' dir='ltr'>pulvis,</span> <span class='ocrx_word' id='word_1_77' title='bbox 405 1130 577 1183; x_wconf 87' lang='lat' dir='ltr'>quem</span> <span class='ocrx_word' id='word_1_78' title='bbox 625 1114 852 1183; x_wconf 86' lang='lat' dir='ltr'>projicit</span> <span class='ocrx_word' id='word_1_79' title='bbox 894 1118 1094 1167; x_wconf 87' lang='lat' dir='ltr'>ventus</span> <span class='ocrx_word' id='word_1_80' title='bbox 1155 1130 1186 1166; x_wconf 94' lang='lat' dir='ltr'>a</span> <span class='ocrx_word' id='word_1_81' title='bbox 1244 1114 1384 1168; x_wconf 86' lang='lat' dir='ltr'>facie</span> <span class='ocrx_word' id='word_1_82' title='bbox 1435 1120 1623 1170; x_wconf 74' lang='lat' dir='ltr'>terrae.</span> <span class='ocrx_word' id='word_1_83' title='bbox 1670 1118 1863 1183; x_wconf 87' lang='lat' dir='ltr'>(Ibid.)</span> 
     </span>
    </p>
   </div>
   <div class='ocr_carea' id='block_1_12' title="bbox 170 1202 1866 1273">
    <p class='ocr_par' dir='ltr' id='par_1_12' title="bbox 170 1202 1866 1273">
     <span class='ocr_line' id='line_1_12' title="bbox 170 1202 1866 1273; baseline 0.004 -19"><span class='ocrx_word' id='word_1_84' title='bbox 170 1202 347 1255; x_wconf 81' lang='lat' dir='ltr'>Radix</span> <span class='ocrx_word' id='word_1_85' title='bbox 378 1202 512 1255; x_wconf 91' lang='lat' dir='ltr'>mali</span> <span class='ocrx_word' id='word_1_86' title='bbox 541 1202 843 1271; x_wconf 86' lang='lat' dir='ltr'>cupiditas,</span> <span class='ocrx_word' id='word_1_87' title='bbox 877 1219 1004 1272; x_wconf 71' lang='lat' dir='ltr'>quae</span> <span class='ocrx_word' id='word_1_88' title='bbox 1036 1219 1154 1256; x_wconf 93' lang='lat' dir='ltr'>non</span> <span class='ocrx_word' id='word_1_89' title='bbox 1180 1203 1429 1257; x_wconf 89' lang='lat' dir='ltr'>fructum</span> <span class='ocrx_word' id='word_1_90' title='bbox 1462 1204 1610 1273; x_wconf 86' lang='lat' dir='ltr'>parit</span> <span class='ocrx_word' id='word_1_91' title='bbox 1637 1205 1695 1258; x_wconf 90' lang='lat' dir='ltr'>in</span> <span class='ocrx_word' id='word_1_92' title='bbox 1715 1212 1866 1261; x_wconf 88' lang='lat' dir='ltr'>terra</span> 
     </span>
    </p>
   </div>
   <div class='ocr_carea' id='block_1_13' title="bbox 169 1290 1864 1363">
    <p class='ocr_par' dir='ltr' id='par_1_13' title="bbox 169 1290 1864 1363">
     <span class='ocr_line' id='line_1_13' title="bbox 169 1290 1864 1363; baseline 0.002 -22"><span class='ocrx_word' id='word_1_93' title='bbox 169 1290 504 1343; x_wconf 78' lang='lat' dir='ltr'>viventium.</span> <span class='ocrx_word' id='word_1_94' title='bbox 538 1290 659 1356; x_wconf 87' lang='lat' dir='ltr'>Vel,</span> <span class='ocrx_word' id='word_1_95' title='bbox 721 1290 972 1360; x_wconf 84' lang='lat' dir='ltr'>loquitur</span> <span class='ocrx_word' id='word_1_96' title='bbox 1002 1290 1071 1344; x_wconf 91' lang='lat' dir='ltr'>de</span> <span class='ocrx_word' id='word_1_97' title='bbox 1100 1291 1467 1359; x_wconf 84' lang='lat' dir='ltr'>Antichristo,</span> <span class='ocrx_word' id='word_1_98' title='bbox 1518 1293 1679 1363; x_wconf 85' lang='lat' dir='ltr'>cujus</span> <span class='ocrx_word' id='word_1_99' title='bbox 1712 1292 1864 1346; x_wconf 83' lang='lat' dir='ltr'>radix</span> 
     </span>
    </p>
   </div>
   <div class='ocr_carea' id='block_1_14' title="bbox 168 1378 1719 1447">
    <p class='ocr_par' dir='ltr' id='par_1_14' title="bbox 168 1378 1719 1447">
     <span class='ocr_line' id='line_1_14' title="bbox 168 1378 1719 1447; baseline 0.003 -17"><span class='ocrx_word' id='word_1_100' title='bbox 168 1378 437 1443; x_wconf 87' lang='lat' dir='ltr'>ministri,</span> <span class='ocrx_word' id='word_1_101' title='bbox 463 1378 561 1447; x_wconf 92' lang='lat' dir='ltr'>qui</span> <span class='ocrx_word' id='word_1_102' title='bbox 593 1394 721 1431; x_wconf 91' lang='lat' dir='ltr'>cum</span> <span class='ocrx_word' id='word_1_103' title='bbox 748 1395 814 1432; x_wconf 92' lang='lat' dir='ltr'>eo</span> <span class='ocrx_word' id='word_1_104' title='bbox 838 1379 978 1431; x_wconf 85' lang='lat' dir='ltr'>nihil</span> <span class='ocrx_word' id='word_1_105' title='bbox 1010 1380 1304 1433; x_wconf 89' lang='lat' dir='ltr'>habebunt</span> <span class='ocrx_word' id='word_1_106' title='bbox 1332 1396 1461 1433; x_wconf 89' lang='lat' dir='ltr'>cum</span> <span class='ocrx_word' id='word_1_107' title='bbox 1493 1382 1719 1435; x_wconf 90' lang='lat' dir='ltr'>sanctis.</span> 
     </span>
    </p>
   </div>
   <div class='ocr_carea' id='block_1_15' title="bbox 236 1468 1863 1539">
    <p class='ocr_par' dir='ltr' id='par_1_15' title="bbox 236 1468 1863 1539">
     <span class='ocr_line' id='line_1_15' title="bbox 236 1468 1863 1539; baseline 0.002 -21"><span class='ocrx_word' id='word_1_108' title='bbox 236 1468 400 1520; x_wconf 70' lang='lat' dir='ltr'>Vens.</span> <span class='ocrx_word' id='word_1_109' title='bbox 436 1470 487 1521; x_wconf 91' lang='lat'>8.</span> <span class='ocrx_word' id='word_1_110' title='bbox 524 1498 589 1506; x_wconf 93' lang='lat'><strong>—</strong></span> <span class='ocrx_word' id='word_1_111' title='bbox 637 1468 906 1523; x_wconf 83' lang='lat' dir='ltr'>Videbunt</span> <span class='ocrx_word' id='word_1_112' title='bbox 930 1469 1092 1535; x_wconf 88' lang='lat' dir='ltr'>justi.</span> <span class='ocrx_word' id='word_1_113' title='bbox 1148 1468 1342 1535; x_wconf 87' lang='lat' dir='ltr'>(Ibid.)</span> <span class='ocrx_word' id='word_1_114' title='bbox 1396 1470 1502 1522; x_wconf 86' lang='lat' dir='ltr'>Pro</span> <span class='ocrx_word' id='word_1_115' title='bbox 1552 1470 1863 1539; x_wconf 85' lang='lat' dir='ltr'>dejectione</span> 
     </span>
    </p>
   </div>
   <div class='ocr_carea' id='block_1_16' title="bbox 167 1554 1861 1624">
    <p class='ocr_par' dir='ltr' id='par_1_16' title="bbox 167 1554 1861 1624">
     <span class='ocr_line' id='line_1_16' title="bbox 167 1554 1861 1624; baseline 0.002 -17"><span class='ocrx_word' id='word_1_116' title='bbox 167 1554 286 1624; x_wconf 83' lang='lat' dir='ltr'>ejus</span> <span class='ocrx_word' id='word_1_117' title='bbox 318 1554 527 1609; x_wconf 88' lang='lat' dir='ltr'>irrisio.</span> <span class='ocrx_word' id='word_1_118' title='bbox 590 1556 787 1623; x_wconf 82' lang='lat' dir='ltr'>(Ibid.)</span> <span class='ocrx_word' id='word_1_119' title='bbox 849 1556 1119 1610; x_wconf 84' lang='lat' dir='ltr'>Videbunt</span> <span class='ocrx_word' id='word_1_120' title='bbox 1150 1558 1309 1623; x_wconf 88' lang='lat' dir='ltr'>justi.</span> <span class='ocrx_word' id='word_1_121' title='bbox 1359 1556 1505 1620; x_wconf 85' lang='lat' dir='ltr'>Quid</span> <span class='ocrx_word' id='word_1_122' title='bbox 1555 1556 1719 1610; x_wconf 89' lang='lat' dir='ltr'>malis</span> <span class='ocrx_word' id='word_1_123' title='bbox 1772 1558 1861 1624; x_wconf 91' lang='lat' dir='ltr'>sit,</span> 
     </span>
    </p>
   </div>
   <div class='ocr_carea' id='block_1_17' title="bbox 168 1643 1863 1714">
    <p class='ocr_par' dir='ltr' id='par_1_17' title="bbox 168 1643 1863 1714">
     <span class='ocr_line' id='line_1_17' title="bbox 168 1643 1863 1714; baseline 0.002 -18"><span class='ocrx_word' id='word_1_124' title='bbox 168 1647 293 1709; x_wconf 87' lang='lat' dir='ltr'>etc.,</span> <span class='ocrx_word' id='word_1_125' title='bbox 345 1659 516 1711; x_wconf 85' lang='lat' dir='ltr'>usque</span> <span class='ocrx_word' id='word_1_126' title='bbox 540 1644 615 1697; x_wconf 87' lang='lat' dir='ltr'>ad</span> <span class='ocrx_word' id='word_1_127' title='bbox 645 1643 781 1714; x_wconf 88' lang='lat' dir='ltr'>quia</span> <span class='ocrx_word' id='word_1_128' title='bbox 831 1645 960 1714; x_wconf 87' lang='lat' dir='ltr'>plus</span> <span class='ocrx_word' id='word_1_129' title='bbox 989 1645 1259 1699; x_wconf 90' lang='lat' dir='ltr'>omnibus</span> <span class='ocrx_word' id='word_1_130' title='bbox 1290 1645 1415 1697; x_wconf 87' lang='lat' dir='ltr'>aliis</span> <span class='ocrx_word' id='word_1_131' title='bbox 1448 1645 1611 1699; x_wconf 89' lang='lat' dir='ltr'>malis</span> <span class='ocrx_word' id='word_1_132' title='bbox 1666 1646 1863 1700; x_wconf 83' lang='lat' dir='ltr'>tideles</span> 
     </span>
    </p>
   </div>
   <div class='ocr_carea' id='block_1_18' title="bbox 163 1731 433 1803">
    <p class='ocr_par' dir='ltr' id='par_1_18' title="bbox 163 1731 433 1803">
     <span class='ocr_line' id='line_1_18' title="bbox 163 1731 433 1803; baseline -0.004 -18"><span class='ocrx_word' id='word_1_133' title='bbox 163 1731 433 1803; x_wconf 81' lang='lat' dir='ltr'>decipiet.</span> 
     </span>
    </p>
   </div>
   <div class='ocr_carea' id='block_1_19' title="bbox 231 1819 1865 1886">
    <p class='ocr_par' dir='ltr' id='par_1_19' title="bbox 231 1819 1865 1886">
     <span class='ocr_line' id='line_1_19' title="bbox 231 1819 1865 1886; baseline 0.002 -15"><span class='ocrx_word' id='word_1_134' title='bbox 231 1819 401 1872; x_wconf 78' lang='lat' dir='ltr'>Vens.</span> <span class='ocrx_word' id='word_1_135' title='bbox 453 1819 537 1871; x_wconf 87' lang='grc'><strong>10.</strong></span> <span class='ocrx_word' id='word_1_136' title='bbox 594 1847 654 1857; x_wconf 91' lang='lat'><em>-</em></span> <span class='ocrx_word' id='word_1_137' title='bbox 708 1820 821 1886; x_wconf 85' lang='lat' dir='ltr'>Ego</span> <span class='ocrx_word' id='word_1_138' title='bbox 875 1823 1072 1886; x_wconf 85' lang='lat' dir='ltr'>autem,</span> <span class='ocrx_word' id='word_1_139' title='bbox 1135 1823 1242 1873; x_wconf 88' lang='lat' dir='ltr'>etc.</span> <span class='ocrx_word' id='word_1_140' title='bbox 1314 1820 1513 1886; x_wconf 86' lang='lat' dir='ltr'>(Ibid.)</span> <span class='ocrx_word' id='word_1_141' title='bbox 1569 1821 1865 1884; x_wconf 86' lang='lat' dir='ltr'>Quomodo</span> 
     </span>
    </p>
   </div>
   <div class='ocr_carea' id='block_1_20' title="bbox 164 1906 1865 1979">
    <p class='ocr_par' dir='ltr' id='par_1_20' title="bbox 164 1906 1865 1979">
     <span class='ocr_line' id='line_1_20' title="bbox 164 1906 1865 1979; baseline 0.002 -20"><span class='ocrx_word' id='word_1_142' title='bbox 164 1912 365 1960; x_wconf 87' lang='lat' dir='ltr'>contra</span> <span class='ocrx_word' id='word_1_143' title='bbox 395 1922 527 1960; x_wconf 90' lang='lat' dir='ltr'>eum</span> <span class='ocrx_word' id='word_1_144' title='bbox 560 1906 748 1959; x_wconf 89' lang='lat' dir='ltr'>bonus</span> <span class='ocrx_word' id='word_1_145' title='bbox 782 1923 839 1961; x_wconf 91' lang='lat' dir='ltr'>se</span> <span class='ocrx_word' id='word_1_146' title='bbox 869 1907 1092 1961; x_wconf 89' lang='lat' dir='ltr'>habeat.</span> <span class='ocrx_word' id='word_1_147' title='bbox 1128 1909 1335 1975; x_wconf 65' lang='lat' dir='ltr'>(Cass.)</span> <span class='ocrx_word' id='word_1_148' title='bbox 1376 1909 1679 1979; x_wconf 88' lang='lat' dir='ltr'>Hucusque</span> <span class='ocrx_word' id='word_1_149' title='bbox 1711 1909 1865 1962; x_wconf 89' lang='lat' dir='ltr'>vitu-</span> 
     </span>
    </p>
   </div>
   <div class='ocr_carea' id='block_1_21' title="bbox 162 1994 1861 2067">
    <p class='ocr_par' dir='ltr' id='par_1_21' title="bbox 162 1994 1861 2067">
     <span class='ocr_line' id='line_1_21' title="bbox 162 1994 1861 2067; baseline 0.002 -20"><span class='ocrx_word' id='word_1_150' title='bbox 162 1995 385 2064; x_wconf 89' lang='lat' dir='ltr'>peratio</span> <span class='ocrx_word' id='word_1_151' title='bbox 442 1995 618 2056; x_wconf 86' lang='lat' dir='ltr'>illius,</span> <span class='ocrx_word' id='word_1_152' title='bbox 661 1994 754 2048; x_wconf 91' lang='lat' dir='ltr'>hic</span> <span class='ocrx_word' id='word_1_153' title='bbox 806 1996 928 2049; x_wconf 90' lang='lat' dir='ltr'>laus</span> <span class='ocrx_word' id='word_1_154' title='bbox 975 1996 1273 2050; x_wconf 66' lang='lat' dir='ltr'>contrariae</span> <span class='ocrx_word' id='word_1_155' title='bbox 1306 1997 1521 2067; x_wconf 88' lang='lat' dir='ltr'>partis:</span> <span class='ocrx_word' id='word_1_156' title='bbox 1574 2013 1701 2050; x_wconf 91' lang='lat' dir='ltr'>ecce</span> <span class='ocrx_word' id='word_1_157' title='bbox 1728 2014 1861 2067; x_wconf 92' lang='lat' dir='ltr'>per-</span> 
     </span>
    </p>
   </div>
   <div class='ocr_carea' id='block_1_22' title="bbox 162 2083 1865 2155">
    <p class='ocr_par' dir='ltr' id='par_1_22' title="bbox 162 2083 1865 2155">
     <span class='ocr_line' id='line_1_22' title="bbox 162 2083 1865 2155; baseline 0.002 -19"><span class='ocrx_word' id='word_1_158' title='bbox 162 2083 308 2137; x_wconf 89' lang='lat' dir='ltr'>fecta</span> <span class='ocrx_word' id='word_1_159' title='bbox 342 2083 778 2137; x_wconf 84' lang='lat' dir='ltr'>demonstratio.</span> <span class='ocrx_word' id='word_1_160' title='bbox 813 2084 967 2139; x_wconf 84' lang='lat' dir='ltr'>Oliva</span> <span class='ocrx_word' id='word_1_161' title='bbox 991 2086 1308 2150; x_wconf 81' lang='lat' dir='ltr'>fructifera.</span> <span class='ocrx_word' id='word_1_162' title='bbox 1357 2086 1553 2153; x_wconf 83' lang='lat' dir='ltr'>(AUG.)</span> <span class='ocrx_word' id='word_1_163' title='bbox 1613 2086 1865 2155; x_wconf 91' lang='lat' dir='ltr'>Populus</span> 
     </span>
    </p>
   </div>
   <div class='ocr_carea' id='block_1_23' title="bbox 164 2172 1863 2242">
    <p class='ocr_par' dir='ltr' id='par_1_23' title="bbox 164 2172 1863 2242">
     <span class='ocr_line' id='line_1_23' title="bbox 164 2172 1863 2242; baseline 0.001 -17"><span class='ocrx_word' id='word_1_164' title='bbox 164 2172 264 2225; x_wconf 91' lang='lat' dir='ltr'>Dei</span> <span class='ocrx_word' id='word_1_165' title='bbox 297 2173 467 2237; x_wconf 88' lang='lat' dir='ltr'>oliva,</span> <span class='ocrx_word' id='word_1_166' title='bbox 497 2172 650 2225; x_wconf 89' lang='lat' dir='ltr'>unde</span> <span class='ocrx_word' id='word_1_167' title='bbox 682 2172 843 2226; x_wconf 89' lang='lat' dir='ltr'>fracti</span> <span class='ocrx_word' id='word_1_168' title='bbox 874 2177 1007 2225; x_wconf 91' lang='lat' dir='ltr'>sunt</span> <span class='ocrx_word' id='word_1_169' title='bbox 1038 2172 1268 2242; x_wconf 85' lang='lat' dir='ltr'>superbi</span> <span class='ocrx_word' id='word_1_170' title='bbox 1324 2174 1493 2239; x_wconf 91' lang='lat' dir='ltr'>rami,</span> <span class='ocrx_word' id='word_1_171' title='bbox 1524 2173 1578 2227; x_wconf 90' lang='lat' dir='ltr'>id</span> <span class='ocrx_word' id='word_1_172' title='bbox 1614 2178 1717 2240; x_wconf 89' lang='lat' dir='ltr'>est,</span> <span class='ocrx_word' id='word_1_173' title='bbox 1760 2174 1863 2227; x_wconf 83' lang='lat' dir='ltr'>Ju—</span> 
     </span>
    </p>
   </div>
   <div class='ocr_carea' id='block_1_24' title="bbox 161 2260 1866 2332">
    <p class='ocr_par' dir='ltr' id='par_1_24' title="bbox 161 2260 1866 2332">
     <span class='ocr_line' id='line_1_24' title="bbox 161 2260 1866 2332; baseline 0.001 -19"><span class='ocrx_word' id='word_1_174' title='bbox 161 2260 293 2325; x_wconf 61' lang='lat' dir='ltr'>daei,</span> <span class='ocrx_word' id='word_1_175' title='bbox 320 2264 376 2313; x_wconf 86' lang='lat' dir='ltr'>et</span> <span class='ocrx_word' id='word_1_176' title='bbox 405 2261 655 2314; x_wconf 89' lang='lat' dir='ltr'>insertus</span> <span class='ocrx_word' id='word_1_177' title='bbox 684 2265 771 2314; x_wconf 90' lang='lat' dir='ltr'>est</span> <span class='ocrx_word' id='word_1_178' title='bbox 796 2261 1041 2314; x_wconf 86' lang='lat' dir='ltr'>oleaster</span> <span class='ocrx_word' id='word_1_179' title='bbox 1057 2261 1126 2314; x_wconf 89' lang='lat' dir='ltr'>de</span> <span class='ocrx_word' id='word_1_180' title='bbox 1147 2261 1431 2331; x_wconf 87' lang='lat' dir='ltr'>gentibus.</span> <span class='ocrx_word' id='word_1_181' title='bbox 1467 2261 1683 2332; x_wconf 54' lang='lat' dir='ltr'>(Cass)</span> <span class='ocrx_word' id='word_1_182' title='bbox 1706 2261 1866 2316; x_wconf 87' lang='lat' dir='ltr'>Oliva</span> 
     </span>
    </p>
   </div>
   <div class='ocr_carea' id='block_1_25' title="bbox 160 2349 1863 2419">
    <p class='ocr_par' dir='ltr' id='par_1_25' title="bbox 160 2349 1863 2419">
     <span class='ocr_line' id='line_1_25' title="bbox 160 2349 1863 2419; baseline 0 -17"><span class='ocrx_word' id='word_1_183' title='bbox 160 2349 479 2408; x_wconf 87' lang='lat' dir='ltr'>fructifera,</span> <span class='ocrx_word' id='word_1_184' title='bbox 516 2349 585 2403; x_wconf 90' lang='lat' dir='ltr'>de</span> <span class='ocrx_word' id='word_1_185' title='bbox 613 2349 775 2419; x_wconf 88' lang='lat' dir='ltr'>cujus</span> <span class='ocrx_word' id='word_1_186' title='bbox 802 2349 1062 2418; x_wconf 88' lang='lat' dir='ltr'>germine</span> <span class='ocrx_word' id='word_1_187' title='bbox 1095 2349 1375 2403; x_wconf 83' lang='lat' dir='ltr'>Dominus</span> <span class='ocrx_word' id='word_1_188' title='bbox 1409 2350 1663 2405; x_wconf 87' lang='lat' dir='ltr'>Christus</span> <span class='ocrx_word' id='word_1_189' title='bbox 1703 2350 1863 2403; x_wconf 82' lang='lat' dir='ltr'>efflo-</span> 
     </span>
    </p>
   </div>
   <div class='ocr_carea' id='block_1_26' title="bbox 161 2436 1865 2509">
    <p class='ocr_par' dir='ltr' id='par_1_26' title="bbox 161 2436 1865 2509">
     <span class='ocr_line' id='line_1_26' title="bbox 161 2436 1865 2509; baseline 0.002 -21"><span class='ocrx_word' id='word_1_190' title='bbox 161 2437 301 2501; x_wconf 86' lang='lat' dir='ltr'>ruit,</span> <span class='ocrx_word' id='word_1_191' title='bbox 335 2436 434 2507; x_wconf 90' lang='lat' dir='ltr'>qui</span> <span class='ocrx_word' id='word_1_192' title='bbox 453 2436 743 2506; x_wconf 89' lang='lat' dir='ltr'>spirituali</span> <span class='ocrx_word' id='word_1_193' title='bbox 766 2438 890 2491; x_wconf 91' lang='lat' dir='ltr'>oleo</span> <span class='ocrx_word' id='word_1_194' title='bbox 912 2442 1226 2507; x_wconf 86' lang='lat' dir='ltr'>perunctus</span> <span class='ocrx_word' id='word_1_195' title='bbox 1255 2445 1340 2491; x_wconf 90' lang='lat' dir='ltr'>est</span> <span class='ocrx_word' id='word_1_196' title='bbox 1359 2454 1479 2509; x_wconf 64' lang='lat' dir='ltr'>prae</span> <span class='ocrx_word' id='word_1_197' title='bbox 1505 2439 1865 2493; x_wconf 82' lang='lat' dir='ltr'>consortibus</span> 
     </span>
    </p>
   </div>
   <div class='ocr_carea' id='block_1_27' title="bbox 164 2541 307 2578">
    <p class='ocr_par' dir='ltr' id='par_1_27' title="bbox 164 2541 307 2578">
     <span class='ocr_line' id='line_1_27' title="bbox 164 2541 307 2578; baseline 0.014 -2"><span class='ocrx_word' id='word_1_198' title='bbox 164 2541 307 2578; x_wconf 73' lang='lat'>3015.</span> 
     </span>
    </p>
   </div>
   <div class='ocr_carea' id='block_1_28' title="bbox 239 2614 1864 2683">
    <p class='ocr_par' dir='ltr' id='par_1_28' title="bbox 239 2614 1864 2683">
     <span class='ocr_line' id='line_1_28' title="bbox 239 2614 1864 2683; baseline 0.002 -17"><span class='ocrx_word' id='word_1_199' title='bbox 239 2614 310 2665; x_wconf 93' lang='lat' dir='ltr'>In</span> <span class='ocrx_word' id='word_1_200' title='bbox 357 2618 615 2667; x_wconf 79' lang='lat' dir='ltr'>aeternum</span> <span class='ocrx_word' id='word_1_201' title='bbox 676 2618 725 2667; x_wconf 85' lang='lat' dir='ltr'>et</span> <span class='ocrx_word' id='word_1_202' title='bbox 771 2616 831 2667; x_wconf 88' lang='lat' dir='ltr'>in</span> <span class='ocrx_word' id='word_1_203' title='bbox 888 2614 1147 2669; x_wconf 74' lang='lat' dir='ltr'>saeculum</span> <span class='ocrx_word' id='word_1_204' title='bbox 1194 2616 1395 2668; x_wconf 75' lang='lat' dir='ltr'>sxcuti.</span> <span class='ocrx_word' id='word_1_205' title='bbox 1449 2617 1647 2683; x_wconf 78' lang='lat' dir='ltr'>(AUG.)</span> <span class='ocrx_word' id='word_1_206' title='bbox 1704 2616 1864 2679; x_wconf 88' lang='lat' dir='ltr'>Quod</span> 
     </span>
    </p>
   </div>
   <div class='ocr_carea' id='block_1_29' title="bbox 168 2700 1863 2772">
    <p class='ocr_par' dir='ltr' id='par_1_29' title="bbox 168 2700 1863 2772">
     <span class='ocr_line' id='line_1_29' title="bbox 168 2700 1863 2772; baseline 0.002 -18"><span class='ocrx_word' id='word_1_207' title='bbox 168 2700 317 2754; x_wconf 85' lang='lat' dir='ltr'>dixit</span> <span class='ocrx_word' id='word_1_208' title='bbox 344 2704 405 2755; x_wconf 89' lang='lat' dir='ltr'>in</span> <span class='ocrx_word' id='word_1_209' title='bbox 429 2706 706 2769; x_wconf 74' lang='lat' dir='ltr'>aeternum,</span> <span class='ocrx_word' id='word_1_210' title='bbox 757 2702 967 2772; x_wconf 84' lang='lat' dir='ltr'>repetit</span> <span class='ocrx_word' id='word_1_211' title='bbox 1007 2705 1065 2756; x_wconf 90' lang='lat' dir='ltr'>in</span> <span class='ocrx_word' id='word_1_212' title='bbox 1116 2704 1369 2758; x_wconf 73' lang='lat' dir='ltr'>saeculum</span> <span class='ocrx_word' id='word_1_213' title='bbox 1393 2706 1606 2758; x_wconf 78' lang='lat' dir='ltr'>sxculi:</span> <span class='ocrx_word' id='word_1_214' title='bbox 1654 2709 1718 2758; x_wconf 89' lang='lat' dir='ltr'>ut</span> <span class='ocrx_word' id='word_1_215' title='bbox 1773 2720 1863 2759; x_wconf 91' lang='lat' dir='ltr'>re-</span> 
     </span>
    </p>
   </div>
   <div class='ocr_carea' id='block_1_30' title="bbox 166 2790 1857 2861">
    <p class='ocr_par' dir='ltr' id='par_1_30' title="bbox 166 2790 1857 2861">
     <span class='ocr_line' id='line_1_30' title="bbox 166 2790 1857 2861; baseline 0.004 -20"><span class='ocrx_word' id='word_1_216' title='bbox 166 2790 409 2858; x_wconf 91' lang='lat' dir='ltr'>petendo</span> <span class='ocrx_word' id='word_1_217' title='bbox 456 2790 779 2857; x_wconf 84' lang='lat' dir='ltr'>conﬁrmet,</span> <span class='ocrx_word' id='word_1_218' title='bbox 840 2807 1013 2861; x_wconf 88' lang='lat' dir='ltr'>quam</span> <span class='ocrx_word' id='word_1_219' title='bbox 1064 2792 1333 2846; x_wconf 86' lang='lat' dir='ltr'>fundatus</span> <span class='ocrx_word' id='word_1_220' title='bbox 1407 2797 1493 2845; x_wconf 88' lang='lat' dir='ltr'>est</span> <span class='ocrx_word' id='word_1_221' title='bbox 1548 2793 1608 2846; x_wconf 90' lang='lat' dir='ltr'>in</span> <span class='ocrx_word' id='word_1_222' title='bbox 1664 2809 1857 2847; x_wconf 89' lang='lat' dir='ltr'>amore</span> 
     </span>
    </p>
   </div>
   <div class='ocr_carea' id='block_1_31' title="bbox 170 2878 654 2947">
    <p class='ocr_par' dir='ltr' id='par_1_31' title="bbox 170 2878 654 2947">
     <span class='ocr_line' id='line_1_31' title="bbox 170 2878 654 2947; baseline 0.004 -17"><span class='ocrx_word' id='word_1_223' title='bbox 170 2878 333 2947; x_wconf 86' lang='lat' dir='ltr'>regni</span> <span class='ocrx_word' id='word_1_224' title='bbox 362 2879 654 2932; x_wconf 65' lang='lat' dir='ltr'>caelorum.</span> 
     </span>
    </p>
   </div>
   <div class='ocr_carea' id='block_1_32' title="bbox 244 2966 1862 3038">
    <p class='ocr_par' dir='ltr' id='par_1_32' title="bbox 244 2966 1862 3038">
     <span class='ocr_line' id='line_1_32' title="bbox 244 2966 1862 3038; baseline 0.005 -22"><span class='ocrx_word' id='word_1_225' title='bbox 244 2966 409 3021; x_wconf 76' lang='lat' dir='ltr'>Vens.</span> <span class='ocrx_word' id='word_1_226' title='bbox 468 2969 548 3021; x_wconf 89' lang='grc'>11.</span> <span class='ocrx_word' id='word_1_227' title='bbox 580 2969 877 3031; x_wconf 85' lang='lat' dir='ltr'>—Fecisti,</span> <span class='ocrx_word' id='word_1_228' title='bbox 932 2971 983 3021; x_wconf 90' lang='lat' dir='ltr'>et</span> <span class='ocrx_word' id='word_1_229' title='bbox 1026 2969 1345 3037; x_wconf 87' lang='lat' dir='ltr'>exspectabo</span> <span class='ocrx_word' id='word_1_230' title='bbox 1400 2984 1608 3023; x_wconf 82' lang='lat' dir='ltr'>nomen.</span> <span class='ocrx_word' id='word_1_231' title='bbox 1671 2970 1862 3038; x_wconf 85' lang='lat' dir='ltr'>(Ibid.)</span> 
     </span>
    </p>
   </div>
   <div class='ocr_carea' id='block_1_33' title="bbox 165 3055 1860 3130">
    <p class='ocr_par' dir='ltr' id='par_1_33' title="bbox 165 3055 1860 3130">
     <span class='ocr_line' id='line_1_33' title="bbox 165 3055 1860 3130; baseline 0.003 -22"><span class='ocrx_word' id='word_1_232' title='bbox 165 3055 448 3109; x_wconf 64' lang='lat' dir='ltr'>Praedicta</span> <span class='ocrx_word' id='word_1_233' title='bbox 489 3055 720 3122; x_wconf 90' lang='lat' dir='ltr'>scilicet,</span> <span class='ocrx_word' id='word_1_234' title='bbox 779 3056 928 3125; x_wconf 88' lang='lat' dir='ltr'>quod</span> <span class='ocrx_word' id='word_1_235' title='bbox 970 3056 1076 3109; x_wconf 91' lang='lat' dir='ltr'>sim</span> <span class='ocrx_word' id='word_1_236' title='bbox 1135 3057 1304 3124; x_wconf 88' lang='lat' dir='ltr'>oliva,</span> <span class='ocrx_word' id='word_1_237' title='bbox 1340 3059 1492 3128; x_wconf 91' lang='lat' dir='ltr'>quod</span> <span class='ocrx_word' id='word_1_238' title='bbox 1541 3059 1760 3130; x_wconf 86' lang='lat' dir='ltr'>speravi</span> <span class='ocrx_word' id='word_1_239' title='bbox 1802 3059 1860 3113; x_wconf 93' lang='lat' dir='ltr'>in</span> 
     </span>
    </p>
   </div>
   <div class='ocr_carea' id='block_1_34' title="bbox 168 3142 981 3197">
    <p class='ocr_par' dir='ltr' id='par_1_34' title="bbox 168 3142 981 3197">
     <span class='ocr_line' id='line_1_34' title="bbox 168 3142 981 3197; baseline 0.001 -1"><span class='ocrx_word' id='word_1_240' title='bbox 168 3142 564 3197; x_wconf 84' lang='lat' dir='ltr'>misericordia</span> <span class='ocrx_word' id='word_1_241' title='bbox 592 3144 653 3196; x_wconf 90' lang='lat' dir='ltr'>in</span> <span class='ocrx_word' id='word_1_242' title='bbox 682 3148 981 3197; x_wconf 65' lang='lat' dir='ltr'>internum.</span> 
     </span>
    </p>
   </div>
   <div class='ocr_carea' id='block_1_35' title="bbox 769 3317 1241 3373">
    <p class='ocr_par' dir='ltr' id='par_1_35' title="bbox 769 3317 1241 3373">
     <span class='ocr_line' id='line_1_35' title="bbox 769 3317 1241 3373; baseline 0.002 -2"><span class='ocrx_word' id='word_1_243' title='bbox 769 3317 1088 3373; x_wconf 85' lang='lat' dir='ltr'>PSALMUS</span> <span class='ocrx_word' id='word_1_244' title='bbox 1132 3319 1241 3373; x_wconf 85' lang='lat' dir='ltr'>LII.</span> 
     </span>
    </p>
   </div>
   <div class='ocr_carea' id='block_1_36' title="bbox 238 3491 1860 3562">
    <p class='ocr_par' dir='ltr' id='par_1_36' title="bbox 238 3491 1860 3562">
     <span class='ocr_line' id='line_1_36' title="bbox 238 3491 1860 3562; baseline 0.004 -20"><span class='ocrx_word' id='word_1_245' title='bbox 238 3491 401 3544; x_wconf 75' lang='lat' dir='ltr'>Vens.</span> <span class='ocrx_word' id='word_1_246' title='bbox 437 3494 457 3545; x_wconf 91' lang='grc'>1</span> <span class='ocrx_word' id='word_1_247' title='bbox 502 3520 563 3534; x_wconf 90' lang='grc'><strong><em>-</em></strong></span> <span class='ocrx_word' id='word_1_248' title='bbox 593 3491 665 3547; x_wconf 93' lang='lat' dir='ltr'>In</span> <span class='ocrx_word' id='word_1_249' title='bbox 686 3495 845 3561; x_wconf 76' lang='lat' dir='ltr'>ﬁnem</span> <span class='ocrx_word' id='word_1_250' title='bbox 869 3509 990 3562; x_wconf 83' lang='lat' dir='ltr'>pro,</span> <span class='ocrx_word' id='word_1_251' title='bbox 1020 3498 1125 3547; x_wconf 88' lang='lat' dir='ltr'>etc.</span> <span class='ocrx_word' id='word_1_252' title='bbox 1163 3494 1368 3561; x_wconf 59' lang='lat' dir='ltr'>(Cass)</span> <span class='ocrx_word' id='word_1_253' title='bbox 1403 3494 1725 3548; x_wconf 88' lang='lat' dir='ltr'>Intellectus</span> <span class='ocrx_word' id='word_1_254' title='bbox 1754 3496 1860 3549; x_wconf 88' lang='lat' dir='ltr'>Da-</span> 
     </span>
    </p>
   </div>
   <div class='ocr_carea' id='block_1_37' title="bbox 168 3575 1859 3652">
    <p class='ocr_par' dir='ltr' id='par_1_37' title="bbox 168 3575 1859 3652">
     <span class='ocr_line' id='line_1_37' title="bbox 168 3575 1859 3652; baseline 0.005 -25"><span class='ocrx_word' id='word_1_255' title='bbox 168 3575 257 3629; x_wconf 87' lang='lat' dir='ltr'>vid</span> <span class='ocrx_word' id='word_1_256' title='bbox 288 3577 605 3646; x_wconf 69' lang='lat' dir='ltr'>prophetaa,</span> <span class='ocrx_word' id='word_1_257' title='bbox 638 3583 768 3646; x_wconf 90' lang='lat' dir='ltr'>etc.,</span> <span class='ocrx_word' id='word_1_258' title='bbox 800 3594 970 3649; x_wconf 88' lang='lat' dir='ltr'>usque</span> <span class='ocrx_word' id='word_1_259' title='bbox 1012 3582 1086 3635; x_wconf 88' lang='lat' dir='ltr'>ad</span> <span class='ocrx_word' id='word_1_260' title='bbox 1118 3581 1208 3635; x_wconf 89' lang='lat' dir='ltr'>hic</span> <span class='ocrx_word' id='word_1_261' title='bbox 1257 3581 1326 3635; x_wconf 88' lang='lat' dir='ltr'>de</span> <span class='ocrx_word' id='word_1_262' title='bbox 1366 3582 1611 3636; x_wconf 89' lang='lat' dir='ltr'>adventu</span> <span class='ocrx_word' id='word_1_263' title='bbox 1637 3582 1859 3652; x_wconf 89' lang='lat' dir='ltr'>judicii.</span> 
     </span>
    </p>
   </div>
   <div class='ocr_carea' id='block_1_38' title="bbox 167 3667 1861 3740">
    <p class='ocr_par' dir='ltr' id='par_1_38' title="bbox 167 3667 1861 3740">
     <span class='ocr_line' id='line_1_38' title="bbox 167 3667 1861 3740; baseline 0.004 -22"><span class='ocrx_word' id='word_1_264' title='bbox 167 3667 367 3732; x_wconf 82' lang='lat' dir='ltr'>(Auc.)</span> <span class='ocrx_word' id='word_1_265' title='bbox 390 3667 485 3720; x_wconf 91' lang='lat' dir='ltr'>Vel</span> <span class='ocrx_word' id='word_1_266' title='bbox 533 3684 636 3737; x_wconf 88' lang='lat' dir='ltr'>pro</span> <span class='ocrx_word' id='word_1_267' title='bbox 668 3669 980 3736; x_wconf 88' lang='lat' dir='ltr'>mahalath,</span> <span class='ocrx_word' id='word_1_268' title='bbox 1012 3675 1142 3737; x_wconf 91' lang='lat' dir='ltr'>etc.,</span> <span class='ocrx_word' id='word_1_269' title='bbox 1200 3685 1368 3740; x_wconf 88' lang='lat' dir='ltr'>usque</span> <span class='ocrx_word' id='word_1_270' title='bbox 1423 3672 1498 3724; x_wconf 89' lang='lat' dir='ltr'>ad</span> <span class='ocrx_word' id='word_1_271' title='bbox 1549 3671 1861 3726; x_wconf 89' lang='lat' dir='ltr'>consolatio</span> 
     </span>
    </p>
   </div>
   <div class='ocr_carea' id='block_1_39' title="bbox 164 3752 637 3825">
    <p class='ocr_par' dir='ltr' id='par_1_39' title="bbox 164 3752 637 3825">
     <span class='ocr_line' id='line_1_39' title="bbox 164 3752 637 3825; baseline 0.011 -20"><span class='ocrx_word' id='word_1_272' title='bbox 164 3752 230 3806; x_wconf 91' lang='lat' dir='ltr'>in</span> <span class='ocrx_word' id='word_1_273' title='bbox 259 3753 376 3807; x_wconf 87' lang='lat' dir='ltr'>ﬁne</span> <span class='ocrx_word' id='word_1_274' title='bbox 412 3756 637 3825; x_wconf 88' lang='lat' dir='ltr'>psalmi.</span> 
     </span>
    </p>
   </div>
   <div class='ocr_carea' id='block_1_40' title="bbox 235 3843 1618 3918">
    <p class='ocr_par' dir='ltr' id='par_1_40' title="bbox 235 3843 1618 3918">
     <span class='ocr_line' id='line_1_40' title="bbox 235 3843 1618 3918; baseline 0.003 -22"><span class='ocrx_word' id='word_1_275' title='bbox 235 3844 397 3897; x_wconf 85' lang='lat' dir='ltr'>Dixit</span> <span class='ocrx_word' id='word_1_276' title='bbox 429 3843 712 3914; x_wconf 82' lang='lat' dir='ltr'>insipiens.</span> <span class='ocrx_word' id='word_1_277' title='bbox 747 3846 934 3913; x_wconf 91' lang='lat' dir='ltr'>(Ibid.)</span> <span class='ocrx_word' id='word_1_278' title='bbox 963 3846 1285 3918; x_wconf 86' lang='lat' dir='ltr'>Increpatio</span> <span class='ocrx_word' id='word_1_279' title='bbox 1317 3847 1618 3901; x_wconf 84' lang='lat' dir='ltr'>malorum.</span> 
     </span>
    </p>
   </div>
   <div class='ocr_carea' id='block_1_41' title="bbox 235 3932 1863 4006">
    <p class='ocr_par' dir='ltr' id='par_1_41' title="bbox 235 3932 1863 4006">
     <span class='ocr_line' id='line_1_41' title="bbox 235 3932 1863 4006; baseline 0.004 -23"><span class='ocrx_word' id='word_1_280' title='bbox 235 3932 427 3999; x_wconf 85' lang='lat' dir='ltr'>(Ibid.)</span> <span class='ocrx_word' id='word_1_281' title='bbox 452 3935 740 4003; x_wconf 85' lang='lat' dir='ltr'>Insipiens,</span> <span class='ocrx_word' id='word_1_282' title='bbox 776 3934 962 3988; x_wconf 90' lang='lat' dir='ltr'>omnis</span> <span class='ocrx_word' id='word_1_283' title='bbox 993 3935 1092 4006; x_wconf 90' lang='lat' dir='ltr'>qui</span> <span class='ocrx_word' id='word_1_284' title='bbox 1124 3936 1272 3989; x_wconf 84' lang='lat' dir='ltr'>male</span> <span class='ocrx_word' id='word_1_285' title='bbox 1303 3936 1460 4002; x_wconf 86' lang='lat' dir='ltr'>vivit,</span> <span class='ocrx_word' id='word_1_286' title='bbox 1509 3940 1638 4003; x_wconf 89' lang='lat' dir='ltr'>etc.,</span> <span class='ocrx_word' id='word_1_287' title='bbox 1695 3950 1863 4003; x_wconf 89' lang='lat' dir='ltr'>usque</span> 
     </span>
    </p>
   </div>
   <div class='ocr_carea' id='block_1_42' title="bbox 80 4008 1010 4088">
    <p class='ocr_par' dir='ltr' id='par_1_42' title="bbox 80 4008 1010 4088">
     <span class='ocr_line' id='line_1_42' title="bbox 80 4008 1010 4088; baseline 0.004 -15"><span class='ocrx_word' id='word_1_288' title='bbox 80 4008 81 4011; x_wconf 18' lang='grc'><strong>¹</strong></span> <span class='ocrx_word' id='word_1_289' title='bbox 157 4020 240 4074; x_wconf 85' lang='lat' dir='ltr'>ad</span> <span class='ocrx_word' id='word_1_290' title='bbox 272 4019 371 4073; x_wconf 92' lang='lat' dir='ltr'>ille</span> <span class='ocrx_word' id='word_1_291' title='bbox 400 4021 557 4088; x_wconf 90' lang='lat' dir='ltr'>dicit,</span> <span class='ocrx_word' id='word_1_292' title='bbox 581 4038 699 4075; x_wconf 93' lang='lat' dir='ltr'>non</span> <span class='ocrx_word' id='word_1_293' title='bbox 730 4028 814 4077; x_wconf 91' lang='lat' dir='ltr'>est</span> <span class='ocrx_word' id='word_1_294' title='bbox 841 4024 1010 4077; x_wconf 90' lang='lat' dir='ltr'>Deus.</span> 
     </span>
    </p>
   </div>
   <div class='ocr_carea' id='block_1_43' title="bbox 239 4111 1859 4182">
    <p class='ocr_par' dir='ltr' id='par_1_43' title="bbox 239 4111 1859 4182">
     <span class='ocr_line' id='line_1_43' title="bbox 239 4111 1859 4182; baseline 0.003 -21"><span class='ocrx_word' id='word_1_295' title='bbox 239 4111 403 4162; x_wconf 73' lang='lat' dir='ltr'>Vens.</span> <span class='ocrx_word' id='word_1_296' title='bbox 440 4113 491 4163; x_wconf 91' lang='lat'>3.</span> <span class='ocrx_word' id='word_1_297' title='bbox 523 4140 594 4150; x_wconf 90' lang='lat'>—</span> <span class='ocrx_word' id='word_1_298' title='bbox 640 4114 778 4165; x_wconf 87' lang='lat' dir='ltr'>Deus</span> <span class='ocrx_word' id='word_1_299' title='bbox 843 4113 926 4165; x_wconf 89' lang='lat' dir='ltr'>de.</span> <span class='ocrx_word' id='word_1_300' title='bbox 976 4112 1184 4182; x_wconf 79' lang='lat' dir='ltr'>(CASS.)</span> <span class='ocrx_word' id='word_1_301' title='bbox 1217 4113 1312 4166; x_wconf 86' lang='lat' dir='ltr'>Vel</span> <span class='ocrx_word' id='word_1_302' title='bbox 1347 4112 1417 4166; x_wconf 93' lang='lat' dir='ltr'>de</span> <span class='ocrx_word' id='word_1_303' title='bbox 1462 4114 1623 4177; x_wconf 77' lang='lat' dir='ltr'>ccelo,</span> <span class='ocrx_word' id='word_1_304' title='bbox 1653 4112 1711 4165; x_wconf 90' lang='lat' dir='ltr'>id</span> <span class='ocrx_word' id='word_1_305' title='bbox 1754 4118 1859 4179; x_wconf 89' lang='lat' dir='ltr'>est,</span> 
     </span>
    </p>
   </div>
   <div class='ocr_carea' id='block_1_44' title="bbox 157 4198 1851 4268">
    <p class='ocr_par' dir='ltr' id='par_1_44' title="bbox 157 4198 1851 4268">
     <span class='ocr_line' id='line_1_44' title="bbox 157 4198 1851 4268; baseline 0.003 -17"><span class='ocrx_word' id='word_1_306' title='bbox 157 4213 269 4268; x_wconf 88' lang='lat' dir='ltr'>per</span> <span class='ocrx_word' id='word_1_307' title='bbox 301 4202 522 4250; x_wconf 89' lang='lat' dir='ltr'>sanctas</span> <span class='ocrx_word' id='word_1_308' title='bbox 562 4198 779 4252; x_wconf 87' lang='lat' dir='ltr'>animas</span> <span class='ocrx_word' id='word_1_309' title='bbox 810 4200 1127 4265; x_wconf 87' lang='lat' dir='ltr'>admonuit,</span> <span class='ocrx_word' id='word_1_310' title='bbox 1161 4205 1226 4254; x_wconf 89' lang='lat' dir='ltr'>ut</span> <span class='ocrx_word' id='word_1_311' title='bbox 1252 4200 1458 4266; x_wconf 88' lang='lat' dir='ltr'>videat,</span> <span class='ocrx_word' id='word_1_312' title='bbox 1495 4205 1601 4254; x_wconf 88' lang='lat' dir='ltr'>etc.</span> <span class='ocrx_word' id='word_1_313' title='bbox 1636 4203 1696 4257; x_wconf 92' lang='lat' dir='ltr'>Si</span> <span class='ocrx_word' id='word_1_314' title='bbox 1749 4205 1851 4256; x_wconf 85' lang='lat' dir='ltr'>est.</span> 
     </span>
    </p>
   </div>
   <div class='ocr_carea' id='block_1_45' title="bbox 1976 501 2516 554">
    <p class='ocr_par' dir='ltr' id='par_1_45' title="bbox 1976 501 2516 554">
     <span class='ocr_line' id='line_1_45' title="bbox 1976 501 2516 554; baseline 0 -1"><span class='ocrx_word' id='word_1_315' title='bbox 1976 501 2147 554; x_wconf 89' lang='lat' dir='ltr'>Israel</span> <span class='ocrx_word' id='word_1_316' title='bbox 2188 501 2516 554; x_wconf 88' lang='lat' dir='ltr'>salvabitur.</span> 
     </span>
    </p>
   </div>
   <div class='ocr_carea' id='block_1_46' title="bbox 2049 588 3673 657">
    <p class='ocr_par' dir='ltr' id='par_1_46' title="bbox 2049 588 3673 657">
     <span class='ocr_line' id='line_1_46' title="bbox 2049 588 3673 657; baseline 0.002 -16"><span class='ocrx_word' id='word_1_317' title='bbox 2049 590 2208 643; x_wconf 75' lang='lat' dir='ltr'>Vens.</span> <span class='ocrx_word' id='word_1_318' title='bbox 2240 594 2293 642; x_wconf 85' lang='grc'><strong>7.</strong></span> <span class='ocrx_word' id='word_1_319' title='bbox 2348 621 2412 628; x_wconf 95' lang='grc'><strong>-</strong></span> <span class='ocrx_word' id='word_1_320' title='bbox 2444 590 2573 655; x_wconf 87' lang='lat' dir='ltr'>Quis</span> <span class='ocrx_word' id='word_1_321' title='bbox 2605 588 2760 642; x_wconf 84' lang='lat' dir='ltr'>dabit</span> <span class='ocrx_word' id='word_1_322' title='bbox 2787 604 2873 657; x_wconf 86' lang='lat' dir='ltr'>ex,</span> <span class='ocrx_word' id='word_1_323' title='bbox 2909 592 3015 642; x_wconf 89' lang='lat' dir='ltr'>etc.</span> <span class='ocrx_word' id='word_1_324' title='bbox 3052 592 3264 657; x_wconf 82' lang='lat' dir='ltr'>(Anc.)</span> <span class='ocrx_word' id='word_1_325' title='bbox 3290 589 3454 644; x_wconf 87' lang='lat' dir='ltr'>Salus</span> <span class='ocrx_word' id='word_1_326' title='bbox 3482 594 3673 644; x_wconf 89' lang='lat' dir='ltr'>autem</span> 
     </span>
    </p>
   </div>
   <div class='ocr_carea' id='block_1_47' title="bbox 1972 677 2617 748">
    <p class='ocr_par' dir='ltr' id='par_1_47' title="bbox 1972 677 2617 748">
     <span class='ocr_line' id='line_1_47' title="bbox 1972 677 2617 748; baseline 0 -18"><span class='ocrx_word' id='word_1_327' title='bbox 1972 677 2313 748; x_wconf 80' lang='lat' dir='ltr'>parturienti</span> <span class='ocrx_word' id='word_1_328' title='bbox 2344 677 2617 731; x_wconf 69' lang='lat' dir='ltr'>Ecclesiae.</span> 
     </span>
    </p>
   </div>
   <div class='ocr_carea' id='block_1_48' title="bbox 2569 799 3076 853">
    <p class='ocr_par' dir='ltr' id='par_1_48' title="bbox 2569 799 3076 853">
     <span class='ocr_line' id='line_1_48' title="bbox 2569 799 3076 853; baseline 0 0"><span class='ocrx_word' id='word_1_329' title='bbox 2569 799 2885 853; x_wconf 84' lang='lat' dir='ltr'>PSALMUS</span> <span class='ocrx_word' id='word_1_330' title='bbox 2939 799 3076 853; x_wconf 86' lang='lat' dir='ltr'>LIII.</span> 
     </span>
    </p>
   </div>
   <div class='ocr_carea' id='block_1_49' title="bbox 2044 905 3671 976">
    <p class='ocr_par' dir='ltr' id='par_1_49' title="bbox 2044 905 3671 976">
     <span class='ocr_line' id='line_1_49' title="bbox 2044 905 3671 976; baseline 0.001 -18"><span class='ocrx_word' id='word_1_331' title='bbox 2044 906 2205 960; x_wconf 78' lang='lat' dir='ltr'>Vens.</span> <span class='ocrx_word' id='word_1_332' title='bbox 2258 909 2309 959; x_wconf 78' lang='grc'><strong>2.</strong></span> <span class='ocrx_word' id='word_1_333' title='bbox 2369 933 2441 945; x_wconf 93' lang='grc'><strong>-</strong></span> <span class='ocrx_word' id='word_1_334' title='bbox 2480 905 2719 974; x_wconf 73' lang='lat' dir='ltr'>Ziphxi.</span> <span class='ocrx_word' id='word_1_335' title='bbox 2772 906 2971 974; x_wconf 81' lang='lat' dir='ltr'>(HIER.,</span> <span class='ocrx_word' id='word_1_336' title='bbox 3028 907 3206 976; x_wconf 81' lang='lat' dir='ltr'>Anc.)</span> <span class='ocrx_word' id='word_1_337' title='bbox 3275 906 3534 960; x_wconf 90' lang='lat' dir='ltr'>Florente</span> <span class='ocrx_word' id='word_1_338' title='bbox 3584 907 3671 960; x_wconf 87' lang='lat' dir='ltr'>in-</span> 
     </span>
    </p>
   </div>
   <div class='ocr_carea' id='block_1_50' title="bbox 1972 994 3673 1065">
    <p class='ocr_par' dir='ltr' id='par_1_50' title="bbox 1972 994 3673 1065">
     <span class='ocr_line' id='line_1_50' title="bbox 1972 994 3673 1065; baseline 0.002 -18"><span class='ocrx_word' id='word_1_339' title='bbox 1972 998 2385 1065; x_wconf 86' lang='lat' dir='ltr'>terpretantur,</span> <span class='ocrx_word' id='word_1_340' title='bbox 2418 997 2550 1058; x_wconf 87' lang='lat' dir='ltr'>etc.,</span> <span class='ocrx_word' id='word_1_341' title='bbox 2584 1009 2751 1061; x_wconf 87' lang='lat' dir='ltr'>usque</span> <span class='ocrx_word' id='word_1_342' title='bbox 2781 994 2855 1047; x_wconf 90' lang='lat' dir='ltr'>ad</span> <span class='ocrx_word' id='word_1_343' title='bbox 2884 1000 3083 1047; x_wconf 88' lang='lat' dir='ltr'>monet</span> <span class='ocrx_word' id='word_1_344' title='bbox 3120 994 3181 1048; x_wconf 92' lang='lat' dir='ltr'>in</span> <span class='ocrx_word' id='word_1_345' title='bbox 3211 995 3460 1049; x_wconf 89' lang='lat' dir='ltr'>adversis</span> <span class='ocrx_word' id='word_1_346' title='bbox 3491 997 3673 1049; x_wconf 89' lang='lat' dir='ltr'>Deum</span> 
     </span>
    </p>
   </div>
   <div class='ocr_carea' id='block_1_51' title="bbox 1972 1083 2225 1137">
    <p class='ocr_par' dir='ltr' id='par_1_51' title="bbox 1972 1083 2225 1137">
     <span class='ocr_line' id='line_1_51' title="bbox 1972 1083 2225 1137; baseline 0.004 -2"><span class='ocrx_word' id='word_1_347' title='bbox 1972 1083 2225 1137; x_wconf 83' lang='lat' dir='ltr'>laudare.</span> 
     </span>
    </p>
   </div>
   <div class='ocr_carea' id='block_1_52' title="bbox 2043 1171 3670 1240">
    <p class='ocr_par' dir='ltr' id='par_1_52' title="bbox 2043 1171 3670 1240">
     <span class='ocr_line' id='line_1_52' title="bbox 2043 1171 3670 1240; baseline 0.001 -17"><span class='ocrx_word' id='word_1_348' title='bbox 2043 1172 2200 1225; x_wconf 78' lang='lat' dir='ltr'>Vens.</span> <span class='ocrx_word' id='word_1_349' title='bbox 2238 1174 2287 1225; x_wconf 91' lang='lat'>3.</span> <span class='ocrx_word' id='word_1_350' title='bbox 2319 1201 2388 1209; x_wconf 94' lang='lat'><strong><em>—</em></strong></span> <span class='ocrx_word' id='word_1_351' title='bbox 2420 1174 2579 1237; x_wconf 89' lang='lat' dir='ltr'>Deus,</span> <span class='ocrx_word' id='word_1_352' title='bbox 2612 1172 2671 1224; x_wconf 89' lang='lat' dir='ltr'>in</span> <span class='ocrx_word' id='word_1_353' title='bbox 2698 1172 2930 1229; x_wconf 88' lang='lat' dir='ltr'>nomine.</span> <span class='ocrx_word' id='word_1_354' title='bbox 2988 1174 3187 1238; x_wconf 76' lang='grc' dir='ltr'>(Αυο.)</span> <span class='ocrx_word' id='word_1_355' title='bbox 3220 1172 3375 1225; x_wconf 90' lang='lat' dir='ltr'>Inter</span> <span class='ocrx_word' id='word_1_356' title='bbox 3410 1171 3670 1240; x_wconf 69' lang='lat' dir='ltr'>Ziphaaos</span> 
     </span>
    </p>
   </div>
   <div class='ocr_carea' id='block_1_53' title="bbox 1972 1260 3671 1330">
    <p class='ocr_par' dir='ltr' id='par_1_53' title="bbox 1972 1260 3671 1330">
     <span class='ocr_line' id='line_1_53' title="bbox 1972 1260 3671 1330; baseline 0.001 -17"><span class='ocrx_word' id='word_1_357' title='bbox 1972 1264 2123 1314; x_wconf 86' lang='lat' dir='ltr'>orat.</span> <span class='ocrx_word' id='word_1_358' title='bbox 2165 1262 2359 1326; x_wconf 85' lang='lat' dir='ltr'>(AUG.,</span> <span class='ocrx_word' id='word_1_359' title='bbox 2394 1260 2595 1325; x_wconf 71' lang='lat' dir='ltr'>Hum.)</span> <span class='ocrx_word' id='word_1_360' title='bbox 2648 1260 2746 1313; x_wconf 85' lang='lat' dir='ltr'>Hic</span> <span class='ocrx_word' id='word_1_361' title='bbox 2794 1260 2945 1312; x_wconf 89' lang='lat' dir='ltr'>salva</span> <span class='ocrx_word' id='word_1_362' title='bbox 2978 1260 3035 1313; x_wconf 90' lang='lat' dir='ltr'>in</span> <span class='ocrx_word' id='word_1_363' title='bbox 3084 1260 3341 1327; x_wconf 88' lang='lat' dir='ltr'>nomine,</span> <span class='ocrx_word' id='word_1_364' title='bbox 3372 1266 3504 1330; x_wconf 91' lang='lat' dir='ltr'>post</span> <span class='ocrx_word' id='word_1_365' title='bbox 3555 1277 3671 1315; x_wconf 90' lang='lat' dir='ltr'>non</span> 
     </span>
    </p>
   </div>
   <div class='ocr_carea' id='block_1_54' title="bbox 1972 1347 3670 1417">
    <p class='ocr_par' dir='ltr' id='par_1_54' title="bbox 1972 1347 3670 1417">
     <span class='ocr_line' id='line_1_54' title="bbox 1972 1347 3670 1417; baseline 0.001 -16"><span class='ocrx_word' id='word_1_366' title='bbox 1972 1348 2147 1401; x_wconf 88' lang='lat' dir='ltr'>timeo</span> <span class='ocrx_word' id='word_1_367' title='bbox 2188 1348 2435 1417; x_wconf 88' lang='lat' dir='ltr'>judicari</span> <span class='ocrx_word' id='word_1_368' title='bbox 2487 1348 2545 1400; x_wconf 91' lang='lat' dir='ltr'>in</span> <span class='ocrx_word' id='word_1_369' title='bbox 2598 1347 2822 1401; x_wconf 82' lang='lat' dir='ltr'>virtute.</span> <span class='ocrx_word' id='word_1_370' title='bbox 2874 1351 3071 1414; x_wconf 82' lang='lat' dir='ltr'>(AUG.)</span> <span class='ocrx_word' id='word_1_371' title='bbox 3118 1349 3267 1401; x_wconf 87' lang='lat' dir='ltr'>Deus</span> <span class='ocrx_word' id='word_1_372' title='bbox 3323 1348 3384 1401; x_wconf 92' lang='lat' dir='ltr'>in</span> <span class='ocrx_word' id='word_1_373' title='bbox 3416 1349 3670 1415; x_wconf 87' lang='lat' dir='ltr'>nomine,</span> 
     </span>
    </p>
   </div>
   <div class='ocr_carea' id='block_1_55' title="bbox 1973 1434 3670 1505">
    <p class='ocr_par' dir='ltr' id='par_1_55' title="bbox 1973 1434 3670 1505">
     <span class='ocr_line' id='line_1_55' title="bbox 1973 1434 3670 1505; baseline 0.002 -19"><span class='ocrx_word' id='word_1_374' title='bbox 1973 1436 2149 1488; x_wconf 87' lang='lat' dir='ltr'>verba</span> <span class='ocrx_word' id='word_1_375' title='bbox 2176 1434 2437 1487; x_wconf 63' lang='lat' dir='ltr'>Ecclesia:</span> <span class='ocrx_word' id='word_1_376' title='bbox 2484 1434 2712 1488; x_wconf 88' lang='lat' dir='ltr'>latentis</span> <span class='ocrx_word' id='word_1_377' title='bbox 2744 1435 2893 1487; x_wconf 88' lang='lat' dir='ltr'>inter</span> <span class='ocrx_word' id='word_1_378' title='bbox 2943 1436 3222 1505; x_wconf 68' lang='lat' dir='ltr'>Ziphaaos,</span> <span class='ocrx_word' id='word_1_379' title='bbox 3262 1435 3424 1505; x_wconf 87' lang='lat' dir='ltr'>cujus</span> <span class='ocrx_word' id='word_1_380' title='bbox 3452 1436 3670 1490; x_wconf 87' lang='lat' dir='ltr'>bonum</span> 
     </span>
    </p>
   </div>
   <div class='ocr_carea' id='block_1_56' title="bbox 1973 1522 3663 1594">
    <p class='ocr_par' dir='ltr' id='par_1_56' title="bbox 1973 1522 3663 1594">
     <span class='ocr_line' id='line_1_56' title="bbox 1973 1522 3663 1594; baseline 0.002 -19"><span class='ocrx_word' id='word_1_381' title='bbox 1973 1522 2127 1577; x_wconf 87' lang='lat' dir='ltr'>intus</span> <span class='ocrx_word' id='word_1_382' title='bbox 2150 1528 2252 1589; x_wconf 91' lang='lat' dir='ltr'>est,</span> <span class='ocrx_word' id='word_1_383' title='bbox 2287 1528 2342 1576; x_wconf 90' lang='lat' dir='ltr'>et</span> <span class='ocrx_word' id='word_1_384' title='bbox 2361 1538 2580 1575; x_wconf 90' lang='lat' dir='ltr'>merces</span> <span class='ocrx_word' id='word_1_385' title='bbox 2607 1524 2845 1591; x_wconf 89' lang='lat' dir='ltr'>occulta,</span> <span class='ocrx_word' id='word_1_386' title='bbox 2868 1523 2965 1577; x_wconf 87' lang='lat' dir='ltr'>alii</span> <span class='ocrx_word' id='word_1_387' title='bbox 2994 1523 3119 1577; x_wconf 90' lang='lat' dir='ltr'>aliis</span> <span class='ocrx_word' id='word_1_388' title='bbox 3150 1528 3354 1594; x_wconf 91' lang='lat' dir='ltr'>petunt</span> <span class='ocrx_word' id='word_1_389' title='bbox 3399 1523 3663 1578; x_wconf 89' lang='lat' dir='ltr'>liberari:</span> 
     </span>
    </p>
   </div>
   <div class='ocr_carea' id='block_1_57' title="bbox 1976 1611 2595 1682">
    <p class='ocr_par' dir='ltr' id='par_1_57' title="bbox 1976 1611 2595 1682">
     <span class='ocr_line' id='line_1_57' title="bbox 1976 1611 2595 1682; baseline -0.002 -16"><span class='ocrx_word' id='word_1_390' title='bbox 1976 1628 2082 1682; x_wconf 89' lang='lat' dir='ltr'>ego</span> <span class='ocrx_word' id='word_1_391' title='bbox 2113 1611 2174 1664; x_wconf 92' lang='lat' dir='ltr'>in</span> <span class='ocrx_word' id='word_1_392' title='bbox 2204 1617 2301 1665; x_wconf 91' lang='lat' dir='ltr'>tuo</span> <span class='ocrx_word' id='word_1_393' title='bbox 2333 1611 2595 1665; x_wconf 86' lang='lat' dir='ltr'>nomine.</span> 
     </span>
    </p>
   </div>
   <div class='ocr_carea' id='block_1_58' title="bbox 2048 1699 3670 1767">
    <p class='ocr_par' dir='ltr' id='par_1_58' title="bbox 2048 1699 3670 1767">
     <span class='ocr_line' id='line_1_58' title="bbox 2048 1699 3670 1767; baseline 0.002 -14"><span class='ocrx_word' id='word_1_394' title='bbox 2048 1702 2203 1754; x_wconf 74' lang='lat' dir='ltr'>Vens.</span> <span class='ocrx_word' id='word_1_395' title='bbox 2233 1702 2293 1754; x_wconf 77' lang='grc'><strong>4.</strong></span> <span class='ocrx_word' id='word_1_396' title='bbox 2328 1729 2397 1741; x_wconf 92' lang='grc'><strong>-</strong></span> <span class='ocrx_word' id='word_1_397' title='bbox 2433 1703 2590 1763; x_wconf 83' lang='lat' dir='ltr'>Deus,</span> <span class='ocrx_word' id='word_1_398' title='bbox 2622 1699 2846 1754; x_wconf 85' lang='lat' dir='ltr'>exaudi.</span> <span class='ocrx_word' id='word_1_399' title='bbox 2911 1699 3118 1767; x_wconf 79' lang='lat' dir='ltr'>(CASS.)</span> <span class='ocrx_word' id='word_1_400' title='bbox 3170 1700 3311 1754; x_wconf 90' lang='lat' dir='ltr'>ltem</span> <span class='ocrx_word' id='word_1_401' title='bbox 3367 1701 3534 1767; x_wconf 90' lang='lat' dir='ltr'>Deus,</span> <span class='ocrx_word' id='word_1_402' title='bbox 3565 1716 3670 1756; x_wconf 90' lang='lat' dir='ltr'>no-</span> 
     </span>
    </p>
   </div>
   <div class='ocr_carea' id='block_1_59' title="bbox 1972 1787 3667 1859">
    <p class='ocr_par' dir='ltr' id='par_1_59' title="bbox 1972 1787 3667 1859">
     <span class='ocr_line' id='line_1_59' title="bbox 1972 1787 3667 1859; baseline 0.001 -18"><span class='ocrx_word' id='word_1_403' title='bbox 1972 1805 2104 1841; x_wconf 89' lang='lat' dir='ltr'>men</span> <span class='ocrx_word' id='word_1_404' title='bbox 2151 1788 2445 1859; x_wconf 69' lang='lat' dir='ltr'>potentiaa,</span> <span class='ocrx_word' id='word_1_405' title='bbox 2478 1787 2685 1858; x_wconf 90' lang='lat' dir='ltr'>repetit</span> <span class='ocrx_word' id='word_1_406' title='bbox 2728 1805 2799 1842; x_wconf 91' lang='lat' dir='ltr'>ne</span> <span class='ocrx_word' id='word_1_407' title='bbox 2845 1789 3029 1843; x_wconf 89' lang='lat' dir='ltr'>tardet</span> <span class='ocrx_word' id='word_1_408' title='bbox 3081 1788 3380 1843; x_wconf 80' lang='lat' dir='ltr'>auxilium.</span> <span class='ocrx_word' id='word_1_409' title='bbox 3430 1792 3667 1858; x_wconf 86' lang='lat' dir='ltr'>Percipe.</span> 
     </span>
    </p>
   </div>
   <div class='ocr_carea' id='block_1_60' title="bbox 1973 1876 3669 1947">
    <p class='ocr_par' dir='ltr' id='par_1_60' title="bbox 1973 1876 3669 1947">
     <span class='ocr_line' id='line_1_60' title="bbox 1973 1876 3669 1947; baseline -0.001 -15"><span class='ocrx_word' id='word_1_410' title='bbox 1973 1881 2169 1944; x_wconf 78' lang='lat' dir='ltr'>(Auc.)</span> <span class='ocrx_word' id='word_1_411' title='bbox 2217 1877 2430 1947; x_wconf 80' lang='lat' dir='ltr'>Ziphaei</span> <span class='ocrx_word' id='word_1_412' title='bbox 2485 1894 2550 1929; x_wconf 92' lang='lat' dir='ltr'>ea</span> <span class='ocrx_word' id='word_1_413' title='bbox 2594 1877 2699 1930; x_wconf 87' lang='lat' dir='ltr'>etsi</span> <span class='ocrx_word' id='word_1_414' title='bbox 2730 1877 2989 1945; x_wconf 88' lang='lat' dir='ltr'>audiunt,</span> <span class='ocrx_word' id='word_1_415' title='bbox 3039 1893 3157 1930; x_wconf 91' lang='lat' dir='ltr'>non</span> <span class='ocrx_word' id='word_1_416' title='bbox 3208 1882 3402 1931; x_wconf 88' lang='lat' dir='ltr'>tamen</span> <span class='ocrx_word' id='word_1_417' title='bbox 3458 1876 3669 1931; x_wconf 90' lang='lat' dir='ltr'>intelli-</span> 
     </span>
    </p>
   </div>
   <div class='ocr_carea' id='block_1_61' title="bbox 1971 1964 3243 2035">
    <p class='ocr_par' dir='ltr' id='par_1_61' title="bbox 1971 1964 3243 2035">
     <span class='ocr_line' id='line_1_61' title="bbox 1971 1964 3243 2035; baseline 0.001 -18"><span class='ocrx_word' id='word_1_418' title='bbox 1971 1970 2136 2035; x_wconf 91' lang='lat' dir='ltr'>gunt,</span> <span class='ocrx_word' id='word_1_419' title='bbox 2158 1965 2257 2035; x_wconf 91' lang='lat' dir='ltr'>qui</span> <span class='ocrx_word' id='word_1_420' title='bbox 2290 1980 2402 2017; x_wconf 93' lang='lat' dir='ltr'>non</span> <span class='ocrx_word' id='word_1_421' title='bbox 2435 1964 2544 2017; x_wconf 83' lang='lat' dir='ltr'>nisi</span> <span class='ocrx_word' id='word_1_422' title='bbox 2572 1966 2914 2033; x_wconf 87' lang='lat' dir='ltr'>temporalia</span> <span class='ocrx_word' id='word_1_423' title='bbox 2938 1969 3243 2018; x_wconf 90' lang='lat' dir='ltr'>noverunt.</span> 
     </span>
    </p>
   </div>
   <div class='ocr_carea' id='block_1_62' title="bbox 2044 2052 3673 2124">
    <p class='ocr_par' dir='ltr' id='par_1_62' title="bbox 2044 2052 3673 2124">
     <span class='ocr_line' id='line_1_62' title="bbox 2044 2052 3673 2124; baseline 0.001 -19"><span class='ocrx_word' id='word_1_424' title='bbox 2044 2055 2205 2106; x_wconf 75' lang='lat' dir='ltr'>Vens.</span> <span class='ocrx_word' id='word_1_425' title='bbox 2242 2058 2300 2106; x_wconf 87' lang='lat'>5.</span> <span class='ocrx_word' id='word_1_426' title='bbox 2339 2084 2407 2091; x_wconf 88' lang='lat'>—-</span> <span class='ocrx_word' id='word_1_427' title='bbox 2436 2054 2640 2108; x_wconf 78' lang='lat' dir='ltr'>Alieni.</span> <span class='ocrx_word' id='word_1_428' title='bbox 2673 2053 2884 2124; x_wconf 80' lang='lat' dir='ltr'>(AUG.)</span> <span class='ocrx_word' id='word_1_429' title='bbox 2942 2054 3081 2123; x_wconf 90' lang='lat' dir='ltr'>Ziph</span> <span class='ocrx_word' id='word_1_430' title='bbox 3130 2053 3351 2107; x_wconf 89' lang='lat' dir='ltr'>viculus</span> <span class='ocrx_word' id='word_1_431' title='bbox 3397 2056 3537 2119; x_wconf 90' lang='lat' dir='ltr'>erat,</span> <span class='ocrx_word' id='word_1_432' title='bbox 3571 2052 3673 2124; x_wconf 89' lang='lat' dir='ltr'>qui</span> 
     </span>
    </p>
   </div>
   <div class='ocr_carea' id='block_1_63' title="bbox 1972 2141 3271 2213">
    <p class='ocr_par' dir='ltr' id='par_1_63' title="bbox 1972 2141 3271 2213">
     <span class='ocr_line' id='line_1_63' title="bbox 1972 2141 3271 2213; baseline 0 -17"><span class='ocrx_word' id='word_1_433' title='bbox 1972 2142 2295 2212; x_wconf 89' lang='lat' dir='ltr'>pertinebat</span> <span class='ocrx_word' id='word_1_434' title='bbox 2319 2142 2389 2194; x_wconf 90' lang='lat' dir='ltr'>ad</span> <span class='ocrx_word' id='word_1_435' title='bbox 2418 2141 2626 2194; x_wconf 88' lang='lat' dir='ltr'>tribum</span> <span class='ocrx_word' id='word_1_436' title='bbox 2646 2142 2809 2207; x_wconf 80' lang='lat' dir='ltr'>Juda,</span> <span class='ocrx_word' id='word_1_437' title='bbox 2846 2142 2995 2195; x_wconf 90' lang='lat' dir='ltr'>unde</span> <span class='ocrx_word' id='word_1_438' title='bbox 3033 2142 3271 2213; x_wconf 70' lang='lat' dir='ltr'>Ziphaei.</span> 
     </span>
    </p>
   </div>
   <div class='ocr_carea' id='block_1_64' title="bbox 2046 2229 3673 2299">
    <p class='ocr_par' dir='ltr' id='par_1_64' title="bbox 2046 2229 3673 2299">
     <span class='ocr_line' id='line_1_64' title="bbox 2046 2229 3673 2299; baseline 0.002 -18"><span class='ocrx_word' id='word_1_439' title='bbox 2046 2231 2205 2284; x_wconf 71' lang='lat' dir='ltr'>Vnus.</span> <span class='ocrx_word' id='word_1_440' title='bbox 2241 2231 2551 2283; x_wconf 87' lang='lat' dir='ltr'>6.—Ecce</span> <span class='ocrx_word' id='word_1_441' title='bbox 2606 2230 2766 2284; x_wconf 86' lang='lat' dir='ltr'>enim.</span> <span class='ocrx_word' id='word_1_442' title='bbox 2826 2230 3032 2299; x_wconf 79' lang='lat' dir='ltr'>(CASS.)</span> <span class='ocrx_word' id='word_1_443' title='bbox 3083 2230 3465 2299; x_wconf 88' lang='lat' dir='ltr'>Diapsalmus.</span> <span class='ocrx_word' id='word_1_444' title='bbox 3524 2229 3673 2294; x_wconf 89' lang='lat' dir='ltr'>Quid</span> 
     </span>
    </p>
   </div>
   <div class='ocr_carea' id='block_1_65' title="bbox 1973 2316 3675 2386">
    <p class='ocr_par' dir='ltr' id='par_1_65' title="bbox 1973 2316 3675 2386">
     <span class='ocr_line' id='line_1_65' title="bbox 1973 2316 3675 2386; baseline 0 -16"><span class='ocrx_word' id='word_1_445' title='bbox 1973 2317 2081 2371; x_wconf 89' lang='lat' dir='ltr'>sibi</span> <span class='ocrx_word' id='word_1_446' title='bbox 2110 2322 2167 2371; x_wconf 88' lang='lat' dir='ltr'>et</span> <span class='ocrx_word' id='word_1_447' title='bbox 2190 2316 2433 2386; x_wconf 72' lang='lat' dir='ltr'>Ziphmis</span> <span class='ocrx_word' id='word_1_448' title='bbox 2463 2316 2633 2370; x_wconf 87' lang='lat' dir='ltr'>faciat</span> <span class='ocrx_word' id='word_1_449' title='bbox 2666 2317 2812 2370; x_wconf 89' lang='lat' dir='ltr'>Deus</span> <span class='ocrx_word' id='word_1_450' title='bbox 2839 2317 2988 2370; x_wconf 90' lang='lat' dir='ltr'>unde</span> <span class='ocrx_word' id='word_1_451' title='bbox 3048 2317 3218 2370; x_wconf 88' lang='lat' dir='ltr'>solvit</span> <span class='ocrx_word' id='word_1_452' title='bbox 3270 2317 3495 2372; x_wconf 90' lang='lat' dir='ltr'>laudes.</span> <span class='ocrx_word' id='word_1_453' title='bbox 3549 2318 3675 2371; x_wconf 85' lang='lat' dir='ltr'>Ad-</span> 
     </span>
    </p>
   </div>
   <div class='ocr_carea' id='block_1_66' title="bbox 1964 2404 3665 2476">
    <p class='ocr_par' dir='ltr' id='par_1_66' title="bbox 1964 2404 3665 2476">
     <span class='ocr_line' id='line_1_66' title="bbox 1964 2404 3665 2476; baseline -0.001 -16"><span class='ocrx_word' id='word_1_454' title='bbox 1964 2406 2148 2475; x_wconf 85' lang='lat' dir='ltr'>juvat.</span> <span class='ocrx_word' id='word_1_455' title='bbox 2181 2406 2385 2476; x_wconf 86' lang='lat' dir='ltr'>(AUG.)</span> <span class='ocrx_word' id='word_1_456' title='bbox 2426 2404 2586 2468; x_wconf 89' lang='lat' dir='ltr'>Quod</span> <span class='ocrx_word' id='word_1_457' title='bbox 2640 2404 2748 2474; x_wconf 91' lang='lat' dir='ltr'>ipsi</span> <span class='ocrx_word' id='word_1_458' title='bbox 2798 2404 3059 2458; x_wconf 88' lang='lat' dir='ltr'>nesciunt</span> <span class='ocrx_word' id='word_1_459' title='bbox 3100 2405 3252 2458; x_wconf 90' lang='lat' dir='ltr'>inter</span> <span class='ocrx_word' id='word_1_460' title='bbox 3308 2421 3454 2475; x_wconf 90' lang='lat' dir='ltr'>quos</span> <span class='ocrx_word' id='word_1_461' title='bbox 3483 2405 3665 2471; x_wconf 89' lang='lat' dir='ltr'>lateo;</span> 
     </span>
    </p>
   </div>
   <div class='ocr_carea' id='block_1_67' title="bbox 1978 2493 3670 2564">
    <p class='ocr_par' dir='ltr' id='par_1_67' title="bbox 1978 2493 3670 2564">
     <span class='ocr_line' id='line_1_67' title="bbox 1978 2493 3670 2564; baseline -0.001 -16"><span class='ocrx_word' id='word_1_462' title='bbox 1978 2495 2074 2548; x_wconf 92' lang='lat' dir='ltr'>sed</span> <span class='ocrx_word' id='word_1_463' title='bbox 2124 2495 2231 2548; x_wconf 90' lang='lat' dir='ltr'>hoc</span> <span class='ocrx_word' id='word_1_464' title='bbox 2290 2493 2446 2564; x_wconf 89' lang='lat' dir='ltr'>quod</span> <span class='ocrx_word' id='word_1_465' title='bbox 2478 2508 2568 2547; x_wconf 90' lang='lat' dir='ltr'>me</span> <span class='ocrx_word' id='word_1_466' title='bbox 2625 2493 2855 2563; x_wconf 87' lang='lat' dir='ltr'>adjuvat</span> <span class='ocrx_word' id='word_1_467' title='bbox 2906 2494 3181 2559; x_wconf 87' lang='lat' dir='ltr'>viderent,</span> <span class='ocrx_word' id='word_1_468' title='bbox 3216 2493 3263 2546; x_wconf 91' lang='lat' dir='ltr'>si</span> <span class='ocrx_word' id='word_1_469' title='bbox 3323 2495 3503 2547; x_wconf 90' lang='lat' dir='ltr'>Deum</span> <span class='ocrx_word' id='word_1_470' title='bbox 3538 2498 3670 2547; x_wconf 87' lang='lat' dir='ltr'>ante</span> 
     </span>
    </p>
   </div>
   <div class='ocr_carea' id='block_1_68' title="bbox 1975 2585 2537 2652">
    <p class='ocr_par' dir='ltr' id='par_1_68' title="bbox 1975 2585 2537 2652">
     <span class='ocr_line' id='line_1_68' title="bbox 1975 2585 2537 2652; baseline 0 -16"><span class='ocrx_word' id='word_1_471' title='bbox 1975 2585 2199 2637; x_wconf 91' lang='lat' dir='ltr'>occulos</span> <span class='ocrx_word' id='word_1_472' title='bbox 2232 2585 2537 2652; x_wconf 86' lang='lat' dir='ltr'>ponerent.</span> 
     </span>
    </p>
   </div>
   <div class='ocr_carea' id='block_1_69' title="bbox 2044 2669 3659 2737">
    <p class='ocr_par' dir='ltr' id='par_1_69' title="bbox 2044 2669 3659 2737">
     <span class='ocr_line' id='line_1_69' title="bbox 2044 2669 3659 2737; baseline 0.001 -15"><span class='ocrx_word' id='word_1_473' title='bbox 2044 2672 2200 2725; x_wconf 73' lang='lat' dir='ltr'>Vens.</span> <span class='ocrx_word' id='word_1_474' title='bbox 2269 2675 2329 2724; x_wconf 85' lang='lat'>7.</span> <span class='ocrx_word' id='word_1_475' title='bbox 2402 2700 2471 2709; x_wconf 90' lang='lat'>-—</span> <span class='ocrx_word' id='word_1_476' title='bbox 2529 2671 2728 2724; x_wconf 85' lang='lat' dir='ltr'>Averte</span> <span class='ocrx_word' id='word_1_477' title='bbox 2782 2670 2930 2723; x_wconf 84' lang='lat' dir='ltr'>mala</span> <span class='ocrx_word' id='word_1_478' title='bbox 3007 2671 3266 2723; x_wconf 87' lang='lat' dir='ltr'>inimicis.</span> <span class='ocrx_word' id='word_1_479' title='bbox 3312 2669 3504 2737; x_wconf 86' lang='lat' dir='ltr'>(Ibid.)</span> <span class='ocrx_word' id='word_1_480' title='bbox 3560 2671 3659 2723; x_wconf 92' lang='lat' dir='ltr'>Vel</span> 
     </span>
    </p>
   </div>
   <div class='ocr_carea' id='block_1_70' title="bbox 1975 2758 3667 2830">
    <p class='ocr_par' dir='ltr' id='par_1_70' title="bbox 1975 2758 3667 2830">
     <span class='ocr_line' id='line_1_70' title="bbox 1975 2758 3667 2830; baseline -0.002 -15"><span class='ocrx_word' id='word_1_481' title='bbox 1975 2764 2183 2825; x_wconf 89' lang='lat' dir='ltr'>averte,</span> <span class='ocrx_word' id='word_1_482' title='bbox 2215 2776 2318 2830; x_wconf 90' lang='lat' dir='ltr'>pro</span> <span class='ocrx_word' id='word_1_483' title='bbox 2363 2758 2757 2812; x_wconf 88' lang='lat' dir='ltr'>convertendis</span> <span class='ocrx_word' id='word_1_484' title='bbox 2803 2762 3123 2828; x_wconf 74' lang='lat' dir='ltr'>praecatur:</span> <span class='ocrx_word' id='word_1_485' title='bbox 3169 2762 3226 2811; x_wconf 90' lang='lat' dir='ltr'>et</span> <span class='ocrx_word' id='word_1_486' title='bbox 3275 2758 3398 2811; x_wconf 63' lang='lat' dir='ltr'>haec</span> <span class='ocrx_word' id='word_1_487' title='bbox 3454 2761 3538 2811; x_wconf 91' lang='lat' dir='ltr'>est</span> <span class='ocrx_word' id='word_1_488' title='bbox 3567 2758 3667 2812; x_wconf 88' lang='lat' dir='ltr'>ho-</span> 
     </span>
    </p>
   </div>
   <div class='ocr_carea' id='block_1_71' title="bbox 1974 2844 3672 2918">
    <p class='ocr_par' dir='ltr' id='par_1_71' title="bbox 1974 2844 3672 2918">
     <span class='ocr_line' id='line_1_71' title="bbox 1974 2844 3672 2918; baseline -0.003 -17"><span class='ocrx_word' id='word_1_489' title='bbox 1974 2848 2081 2901; x_wconf 84' lang='lat' dir='ltr'>stia</span> <span class='ocrx_word' id='word_1_490' title='bbox 2111 2862 2283 2918; x_wconf 90' lang='lat' dir='ltr'>quam</span> <span class='ocrx_word' id='word_1_491' title='bbox 2318 2862 2423 2916; x_wconf 92' lang='lat' dir='ltr'>pro</span> <span class='ocrx_word' id='word_1_492' title='bbox 2450 2845 2790 2899; x_wconf 87' lang='lat' dir='ltr'>liberatione</span> <span class='ocrx_word' id='word_1_493' title='bbox 2822 2844 3010 2899; x_wconf 89' lang='lat' dir='ltr'>solvit.</span> <span class='ocrx_word' id='word_1_494' title='bbox 3080 2848 3141 2898; x_wconf 86' lang='lat' dir='ltr'>In</span> <span class='ocrx_word' id='word_1_495' title='bbox 3178 2846 3425 2897; x_wconf 83' lang='lat' dir='ltr'>veritate.</span> <span class='ocrx_word' id='word_1_496' title='bbox 3458 2844 3672 2913; x_wconf 79' lang='lat' dir='ltr'>(AUG.)</span> 
     </span>
    </p>
   </div>
   <div class='ocr_carea' id='block_1_72' title="bbox 1971 2932 3672 3001">
    <p class='ocr_par' dir='ltr' id='par_1_72' title="bbox 1971 2932 3672 3001">
     <span class='ocr_line' id='line_1_72' title="bbox 1971 2932 3672 3001; baseline -0.002 -13"><span class='ocrx_word' id='word_1_497' title='bbox 1971 2936 2070 2989; x_wconf 86' lang='lat' dir='ltr'>Vel</span> <span class='ocrx_word' id='word_1_498' title='bbox 2101 2934 2413 2988; x_wconf 89' lang='lat' dir='ltr'>secundum</span> <span class='ocrx_word' id='word_1_499' title='bbox 2445 2934 2614 2986; x_wconf 88' lang='lat' dir='ltr'>aliam</span> <span class='ocrx_word' id='word_1_500' title='bbox 2638 2933 2916 2986; x_wconf 86' lang='lat' dir='ltr'>litteram:</span> <span class='ocrx_word' id='word_1_501' title='bbox 2958 2934 3022 2985; x_wconf 83' lang='lat' dir='ltr'>In</span> <span class='ocrx_word' id='word_1_502' title='bbox 3049 2934 3271 2996; x_wconf 88' lang='lat' dir='ltr'>virtute,</span> <span class='ocrx_word' id='word_1_503' title='bbox 3321 2932 3499 3000; x_wconf 88' lang='lat' dir='ltr'>perde</span> <span class='ocrx_word' id='word_1_504' title='bbox 3530 2948 3672 3001; x_wconf 89' lang='lat' dir='ltr'>quos</span> 
     </span>
    </p>
   </div>
   <div class='ocr_carea' id='block_1_73' title="bbox 1894 3018 3666 3091">
    <p class='ocr_par' dir='ltr' id='par_1_73' title="bbox 1894 3018 3666 3091">
     <span class='ocr_line' id='line_1_73' title="bbox 1894 3018 3666 3091; baseline -0.001 -16"><span class='ocrx_word' id='word_1_505' title='bbox 1894 3036 1934 3091; x_wconf 71' lang='grc' dir='ltr'><strong>ρ</strong></span> <span class='ocrx_word' id='word_1_506' title='bbox 1970 3022 2031 3075; x_wconf 89' lang='lat' dir='ltr'>in</span> <span class='ocrx_word' id='word_1_507' title='bbox 2063 3028 2162 3075; x_wconf 84' lang='lat' dir='ltr'>tua</span> <span class='ocrx_word' id='word_1_508' title='bbox 2219 3022 2551 3075; x_wconf 87' lang='lat' dir='ltr'>inﬁrmitate</span> <span class='ocrx_word' id='word_1_509' title='bbox 2609 3020 2891 3075; x_wconf 89' lang='lat' dir='ltr'>tolerasti.</span> <span class='ocrx_word' id='word_1_510' title='bbox 2966 3020 3282 3075; x_wconf 85' lang='lat' dir='ltr'>Voluntarie</span> <span class='ocrx_word' id='word_1_511' title='bbox 3327 3018 3666 3089; x_wconf 78' lang='lat' dir='ltr'>sacriﬁcabo.</span> 
     </span>
    </p>
   </div>
   <div class='ocr_carea' id='block_1_74' title="bbox 1973 3107 3671 3178">
    <p class='ocr_par' dir='ltr' id='par_1_74' title="bbox 1973 3107 3671 3178">
     <span class='ocr_line' id='line_1_74' title="bbox 1973 3107 3671 3178; baseline -0.001 -15"><span class='ocrx_word' id='word_1_512' title='bbox 1973 3110 2162 3175; x_wconf 87' lang='lat' dir='ltr'>(Ibid.)</span> <span class='ocrx_word' id='word_1_513' title='bbox 2193 3109 2333 3173; x_wconf 90' lang='lat' dir='ltr'>Quia</span> <span class='ocrx_word' id='word_1_514' title='bbox 2378 3113 2615 3178; x_wconf 89' lang='lat' dir='ltr'>propter</span> <span class='ocrx_word' id='word_1_515' title='bbox 2669 3124 2747 3174; x_wconf 88' lang='lat' dir='ltr'>se,</span> <span class='ocrx_word' id='word_1_516' title='bbox 2782 3124 2896 3161; x_wconf 94' lang='lat' dir='ltr'>non</span> <span class='ocrx_word' id='word_1_517' title='bbox 2926 3114 3163 3177; x_wconf 88' lang='lat' dir='ltr'>propter</span> <span class='ocrx_word' id='word_1_518' title='bbox 3198 3107 3376 3171; x_wconf 92' lang='lat' dir='ltr'>aliud,</span> <span class='ocrx_word' id='word_1_519' title='bbox 3414 3108 3570 3177; x_wconf 91' lang='lat' dir='ltr'>quod</span> <span class='ocrx_word' id='word_1_520' title='bbox 3601 3108 3671 3161; x_wconf 88' lang='lat' dir='ltr'>ab</span> 
     </span>
    </p>
   </div>
   <div class='ocr_carea' id='block_1_75' title="bbox 1972 3194 3671 3265">
    <p class='ocr_par' dir='ltr' id='par_1_75' title="bbox 1972 3194 3671 3265">
     <span class='ocr_line' id='line_1_75' title="bbox 1972 3194 3671 3265; baseline 0 -18"><span class='ocrx_word' id='word_1_521' title='bbox 1972 3212 2037 3247; x_wconf 92' lang='lat' dir='ltr'>eo</span> <span class='ocrx_word' id='word_1_522' title='bbox 2090 3195 2288 3250; x_wconf 86' lang='lat' dir='ltr'>velim.</span> <span class='ocrx_word' id='word_1_523' title='bbox 2344 3194 2452 3259; x_wconf 91' lang='lat' dir='ltr'>Qui</span> <span class='ocrx_word' id='word_1_524' title='bbox 2494 3199 2730 3265; x_wconf 88' lang='lat' dir='ltr'>propter</span> <span class='ocrx_word' id='word_1_525' title='bbox 2768 3196 2927 3249; x_wconf 90' lang='lat' dir='ltr'>aliud</span> <span class='ocrx_word' id='word_1_526' title='bbox 2975 3196 3186 3260; x_wconf 90' lang='lat' dir='ltr'>laudat,</span> <span class='ocrx_word' id='word_1_527' title='bbox 3222 3211 3289 3248; x_wconf 78' lang='lat' dir='ltr'>ex</span> <span class='ocrx_word' id='word_1_528' title='bbox 3336 3194 3671 3248; x_wconf 90' lang='lat' dir='ltr'>necessitate</span> 
     </span>
    </p>
   </div>
   <div class='ocr_carea' id='block_1_76' title="bbox 1970 3283 3670 3351">
    <p class='ocr_par' dir='ltr' id='par_1_76' title="bbox 1970 3283 3670 3351">
     <span class='ocr_line' id='line_1_76' title="bbox 1970 3283 3670 3351; baseline -0.001 -14"><span class='ocrx_word' id='word_1_529' title='bbox 1970 3283 2197 3351; x_wconf 85' lang='lat' dir='ltr'>laudat;</span> <span class='ocrx_word' id='word_1_530' title='bbox 2231 3283 2279 3336; x_wconf 90' lang='lat' dir='ltr'>si</span> <span class='ocrx_word' id='word_1_531' title='bbox 2307 3283 2447 3337; x_wconf 88' lang='lat' dir='ltr'>illud</span> <span class='ocrx_word' id='word_1_532' title='bbox 2477 3283 2731 3349; x_wconf 85' lang='lat' dir='ltr'>haberet,</span> <span class='ocrx_word' id='word_1_533' title='bbox 2784 3299 2901 3337; x_wconf 91' lang='lat' dir='ltr'>non</span> <span class='ocrx_word' id='word_1_534' title='bbox 2929 3283 3217 3339; x_wconf 87' lang='lat' dir='ltr'>laudaret.</span> <span class='ocrx_word' id='word_1_535' title='bbox 3283 3284 3423 3337; x_wconf 84' lang='lat' dir='ltr'>Mihi</span> <span class='ocrx_word' id='word_1_536' title='bbox 3468 3287 3670 3349; x_wconf 86' lang='lat' dir='ltr'>autem,</span> 
     </span>
    </p>
   </div>
   <div class='ocr_carea' id='block_1_77' title="bbox 1972 3371 3166 3442">
    <p class='ocr_par' dir='ltr' id='par_1_77' title="bbox 1972 3371 3166 3442">
     <span class='ocr_line' id='line_1_77' title="bbox 1972 3371 3166 3442; baseline 0.001 -17"><span class='ocrx_word' id='word_1_537' title='bbox 1972 3377 2029 3425; x_wconf 90' lang='lat' dir='ltr'>et</span> <span class='ocrx_word' id='word_1_538' title='bbox 2058 3388 2186 3442; x_wconf 67' lang='lat' dir='ltr'>quae</span> <span class='ocrx_word' id='word_1_539' title='bbox 2207 3372 2363 3425; x_wconf 88' lang='lat' dir='ltr'>dedit</span> <span class='ocrx_word' id='word_1_540' title='bbox 2385 3375 2619 3442; x_wconf 90' lang='lat' dir='ltr'>propter</span> <span class='ocrx_word' id='word_1_541' title='bbox 2639 3371 2871 3425; x_wconf 89' lang='lat' dir='ltr'>dantem</span> <span class='ocrx_word' id='word_1_542' title='bbox 2915 3372 3166 3441; x_wconf 89' lang='lat' dir='ltr'>placent.</span> 
     </span>
    </p>
   </div>
   <div class='ocr_carea' id='block_1_78' title="bbox 2584 3477 3066 3533">
    <p class='ocr_par' dir='ltr' id='par_1_78' title="bbox 2584 3477 3066 3533">
     <span class='ocr_line' id='line_1_78' title="bbox 2584 3477 3066 3533; baseline 0.002 -2"><span class='ocrx_word' id='word_1_543' title='bbox 2584 3477 2895 3532; x_wconf 84' lang='lat' dir='ltr'>PSALMUS</span> <span class='ocrx_word' id='word_1_544' title='bbox 2936 3479 3066 3533; x_wconf 87' lang='lat' dir='ltr'>LIV.</span> 
     </span>
    </p>
   </div>
   <div class='ocr_carea' id='block_1_79' title="bbox 2044 3583 3668 3653">
    <p class='ocr_par' dir='ltr' id='par_1_79' title="bbox 2044 3583 3668 3653">
     <span class='ocr_line' id='line_1_79' title="bbox 2044 3583 3668 3653; baseline 0.001 -17"><span class='ocrx_word' id='word_1_545' title='bbox 2044 3584 2208 3637; x_wconf 73' lang='lat' dir='ltr'>Vens.</span> <span class='ocrx_word' id='word_1_546' title='bbox 2253 3588 2304 3637; x_wconf 92' lang='grc'>1.</span> <span class='ocrx_word' id='word_1_547' title='bbox 2338 3614 2403 3623; x_wconf 88' lang='grc'><strong><em>-</em></strong></span> <span class='ocrx_word' id='word_1_548' title='bbox 2435 3586 2501 3638; x_wconf 89' lang='lat' dir='ltr'>In</span> <span class='ocrx_word' id='word_1_549' title='bbox 2528 3586 2693 3652; x_wconf 82' lang='lat' dir='ltr'>finem</span> <span class='ocrx_word' id='word_1_550' title='bbox 2721 3587 2780 3637; x_wconf 90' lang='lat' dir='ltr'>in</span> <span class='ocrx_word' id='word_1_551' title='bbox 2808 3585 3161 3638; x_wconf 84' lang='lat' dir='ltr'>carminibus.</span> <span class='ocrx_word' id='word_1_552' title='bbox 3195 3583 3413 3653; x_wconf 72' lang='grc' dir='ltr'>(Αυο.)</span> <span class='ocrx_word' id='word_1_553' title='bbox 3449 3584 3668 3638; x_wconf 81' lang='lat' dir='ltr'>Intelle-</span> 
     </span>
    </p>
   </div>
   <div class='ocr_carea' id='block_1_80' title="bbox 1972 3671 3665 3743">
    <p class='ocr_par' dir='ltr' id='par_1_80' title="bbox 1972 3671 3665 3743">
     <span class='ocr_line' id='line_1_80' title="bbox 1972 3671 3665 3743; baseline 0 -17"><span class='ocrx_word' id='word_1_554' title='bbox 1972 3676 2106 3727; x_wconf 87' lang='lat' dir='ltr'>ctus.</span> <span class='ocrx_word' id='word_1_555' title='bbox 2166 3672 2367 3741; x_wconf 85' lang='lat' dir='ltr'>Magna</span> <span class='ocrx_word' id='word_1_556' title='bbox 2417 3688 2553 3725; x_wconf 89' lang='lat' dir='ltr'>cura</span> <span class='ocrx_word' id='word_1_557' title='bbox 2602 3672 2772 3725; x_wconf 90' lang='lat' dir='ltr'>debet</span> <span class='ocrx_word' id='word_1_558' title='bbox 2830 3672 3151 3743; x_wconf 83' lang='lat' dir='ltr'>intelligere</span> <span class='ocrx_word' id='word_1_559' title='bbox 3223 3671 3488 3737; x_wconf 87' lang='lat' dir='ltr'>Ecclesia,</span> <span class='ocrx_word' id='word_1_560' title='bbox 3522 3676 3665 3735; x_wconf 91' lang='lat' dir='ltr'>etc.,</span> 
     </span>
    </p>
   </div>
   <div class='ocr_carea' id='block_1_81' title="bbox 1972 3759 3668 3830">
    <p class='ocr_par' dir='ltr' id='par_1_81' title="bbox 1972 3759 3668 3830">
     <span class='ocr_line' id='line_1_81' title="bbox 1972 3759 3668 3830; baseline 0 -17"><span class='ocrx_word' id='word_1_561' title='bbox 1972 3775 2140 3829; x_wconf 87' lang='lat' dir='ltr'>usque</span> <span class='ocrx_word' id='word_1_562' title='bbox 2193 3760 2266 3812; x_wconf 87' lang='lat' dir='ltr'>ad</span> <span class='ocrx_word' id='word_1_563' title='bbox 2319 3759 2418 3830; x_wconf 89' lang='lat' dir='ltr'>qui</span> <span class='ocrx_word' id='word_1_564' title='bbox 2466 3776 2571 3829; x_wconf 92' lang='lat' dir='ltr'>pro</span> <span class='ocrx_word' id='word_1_565' title='bbox 2602 3759 2857 3813; x_wconf 89' lang='lat' dir='ltr'>molestis</span> <span class='ocrx_word' id='word_1_566' title='bbox 2909 3760 3118 3812; x_wconf 87' lang='lat' dir='ltr'>civium</span> <span class='ocrx_word' id='word_1_567' title='bbox 3178 3759 3326 3830; x_wconf 89' lang='lat' dir='ltr'>fugit</span> <span class='ocrx_word' id='word_1_568' title='bbox 3382 3760 3441 3811; x_wconf 90' lang='lat' dir='ltr'>in</span> <span class='ocrx_word' id='word_1_569' title='bbox 3472 3760 3668 3813; x_wconf 91' lang='lat' dir='ltr'>solitu-</span> 
     </span>
    </p>
   </div>
   <div class='ocr_carea' id='block_1_82' title="bbox 1971 3848 2192 3902">
    <p class='ocr_par' dir='ltr' id='par_1_82' title="bbox 1971 3848 2192 3902">
     <span class='ocr_line' id='line_1_82' title="bbox 1971 3848 2192 3902; baseline -0.005 0"><span class='ocrx_word' id='word_1_570' title='bbox 1971 3848 2192 3902; x_wconf 88' lang='lat' dir='ltr'>dinem.</span> 
     </span>
    </p>
   </div>
   <div class='ocr_carea' id='block_1_83' title="bbox 2042 3934 3663 4003">
    <p class='ocr_par' dir='ltr' id='par_1_83' title="bbox 2042 3934 3663 4003">
     <span class='ocr_line' id='line_1_83' title="bbox 2042 3934 3663 4003; baseline 0.001 -15"><span class='ocrx_word' id='word_1_571' title='bbox 2042 3937 2203 3989; x_wconf 74' lang='lat' dir='ltr'>Vnas.</span> <span class='ocrx_word' id='word_1_572' title='bbox 2256 3938 2315 3989; x_wconf 83' lang='lat'>2.</span> <span class='ocrx_word' id='word_1_573' title='bbox 2391 3963 2457 3976; x_wconf 91' lang='lat'>-—</span> <span class='ocrx_word' id='word_1_574' title='bbox 2533 3934 2778 4003; x_wconf 87' lang='lat' dir='ltr'>Exaudi,</span> <span class='ocrx_word' id='word_1_575' title='bbox 2852 3935 3017 3999; x_wconf 90' lang='lat' dir='ltr'>Deus,</span> <span class='ocrx_word' id='word_1_576' title='bbox 3097 3938 3395 3988; x_wconf 83' lang='lat' dir='ltr'>orationem</span> <span class='ocrx_word' id='word_1_577' title='bbox 3471 3950 3663 3989; x_wconf 88' lang='lat' dir='ltr'>meam.</span> 
     </span>
    </p>
   </div>
   <div class='ocr_carea' id='block_1_84' title="bbox 1972 4022 3668 4095">
    <p class='ocr_par' dir='ltr' id='par_1_84' title="bbox 1972 4022 3668 4095">
     <span class='ocr_line' id='line_1_84' title="bbox 1972 4022 3668 4095; baseline -0.002 -15"><span class='ocrx_word' id='word_1_578' title='bbox 1972 4024 2188 4095; x_wconf 78' lang='lat' dir='ltr'>(CASS.)</span> <span class='ocrx_word' id='word_1_579' title='bbox 2221 4023 2435 4091; x_wconf 88' lang='lat' dir='ltr'>Oratio,</span> <span class='ocrx_word' id='word_1_580' title='bbox 2496 4022 2792 4094; x_wconf 62' lang='lat' dir='ltr'>praemissa</span> <span class='ocrx_word' id='word_1_581' title='bbox 2829 4028 3026 4076; x_wconf 88' lang='lat' dir='ltr'>contra</span> <span class='ocrx_word' id='word_1_582' title='bbox 3086 4023 3255 4081; x_wconf 88' lang='lat' dir='ltr'>mala.</span> <span class='ocrx_word' id='word_1_583' title='bbox 3316 4022 3403 4075; x_wconf 87' lang='lat' dir='ltr'>vel</span> <span class='ocrx_word' id='word_1_584' title='bbox 3463 4023 3668 4077; x_wconf 86' lang='lat' dir='ltr'>ﬂuctus</span> 
     </span>
    </p>
   </div>
   <div class='ocr_carea' id='block_1_85' title="bbox 1971 4111 3665 4182">
    <p class='ocr_par' dir='ltr' id='par_1_85' title="bbox 1971 4111 3665 4182">
     <span class='ocr_line' id='line_1_85' title="bbox 1971 4111 3665 4182; baseline -0.001 -16"><span class='ocrx_word' id='word_1_585' title='bbox 1971 4114 2186 4167; x_wconf 66' lang='lat' dir='ltr'>saeculi.</span> <span class='ocrx_word' id='word_1_586' title='bbox 2219 4115 2295 4168; x_wconf 88' lang='lat' dir='ltr'>Ne</span> <span class='ocrx_word' id='word_1_587' title='bbox 2332 4114 2640 4181; x_wconf 68' lang='lat' dir='ltr'>despexeris</span> <span class='ocrx_word' id='word_1_588' title='bbox 2670 4112 3113 4180; x_wconf 82' lang='lat' dir='ltr'>deprecationem.</span> <span class='ocrx_word' id='word_1_589' title='bbox 3170 4111 3364 4182; x_wconf 83' lang='lat' dir='ltr'>(Ibid.)</span> <span class='ocrx_word' id='word_1_590' title='bbox 3419 4111 3477 4165; x_wconf 90' lang='lat' dir='ltr'>Si</span> <span class='ocrx_word' id='word_1_591' title='bbox 3511 4111 3665 4165; x_wconf 91' lang='lat' dir='ltr'>enim</span> 
     </span>
    </p>
   </div>
   <div class='ocr_carea' id='block_1_86' title="bbox 1972 4200 3665 4271">
    <p class='ocr_par' dir='ltr' id='par_1_86' title="bbox 1972 4200 3665 4271">
     <span class='ocr_line' id='line_1_86' title="bbox 1972 4200 3665 4271; baseline -0.001 -17"><span class='ocrx_word' id='word_1_592' title='bbox 1972 4203 2119 4256; x_wconf 92' lang='lat' dir='ltr'>Deus</span> <span class='ocrx_word' id='word_1_593' title='bbox 2159 4200 2256 4254; x_wconf 92' lang='lat' dir='ltr'>dat</span> <span class='ocrx_word' id='word_1_594' title='bbox 2288 4200 2627 4271; x_wconf 90' lang='lat' dir='ltr'>temporalia</span> <span class='ocrx_word' id='word_1_595' title='bbox 2655 4200 2824 4253; x_wconf 90' lang='lat' dir='ltr'>alicui</span> <span class='ocrx_word' id='word_1_596' title='bbox 2856 4200 3086 4270; x_wconf 88' lang='lat' dir='ltr'>petenti,</span> <span class='ocrx_word' id='word_1_597' title='bbox 3145 4200 3268 4268; x_wconf 88' lang='lat' dir='ltr'>ejus</span> <span class='ocrx_word' id='word_1_598' title='bbox 3310 4203 3505 4253; x_wconf 86' lang='lat' dir='ltr'>tamen</span> <span class='ocrx_word' id='word_1_599' title='bbox 3537 4215 3665 4253; x_wconf 87' lang='lat' dir='ltr'>ora-</span> 
     </span>
    </p>
   </div>
   <div class='ocr_carea' id='block_1_87' title="bbox 158 4284 3412 4365">
    <p class='ocr_par' dir='ltr' id='par_1_87' title="bbox 158 4284 3412 4365">
     <span class='ocr_line' id='line_1_87' title="bbox 158 4284 3412 4365; baseline 0.002 -27"><span class='ocrx_word' id='word_1_600' title='bbox 158 4291 274 4338; x_wconf 89' lang='lat' dir='ltr'>etc.</span> <span class='ocrx_word' id='word_1_601' title='bbox 314 4284 492 4352; x_wconf 85' lang='lat' dir='ltr'>(Ibid.)</span> <span class='ocrx_word' id='word_1_602' title='bbox 528 4287 640 4339; x_wconf 85' lang='lat' dir='ltr'>Aut</span> <span class='ocrx_word' id='word_1_603' title='bbox 669 4286 852 4340; x_wconf 90' lang='lat' dir='ltr'>sinon</span> <span class='ocrx_word' id='word_1_604' title='bbox 884 4287 1177 4358; x_wconf 89' lang='lat' dir='ltr'>intelligit,</span> <span class='ocrx_word' id='word_1_605' title='bbox 1231 4289 1278 4341; x_wconf 92' lang='lat' dir='ltr'>si</span> <span class='ocrx_word' id='word_1_606' title='bbox 1308 4288 1505 4342; x_wconf 90' lang='lat' dir='ltr'>saltem</span> <span class='ocrx_word' id='word_1_607' title='bbox 1558 4293 1642 4342; x_wconf 87' lang='lat' dir='ltr'>est</span> <span class='ocrx_word' id='word_1_608' title='bbox 1667 4291 1860 4359; x_wconf 82' lang='lat' dir='ltr'>requi—</span> <span class='ocrx_word' id='word_1_609' title='bbox 1888 4311 1932 4365; x_wconf 73' lang='grc' dir='ltr'>ο</span> <span class='ocrx_word' id='word_1_610' title='bbox 1971 4290 2049 4343; x_wconf 93' lang='lat' dir='ltr'>tio</span> <span class='ocrx_word' id='word_1_611' title='bbox 2081 4289 2133 4343; x_wconf 89' lang='lat' dir='ltr'>ei</span> <span class='ocrx_word' id='word_1_612' title='bbox 2161 4306 2279 4343; x_wconf 94' lang='lat' dir='ltr'>non</span> <span class='ocrx_word' id='word_1_613' title='bbox 2305 4294 2388 4343; x_wconf 90' lang='lat' dir='ltr'>est</span> <span class='ocrx_word' id='word_1_614' title='bbox 2414 4294 2661 4359; x_wconf 89' lang='lat' dir='ltr'>accepta,</span> <span class='ocrx_word' id='word_1_615' title='bbox 2697 4288 2834 4358; x_wconf 88' lang='lat' dir='ltr'>quia</span> <span class='ocrx_word' id='word_1_616' title='bbox 2854 4293 3007 4342; x_wconf 90' lang='lat' dir='ltr'>caret</span> <span class='ocrx_word' id='word_1_617' title='bbox 3054 4287 3244 4342; x_wconf 91' lang='lat' dir='ltr'>debito</span> <span class='ocrx_word' id='word_1_618' title='bbox 3274 4286 3412 4343; x_wconf 85' lang='lat' dir='ltr'>ﬁne.</span> 
     </span>
    </p>
   </div>
   <div class='ocr_carea' id='block_1_88' title="bbox 156 4372 880 4443">
    <p class='ocr_par' dir='ltr' id='par_1_88' title="bbox 156 4372 880 4443">
     <span class='ocr_line' id='line_1_88' title="bbox 156 4372 880 4443; baseline 0.003 -16"><span class='ocrx_word' id='word_1_619' title='bbox 156 4389 302 4427; x_wconf 88' lang='lat' dir='ltr'>rens</span> <span class='ocrx_word' id='word_1_620' title='bbox 331 4372 649 4443; x_wconf 89' lang='lat' dir='ltr'>intelligere</span> <span class='ocrx_word' id='word_1_621' title='bbox 680 4376 880 4430; x_wconf 90' lang='lat' dir='ltr'>Deum.</span> 
     </span>
    </p>
   </div>
   <div class='ocr_carea' id='block_1_89' title="bbox 236 4461 1863 4534">
    <p class='ocr_par' dir='ltr' id='par_1_89' title="bbox 236 4461 1863 4534">
     <span class='ocr_line' id='line_1_89' title="bbox 236 4461 1863 4534; baseline 0.004 -22"><span class='ocrx_word' id='word_1_622' title='bbox 236 4461 406 4514; x_wconf 73' lang='lat' dir='ltr'>Vens.</span> <span class='ocrx_word' id='word_1_623' title='bbox 439 4464 490 4513; x_wconf 77' lang='grc'><strong>4.</strong></span> <span class='ocrx_word' id='word_1_624' title='bbox 528 4490 596 4503; x_wconf 92' lang='grc'><strong>-</strong></span> <span class='ocrx_word' id='word_1_625' title='bbox 619 4463 811 4517; x_wconf 88' lang='lat' dir='ltr'>Omnes</span> <span class='ocrx_word' id='word_1_626' title='bbox 856 4463 1288 4518; x_wconf 83' lang='lat' dir='ltr'>declinaverunt.</span> <span class='ocrx_word' id='word_1_627' title='bbox 1345 4464 1533 4531; x_wconf 81' lang='lat' dir='ltr'>(Ibid.)</span> <span class='ocrx_word' id='word_1_628' title='bbox 1564 4464 1863 4534; x_wconf 87' lang='lat' dir='ltr'>Congruus</span> 
     </span>
    </p>
   </div>
   <div class='ocr_carea' id='block_1_90' title="bbox 156 4549 1865 4620">
    <p class='ocr_par' dir='ltr' id='par_1_90' title="bbox 156 4549 1865 4620">
     <span class='ocr_line' id='line_1_90' title="bbox 156 4549 1865 4620; baseline 0.003 -18"><span class='ocrx_word' id='word_1_629' title='bbox 156 4549 330 4603; x_wconf 90' lang='lat' dir='ltr'>ordo.</span> <span class='ocrx_word' id='word_1_630' title='bbox 368 4550 531 4603; x_wconf 89' lang='lat' dir='ltr'>Prius</span> <span class='ocrx_word' id='word_1_631' title='bbox 561 4550 877 4616; x_wconf 88' lang='lat' dir='ltr'>declinant;</span> <span class='ocrx_word' id='word_1_632' title='bbox 916 4556 1054 4606; x_wconf 93' lang='lat' dir='ltr'>tunc</span> <span class='ocrx_word' id='word_1_633' title='bbox 1113 4552 1390 4620; x_wconf 84' lang='lat' dir='ltr'>inutiles;</span> <span class='ocrx_word' id='word_1_634' title='bbox 1438 4552 1569 4606; x_wconf 92' lang='lat' dir='ltr'>inde</span> <span class='ocrx_word' id='word_1_635' title='bbox 1619 4569 1732 4606; x_wconf 93' lang='lat' dir='ltr'>non</span> <span class='ocrx_word' id='word_1_636' title='bbox 1781 4558 1865 4607; x_wconf 88' lang='lat' dir='ltr'>est</span> 
     </span>
    </p>
   </div>
   <div class='ocr_carea' id='block_1_91' title="bbox 158 4636 728 4707">
    <p class='ocr_par' dir='ltr' id='par_1_91' title="bbox 158 4636 728 4707">
     <span class='ocr_line' id='line_1_91' title="bbox 158 4636 728 4707; baseline 0.005 -17"><span class='ocrx_word' id='word_1_637' title='bbox 158 4636 269 4707; x_wconf 92' lang='lat' dir='ltr'>qui</span> <span class='ocrx_word' id='word_1_638' title='bbox 288 4636 460 4691; x_wconf 85' lang='lat' dir='ltr'>faciat</span> <span class='ocrx_word' id='word_1_639' title='bbox 488 4638 728 4693; x_wconf 89' lang='lat' dir='ltr'>bonum.</span> 
     </span>
    </p>
   </div>
   <div class='ocr_carea' id='block_1_92' title="bbox 240 4725 1863 4795">
    <p class='ocr_par' dir='ltr' id='par_1_92' title="bbox 240 4725 1863 4795">
     <span class='ocr_line' id='line_1_92' title="bbox 240 4725 1863 4795; baseline 0.004 -19"><span class='ocrx_word' id='word_1_640' title='bbox 240 4725 399 4778; x_wconf 76' lang='lat' dir='ltr'>Vens.</span> <span class='ocrx_word' id='word_1_641' title='bbox 456 4728 505 4779; x_wconf 82' lang='lat'>5.</span> <span class='ocrx_word' id='word_1_642' title='bbox 560 4756 626 4769; x_wconf 89' lang='lat'><strong>—</strong></span> <span class='ocrx_word' id='word_1_643' title='bbox 659 4729 844 4784; x_wconf 90' lang='lat' dir='ltr'>Nonne</span> <span class='ocrx_word' id='word_1_644' title='bbox 871 4729 1056 4783; x_wconf 87' lang='lat' dir='ltr'>scient.</span> <span class='ocrx_word' id='word_1_645' title='bbox 1090 4728 1277 4795; x_wconf 86' lang='lat' dir='ltr'>(Ibid.)</span> <span class='ocrx_word' id='word_1_646' title='bbox 1329 4727 1710 4782; x_wconf 89' lang='lat' dir='ltr'>Comminatio</span> <span class='ocrx_word' id='word_1_647' title='bbox 1742 4745 1863 4782; x_wconf 90' lang='lat' dir='ltr'>ma-</span> 
     </span>
    </p>
   </div>
   <div class='ocr_carea' id='block_1_93' title="bbox 157 4813 1859 4885">
    <p class='ocr_par' dir='ltr' id='par_1_93' title="bbox 157 4813 1859 4885">
     <span class='ocr_line' id='line_1_93' title="bbox 157 4813 1859 4885; baseline 0.004 -21"><span class='ocrx_word' id='word_1_648' title='bbox 157 4813 357 4865; x_wconf 89' lang='lat' dir='ltr'>lorum</span> <span class='ocrx_word' id='word_1_649' title='bbox 379 4828 483 4882; x_wconf 88' lang='lat' dir='ltr'>per</span> <span class='ocrx_word' id='word_1_650' title='bbox 511 4813 708 4868; x_wconf 85' lang='lat' dir='ltr'>ﬁnem.</span> <span class='ocrx_word' id='word_1_651' title='bbox 735 4816 937 4884; x_wconf 82' lang='lat' dir='ltr'>(AUG.)</span> <span class='ocrx_word' id='word_1_652' title='bbox 973 4815 1218 4869; x_wconf 79' lang='lat' dir='ltr'>Minatur</span> <span class='ocrx_word' id='word_1_653' title='bbox 1246 4814 1379 4882; x_wconf 91' lang='lat' dir='ltr'>illis,</span> <span class='ocrx_word' id='word_1_654' title='bbox 1412 4819 1538 4881; x_wconf 88' lang='lat' dir='ltr'>etc.,</span> <span class='ocrx_word' id='word_1_655' title='bbox 1573 4830 1743 4885; x_wconf 87' lang='lat' dir='ltr'>usque</span> <span class='ocrx_word' id='word_1_656' title='bbox 1767 4817 1859 4870; x_wconf 90' lang='lat' dir='ltr'>ad.</span> 
     </span>
    </p>
   </div>
   <div class='ocr_carea' id='block_1_94' title="bbox 158 4900 976 4974">
    <p class='ocr_par' dir='ltr' id='par_1_94' title="bbox 158 4900 976 4974">
     <span class='ocr_line' id='line_1_94' title="bbox 158 4900 976 4974; baseline 0.004 -20"><span class='ocrx_word' id='word_1_657' title='bbox 158 4900 273 4955; x_wconf 88' lang='lat' dir='ltr'>Sed</span> <span class='ocrx_word' id='word_1_658' title='bbox 310 4901 514 4954; x_wconf 89' lang='lat' dir='ltr'>merito</span> <span class='ocrx_word' id='word_1_659' title='bbox 540 4902 646 4955; x_wconf 91' lang='lat' dir='ltr'>hoc</span> <span class='ocrx_word' id='word_1_660' title='bbox 675 4903 776 4970; x_wconf 90' lang='lat' dir='ltr'>eis,</span> <span class='ocrx_word' id='word_1_661' title='bbox 811 4903 976 4974; x_wconf 89' lang='lat' dir='ltr'>quia:</span> 
     </span>
    </p>
   </div>
   <div class='ocr_carea' id='block_1_95' title="bbox 235 4987 1863 5059">
    <p class='ocr_par' dir='ltr' id='par_1_95' title="bbox 235 4987 1863 5059">
     <span class='ocr_line' id='line_1_95' title="bbox 235 4987 1863 5059; baseline 0.004 -19"><span class='ocrx_word' id='word_1_662' title='bbox 235 4987 395 5041; x_wconf 73' lang='lat' dir='ltr'>Vens.</span> <span class='ocrx_word' id='word_1_663' title='bbox 420 4992 471 5043; x_wconf 89' lang='lat'>6.</span> <span class='ocrx_word' id='word_1_664' title='bbox 524 5020 593 5029; x_wconf 90' lang='lat'>—</span> <span class='ocrx_word' id='word_1_665' title='bbox 636 4994 801 5045; x_wconf 87' lang='lat' dir='ltr'>Deum</span> <span class='ocrx_word' id='word_1_666' title='bbox 830 5007 935 5045; x_wconf 90' lang='lat' dir='ltr'>non</span> <span class='ocrx_word' id='word_1_667' title='bbox 991 4994 1393 5046; x_wconf 82' lang='lat' dir='ltr'>invocaverunt.</span> <span class='ocrx_word' id='word_1_668' title='bbox 1459 4992 1646 5059; x_wconf 84' lang='lat' dir='ltr'>(Ibid.)</span> <span class='ocrx_word' id='word_1_669' title='bbox 1709 4993 1863 5048; x_wconf 90' lang='lat' dir='ltr'>Con-</span> 
     </span>
    </p>
   </div>
   <div class='ocr_carea' id='block_1_96' title="bbox 154 5075 1865 5151">
    <p class='ocr_par' dir='ltr' id='par_1_96' title="bbox 154 5075 1865 5151">
     <span class='ocr_line' id='line_1_96' title="bbox 154 5075 1865 5151; baseline 0.004 -24"><span class='ocrx_word' id='word_1_670' title='bbox 154 5075 387 5129; x_wconf 87' lang='lat' dir='ltr'>solatur</span> <span class='ocrx_word' id='word_1_671' title='bbox 442 5090 754 5148; x_wconf 87' lang='lat' dir='ltr'>gementes,</span> <span class='ocrx_word' id='word_1_672' title='bbox 798 5095 870 5134; x_wconf 89' lang='lat' dir='ltr'>ne</span> <span class='ocrx_word' id='word_1_673' title='bbox 910 5086 1311 5150; x_wconf 89' lang='lat' dir='ltr'>prosperantes</span> <span class='ocrx_word' id='word_1_674' title='bbox 1359 5079 1677 5140; x_wconf 86' lang='lat' dir='ltr'>imitentur,</span> <span class='ocrx_word' id='word_1_675' title='bbox 1729 5080 1865 5151; x_wconf 88' lang='lat' dir='ltr'>quia</span> 
     </span>
    </p>
   </div>
   <div class='ocr_carea' id='block_1_97' title="bbox 151 5165 1863 5240">
    <p class='ocr_par' dir='ltr' id='par_1_97' title="bbox 151 5165 1863 5240">
     <span class='ocr_line' id='line_1_97' title="bbox 151 5165 1863 5240; baseline 0.004 -24"><span class='ocrx_word' id='word_1_676' title='bbox 151 5165 343 5218; x_wconf 87' lang='lat' dir='ltr'>Deum</span> <span class='ocrx_word' id='word_1_677' title='bbox 397 5183 503 5223; x_wconf 83' lang='lat' dir='ltr'>non</span> <span class='ocrx_word' id='word_1_678' title='bbox 568 5173 973 5236; x_wconf 81' lang='lat' dir='ltr'>invocaverunt,</span> <span class='ocrx_word' id='word_1_679' title='bbox 1031 5170 1185 5224; x_wconf 90' lang='lat' dir='ltr'>unde</span> <span class='ocrx_word' id='word_1_680' title='bbox 1248 5170 1359 5223; x_wconf 85' lang='lat' dir='ltr'>cito</span> <span class='ocrx_word' id='word_1_681' title='bbox 1410 5170 1654 5240; x_wconf 87' lang='lat' dir='ltr'>perituri</span> <span class='ocrx_word' id='word_1_682' title='bbox 1709 5176 1863 5237; x_wconf 89' lang='lat' dir='ltr'>sunt,</span> 
     </span>
    </p>
   </div>
   <div class='ocr_carea' id='block_1_98' title="bbox 154 5256 1859 5328">
    <p class='ocr_par' dir='ltr' id='par_1_98' title="bbox 154 5256 1859 5328">
     <span class='ocr_line' id='line_1_98' title="bbox 154 5256 1859 5328; baseline 0.002 -19"><span class='ocrx_word' id='word_1_683' title='bbox 154 5256 483 5315; x_wconf 82' lang='lat' dir='ltr'>consolatio</span> <span class='ocrx_word' id='word_1_684' title='bbox 512 5256 790 5312; x_wconf 89' lang='lat' dir='ltr'>ﬁdelium.</span> <span class='ocrx_word' id='word_1_685' title='bbox 840 5259 987 5314; x_wconf 89' lang='lat' dir='ltr'>Ossa-</span> <span class='ocrx_word' id='word_1_686' title='bbox 1013 5274 1194 5312; x_wconf 87' lang='lat' dir='ltr'>eorum</span> <span class='ocrx_word' id='word_1_687' title='bbox 1249 5260 1347 5328; x_wconf 84' lang='lat' dir='ltr'>qni</span> <span class='ocrx_word' id='word_1_688' title='bbox 1401 5258 1701 5312; x_wconf 84' lang='lat' dir='ltr'>hominibus</span> <span class='ocrx_word' id='word_1_689' title='bbox 1738 5259 1859 5327; x_wconf 85' lang='lat' dir='ltr'>pla-</span> 
     </span>
    </p>
   </div>
   <div class='ocr_carea' id='block_1_99' title="bbox 150 5347 1859 5419">
    <p class='ocr_par' dir='ltr' id='par_1_99' title="bbox 150 5347 1859 5419">
     <span class='ocr_line' id='line_1_99' title="bbox 150 5347 1859 5419; baseline -0.004 -14"><span class='ocrx_word' id='word_1_690' title='bbox 150 5355 305 5405; x_wconf 87' lang='lat' dir='ltr'>cent.</span> <span class='ocrx_word' id='word_1_691' title='bbox 340 5350 552 5417; x_wconf 60' lang='lat' dir='ltr'>(Cass)</span> <span class='ocrx_word' id='word_1_692' title='bbox 585 5347 727 5401; x_wconf 91' lang='lat' dir='ltr'>Boni</span> <span class='ocrx_word' id='word_1_693' title='bbox 775 5347 885 5402; x_wconf 87' lang='lat' dir='ltr'>sibi</span> <span class='ocrx_word' id='word_1_694' title='bbox 914 5347 1233 5419; x_wconf 90' lang='lat' dir='ltr'>displicent,</span> <span class='ocrx_word' id='word_1_695' title='bbox 1262 5348 1399 5402; x_wconf 91' lang='lat' dir='ltr'>dum</span> <span class='ocrx_word' id='word_1_696' title='bbox 1432 5363 1663 5401; x_wconf 86' lang='lat' dir='ltr'>carnem</span> <span class='ocrx_word' id='word_1_697' title='bbox 1694 5347 1859 5401; x_wconf 89' lang='lat' dir='ltr'>casti-</span> 
     </span>
    </p>
   </div>
   <div class='ocr_carea' id='block_1_100' title="bbox 152 5436 782 5509">
    <p class='ocr_par' dir='ltr' id='par_1_100' title="bbox 152 5436 782 5509">
     <span class='ocr_line' id='line_1_100' title="bbox 152 5436 782 5509; baseline -0.006 -16"><span class='ocrx_word' id='word_1_698' title='bbox 152 5443 306 5509; x_wconf 79' lang='lat' dir='ltr'>gant</span> <span class='ocrx_word' id='word_1_699' title='bbox 329 5455 341 5493; x_wconf 94' lang='lat'>:</span> <span class='ocrx_word' id='word_1_700' title='bbox 370 5438 600 5508; x_wconf 88' lang='lat' dir='ltr'>placent</span> <span class='ocrx_word' id='word_1_701' title='bbox 627 5436 782 5490; x_wconf 88' lang='lat' dir='ltr'>mali.</span> 
     </span>
    </p>
   </div>
   <div class='ocr_carea' id='block_1_101' title="bbox 232 5524 1860 5598">
    <p class='ocr_par' dir='ltr' id='par_1_101' title="bbox 232 5524 1860 5598">
     <span class='ocr_line' id='line_1_101' title="bbox 232 5524 1860 5598; baseline -0.004 -14"><span class='ocrx_word' id='word_1_702' title='bbox 232 5528 467 5593; x_wconf 86' lang='lat' dir='ltr'>Confusi</span> <span class='ocrx_word' id='word_1_703' title='bbox 488 5531 632 5582; x_wconf 89' lang='lat' dir='ltr'>sunt.</span> <span class='ocrx_word' id='word_1_704' title='bbox 667 5524 854 5598; x_wconf 85' lang='lat' dir='ltr'>(Ibid.)</span> <span class='ocrx_word' id='word_1_705' title='bbox 904 5524 965 5579; x_wconf 93' lang='lat' dir='ltr'>Id</span> <span class='ocrx_word' id='word_1_706' title='bbox 996 5528 1100 5591; x_wconf 90' lang='lat' dir='ltr'>est,</span> <span class='ocrx_word' id='word_1_707' title='bbox 1133 5524 1574 5591; x_wconf 87' lang='lat' dir='ltr'>confundentur,</span> <span class='ocrx_word' id='word_1_708' title='bbox 1632 5540 1860 5596; x_wconf 90' lang='lat' dir='ltr'>separa-</span> 
     </span>
    </p>
   </div>
   <div class='ocr_carea' id='block_1_102' title="bbox 2042 4376 3663 4446">
    <p class='ocr_par' dir='ltr' id='par_1_102' title="bbox 2042 4376 3663 4446">
     <span class='ocr_line' id='line_1_102' title="bbox 2042 4376 3663 4446; baseline -0.001 -15"><span class='ocrx_word' id='word_1_709' title='bbox 2042 4380 2200 4433; x_wconf 75' lang='lat' dir='ltr'>Vens.</span> <span class='ocrx_word' id='word_1_710' title='bbox 2236 4381 2287 4445; x_wconf 89' lang='lat'>3,</span> <span class='ocrx_word' id='word_1_711' title='bbox 2318 4380 2370 4432; x_wconf 80' lang='grc'>4.</span> <span class='ocrx_word' id='word_1_712' title='bbox 2402 4410 2470 4417; x_wconf 91' lang='grc'><strong>-</strong></span> <span class='ocrx_word' id='word_1_713' title='bbox 2512 4381 2577 4433; x_wconf 84' lang='grc' dir='ltr'><strong>1η</strong></span> <span class='ocrx_word' id='word_1_714' title='bbox 2633 4381 3034 4444; x_wconf 82' lang='lat' dir='ltr'>exercitatione,</span> <span class='ocrx_word' id='word_1_715' title='bbox 3067 4382 3172 4431; x_wconf 88' lang='lat' dir='ltr'>etc.</span> <span class='ocrx_word' id='word_1_716' title='bbox 3225 4377 3431 4446; x_wconf 83' lang='lat' dir='ltr'>(AUG.)</span> <span class='ocrx_word' id='word_1_717' title='bbox 3463 4376 3663 4432; x_wconf 90' lang='lat' dir='ltr'>Omnis</span> 
     </span>
    </p>
   </div>
   <div class='ocr_carea' id='block_1_103' title="bbox 1972 4465 3667 4539">
    <p class='ocr_par' dir='ltr' id='par_1_103' title="bbox 1972 4465 3667 4539">
     <span class='ocr_line' id='line_1_103' title="bbox 1972 4465 3667 4539; baseline -0.001 -19"><span class='ocrx_word' id='word_1_718' title='bbox 1972 4468 2156 4521; x_wconf 88' lang='lat' dir='ltr'>malus</span> <span class='ocrx_word' id='word_1_719' title='bbox 2195 4467 2351 4533; x_wconf 86' lang='lat' dir='ltr'>vivit,</span> <span class='ocrx_word' id='word_1_720' title='bbox 2375 4469 2462 4521; x_wconf 91' lang='lat' dir='ltr'>vel</span> <span class='ocrx_word' id='word_1_721' title='bbox 2501 4471 2560 4520; x_wconf 91' lang='lat' dir='ltr'>ut</span> <span class='ocrx_word' id='word_1_722' title='bbox 2592 4467 2931 4539; x_wconf 83' lang='lat' dir='ltr'>corrigatur,</span> <span class='ocrx_word' id='word_1_723' title='bbox 2959 4469 3044 4520; x_wconf 89' lang='lat' dir='ltr'>vel</span> <span class='ocrx_word' id='word_1_724' title='bbox 3078 4472 3143 4520; x_wconf 93' lang='lat' dir='ltr'>ut</span> <span class='ocrx_word' id='word_1_725' title='bbox 3172 4482 3276 4536; x_wconf 89' lang='lat' dir='ltr'>per</span> <span class='ocrx_word' id='word_1_726' title='bbox 3304 4481 3435 4520; x_wconf 91' lang='lat' dir='ltr'>eum</span> <span class='ocrx_word' id='word_1_727' title='bbox 3480 4465 3667 4519; x_wconf 91' lang='lat' dir='ltr'>bonus</span> 
     </span>
    </p>
   </div>
   <div class='ocr_carea' id='block_1_104' title="bbox 1972 4552 3665 4623">
    <p class='ocr_par' dir='ltr' id='par_1_104' title="bbox 1972 4552 3665 4623">
     <span class='ocr_line' id='line_1_104' title="bbox 1972 4552 3665 4623; baseline -0.002 -15"><span class='ocrx_word' id='word_1_728' title='bbox 1972 4561 2321 4610; x_wconf 82' lang='lat' dir='ltr'>exerceatur.</span> <span class='ocrx_word' id='word_1_729' title='bbox 2379 4557 2743 4612; x_wconf 82' lang='lat' dir='ltr'>Conturbatus</span> <span class='ocrx_word' id='word_1_730' title='bbox 2802 4571 2920 4610; x_wconf 90' lang='lat' dir='ltr'>sum</span> <span class='ocrx_word' id='word_1_731' title='bbox 2958 4571 2993 4608; x_wconf 88' lang='lat' dir='ltr'>a</span> <span class='ocrx_word' id='word_1_732' title='bbox 3039 4571 3159 4609; x_wconf 89' lang='lat' dir='ltr'>voce</span> <span class='ocrx_word' id='word_1_733' title='bbox 3190 4556 3415 4608; x_wconf 86' lang='lat' dir='ltr'>inimici.</span> <span class='ocrx_word' id='word_1_734' title='bbox 3473 4552 3665 4623; x_wconf 85' lang='lat' dir='ltr'>(AUG.)</span> 
     </span>
    </p>
   </div>
   <div class='ocr_carea' id='block_1_105' title="bbox 1971 4642 3667 4714">
    <p class='ocr_par' dir='ltr' id='par_1_105' title="bbox 1971 4642 3667 4714">
     <span class='ocr_line' id='line_1_105' title="bbox 1971 4642 3667 4714; baseline -0.002 -16"><span class='ocrx_word' id='word_1_735' title='bbox 1971 4646 2037 4698; x_wconf 92' lang='lat' dir='ltr'>In</span> <span class='ocrx_word' id='word_1_736' title='bbox 2084 4645 2208 4714; x_wconf 88' lang='lat' dir='ltr'>ipsa</span> <span class='ocrx_word' id='word_1_737' title='bbox 2272 4660 2489 4714; x_wconf 88' lang='lat' dir='ltr'>pugna,</span> <span class='ocrx_word' id='word_1_738' title='bbox 2528 4646 2665 4699; x_wconf 90' lang='lat' dir='ltr'>dum</span> <span class='ocrx_word' id='word_1_739' title='bbox 2724 4650 2781 4698; x_wconf 92' lang='lat' dir='ltr'>et</span> <span class='ocrx_word' id='word_1_740' title='bbox 2830 4645 3090 4699; x_wconf 92' lang='lat' dir='ltr'>inimicos</span> <span class='ocrx_word' id='word_1_741' title='bbox 3146 4644 3267 4697; x_wconf 90' lang='lat' dir='ltr'>vult</span> <span class='ocrx_word' id='word_1_742' title='bbox 3315 4642 3576 4712; x_wconf 88' lang='lat' dir='ltr'>diligere,</span> <span class='ocrx_word' id='word_1_743' title='bbox 3611 4645 3667 4695; x_wconf 90' lang='lat' dir='ltr'>et</span> 
     </span>
    </p>
   </div>
   <div class='ocr_carea' id='block_1_106' title="bbox 1972 4726 3665 4800">
    <p class='ocr_par' dir='ltr' id='par_1_106' title="bbox 1972 4726 3665 4800">
     <span class='ocr_line' id='line_1_106' title="bbox 1972 4726 3665 4800; baseline -0.002 -17"><span class='ocrx_word' id='word_1_744' title='bbox 1972 4730 2297 4783; x_wconf 89' lang='lat' dir='ltr'>abundante</span> <span class='ocrx_word' id='word_1_745' title='bbox 2341 4730 2550 4784; x_wconf 90' lang='lat' dir='ltr'>militia</span> <span class='ocrx_word' id='word_1_746' title='bbox 2597 4730 2800 4800; x_wconf 90' lang='lat' dir='ltr'>incipit</span> <span class='ocrx_word' id='word_1_747' title='bbox 2845 4730 3048 4795; x_wconf 88' lang='lat' dir='ltr'>odisse,</span> <span class='ocrx_word' id='word_1_748' title='bbox 3101 4735 3158 4783; x_wconf 91' lang='lat' dir='ltr'>et</span> <span class='ocrx_word' id='word_1_749' title='bbox 3206 4729 3285 4783; x_wconf 91' lang='lat' dir='ltr'>ita</span> <span class='ocrx_word' id='word_1_750' title='bbox 3345 4728 3548 4797; x_wconf 87' lang='lat' dir='ltr'>incipit</span> <span class='ocrx_word' id='word_1_751' title='bbox 3603 4726 3665 4780; x_wconf 93' lang='lat' dir='ltr'>in</span> 
     </span>
    </p>
   </div>
   <div class='ocr_carea' id='block_1_107' title="bbox 1972 4816 3662 4890">
    <p class='ocr_par' dir='ltr' id='par_1_107' title="bbox 1972 4816 3662 4890">
     <span class='ocr_line' id='line_1_107' title="bbox 1972 4816 3662 4890; baseline -0.002 -18"><span class='ocrx_word' id='word_1_752' title='bbox 1972 4818 2235 4872; x_wconf 85' lang='lat' dir='ltr'>ﬂuctibus</span> <span class='ocrx_word' id='word_1_753' title='bbox 2266 4819 2469 4890; x_wconf 89' lang='lat' dir='ltr'>mergi.</span> <span class='ocrx_word' id='word_1_754' title='bbox 2506 4818 2709 4888; x_wconf 78' lang='grc' dir='ltr'>(Ηιειι.)</span> <span class='ocrx_word' id='word_1_755' title='bbox 2756 4819 3159 4872; x_wconf 83' lang='lat' dir='ltr'>Conturbatus.</span> <span class='ocrx_word' id='word_1_756' title='bbox 3195 4818 3313 4885; x_wconf 91' lang='lat' dir='ltr'>Vel,</span> <span class='ocrx_word' id='word_1_757' title='bbox 3350 4816 3662 4870; x_wconf 89' lang='lat' dir='ltr'>conturba-</span> 
     </span>
    </p>
   </div>
   <div class='ocr_carea' id='block_1_108' title="bbox 1969 4903 3671 4974">
    <p class='ocr_par' dir='ltr' id='par_1_108' title="bbox 1969 4903 3671 4974">
     <span class='ocr_line' id='line_1_108' title="bbox 1969 4903 3671 4974; baseline -0.002 -15"><span class='ocrx_word' id='word_1_758' title='bbox 1969 4910 2061 4959; x_wconf 86' lang='lat' dir='ltr'>tus</span> <span class='ocrx_word' id='word_1_759' title='bbox 2121 4922 2245 4960; x_wconf 91' lang='lat' dir='ltr'>sum</span> <span class='ocrx_word' id='word_1_760' title='bbox 2292 4923 2322 4959; x_wconf 91' lang='lat' dir='ltr'>a</span> <span class='ocrx_word' id='word_1_761' title='bbox 2378 4923 2512 4960; x_wconf 81' lang='lat' dir='ltr'>voce</span> <span class='ocrx_word' id='word_1_762' title='bbox 2552 4905 2793 4967; x_wconf 79' lang='lat' dir='ltr'>inimici,</span> <span class='ocrx_word' id='word_1_763' title='bbox 2862 4905 2961 4974; x_wconf 90' lang='lat' dir='ltr'>qui</span> <span class='ocrx_word' id='word_1_764' title='bbox 3010 4920 3101 4957; x_wconf 89' lang='lat' dir='ltr'>me</span> <span class='ocrx_word' id='word_1_765' title='bbox 3147 4903 3570 4959; x_wconf 88' lang='lat' dir='ltr'>Samaritanum</span> <span class='ocrx_word' id='word_1_766' title='bbox 3612 4906 3671 4957; x_wconf 84' lang='lat' dir='ltr'>et</span> 
     </span>
    </p>
   </div>
   <div class='ocr_carea' id='block_1_109' title="bbox 1973 4993 2981 5049">
    <p class='ocr_par' dir='ltr' id='par_1_109' title="bbox 1973 4993 2981 5049">
     <span class='ocr_line' id='line_1_109' title="bbox 1973 4993 2981 5049; baseline -0.003 0"><span class='ocrx_word' id='word_1_767' title='bbox 1973 4994 2327 5049; x_wconf 68' lang='lat' dir='ltr'>daemonium</span> <span class='ocrx_word' id='word_1_768' title='bbox 2358 4994 2664 5047; x_wconf 88' lang='lat' dir='ltr'>habentem</span> <span class='ocrx_word' id='word_1_769' title='bbox 2705 4993 2981 5047; x_wconf 90' lang='lat' dir='ltr'>dicebant.</span> 
     </span>
    </p>
   </div>
   <div class='ocr_carea' id='block_1_110' title="bbox 2044 5081 3665 5151">
    <p class='ocr_par' dir='ltr' id='par_1_110' title="bbox 2044 5081 3665 5151">
     <span class='ocr_line' id='line_1_110' title="bbox 2044 5081 3665 5151; baseline -0.002 -15"><span class='ocrx_word' id='word_1_770' title='bbox 2044 5085 2203 5138; x_wconf 74' lang='lat' dir='ltr'>Vens.</span> <span class='ocrx_word' id='word_1_771' title='bbox 2239 5087 2290 5138; x_wconf 87' lang='grc'><strong>5.</strong></span> <span class='ocrx_word' id='word_1_772' title='bbox 2318 5112 2393 5123; x_wconf 89' lang='grc'><strong>-</strong></span> <span class='ocrx_word' id='word_1_773' title='bbox 2421 5085 2521 5140; x_wconf 86' lang='lat' dir='ltr'>Cor</span> <span class='ocrx_word' id='word_1_774' title='bbox 2577 5098 2749 5137; x_wconf 88' lang='lat' dir='ltr'>meum</span> <span class='ocrx_word' id='word_1_775' title='bbox 2805 5082 3199 5137; x_wconf 83' lang='lat' dir='ltr'>conturbatum.</span> <span class='ocrx_word' id='word_1_776' title='bbox 3264 5081 3475 5151; x_wconf 83' lang='lat' dir='ltr'>(CASS.)</span> <span class='ocrx_word' id='word_1_777' title='bbox 3517 5081 3665 5151; x_wconf 88' lang='lat' dir='ltr'>Lege</span> 
     </span>
    </p>
   </div>
   <div class='ocr_carea' id='block_1_111' title="bbox 1973 5170 3446 5239">
    <p class='ocr_par' dir='ltr' id='par_1_111' title="bbox 1973 5170 3446 5239">
     <span class='ocr_line' id='line_1_111' title="bbox 1973 5170 3446 5239; baseline -0.002 -14"><span class='ocrx_word' id='word_1_778' title='bbox 1973 5173 2178 5239; x_wconf 90' lang='lat' dir='ltr'>carnis,</span> <span class='ocrx_word' id='word_1_779' title='bbox 2215 5171 2441 5225; x_wconf 87' lang='lat' dir='ltr'>animus</span> <span class='ocrx_word' id='word_1_780' title='bbox 2462 5171 2729 5224; x_wconf 89' lang='lat' dir='ltr'>turbatur</span> <span class='ocrx_word' id='word_1_781' title='bbox 2752 5170 2811 5224; x_wconf 92' lang='lat' dir='ltr'>in</span> <span class='ocrx_word' id='word_1_782' title='bbox 2835 5186 2946 5238; x_wconf 91' lang='lat' dir='ltr'>me,</span> <span class='ocrx_word' id='word_1_783' title='bbox 2976 5186 3091 5223; x_wconf 92' lang='lat' dir='ltr'>non</span> <span class='ocrx_word' id='word_1_784' title='bbox 3132 5170 3244 5224; x_wconf 82' lang='lat' dir='ltr'>exit</span> <span class='ocrx_word' id='word_1_785' title='bbox 3274 5186 3307 5224; x_wconf 89' lang='lat' dir='ltr'>a</span> <span class='ocrx_word' id='word_1_786' title='bbox 3336 5185 3446 5223; x_wconf 89' lang='lat' dir='ltr'>me.</span> 
     </span>
    </p>
   </div>
   <div class='ocr_carea' id='block_1_112' title="bbox 2046 5256 3664 5328">
    <p class='ocr_par' dir='ltr' id='par_1_112' title="bbox 2046 5256 3664 5328">
     <span class='ocr_line' id='line_1_112' title="bbox 2046 5256 3664 5328; baseline -0.001 -16"><span class='ocrx_word' id='word_1_787' title='bbox 2046 5261 2206 5314; x_wconf 75' lang='lat' dir='ltr'>Vens.</span> <span class='ocrx_word' id='word_1_788' title='bbox 2240 5263 2290 5314; x_wconf 92' lang='lat'>6.</span> <span class='ocrx_word' id='word_1_789' title='bbox 2335 5290 2403 5298; x_wconf 91' lang='lat'>—-</span> <span class='ocrx_word' id='word_1_790' title='bbox 2462 5261 2643 5313; x_wconf 85' lang='lat' dir='ltr'>Timor</span> <span class='ocrx_word' id='word_1_791' title='bbox 2694 5264 2744 5313; x_wconf 86' lang='lat' dir='ltr'>et</span> <span class='ocrx_word' id='word_1_792' title='bbox 2811 5265 3024 5313; x_wconf 69' lang='lat' dir='ltr'>tremor.</span> <span class='ocrx_word' id='word_1_793' title='bbox 3089 5259 3278 5328; x_wconf 89' lang='lat' dir='ltr'>(Ibid.)</span> <span class='ocrx_word' id='word_1_794' title='bbox 3346 5256 3664 5327; x_wconf 86' lang='lat' dir='ltr'>Proprietas</span> 
     </span>
    </p>
   </div>
   <div class='ocr_carea' id='block_1_113' title="bbox 1972 5346 3664 5417">
    <p class='ocr_par' dir='ltr' id='par_1_113' title="bbox 1972 5346 3664 5417">
     <span class='ocr_line' id='line_1_113' title="bbox 1972 5346 3664 5417; baseline -0.002 -15"><span class='ocrx_word' id='word_1_795' title='bbox 1972 5348 2175 5402; x_wconf 90' lang='lat' dir='ltr'>mortis</span> <span class='ocrx_word' id='word_1_796' title='bbox 2195 5353 2298 5413; x_wconf 90' lang='lat' dir='ltr'>est,</span> <span class='ocrx_word' id='word_1_797' title='bbox 2329 5351 2392 5400; x_wconf 90' lang='lat' dir='ltr'>ut</span> <span class='ocrx_word' id='word_1_798' title='bbox 2414 5363 2538 5400; x_wconf 89' lang='lat' dir='ltr'>eam</span> <span class='ocrx_word' id='word_1_799' title='bbox 2592 5346 2751 5417; x_wconf 91' lang='lat' dir='ltr'>prius</span> <span class='ocrx_word' id='word_1_800' title='bbox 2780 5348 3103 5414; x_wconf 90' lang='lat' dir='ltr'>timeamus,</span> <span class='ocrx_word' id='word_1_801' title='bbox 3153 5347 3306 5401; x_wconf 87' lang='lat' dir='ltr'>unde</span> <span class='ocrx_word' id='word_1_802' title='bbox 3357 5346 3664 5401; x_wconf 87' lang='lat' dir='ltr'>contremi-</span> 
     </span>
    </p>
   </div>
   <div class='ocr_carea' id='block_1_114' title="bbox 1971 5435 3666 5503">
    <p class='ocr_par' dir='ltr' id='par_1_114' title="bbox 1971 5435 3666 5503">
     <span class='ocr_line' id='line_1_114' title="bbox 1971 5435 3666 5503; baseline 0 -14"><span class='ocrx_word' id='word_1_803' title='bbox 1971 5453 2213 5489; x_wconf 89' lang='lat' dir='ltr'>scamus.</span> <span class='ocrx_word' id='word_1_804' title='bbox 2265 5437 2624 5491; x_wconf 73' lang='lat' dir='ltr'>Contexerunt</span> <span class='ocrx_word' id='word_1_805' title='bbox 2696 5452 2778 5490; x_wconf 87' lang='lat' dir='ltr'>me</span> <span class='ocrx_word' id='word_1_806' title='bbox 2834 5435 3081 5490; x_wconf 71' lang='lat' dir='ltr'>tenebrx.</span> <span class='ocrx_word' id='word_1_807' title='bbox 3150 5436 3356 5503; x_wconf 80' lang='lat' dir='ltr'>(IIIER.)</span> <span class='ocrx_word' id='word_1_808' title='bbox 3420 5435 3666 5490; x_wconf 64' lang='lat' dir='ltr'>Tenebrae</span> 
     </span>
    </p>
   </div>
   <div class='ocr_carea' id='block_1_115' title="bbox 1972 5523 3660 5595">
    <p class='ocr_par' dir='ltr' id='par_1_115' title="bbox 1972 5523 3660 5595">
     <span class='ocr_line' id='line_1_115' title="bbox 1972 5523 3660 5595; baseline 0 -17"><span class='ocrx_word' id='word_1_809' title='bbox 1972 5530 2105 5579; x_wconf 90' lang='lat' dir='ltr'>sunt</span> <span class='ocrx_word' id='word_1_810' title='bbox 2156 5524 2289 5578; x_wconf 92' lang='lat' dir='ltr'>mali</span> <span class='ocrx_word' id='word_1_811' title='bbox 2344 5523 2631 5592; x_wconf 91' lang='lat' dir='ltr'>homines,</span> <span class='ocrx_word' id='word_1_812' title='bbox 2702 5523 2802 5595; x_wconf 91' lang='lat' dir='ltr'>qui</span> <span class='ocrx_word' id='word_1_813' title='bbox 2856 5528 3279 5595; x_wconf 89' lang='lat' dir='ltr'>persequuntur</span> <span class='ocrx_word' id='word_1_814' title='bbox 3336 5524 3660 5579; x_wconf 87' lang='lat' dir='ltr'>Ecclesiam.</span> 
     </span>
    </p>
   </div>
  </div>
