4082 6184
357 259 464 312 923

997 253 1392 310 WALAFRIDI
1429 254 1676 309 STRABI
1716 251 1914 308 FL'LD.
1959 250 2118 306 MON.
2161 250 2316 306 OPP.
2365 249 2539 304 PARS
2577 250 2619 303 Ι.
2659 276 2731 289 -
2769 246 3224 304 THEOLOGICA.
3752 250 3847 303 924

361 383 416 432 et
447 377 547 450 qui
579 382 892 450 contegunt
911 377 1092 449 ipsam
1127 394 1140 432 :
1182 375 1280 447 qui
1331 375 1453 429 odit
1505 375 1738 430 fratrem
1783 375 1844 429 in
1899 379 2052 429 tene—
2084 374 2127 426 A
2237 373 2415 427 Vens.
2459 375 2540 426 15.
2591 401 2660 414 -
2713 372 2890 428 Cibos.
2941 371 3113 440 (Cas)
3170 371 3524 442 Corporales,
3571 370 3670 442 qui
3725 371 3850 425 solis

362 468 480 522 bris
503 471 606 522 est.

435 557 616 611 Vens.
662 560 718 609 7.
760 585 828 595 —
861 555 991 621 Quis
1021 553 1175 608 dabit
1206 554 1345 606 mihi
1368 567 1575 621 pennas
1631 552 1821 608 sicut?
1861 554 2057 618 (AUG.)

363 644 471 700 Sed
504 644 565 698 in
623 643 730 696 hac
787 641 1117 696 inﬁrmitate
1149 641 1285 711 quid
1341 643 1420 694 ait
1450 640 1478 696 ?
1529 641 1663 706 Quis
1710 640 1865 694 dabit
1924 642 2059 694 mihi

361 748 568 803 pennas
600 733 628 788 ’ἲ
669 733 795 784 Vult
824 732 892 784 ad
925 735 1150 800 tempus
1181 729 1434 800 separari
1462 746 1494 782 a
1527 735 1608 782 tot
1655 728 1955 794 scandalis,
1989 745 2059 782 ne

369 827 598 890 peccata
639 820 901 874 inﬁrmus
962 824 1169 887 augeat
1224 835 1460 871 manens
1536 819 1683 871 inter
1745 834 1829 870 ea.
1904 818 2062 870 Sicut

365 907 636 970 columbae,
672 911 774 960 etc.
821 907 1011 973 (Ibid.)
1045 907 1165 958 Non
1192 905 1336 958 sicut
1363 922 1547 971 corvo,
1581 912 1668 958 etc
1697 945 1712 970 ,
1774 921 1944 973 usque
1989 905 2062 958 ad

364 995 459 1049 sed
482 1010 696 1048 manere
726 1010 931 1048 necesse
969 1001 1046 1047 est
1066 1000 1291 1063 propter
1314 1009 1424 1056 vos.
1459 999 1514 1048 et
1544 993 1623 1048 sic
1678 999 1762 1047 est
1791 994 2061 1048 meritum

368 1099 432 1136 ex
465 1083 775 1136 desiderio.

439 1172 659 1238 (Cass)
689 1172 987 1226 Columba.
1047 1173 1140 1225 Vel
1190 1171 1457 1225 columba
1508 1172 1713 1224 emissa
1765 1171 2062 1225 inveniens

367 1257 551 1312 lutosa
589 1261 654 1312 ad
677 1276 865 1312 arcam
901 1277 1142 1324 reversa,
1178 1261 1256 1312 sic
1313 1261 1566 1314 Christus
1622 1261 1918 1314 inveniens
1971 1261 2061 1314 lu-

366 1351 491 1400 tosa
514 1349 685 1400 corda
706 1349 1039 1402 Judaaorum
1071 1349 1315 1401 avolavit
1345 1349 1410 1402 ad
1436 1355 1661 1418 gentes.

443 1435 613 1490 Vens.
660 1438 718 1490 8.
778 1467 845 1476 —
910 1437 1050 1490 Ecce
1108 1438 1375 1504 elongavi.
1427 1438 1608 1504 (CAS.)
1659 1437 1802 1490 Illud
1857 1436 2058 1505 tangit,

368 1523 517 1591 quod
551 1524 801 1578 Christus
832 1525 1061 1589 vitabat,
1121 1531 1546 1595 persequentes,
1582 1530 1641 1578 ut
1706 1526 2060 1579 occasionem

367 1609 469 1664 iraa
498 1611 772 1679 demeret,
808 1618 862 1665 et
901 1614 1167 1666 manebat
1211 1614 1271 1666 in
1329 1613 1564 1667 desertis
1597 1630 1800 1666 orans:
1857 1613 1917 1666 in
1949 1629 2062 1684 quo
2095 1652 2133 1705 Β

367 1698 606 1754 docebat
649 1716 754 1754 nos
784 1700 844 1754 in
887 1706 1101 1754 secreto
1137 1701 1496 1754 conscientiae
1557 1717 1719 1754 orare
1777 1706 1834 1755 et
1899 1701 2060 1770 quie-

369 1803 546 1855 scere,
574 1805 704 1842 cum
762 1806 794 1842 a
836 1789 1001 1842 malis
1030 1790 1376 1859 premimur.
1431 1793 1501 1844 Et
1554 1792 1732 1844 mansi
1775 1792 1834 1843 in
1879 1791 2067 1843 solitu-

369 1875 516 1943 dine,
571 1876 867 1946 gentium;
949 1876 1128 1930 unde:
1181 1878 1411 1931 Laetetur
1469 1877 1730 1931 disertum
1771 1881 1821 1930 et
1878 1880 2065 1946 ﬂoreat

369 1967 632 2032 tanquam
662 1967 858 2018 lilium.
894 1967 959 2018 Et
1018 1965 1192 2018 alibi:
1241 1968 1468 2034 Laetare,
1507 1968 1730 2033 sterilis,
1789 1982 1908 2036 quae
1959 1982 2066 2021 non

367 2055 523 2120 paris
555 2054 706 2118 (Isai.
743 2069 902 2106 xxxv.
939 2054 1077 2108 Ibid.
1111 2040 1314 2120 xxxxv).

441 2139 624 2193 Vens.
660 2143 711 2194 9.
745 2171 811 2179 —
868 2141 1264 2210 Exspectabam
1320 2157 1458 2194 eum.
1520 2141 1900 2211 Diapsalmus.
1940 2142 2064 2196 Jam

371 2224 430 2278 in
461 2226 766 2281 solitudine
796 2229 983 2281 salvus
1013 2233 1203 2298 sperat
1241 2229 1516 2282 auxilium
1569 2229 1690 2295 Dei,
1750 2233 1806 2283 et
1858 2229 2066 2299 impre—

371 2319 534 2367 catur
563 2315 796 2368 civibus.
844 2316 1051 2383 (Cass)
1114 2318 1518 2386 Exspectabam
1567 2320 1654 2383 (ut
1702 2333 1767 2370 ex
1821 2333 2068 2387 persona

373 2402 580 2457 Christi
611 2403 856 2473 legatur)
888 2405 944 2457 in
999 2405 1329 2471 solitudine,
1389 2421 1508 2458 non
1565 2421 1634 2458 ex
1695 2421 1785 2459 me
1835 2421 2066 2460 securus

370 2491 700 2559 praesidium
729 2492 905 2561 patris
932 2495 1190 2555 sustinui,
1224 2495 1321 2561 qui
1360 2494 1570 2547 salvum
1601 2509 1683 2547 me
1709 2495 1840 2560 fecit
1870 2510 1905 2547 a
1956 2510 2064 2563 pu-

371 2579 746 2634 sillanimitate
773 2583 1024 2649 spiritus,
1056 2599 1126 2634 ne
1153 2582 1414 2634 caderem
1447 2581 1534 2634 vel
1590 2581 1846 2636 cederem
1902 2582 2066 2636 malis

369 2666 429 2719 in
459 2667 743 2735 passione,
776 2685 810 2721 a
841 2673 1149 2737 tempestate
1192 2685 1263 2722 ne
1298 2670 1598 2725 irascerer.

439 2756 597 2809 Vens.
639 2759 720 2809 10.
757 2787 825 2795 -
859 2758 1169 2826 Prwcipita.
1201 2758 1400 2823 (Cass)
1436 2759 1514 2811 Ne
1543 2757 1807 2811 muniant
1850 2757 2065 2827 cogita-

369 2842 552 2896 tiones
593 2845 1000 2898 machinando.
1063 2845 1271 2900 Divide.
1331 2846 1522 2912 (Ibid.)
1572 2847 1650 2899 Ne
1703 2846 1774 2899 sit
1821 2845 2067 2915 superba

2170 461 2369 532 iniquo
2427 465 2689 532 poterant
2741 476 2862 514 esse
2920 459 3134 514 dulces.
3197 459 3352 514 Solet
3404 459 3490 512 vir
3545 458 3849 528 iniquitatis

2169 549 2678 604 comessationibus
2705 548 3023 613 mitescere,
3063 548 3212 601 unde
3261 547 3392 602 huic
3420 547 3646 617 gravior
3674 547 3850 615 culpa.

2239 639 2408 692 Vens.
2442 641 2532 692 l6.
2570 668 2639 676 —
2683 639 2897 693 Veniat.
2949 637 3140 703 (Ibid.)
3196 636 3353 691 Sicut
3407 652 3577 705 supra
3627 635 3851 703 apertis,

2170 726 2249 781 ita
2278 727 2368 781 hic
2407 726 2640 780 occultis
2671 725 3044 796 imprecatur.
3104 727 3169 779 Et
3206 741 3277 778 ne
3309 730 3545 795 putetur
3591 740 3741 776 unus
3792 724 3854 777 de

2170 832 2284 888 quo
2305 815 2526 886 agebat,
2551 815 2934 868 communicat
2955 830 3154 884 pmnas
3181 812 3412 879 Judaais,
3457 812 3521 866 id
3578 816 3680 876 est,
3710 827 3852 864 com—

2171 905 2422 959 muniter
2445 904 2654 959 Judaais
2680 920 2807 956 cum
2841 902 2966 956 aliis
2998 903 3364 973 imprecatur.

2241 996 2439 1061 (AUG.,
2501 995 2686 1058 Husn.)
2754 994 2947 1046 Veniat
2995 1006 3158 1045 mors.
3227 989 3432 1060 Tangit
3479 989 3572 1042 hic
3633 985 3853 1040 initium

2172 1081 2514 1148 schismatis,
2548 1086 2673 1144 etc.,
2713 1095 2880 1148 usque
2918 1079 3068 1132 adet
3101 1077 3352 1148 loquitur
3378 1078 3438 1131 iu
3483 1077 3684 1131 eadem
3732 1090 3855 1127 voce

2173 1171 2427 1226 Christus
2448 1176 2502 1223 et
2528 1169 2788 1222 Ecclesia.

2242 1260 2439 1324 (AUG.)
2475 1259 2698 1311 Veniat:
2763 1256 2828 1310 Ut
2874 1271 3046 1325 super
3075 1255 3223 1319 illos,
3275 1253 3373 1324 qui
3432 1251 3664 1306 initium
3717 1251 3853 1303 schi-

2172 1346 2365 1399 smatis
2418 1346 2744 1398 fueruntet
2795 1360 2917 1397 sese
2974 1342 3204 1414 superbi
3251 1346 3679 1412 separaverunt,
3714 1339 3860 1392 venit

2173 1450 2319 1487 nova
2351 1450 2544 1501 mors;
2592 1432 2817 1503 aperuit
2846 1432 3000 1485 enim
3039 1437 3213 1495 terra,
3261 1436 3317 1484 et
3365 1431 3520 1482 vivos
3558 1429 3854 1497 absorpsit.

2172 1522 2505 1576 Descendunt
2551 1525 2609 1575 in
2671 1524 2942 1587 infantum
3003 1523 3256 1574 viventes.
3316 1519 3502 1584 (Ibid.)
3569 1519 3636 1572 Ut
3695 1517 3857 1570 duces

2172 1615 2324 1664 terra
2371 1611 2670 1681 absorpsit,
2730 1615 2863 1676 etc.,
2919 1624 3087 1677 usque
3135 1608 3208 1661 ad
3263 1607 3342 1662 ita
3372 1609 3430 1660 hi
3461 1606 3708 1660 scienter
3738 1621 3859 1674 pec-

2173 1705 2364 1753 cantes
2414 1699 2791 1753 descendunt.
2876 1700 3136 1752 Viventes.
3187 1696 3377 1763 (Ibid.)
3424 1694 3674 1749 Scientes
3735 1693 3861 1763 quia

2173 1792 2436 1859 pereunt,
2486 1793 2543 1842 et
2615 1791 2806 1840 tamen
2887 1790 3192 1856 pereuntes
3246 1790 3489 1838 terrenae
3536 1781 3861 1851 cupiditatis

2172 1876 2330 1930 hiatu
2397 1876 2830 1929 absorbeantur.
2905 1876 2967 1928 In
3029 1873 3376 1928 habitaculis.
3441 1872 3658 1924 Aliena:
3718 1873 3860 1934 sunt,

2172 1981 2290 2018 non
2320 1965 2629 2031 naturales,
2659 1963 2758 2018 sed
2806 1963 3052 2032 hospitio
3099 1965 3396 2030 susceptas,
3460 1959 3623 2030 quasi
3653 1959 3857 2013 adven-

2173 2053 2338 2118 titiae,
2395 2054 2482 2106 vel
2539 2053 2699 2122 prius
2747 2054 2806 2105 in
2861 2052 3203 2115 habitaculis,
3258 2049 3319 2104 id
3358 2054 3463 2115 est,
3522 2049 3584 2102 in
3624 2048 3857 2112 occulto,

2169 2147 2300 2212 post
2327 2144 2386 2194 in
2407 2141 2604 2206 medio,
2627 2140 2684 2194 id
2715 2144 2798 2193 est
2819 2139 2879 2192 in
2901 2145 3118 2209 aperto.

2243 2230 2366 2296 Ego
2395 2234 2592 2293 autem,
2626 2233 2728 2281 etc.
2766 2228 2974 2294 (CASS.)
3005 2227 3285 2291 Afﬁrmat,
3316 2224 3452 2295 quid
3506 2223 3615 2278 sibi
3675 2228 3733 2278 et
3759 2222 3857 2276 illis

2172 2317 2289 2381 ﬁat,
2327 2317 2648 2370 alternatim
2672 2315 3051 2387 procedendo.

2243 2407 2407 2460 Vens.
2449 2409 2537 2460 l8.
2574 2435 2642 2443 ——
2678 2407 2904 2474 Vespere
2951 2408 3001 2456 et
3056 2418 3230 2456 mane.
3291 2402 3504 2467 (illam)
3557 2399 3707 2464 Quia
3762 2401 3858 2452 sal-

2171 2495 2338 2560 vavit,
2373 2494 2500 2548 ideo
2534 2509 2789 2563 vespere,
2852 2509 2968 2563 quo
3017 2496 3217 2561 captus
3245 2508 3259 2554 ;
3291 2505 3464 2556 mane,
3503 2506 3617 2560 quo
3643 2488 3860 2559 judica-

2172 2588 2303 2640 tus:
2362 2582 2603 2646 meridie,
2688 2597 2803 2651 quo
2865 2579 3187 2633 cruciﬁxus.
3246 2579 3517 2643 Narrabo,
3578 2577 3864 2647 praeterita

2175 2686 2368 2741 opera.
2422 2669 2716 2736 Nuntiabo,
2773 2668 3011 2721 virtutes
3064 2672 3121 2720 et
3164 2682 3340 2736 opera
3385 2682 3515 2736 quae
3566 2665 3772 2718 faciet:
3815 2667 3867 2716 et

2172 2759 2300 2813 ideo
2325 2759 2610 2826 exaudiet,
2642 2762 2754 2812 etc.

2245 2850 2453 2914 (AUG.)
2492 2848 2733 2914 Vespere.
2783 2846 2856 2899 De
2886 2844 3190 2916 praeteritis
3235 2844 3495 2911 narrabo,
3530 2848 3662 2909 etc.,
3707 2856 3868 2909 usque

373 2930 579 2997 unitas,
613 2948 684 2985 ne
725 2933 941 2985 malitia
972 2932 1176 2986 habeat
1205 2933 1491 2986 elfectum.
1543 2935 1606 2986 In
1663 2936 1899 2987 civitate.
1936 2935 2064 2986 Haec
2096 2931 2136 2987 C
2173 2935 2248 2989 ad
2303 2941 2500 2989 contra
2536 2935 2664 2988 illos
2707 2933 2806 3005 qui
2837 2950 2952 2988 non
2981 2937 3179 2988 amant
3234 2948 3452 3003 pacem,
3499 2931 3633 3002 quia
3687 2927 3869 2982 amavi

369 3025 453 3072 est
481 3019 673 3073 civitas
733 3020 802 3074 de
859 3037 972 3090 qua
1027 3037 1130 3090 per
1183 3021 1523 3090 prophetam
1577 3021 1886 3075 Dominus:
1947 3025 2060 3089 Ego

369 3110 512 3162 Deus
567 3113 618 3162 et
668 3124 773 3162 non
822 3109 999 3173 homo,
1045 3114 1096 3162 et
1151 3111 1425 3164 civitatem
1489 3126 1593 3164 non
1638 3111 1933 3178 ingredior.
1970 3111 2062 3164 Est

369 3201 563 3248 tamen
608 3195 737 3262 alia,
769 3213 940 3266 quam
979 3199 1124 3250 Deus
1177 3197 1476 3259 inhabitat,
1529 3199 1596 3252 de
1642 3215 1756 3268 qua
1811 3197 2056 3252 dicitur:

369 3286 486 3340 Non
505 3288 680 3352 potest
698 3286 957 3339 abscondi
984 3288 1178 3339 civitas
1198 3301 1369 3355 supra
1396 3292 1625 3349 montem
1649 3290 1844 3355 posita.

439 3373 608 3424 Vens.
640 3375 721 3424 11.
751 3402 820 3411 -
884 3373 965 3425 Et
1003 3374 1155 3426 labor
1183 3376 1240 3426 in
1283 3373 1456 3427 medio
1508 3375 1644 3442 ejus,
1696 3381 1801 3428 etc.
1864 3377 2059 3441 (AUG.)

367 3460 491 3512 lam
525 3459 684 3511 labor
713 3459 772 3512 in
803 3460 1012 3528 medio,
1043 3461 1178 3530 quia
1209 3461 1484 3531 iniquitas
1510 3478 1522 3515 :
1557 3463 1717 3532 quies
1769 3467 1960 3516 autem
2001 3463 2063 3516 in

372 3544 715 3599 humilitate.

442 3633 618 3687 Vens.
664 3637 746 3687 l2.
787 3665 856 3673 —
885 3636 1214 3698 Usura,etc.
1282 3636 1471 3704 (Ibid.)
1518 3637 1661 3701 Quia
1712 3639 1840 3707 plus
1892 3638 2065 3708 exigit

372 3719 432 3774 in
462 3719 696 3790 injuria.
757 3722 851 3776 Vel
884 3723 1136 3792 qualibet
1169 3715 1248 3791 re,
1299 3741 1471 3795 quam
1526 3726 1762 3797 accepit,
1808 3743 1920 3780 non
1976 3727 2060 3781 di-

374 3807 570 3874 mittit,
603 3814 667 3862 ut
696 3810 805 3864 sibi
835 3811 1181 3866 dimittatur.

446 3899 613 3952 Vens.
651 3901 734 3953 l3.
769 3929 838 3940 —
869 3901 1137 3965 Quoniam
1196 3905 1247 3955 si
1279 3903 1550 3956 inimicus.
1599 3903 1796 3969 (Cass)
1856 3904 2063 3972 Expro-

371 3983 556 4039 bratio
579 3985 757 4048 Judte,
791 3988 930 4042 dum
985 4005 1054 4042 ex
1110 4005 1353 4059 persona
1400 3989 1604 4044 Christi
1654 3990 1902 4058 legitur;
1950 3991 2060 4056 vel,

372 4075 666 4145 hucusque
727 4075 796 4129 de
845 4077 1058 4146 apertis
1107 4077 1354 4131 inimicis
1411 4077 1528 4148 egit
1594 4078 1859 4144 Ecclesia,
1917 4080 2059 4148 jam,

373 4179 526 4215 nunc
575 4163 644 4216 de
703 4164 964 4221 occultis.
1042 4165 1458 4220 Abscondissem
1541 4181 1623 4220 me
1696 4168 1937 4233 forsitan
1991 4167 2062 4223 ab

369 4266 448 4314 eo,
495 4255 608 4304 etc.
672 4252 862 4320 (Ibid.)
921 4253 1123 4323 Magna
1168 4253 1446 4323 patientia
1511 4253 1591 4306 ita
1640 4254 1831 4307 locum
1903 4254 2064 4309 daret

372 4338 576 4406 verbis,
608 4344 673 4392 ut
691 4356 748 4394 se
779 4340 1155 4395 absconderet
1184 4341 1505 4399 ne,videret
1535 4341 1948 4396 adversarium.

440 4427 617 4481 Vens.
653 4425 736 4482 14.
803 4458 872 4468 -
940 4431 1020 4482 Tu
1066 4444 1208 4493 vero,
1252 4430 1422 4483 homo.
1475 4431 1670 4496 (Auc.)
1719 4430 1886 4496 Olim,
1929 4430 2066 4500 quia

371 4512 678 4585 aliquando
749 4515 965 4569 bonum
1045 4517 1347 4570 consilium
1430 4516 1667 4570 dedisti.
1757 4520 2060 4572 Unanimis.

372 4602 583 4669 (Cass)
627 4602 770 4666 Quia
827 4603 976 4657 inter
1024 4605 1327 4674 Apostolos
1385 4603 1494 4658 fuit
1530 4604 1664 4672 dux,
1723 4605 1792 4660 ad
1838 4607 2068 4659 castella

373 4695 430 4744 et
458 4689 608 4744 vicos
636 4690 992 4760 praemissus.
1060 4694 1249 4758 Notus,
1295 4692 1430 4762 quia
1476 4692 1761 4761 przescivit
1824 4693 2065 4747 tradito-

372 4794 515 4845 rem,
561 4784 621 4832 ut
677 4778 755 4834 sic
806 4779 1064 4835 Christus
1105 4780 1429 4851 specialiter
1475 4784 1672 4834 contra
1723 4781 1926 4836 Judam
1982 4782 2065 4836 lo-

375 4873 604 4939 quatur.

442 4957 668 5022 (Hlnn.)
697 4956 796 5009 Vel
847 4955 946 5021 sic,
996 4955 1342 5027 generaliter
1371 4963 1567 5009 contra
1632 4957 1947 5027 quemlibet
1983 4958 2066 5012 vi-

374 5059 500 5096 rum
559 5043 879 5108 Iudaicum,
933 5048 1062 5111 etc.,
1115 5059 1282 5112 usque
1342 5044 1415 5098 ad
1466 5043 1608 5114 legis
1663 5043 1923 5099 instituta
1978 5048 2063 5100 vel

374 5132 709 5185 buccellam.
746 5134 1046 5187 Unanimis.
1075 5135 1272 5199 (Αυο.)
1296 5132 1403 5196 Qui
1431 5131 1737 5202 aliquando
1762 5133 1907 5187 bene
1941 5150 2068 5188 mo-

376 5220 549 5273 nuisti
575 5237 588 5286 ;
642 5223 801 5274 Dum:
830 5219 940 5275 feci
966 5225 1022 5274 te
1053 5220 1258 5274 ducem
1310 5236 1482 5289 super
1512 5219 1794 5290 populum
1851 5236 2061 5276 meum.

376 5310 561 5375 Notus,
595 5308 663 5362 de
695 5309 895 5363 eadem
926 5313 1115 5379 gente.

449 5396 618 5448 Notus
648 5411 808 5450 meus.
845 5397 948 5462 Qui
984 5399 1163 5452 simul.
1220 5397 1407 5463 (Ibid.)
1467 5396 1572 5461 Qui
1619 5395 1676 5451 in
1734 5396 1932 5450 eadem
1967 5399 2064 5451 Ec-

375 5482 544 5536 clesia
573 5499 795 5537 mecum
835 5485 1014 5539 l‘uisti.

2169 3039 2387 3094 pacem.

2241 3113 2436 3179 (Cass)
2473 3113 2733 3179 Narrare,
2792 3109 2864 3164 ad
2921 3125 3214 3180 vesperam
3262 3108 3531 3178 pertinet,
3582 3123 3700 3177 quo
3730 3105 3866 3159 dixit

2171 3201 2367 3254 omnia
2422 3216 2550 3270 quas
2617 3199 2788 3252 Judas
2839 3198 3192 3268 disponebat.
3244 3198 3508 3252 Nuntiare
3549 3196 3618 3249 de
3681 3210 3866 3256 mane,

2171 3289 2398 3359 quando
2429 3287 2570 3341 dixit
2599 3287 2818 3340 Pilato:
2850 3289 2914 3340 In
2946 3287 3041 3341 hoc
3091 3290 3255 3340 natus
3309 3299 3454 3350 sum,
3512 3287 3572 3336 ut
3631 3285 3870 3336 testimo—

2169 3381 2320 3431 nium
2355 3376 2668 3445 perhibeam
2696 3377 2941 3429 veritati.

2241 3468 2403 3519 Vens.
2470 3469 2552 3519 19.
2599 3494 2664 3505 -
2717 3465 3180 3534 Appropinquant
3230 3463 3382 3515 mihi.
3444 3459 3712 3527 Nomine,
3761 3475 3872 3512 non

2171 3554 2447 3618 numine;
2477 3568 2728 3623 corpore,
2760 3568 2876 3605 non
2902 3557 3094 3604 mente
3128 3568 3141 3618 ;
3173 3565 3434 3611 numero,
3490 3565 3607 3601 non
3639 3548 3867 3602 merito.

2171 3645 2436 3710 Quoniam
2474 3643 2616 3694 inter
2674 3641 2870 3694 multos
2921 3645 3078 3692 erant
3123 3654 3344 3692 mecum.
3407 3638 3634 3703 (Ηιειι.,
3697 3638 3871 3701 Avo.)

2172 3731 2310 3796 Quia
2337 3733 2395 3783 in
2447 3731 2650 3794 multis,
2699 3744 2921 3785 mecum.
2964 3728 3022 3780 id
3081 3733 3184 3790 est,
3233 3725 3519 3794 baptismo
3555 3724 3869 3794 Evangelii,

2173 3819 2436 3886 lectione,
2484 3817 2640 3871 testis
2697 3821 2752 3870 et
2807 3815 3158 3886 hujusmodi,
3219 3813 3317 3867 sed
3374 3829 3492 3866 non
3546 3812 3607 3866 in
3654 3813 3869 3883 paucis,

2173 3923 2418 3962 mecum.
2473 3907 2535 3960 In
2587 3905 2856 3959 omnibus
2894 3902 3264 3958 sacramentis
3311 3917 3554 3964 mecum,
3612 3901 3712 3956 sed
3760 3916 3870 3954 non

2171 3996 2233 4049 in
2267 3995 2401 4062 ﬁde,
2434 4011 2532 4063 spe
2563 3999 2620 4047 et
2650 3993 2944 4060 charitate,
2971 3993 3092 4045 sine
3125 4006 3238 4061 qua
3279 3989 3422 4043 nihil
3478 3993 3614 4043 sunt
3645 3988 3864 4043 omnia.

2244 4086 2440 4148 (Anc.)
2463 4082 2579 4148 Vel,
2613 4085 2671 4136 in
2690 4082 2896 4147 multis,
2948 4080 3004 4133 id
3028 4085 3133 4144 est,
3167 4078 3225 4132 in
3260 4078 3455 4147 paleis,
3511 4083 3648 4146 etc.,
3709 4091 3872 4145 usque

2173 4172 2346 4226 adita
2371 4171 2530 4224 etilli
2557 4169 2616 4222 in
2647 4169 2842 4222 multis
2873 4183 3120 4222 mecum.

2242 4262 2385 4314 Vens
2437 4261 2523 4312 20.
2557 4288 2628 4299 -
2656 4257 2932 4313 Εωααάἰει
2963 4259 3124 4319 Deus,
3166 4258 3272 4307 etc.
3329 4254 3528 4320 (Cass)
3582 4253 3682 4307 Ad
3721 4254 3869 4306 meri-

2174 4347 2336 4412 diem,
2369 4347 2599 4416 quando
2629 4345 2820 4399 emisit
2847 4343 3144 4414 Spiritum.
3197 4343 3332 4395 Ecce
3382 4345 3595 4412 quanta
3627 4341 3868 4394 breviter

2175 4436 2479 4507 mysteria:
2514 4435 2622 4499 vel,
2656 4433 2894 4488 salvebis
2933 4446 3115 4498 mane,
3147 4435 3197 4484 et
3245 4445 3478 4498 vespere,
3513 4434 3563 4482 et
3606 4429 3863 4482 meridie:

2174 4524 2324 4577 unde
2352 4539 2467 4576 non
2497 4522 2756 4592 ingratus
2805 4535 2995 4584 narra,
3051 4523 3108 4571 et
3145 4519 3435 4582 annuntio,
3467 4521 3523 4570 et
3550 4518 3670 4585 ipse
3719 4531 3867 4570 amate

2175 4613 2306 4677 diet,
2388 4616 2492 4663 etc.
2574 4607 2903 4662 Humiliabit
2994 4607 3114 4660 illos
3189 4607 3285 4673 qui
3348 4609 3425 4658 est
3480 4609 3608 4658 ante
3655 4605 3864 4659 sarcula.

2175 4699 2363 4768 (Ibid.)
2417 4699 2495 4752 De
2551 4695 2839 4767 superbia,
2898 4697 2964 4747 ut
3004 4692 3260 4747 credant.
3321 4691 3420 4745 Vel
3465 4691 3876 4745 humiliabitut

2176 4786 2339 4839 tollat
2367 4786 2556 4839 locum
2616 4789 2674 4838 et
2723 4787 2984 4853 gentem.
3046 4782 3165 4837 Non
3195 4782 3337 4833 enim
3391 4783 3469 4833 est
3499 4778 3616 4834 illis
3644 4792 3871 4834 commu-

2174 4875 2329 4940 tatio,
2362 4878 2417 4926 et
2444 4887 2550 4926 non
2580 4874 2874 4925 timuerunt
2913 4872 3099 4934 Deum,
3143 4866 3391 4920 eastendit
3435 4882 3661 4919 manum
3723 4879 3868 4920 suam

2173 4963 2231 5013 in
2260 4960 2623 5026 retribuendo,
2658 4963 2772 5014 etc.
2813 4959 3010 5023 (Αυα.)
3058 4955 3202 5019 Quia
3258 4971 3456 5008 sensus
3509 4953 3866 5024 perﬁdorum

2174 5048 2658 5104 incommutabilis
2671 5089 2685 5102 .

2248 5139 2408 5192 Vens.
2461 5141 2549 5192 21.
2600 5167 2670 5176 -
2729 5135 3281 5192 Contaminaverunt:
3323 5130 3537 5197 (Cass)
3598 5129 3739 5200 quia
3792 5125 3872 5180 illi

2175 5225 2708 5280 contaminaverunt
2738 5229 2795 5277 et
2853 5221 3015 5276 divisi
3076 5225 3242 5273 sunt:
3299 5223 3597 5272 armantur
3627 5215 3869 5286 amplius

2171 5314 2333 5383 justi,
2360 5312 2676 5367 liberantur
2708 5309 2943 5375 inﬁrmi,
2975 5308 3078 5378 qui
3106 5323 3300 5362 curam
3339 5306 3552 5360 habent
3576 5305 3637 5358 in
3669 5305 3860 5358 Deum.

2247 5403 2407 5454 Vnns.
2461 5404 2549 5454 2‘2.
2609 5430 2678 5438 —
2732 5403 2840 5454 Ira.
2895 5397 3081 5463 (Ibid.)
3139 5396 3392 5448 Vindicta
3461 5392 3688 5462 judicii,
3737 5396 3856 5448 etc.,

2174 5504 2342 5558 usque
2386 5489 2460 5544 ad
2497 5488 2614 5542 suis
2652 5486 3007 5559 appropriat.
3043 5486 3164 5542 Cor.
3219 5484 3427 5550 (Αυα.)
3469 5483 3738 5535 Voluntas
3778 5495 3856 5532 se-
