4082 6184
201 280 308 332 925

1354 283 1607 340 GLOSSA
1646 285 2046 341 ORDINABIA.
2093 314 2154 324 —
2197 285 2333 340 LIB.
2382 284 2624 339 PSALM.

3606 288 3708 339 926

200 404 359 454 creta
382 400 502 467 Dei,
536 416 665 472 quas
709 399 768 455 in
797 400 1105 471 Scripturis
1159 404 1505 460 continetur.
1547 409 1744 462 Molliti
1772 415 1905 465 sunt
1932 411 1976 462 A
2013 411 2246 476 fringes,
2296 409 2433 462 dum
2463 422 2566 478 per
2600 406 2823 476 ﬂagella
2881 404 2983 459 Dei
3015 404 3375 476 resipiscunt,
3424 408 3513 462 vel
3568 410 3706 465 dum

199 504 484 543 sermones.
544 489 743 555 (Cass)
808 489 895 542 Vel
927 490 1054 543 ideo
1084 490 1189 543 hoc
1219 490 1350 556 illis,
1404 493 1535 564 quia
1570 495 1899 550 mollierant

200 594 495 631 sermones
554 577 859 643 adulando,
917 578 1016 648 qui
1072 586 1204 633 sunt
1245 581 1437 650 jacula
1487 583 1621 636 dum
1672 585 1895 639 dicunt:

203 669 337 721 Reus
385 670 463 720 est
518 670 722 719 mortis.
784 670 971 734 (Ana)
1028 668 1137 721 Sed
1186 668 1231 721 si
1260 669 1366 722 tibi
1414 686 1594 741 puero
1628 673 1726 742 qui
1758 674 1898 728 lacte

200 754 438 807 minoris
500 753 773 806 doctrinas
863 753 1095 807 nutriris
1181 756 1366 808 adhuc
1446 756 1574 810 duri
1625 763 1775 825 sunt,
1828 777 1897 813 ne

196 842 460 895 irascaris
514 842 784 895 uberibus
824 842 1112 907 Ecclesim;
1138 843 1233 896 sed
1287 843 1437 912 jacta
1472 846 1528 897 in
1563 846 1895 913 Dominum,

201 948 319 983 non
373 931 546 983 alium
577 932 675 1001 qui
732 937 929 1000 portus
960 938 1059 993 est,
1100 932 1183 984 vel
1216 949 1410 986 saxum
1444 935 1593 997 navi,
1618 951 1735 987 non
1762 952 1896 1005 por-

198 1027 290 1072 tus
322 1018 577 1071 ﬂuctuati
636 1020 695 1072 in
762 1021 987 1072 saeculo.
1035 1022 1157 1088 Ipsi
1226 1038 1509 1083 sermones,
1562 1029 1665 1077 etc.
1702 1026 1897 1089 (Cass)

199 1108 343 1170 Quia
376 1106 581 1159 molliti
628 1124 745 1160 non
798 1109 1046 1177 perdunt
1080 1109 1369 1176 virtutem,
1414 1112 1510 1164 sed
1542 1111 1621 1165 eis
1671 1129 1897 1167 armau-

196 1201 293 1248 tur
334 1196 719 1263 evaugelistaa,
774 1202 829 1249 et
859 1197 1072 1250 feriunt
1101 1198 1273 1252 corda
1306 1200 1609 1254 hominum
1636 1202 1702 1253 ad
1738 1219 1894 1255 amo-

197 1300 321 1336 rem
352 1284 527 1353 pacis,
580 1289 637 1337 et
682 1302 713 1337 a
740 1284 1026 1355 perplexis
1054 1285 1451 1341 haereticorum
1486 1290 1897 1360 questionibus

198 1372 448 1426 liberant
475 1372 750 1425 inﬁrmos.

272 1462 431 1514 Vens.
502 1464 589 1515 23.
660 1491 727 1501 -
803 1463 1001 1517 Curam
1070 1468 1221 1517 tuam
1304 1466 1489 1531 (Ibid)
1567 1467 1714 1521 Cura
1792 1484 1895 1522 saa-

194 1549 329 1611 culi,
394 1555 523 1615 etc.,
571 1565 739 1618 usque
791 1550 865 1603 ad
895 1568 906 1604 :
961 1553 1041 1604 ita
1097 1554 1206 1604 riri
1264 1556 1449 1607 tristia
1514 1560 1662 1609 nocet
1724 1557 1892 1609 cordi.

194 1639 641 1691 Fluctuationem.
707 1639 774 1691 Et
824 1638 869 1691 si
926 1638 1039 1701 hic,
1101 1641 1269 1694 verba
1331 1642 1716 1698 iluctuationis
1771 1644 1893 1699 fue-

193 1733 365 1780 runt:
400 1728 773 1780 Contristatus
794 1743 911 1781 sum
950 1730 1007 1781 in
1038 1732 1438 1796 exercitatione,
1480 1738 1585 1786 etc.

272 1816 434 1869 Vens.
496 1816 583 1868 24.
644 1846 709 1853 —
764 1818 839 1869 Tu
894 1832 1039 1883 vero,
1108 1823 1211 1870 etc.
1273 1820 1458 1884 (Aua)
1511 1820 1575 1872 Hi
1607 1824 1741 1874 tunc
1783 1839 1896 1875 non

198 1903 581 1965 ﬂuctuabunt,
616 1908 744 1969 etc.,
799 1919 968 1972 usque
1025 1904 1098 1957 ad
1128 1904 1255 1959 Vm!
1290 1906 1389 1977 qui
1417 1913 1651 1976 peccant
1695 1914 1752 1962 et
1782 1926 1900 1965 non

198 1992 497 2062 poeniteat.
560 1993 690 2045 Dies
722 2007 863 2059 suos,
918 2008 1010 2058 ego
1044 1998 1241 2062 autem,
1290 2000 1395 2048 etc.
1432 1996 1618 2063 (Ibid)
1691 1997 1900 2052 Volun-

197 2081 376 2134 tarios
408 2097 522 2134 non
555 2098 587 2134 a
608 2082 724 2135 Deo
759 2081 1112 2137 constitutos.

812 2222 1129 2277 PSALMUS
1163 2223 1267 2277 LV.

273 2344 453 2397 Vens.
523 2348 576 2398 l.
624 2373 697 2385 —
743 2346 811 2400 In
856 2349 1034 2414 ﬁnem,
1068 2351 1177 2400 etc.
1237 2349 1423 2413 (Ana)
1483 2349 1738 2417 Populus,
1804 2352 1901 2416 qui

194 2449 232 2484 α
278 2428 482 2485 sanctis
513 2433 663 2499 longe
693 2436 755 2501 ﬁt
810 2436 865 2486 in
897 2435 1047 2487 tituli
1091 2437 1476 2503 inscriptione:
1539 2438 1631 2489 cui
1680 2443 1899 2490 contra-

194 2520 339 2574 dicit
372 2526 486 2573 tam
507 2520 753 2588 Judaeus,
792 2537 965 2591 quam
1016 2522 1201 2575 omnis
1232 2523 1331 2593 qui
1378 2540 1490 2576 non
1538 2524 1659 2577 vult
1686 2524 1898 2579 habere

195 2625 399 2674 regem
448 2609 765 2676 Christum;
811 2615 867 2662 et
921 2610 1052 2679 ipsi,
1086 2611 1186 2680 qui
1240 2611 1519 2666 tribulant
1562 2613 1894 2667 Ecclesiam:

198 2702 401 2749 contra
433 2712 576 2766 quos
633 2696 724 2750 hic
780 2699 1030 2766 psalmus
1080 2700 1381 2752 conﬁrmat
1442 2701 1769 2754 Ecclesiam.
1832 2704 1899 2757 In

203 2786 353 2837 tituli
399 2787 748 2853 inscnptione
774 2789 885 2854 ipsi
935 2787 1116 2841 David
1172 2804 1290 2840 cum
1338 2792 1571 2842 tenerent
1615 2805 1752 2843 eum.
1806 2791 1897 2843 Ti-

204 2874 307 2926 tuli
366 2875 680 2944 inscriptio,
717 2881 851 2943 etc.,
907 2892 1075 2945 usque
1104 2878 1177 2930 ad
1234 2883 1624 2945 persecutores
1656 2880 1754 2949 qui
1795 2881 1897 2933 Ec-

2009 496 2155 549 iram
2213 496 2309 549 Dei
2344 496 2679 565 prmvident.
2733 497 2795 549 In
2842 497 2929 548 ira
2953 496 3182 563 populos
3205 498 3535 562 confringes.
3564 498 3707 561 Quia

2010 591 2188 638 terres
2237 584 2730 651 tribulationibus,
2785 589 2914 649 etc.,
2954 598 3120 650 usque
3144 583 3217 635 ad
3248 590 3303 636 et
3325 584 3409 637 ira
3439 600 3706 639 consum-

2008 673 2239 742 ptionis,
2274 690 2387 743 qua
2418 673 2552 725 mali
2582 672 2902 742 puniuntur
2942 672 3010 724 ad
3042 672 3523 740 peremptionem.

2081 764 2242 817 Vsus.
2270 767 2319 816 9.
2358 794 2424 801 —
2474 764 2641 829 Deus,
2673 767 2842 816 vitam
2866 778 3035 815 meam
3062 763 3397 816 annuntian
3428 764 3547 818 tibi.
3582 764 3704 817 Tri-

2008 852 2141 921 plex
2194 853 2306 904 vita
2339 850 2615 904 hominis:
2671 854 2909 914 natura},
2944 865 3072 919 quae
3120 848 3363 901 vivimus
3417 854 3473 902 et
3521 850 3707 919 spira-

2009 956 2165 1007 mus;
2247 939 2465 1009 gratiae,
2531 956 2643 1009 qua
2723 938 2780 990 in
2836 938 3057 991 Christo
3115 936 3388 1002 vivimus;
3467 937 3702 1007 peccati,

2008 1044 2137 1097 quae
2192 1027 2250 1079 in
2294 1027 2442 1078 vitiis
2473 1026 2679 1096 agitur.
2740 1027 2874 1079 Dum
2906 1030 3036 1077 sunt
3084 1042 3115 1076 a
3166 1026 3297 1089 Deo,
3350 1024 3485 1093 quia
3514 1025 3704 1090 bonae,

2007 1116 2119 1169 vita
2163 1116 2375 1168 scilicet
2426 1121 2668 1179 naturae,
2730 1119 2784 1167 et
2831 1113 2945 1166 vita
2998 1112 3230 1182 gratias:
3275 1112 3443 1165 tertia
3488 1119 3574 1166 est
3632 1114 3703 1167 ab

2007 1204 2260 1270 homine,
2294 1204 2429 1274 quia
2462 1205 2631 1256 mala.
2693 1204 2773 1256 Ha
2830 1218 3030 1255 omnes
3088 1202 3200 1254 Deo
3234 1201 3576 1254 annuntiare
3605 1202 3701 1255 de-

2006 1294 2225 1346 bemus.
2257 1293 2456 1359 (Cass.)
2504 1294 2664 1357 Deus,
2697 1293 2885 1344 vitam.
2920 1291 3263 1357 Confringes,
3297 1293 3352 1341 et
3378 1305 3481 1358 ego
3511 1289 3584 1342 ad
3615 1288 3701 1343 in-

2007 1380 2363 1433 stitutionem
2409 1396 2607 1432 eorum
2664 1379 2834 1433 vitam
2888 1394 3074 1431 meam
3107 1383 3258 1442 ante,
3314 1393 3443 1446 qua:
3476 1391 3705 1443 semper

2006 1469 2175 1521 mala.
2234 1468 2419 1521 Vitam
2454 1469 2567 1521 Deo
2618 1469 2862 1531 nuntiat,
2896 1468 2993 1537 qui
3024 1472 3317 1535 peccatum
3364 1466 3698 1519 confitetur:

2008 1572 2120 1609 non
2164 1558 2343 1609 Deum
2401 1556 2628 1621 docens,
2689 1556 2785 1609 sed
2844 1572 2901 1608 se
2955 1555 3255 1621 damnans,
3319 1559 3380 1607 ut
3431 1554 3697 1607 solvatur.

2006 1645 2244 1697 Posuisti
2291 1645 2579 1711 lacrymas,
2633 1648 2737 1696 etc.
2804 1644 2989 1707 (Αυο.)
3048 1641 3162 1694 Piaa
3227 1641 3514 1711 lacrymse,
3570 1656 3699 1711 quas

2010 1749 2112 1803 pro
2138 1732 2384 1785 inimicis
2431 1736 2664 1801 rogant:
2701 1731 2899 1784 etideo
2949 1733 3192 1799 acceptae
3226 1730 3363 1794 Deo,
3396 1729 3540 1783 sicut
3577 1730 3698 1799 ipse

2009 1820 2296 1890 promisit.

2081 1909 2242 1961 Vens.
2281 1909 2362 1961 10.
2388 1938 2455 1947 -—
2489 1910 2555 1962 In
2599 1922 2915 1976 quacunque
2963 1906 3070 1972 die,
3102 1910 3208 1960 etc.
3242 1905 3442 1973 (Cass)
3484 1905 3611 1960 Sive
3639 1905 3701 1959 in

2012 1995 2273 2064 pueritia,
2308 1995 2425 2048 sive
2445 1995 2501 2047 in
2544 1996 2731 2047 media
2752 1998 2940 2059 aetate,
2972 1994 3089 2046 sive
3121 1993 3179 2047 in
3230 1992 3345 2046 ﬁne
3378 1993 3528 2048 vitae.
3561 1992 3701 2047 Mira

2008 2084 2330 2150 clementia,
2355 2100 2483 2154 quae
2512 2083 2808 2153 quodlibet
2828 2087 3054 2151 tempus
3081 2080 3466 2134 conversionis
3492 2086 3701 2133 nostrae

2009 2177 2311 2242 exspectat,
2354 2176 2409 2224 et
2442 2170 2902 2240 quandocunque
2935 2174 3188 2237 rogatur,
3230 2168 3518 2238 indulget!
3554 2169 3701 2222 Deus

2007 2276 2153 2314 meus
2183 2276 2256 2325 es,
2290 2264 2367 2313 tu.
2404 2262 2588 2324 (Anc)
2622 2257 2733 2310 Etsi
2771 2256 3055 2322 omnium,
3119 2272 3281 2309 meus
3312 2255 3569 2325 proprie,
3600 2256 3702 2327 qui

2009 2348 2153 2401 mihi
2202 2348 2491 2412 subvenis,
2528 2362 2697 2415 quem
2743 2345 2866 2398 colo
2901 2351 2957 2397 et
2988 2336 3151 2398 amo.
3189 2344 3301 2396 Alii
3340 2344 3515 2396 alieni
3548 2349 3700 2397 sunt.

2081 2438 2239 2489 VERS.
2305 2440 2389 2489 11.
2445 2464 2514 2475 -
2542 2437 2606 2488 1η
2660 2438 2758 2488 Deo
2794 2433 3027 2487 laudabo
3059 2432 3295 2485 verbum.
3334 2431 3521 2497 (Ibid)
3562 2433 3701 2485 Ver-

2006 2525 2166 2589 bum,
2243 2524 2300 2577 id
2363 2528 2463 2584 est,
2509 2522 2825 2576 doctrinam
2878 2528 2933 2573 et
2985 2535 3346 2584 sermonem;
3420 2519 3700 2590 quidquid

2007 2613 2233 2683 loquar,
2271 2612 2514 2666 laudabo
2552 2612 2611 2664 in
2643 2610 2908 2676 Domino,
2932 2610 2991 2663 id
3031 2614 3136 2674 est,
3189 2612 3244 2661 et
3277 2608 3612 2661 attribuam:
3648 2612 3701 2660 et

2010 2701 2055 2753 si
2105 2700 2241 2771 quid
2304 2704 2468 2769 urget
2498 2699 2742 2768 speravi,
2789 2703 2845 2751 et
2899 2697 3026 2751 ideo
3080 2712 3195 2750 non
3239 2695 3474 2749 timebo.
3508 2698 3697 2761 (Aua.,

2010 2791 2193 2856 HIER.)
2237 2790 2355 2853 Vel,
2410 2790 2471 2841 in
2532 2790 2643 2842 Deo
2692 2791 2859 2841 Patre
2907 2788 3177 2852 Verbum,
3230 2786 3284 2840 id
3337 2789 3421 2838 est
3470 2784 3699 2846 Filium,

2010 2878 2144 2946 quia
2176 2877 2456 2947 quidquid
2498 2877 2565 2929 de
2624 2878 2805 2938 Patre,
2862 2881 2917 2928 et
2946 2874 3087 2928 Filio
3138 2874 3347 2927 dicitur
3384 2870 3701 2925 secundum

201 2962 453 3027 clesiam,
486 2963 630 3016 sicut
686 2981 839 3027 uvas,
899 2966 1134 3017 calcant,
1181 2966 1483 3033 Anaphyli,
1549 2968 1703 3020 Idem
1749 2969 1896 3037 quod
1939 2968 1980 3023 C
2011 2964 2406 3029 substantiam,
2448 2969 2506 3017 et
2553 2965 2621 3017 de
2664 2964 2879 3034 Spiritu
2931 2968 3143 3016 sancto.
3183 2963 3294 3014 Hoc
3326 2960 3394 3014 de
3444 2958 3702 3030 potentia

194 3052 432 3118 populus
483 3054 641 3119 quia
671 3054 877 3105 sanctis
930 3055 1082 3120 longe
1119 3055 1301 3117 factus
1357 3059 1453 3107 est.
1503 3056 1661 3120 Geth,
1714 3056 1771 3109 id
1791 3062 1895 3125 est,

199 3138 258 3190 in
308 3139 599 3191 torculari.
662 3139 890 3204 Legitur
951 3139 1144 3205 David,
1178 3145 1292 3207 etc;
1318 3156 1485 3210 usque
1514 3142 1588 3194 ad
1618 3143 1735 3209 sed,
1769 3160 1898 3197 cum

198 3226 504 3297 premitur,
538 3226 742 3279 sterilis
765 3243 880 3280 non
906 3234 1006 3279 est.

268 3316 433 3367 Vens.
458 3318 507 3367 2.
532 3345 600 3353 ——
653 3317 904 3369 Miserere
944 3318 1069 3383 mei,
1107 3318 1270 3371 Deus.
1306 3318 1505 3385 (Cass)
1547 3319 1680 3374 Orat
1710 3321 1897 3375 Eccle-

196 3403 299 3469 sia,
349 3402 678 3455 summatim
711 3409 951 3473 taugcns
997 3405 1414 3473 tribulationes,
1448 3407 1509 3460 in
1557 3407 1765 3477 quibus
1797 3425 1899 3478 per

198 3508 361 3561 spem
404 3491 504 3545 Dei
554 3494 677 3559 ﬁnit
721 3509 778 3545 se
811 3507 927 3545 non
977 3492 1202 3558 timere,
1238 3493 1291 3547 id
1327 3499 1430 3560 est,
1463 3495 1520 3547 in
1552 3496 1666 3548 iine
1696 3497 1897 3566 prima:

200 3580 376 3649 partis
448 3580 583 3634 dicit
648 3597 705 3633 se
765 3597 881 3633 non
937 3581 1164 3635 timere.
1231 3584 1562 3651 Impugnans
1616 3586 1899 3640 tribulavit

200 3685 298 3732 me,
348 3672 451 3721 etc.
521 3672 706 3735 (Ana)
769 3670 945 3722 llomo
1000 3669 1329 3724 visibiliter:
1390 3672 1650 3726 diabolus
1706 3674 1898 3727 invisi-

198 3756 409 3820 biliter,
442 3758 589 3810 unde
621 3757 990 3827 periculosior
1008 3764 1091 3811 est
1120 3759 1432 3813 tribulatio.

269 3846 440 3899 Vens.
497 3845 549 3898 4.
608 3875 677 3884 -
730 3846 820 3898 Ab
874 3846 1183 3899 altitudine.
1237 3847 1438 3913 (Cass.)
1492 3849 1740 3902 Altitudo
1788 3849 1899 3903 diei

197 3934 475 3997 mundus,
500 3932 889 4003 ubisuperbia:
909 3938 1129 3987 tumor:
1156 3935 1462 4004 utgravior
1486 3937 1555 3989 sit
1578 3936 1893 4003 tribulatio,

197 4021 338 4073 dicit
370 4038 429 4073 se
461 4038 491 4073 a
525 4021 785 4090 superbis
834 4022 1175 4077 conculcari.
1215 4026 1401 4089 (Αυο.)
1449 4026 1540 4077 Ab
1583 4025 1893 4081 altitudine.

193 4109 322 4162 Alia
355 4109 566 4174 littera,
596 4115 724 4175 etc.,
757 4125 928 4179 usque
959 4110 1033 4163 ad
1060 4127 1177 4165 non
1209 4111 1318 4165 ait:
1354 4112 1477 4165 Non
1508 4112 1744 4178 timebo,
1777 4114 1894 4179 sed,

191 4198 426 4265 sperabo
476 4196 534 4249 in
592 4202 663 4250 te.
720 4200 836 4250 Diei
885 4200 1024 4260 Dies,
1076 4200 1331 4252 Christus
1380 4205 1484 4265 est,
1544 4201 1704 4269 cujus
1752 4202 1890 4255 duo-

189 4284 380 4338 decim
412 4284 590 4346 horaa,
636 4285 937 4337 duodecim
964 4291 1096 4338 sunt
1123 4287 1410 4355 Apostoli:
1441 4288 1588 4341 unde
1626 4288 1745 4358 ipse
1775 4290 1888 4343 ait:

187 4376 383 4428 Nonne
412 4373 688 4427 duodecim
740 4374 881 4427 horae
931 4380 1057 4428 sunt
1104 4373 1259 4427 diei?
1326 4376 1501 4445 Hujus
1540 4376 1652 4428 diei
1701 4378 1892 4431 attitu-

184 4462 372 4515 dinem
430 4461 646 4514 inimici
678 4476 791 4515 non
834 4467 1073 4530 possunt
1126 4462 1423 4533 attingere,
1478 4464 1629 4517 unde
1659 4464 1719 4516 in
1769 4480 1894 4533 pas-

182 4550 353 4602 sione
386 4548 621 4603 Christi:
646 4551 890 4604 Tenebrw
916 4552 1078 4617 facta:
1106 4556 1250 4605 sunt.

261 4638 424 4689 Vens.
457 4639 507 4689 6.
541 4668 609 4676 ——
642 4640 773 4692 Tota
828 4639 933 4703 die,
969 4643 1079 4691 etc.
1140 4638 1337 4708 (CASS.)
1384 4639 1689 4691 Enumerat
1720 4640 1889 4704 mala,

182 4741 323 4796 quae
386 4726 721 4780 sustinendo
784 4726 845 4779 tit
897 4731 952 4779 et
981 4726 1346 4779 inimicorum
1395 4727 1709 4791 conversio,
1740 4727 1891 4780 unde

181 4819 243 4867 et
306 4830 410 4882 per
462 4830 621 4884 spem
689 4813 791 4868 Dei
851 4830 908 4869 se
956 4830 1072 4868 non
1130 4814 1356 4879 timere,
1410 4814 1553 4867 sicut
1605 4814 1766 4884 prius
1811 4814 1890 4867 fe.-

179 4905 361 4953 cerat.

262 4991 441 5044 Vens.
476 4994 526 5043 7.
582 5020 649 5028 -
676 4989 1090 5045 Inhabitabunt.
1126 4995 1307 5058 (Ana)
1337 4991 1457 5053 Vel,
1488 4990 1663 5061 aliqui
1705 5006 1769 5043 ex
1802 4989 1891 5043 his

180 5078 293 5148 qui
324 5078 495 5146 longe
527 5093 560 5129 a
606 5077 831 5143 sanctis,
866 5082 995 5145 etc.,
1030 5094 1198 5148 usque
1243 5081 1317 5133 ad
1348 5081 1395 5133 si
1445 5079 1601 5133 enim
1635 5079 1775 5131 falsa
1811 5078 1892 5131 di-

178 5168 334 5216 cunt
360 5164 429 5216 de
460 5168 534 5225 te,
566 5164 771 5216 coelum
792 5180 908 5217 non
935 5165 1221 5231 auferunt,
1252 5182 1356 5219 nec
1389 5165 1480 5218 isti
1509 5168 1733 5217 uocent.

264 5252 441 5305 Vsus.
491 5253 541 5304 8.
600 5280 665 5289 —
717 5252 822 5304 Pro
847 5252 1006 5305 nihil.
1068 5252 1269 5322 (Ibid)
1318 5252 1460 5319 Quia
1500 5252 1690 5305 nullus
1756 5250 1889 5303 inde

173 5339 298 5394 tibi
332 5339 509 5404 labor,
534 5336 695 5408 quasi
726 5337 871 5392 nihil
902 5338 1036 5393 inde
1076 5340 1179 5393 tibi
1219 5340 1311 5407 sit,
1345 5344 1498 5411 quia,
1547 5340 1651 5393 etsi
1684 5339 1885 5408 despe-

168 5426 321 5489 rati,
374 5431 567 5479 tamen
621 5424 793 5477 verbo
842 5442 1033 5491 curas;
1075 5428 1160 5479 vel
1194 5443 1297 5496 pro
1328 5428 1499 5479 nullis
1546 5442 1741 5479 eorum
1776 5440 1887 5477 meo

168 5514 337 5580 ritis,
394 5514 489 5568 sed
551 5512 728 5584 gratis
776 5529 878 5585 per
926 5514 1217 5586 pietatem.
1265 5519 1327 5570 In
1377 5518 1465 5570 ira
1492 5516 1713 5587 populos
1761 5530 1885 5568 con-

2006 3053 2174 3106 Verhi
2232 3054 2458 3118 dicitur,
2510 3068 2625 3123 qua
2680 3058 2760 3105 est
2818 3056 3098 3105 aeternum
3148 3055 3203 3103 et
3251 3048 3700 3103 consubtantiale

2009 3141 2180 3205 Patri,
2232 3147 2289 3194 et
2315 3147 2511 3211 postea
2542 3141 2611 3194 de
2662 3140 3035 3203 humanitate,
3072 3138 3293 3191 subdit:
3355 3140 3417 3191 In
3458 3138 3698 3199 Domino,

2004 3227 2058 3281 id
2116 3235 2217 3294 est,
2271 3230 2327 3282 in
2380 3230 2623 3295 Christo,
2685 3228 2784 3299 qui
2834 3227 3083 3280 Verbum
3131 3242 3261 3279 caro
3320 3224 3532 3278 factum
3595 3228 3697 3275 est.

2007 3317 2265 3372 Laudabo
2292 3332 2603 3383 sermonem,
2628 3322 2756 3380 etc.,
2791 3315 2844 3368 id
2869 3320 2973 3381 est,
3007 3313 3459 3384 praedicationes,
3491 3310 3700 3381 quibus

2009 3406 2265 3475 regulam
2320 3405 2540 3459 vivendi
2570 3410 2626 3459 et
2676 3406 2918 3457 salutem
2951 3402 3167 3456 mundo
3202 3402 3378 3455 dedit.
3427 3401 3554 3452 Haec
3585 3399 3699 3451 duo

2005 3493 2275 3562 praedicat
2348 3494 2471 3557 iste,
2528 3491 2847 3561 potentiam
2924 3490 3100 3549 verbi,
3160 3491 3216 3541 et
3280 3487 3697 3541 humanitatem

2007 3581 2235 3636 Christi.
2270 3582 2333 3635 In
2384 3585 2485 3635 Deo
2516 3581 2769 3634 laudabo.
2831 3579 2928 3632 Vel
2978 3578 3077 3643 ita,
3101 3581 3163 3629 ut
3192 3576 3439 3630 Trinitas
3479 3577 3699 3627 natura;

2005 3670 2387 3740 personaliter
2432 3686 2535 3739 per
2588 3670 2695 3722 tria
2749 3668 2940 3733 verba,
2993 3682 3121 3737 quas
3152 3666 3335 3735 ponit.
3362 3666 3445 3719 'In
3468 3667 3575 3718 Deo
3604 3666 3702 3718 Pa-

2004 3764 2087 3813 tre
2144 3758 2378 3813 laudabo
2442 3758 2689 3819 Verbum,
2754 3756 2812 3809 id
2842 3761 2945 3820 est,
3001 3755 3206 3808 Filium
3233 3770 3246 3818 ;
3273 3756 3335 3807 In
3375 3756 3615 3817 Domino,
3641 3752 3698 3805 id

2005 3852 2108 3911 est,
2160 3846 2220 3900 in
2274 3846 2487 3916 Spiritu
2518 3850 2710 3898 sancto
2741 3844 2973 3897 laudabo
2999 3857 3311 3905 sermonem,
3346 3841 3398 3894 id
3457 3845 3560 3905 est,
3604 3840 3696 3893 Fi-

2006 3934 2171 3987 lium.

2076 4022 2239 4075 Vens.
2301 4023 2381 4074 12.
2416 4051 2483 4059 —-
2522 4021 2584 4073 In
2615 4032 2696 4073 me
2724 4022 2867 4072 sunt.
2905 4018 3087 4082 lntus,
3131 4031 3257 4085 quae
3289 4030 3321 4067 a
3352 4012 3517 4066 nobis
3549 4029 3697 4066 nun-

2007 4125 2179 4179 quam
2203 4108 2504 4173 recedunt;
2561 4109 2699 4161 Vota
2751 4106 3083 4159 laudationis
3113 4119 3241 4174 qua:
3286 4103 3343 4154 in
3377 4101 3697 4154 aeternitate

2007 4197 2335 4251 reddentur.
2375 4196 2573 4263 (Cass)
2605 4198 2671 4251 In
2718 4210 2798 4248 me
2830 4198 2975 4247 sunt.
3011 4190 3392 4261 Ecclesiajam
3424 4190 3493 4243 de
3534 4188 3698 4242 malis

2006 4284 2199 4337 saeculi
2249 4284 2428 4337 libera
2480 4284 2539 4337 in
2592 4283 2785 4337 futura
2816 4279 3191 4344 beatitudine,
3248 4279 3335 4332 vel
3377 4277 3547 4330 etiam
3583 4274 3694 4338 hic,

2002 4372 2228 4425 laudem
2260 4373 2360 4425 Dei
2392 4376 2744 4425 cantaturum
2776 4386 2835 4424 se
2868 4369 3021 4423 dicit.

2072 4461 2229 4514 Vens.
2311 4464 2393 4514 13.
2449 4490 2517 4499 -
2570 4461 2838 4524 Quoniam
2884 4458 3155 4525 eripuisti.
3220 4454 3419 4521 (Cass)
3470 4451 3569 4505 Vel
3627 4449 3696 4503 de

2000 4547 2191 4601 futuro
2245 4552 2430 4617 potest
2462 4547 2641 4617 accipi
2692 4547 2790 4608 sic,
2838 4550 2966 4609 etc.,
3017 4558 3188 4611 usque
3241 4542 3314 4595 ad
3372 4540 3470 4594 ubi
3522 4538 3696 4592 etiam

1999 4635 2248 4705 perfecte
2280 4636 2394 4689 Deo
2424 4636 2627 4705 placet,
2656 4634 2806 4686 unde
2837 4632 3030 4685 addit:
3069 4633 3135 4685 Ut
3156 4630 3425 4698 placeam,
3457 4632 3562 4681 etc.
3712 4624 3717 4633 “

2606 4773 2920 4827 PSALMUS
2957 4771 3089 4824 LVI.

2071 4898 2231 4950 Vnus.
2265 4901 2395 4951 1.-
2421 4899 2491 4950 In
2512 4900 2686 4965 ﬁnem.
2712 4898 2896 4961 (AUG.)
2924 4894 3181 4947 Psalmus
3194 4893 3262 4946 de
3279 4892 3694 4947 resurrectione

2000 4990 2057 5039 et
2087 4986 2347 5056 passione
2388 4986 2647 5039 breviter.
2682 4988 2795 5039 Hoc
2826 4985 2944 5054 agit
2983 4984 3236 5054 psalmus
3260 4998 3340 5048 ne,
3375 4987 3459 5046 tu,
3493 4981 3691 5049 Pilato,

1997 5076 2084 5128 vel
2121 5080 2183 5127 tu
2239 5074 2587 5144 quicunque,
2640 5087 2953 5140 corrumpas
3007 5070 3200 5131 David,
3249 5076 3378 5133 etc.,
3428 5069 3692 5139 negando

1998 5178 2214 5233 regem,
2249 5162 2381 5232 quia
2411 5166 2591 5214 tectus
2622 5176 2789 5213 carne
2838 5158 2986 5229 fugit
3026 5175 3058 5210 a
3110 5157 3439 5227 cognitione
3464 5157 3693 5210 Judazo-

1997 5267 2126 5303 rum
2166 5250 2352 5320 (Ibid)
2413 5249 2611 5302 Nullus
2658 5249 2860 5302 titulus
2891 5245 3193 5315 inscriptus
3221 5249 3304 5297 est
3333 5244 3532 5311 David,
3566 5250 3691 5307 etc.,

1996 5353 2165 5406 usque
2202 5338 2275 5390 ad
2292 5337 2389 5390 ubi
2421 5336 2585 5389 latuit
2612 5336 2867 5389 Christus
2900 5333 3223 5403 incognitus
3243 5333 3475 5387 Judaeis.

2071 5426 2228 5479 Vnus.
2283 5428 2333 5478 2.
2390 5454 2462 5465 -
2526 5428 2775 5478 Miserere
2826 5426 2949 5477 mei.
2996 5423 3193 5485 (Cass)
3270 5422 3551 5492 PrOpheta
3632 5421 3693 5476 in

1996 5529 2247 5584 persona
2296 5512 2545 5579 Domini,
2578 5513 2713 5585 quia
2758 5514 2817 5567 in
2869 5529 2936 5566 eo
2986 5509 3282 5576 Dominus,
3325 5510 3486 5582 quasi
3545 5510 3697 5564 inter
