4034 6180
323 309 426 360 927

1070 305 1463 361 WALAFRIDI
1505 306 1750 360 STRABI
1791 305 1989 360 FULD.
2035 305 2193 360 MON.
2238 307 2411 360 PARS
2451 305 2492 358 Ι.
2574 335 2601 343 -
2641 303 3109 360 THEOLOGICA.
3730 307 3821 359 928

331 429 510 496 mala,
577 428 876 496 exclamat,
935 431 990 482 et
1048 426 1311 498 praedicit
1358 426 1782 482 liberationem.
1839 425 2033 494 (Cass)
2063 429 2108 480 A
2145 434 2276 479 caro
2312 425 2516 481 Christi
2549 424 2814 494 surrexit,
2856 429 2986 492 etc.,
3045 441 3216 494 usque
3277 425 3351 478 ad
3401 426 3655 480 surrexit
3708 442 3832 496 ergo

341 517 597 572 Christus
627 518 941 571 secundum
993 517 1145 587 quod
1174 515 1350 570 homo
1383 521 1527 583 orat,
1561 516 1630 570 de
1661 516 1924 587 passione
1952 515 2032 569 ita

341 606 597 673 humilis,
639 611 703 660 ut
737 623 883 660 unus
906 607 974 660 de
1006 606 1271 660 lidelibus
1319 607 1564 660 clamare
1598 611 1846 675 putetur.
1877 608 1946 660 Et
1972 607 2030 658 in

335 693 546 748 umbra.
600 693 722 747 Vox
754 694 1010 762 corporis
1067 693 1400 762 adjungitur
1455 693 1658 762 capiti:
1697 700 1752 747 et
1793 695 2030 762 loquens

337 783 398 835 in
433 798 678 852 persona
731 782 1118 835 membrorum
1155 786 1210 834 et
1261 797 1383 847 sua,
1416 781 1706 852 quomodo
1747 781 1922 851 possit
1954 781 2030 834 li-

341 870 528 924 berari
563 870 733 938 dicet,
764 873 918 926 misit
952 871 1201 924 Verbum.

408 976 577 1030 Vens.
635 977 690 1030 4.
723 1006 784 1017 -
843 978 994 1031 Misit
1034 976 1264 1031 Verbum
1293 976 1358 1029 de
1415 977 1564 1031 caelo.
1617 976 1805 1046 (Aes,
1840 975 2029 1046 Hien.)

339 1067 417 1119 De
450 1065 670 1118 occulta
701 1067 947 1119 essentia
989 1082 1112 1131 sua,
1147 1072 1289 1130 etc.,
1325 1081 1490 1133 usque
1536 1065 1610 1118 ad
1644 1081 1815 1134 quem
1860 1071 2029 1135 puta-

341 1154 478 1206 bant
527 1169 585 1206 se
640 1153 994 1207 exstinxisse.
1047 1155 1197 1207 Misit
1230 1153 1294 1206 de
1324 1155 1465 1207 caelo.
1514 1153 1732 1224 (HIER.)
1767 1153 2030 1223 Diapsal-

339 1259 487 1296 mus.
529 1243 652 1296 lam
687 1241 936 1295 declarat
967 1243 1101 1312 quid
1151 1243 1308 1296 misit
1347 1249 1403 1296 et
1440 1244 1510 1296 de
1560 1243 1767 1312 quibus
1797 1243 2027 1312 eripuit,

333 1336 391 1385 et
423 1332 679 1401 loquitur
704 1332 759 1384 in
794 1348 1036 1402 persona
1082 1332 1495 1395 membrorum,
1518 1333 1814 1385 Liberavit.
1841 1331 2028 1401 (Ibid.)

336 1419 481 1484 Quia
506 1419 625 1488 jam
668 1421 817 1472 Misit
868 1421 1120 1484 Verbum,
1154 1433 1372 1473 certum
1423 1425 1526 1488 est,
1585 1419 1747 1490 quasi
1789 1419 1911 1489 jam
1960 1422 2031 1475 sit

334 1508 435 1578 qui
467 1509 740 1572 liberavit,
775 1508 829 1561 id
862 1514 965 1572 est,
1018 1508 1312 1562 liberavit:
1343 1515 1400 1563 et
1428 1509 1598 1574 dedit,
1633 1509 1689 1562 id
1737 1513 1841 1574 est,
1873 1509 2031 1563 dabit

339 1599 396 1650 in
455 1597 808 1665 opprobrium
845 1599 1210 1650 conculcantes
1266 1613 1365 1650 me.
1401 1600 1553 1652 Misit
1609 1600 1772 1651 Deus.
1837 1599 2026 1665 (AUG.)

333 1684 603 1748 Verbum,
653 1684 713 1738 in
745 1701 859 1756 quo
899 1685 1346 1739 misericorditer
1373 1687 1507 1756 egit,
1558 1685 1616 1738 in
1651 1703 1764 1756 quo
1814 1691 1868 1740 et
1897 1702 2027 1756 pro-
2070 1713 2109 1766 Β

337 1773 641 1828 missiones
689 1773 966 1843 implevit.
1004 1774 1456 1838 Misericordiam,
1513 1773 1650 1843 quia
1679 1791 1750 1828 ex
1807 1773 2031 1827 miseri-

335 1858 527 1911 cordia
565 1874 666 1928 pro
723 1856 887 1910 nobis
930 1862 1187 1911 mortuus
1235 1863 1336 1911 est.
1391 1860 1703 1922 Veritatem,
1760 1857 1915 1928 quia,
1966 1861 2033 1911 ut

332 1945 619 2015 praedixit,
655 1945 919 2010 surrexit,
953 1944 1024 2002 ad
1076 1945 1476 2014 justiﬁcandos
1535 1963 1657 2000 nos.
1722 1949 2027 2002 Misericor-

333 2034 487 2088 diam
543 2048 720 2097 suam,
756 2039 860 2087 etc.
897 2035 1104 2102 (HIER.,
1167 2035 1332 2102 Anc.)
1388 2035 1635 2105 Utraque
1683 2034 1837 2088 enim
1870 2035 1928 2088 in
1961 2051 2029 2089 eo

333 2122 722 2174 continentur.
784 2122 842 2175 Si
900 2121 1054 2175 enim
1109 2123 1226 2176 sola
1263 2122 1461 2176 fuisset
1508 2123 1910 2187 misericordia,
1956 2124 2026 2178 li-

337 2209 526 2263 centia
547 2215 694 2263 esset
741 2209 906 2264 nobis
957 2210 1269 2281 peccandi;
1304 2211 1349 2266 si
1371 2212 1490 2265 sola
1518 2211 1746 2281 veritas,
1779 2229 1896 2266 non
1926 2229 2030 2284 po-

339 2296 545 2351 tuisset
571 2297 745 2352 homo
777 2297 1078 2353 sustinere.

411 2405 572 2458 Vens.
635 2407 686 2458 5.
748 2434 816 2443 —
870 2405 1137 2459 Dormivi.
1203 2406 1388 2474 (Aes)
1439 2404 1569 2459 Alta
1619 2405 1811 2475 quiete
1867 2405 2031 2460 facile

337 2492 700 2547 excitandus:
775 2493 1139 2550 Conturbatus
1189 2492 1478 2562 passione,
1540 2493 1793 2547 dormivi.
1853 2493 2030 2547 David

334 2596 450 2634 non
502 2580 771 2634 dormivit
823 2580 882 2633 in
917 2582 1210 2650 spelunca,
1260 2581 1357 2634 sed
1395 2581 1650 2636 Christus
1703 2582 1763 2635 in
1821 2587 2026 2636 morte.

333 2670 533 2738 (Cass)
610 2669 1012 2737 Conturbatus,
1073 2670 1385 2722 secundum
1454 2656 1688 2723 carnem
1752 2671 2030 2741 passionis

337 2757 618 2811 memoria
639 2763 696 2811 et
719 2758 1002 2827 angustia,
1026 2758 1210 2822 unde;
1239 2760 1432 2812 Tristis
1455 2763 1533 2812 est
1558 2762 1742 2813 anima
1758 2775 1896 2827 mea,
1921 2764 2026 2816 etc.

337 2849 404 2898 Et
446 2848 600 2914 C(Bpil
651 2847 816 2900 Jesus
872 2845 1062 2900 taedere
1091 2851 1141 2899 et
1166 2861 1380 2914 pavere.
1409 2848 1543 2902 Filii
1590 2849 1884 2902 hominum.
1912 2849 2031 2903 Re-

337 2939 459 2987 ctus
495 2934 636 2988 ordo
687 2940 804 2988 est:
868 2934 972 2988 lilii
1013 2933 1315 2988 hominum
1367 2937 1602 3005 laqueos
1655 2941 2026 3007 paraverunt;

339 3022 434 3076 sed
458 3021 1010 3093 interseritqualiter
1038 3023 1414 3078 turbaverint.
1447 3026 1684 3091 Lingua.
1717 3027 1888 3080 Voces
1917 3027 2031 3080 illae

338 3111 639 3180 Cruciﬁge,
692 3112 982 3181 crucifige,
1033 3116 1090 3166 et
1141 3112 1491 3180 hujusmodi,
1549 3113 1721 3167 etiam
1777 3113 2035 3168 fecerunt

342 3205 607 3265 mortem,
645 3202 706 3252 ut
735 3199 960 3268 gladius
990 3204 1188 3253 acutus
1217 3200 1434 3269 (Matth.
1469 3217 1594 3255 xxvr
1625 3217 1638 3268 ;
1673 3203 1842 3256 Marc.
1893 3205 2026 3270 xiv).

413 3304 572 3356 Vens.
589 3305 641 3356 6.
658 3332 724 3341 —-
743 3304 1024 3356 Emaltare.
1043 3304 1236 3372 (1bid.)
1251 3306 1323 3358 Ex
1340 3321 1584 3374 persona
1595 3307 1889 3376 propheta
1901 3307 2035 3361 visis

339 3391 589 3459 injuriis,
649 3389 886 3459 visoque
917 3391 1068 3460 quod
1116 3391 1174 3443 in
1202 3393 1616 3446 resurrectione
1647 3394 1847 3447 inanes
1901 3395 2034 3449 facti

344 3483 480 3532 sunt
507 3476 711 3543 Judaei,
740 3477 997 3546 gaudens
1027 3480 1302 3532 exclamat
1331 3480 1505 3533 homo
1538 3480 1598 3533 in
1624 3497 1819 3534 cruce:
1869 3484 2034 3536 Επαι-

342 3573 476 3632 tare,
514 3566 658 3619 Deus
678 3580 839 3632 super
885 3567 1058 3630 ccelos,
1086 3571 1146 3618 ut
1157 3566 1376 3635 judicet
1400 3569 1624 3621 interra
1651 3569 1895 3623 Judaios.
1927 3573 2036 3625 Ea:-

341 3658 536 3710 altare.
570 3653 876 3724 Superiora
910 3654 1205 3717 Dominus,
1255 3655 1530 3726 propheta
1562 3657 1815 3726 quidem,
1849 3658 1946 3711 sed
1977 3660 2037 3713 in

342 3759 585 3813 persona
619 3741 868 3806 Domini,
903 3743 1038 3812 quia
1075 3743 1352 3796 Dominus
1372 3744 1428 3796 in
1458 3745 1734 3814 propheta
1763 3746 2032 3816 loquitur.

343 3831 583 3896 Quando
635 3830 806 3884 etiam
859 3846 927 3884 ex
987 3847 1087 3884 sua
1144 3847 1389 3900 persona
1423 3833 1677 3902 loquitur
1733 3835 2034 3904 propheta,

345 3918 626 3972 Dominus
681 3934 785 3988 per
840 3934 971 3972 eum
1020 3919 1295 3989 loquitur,
1355 3920 1454 3990 qui
1509 3921 1561 3975 ei
1613 3922 1780 3976 dicta.
1848 3920 2037 3990 (AUG.)

346 4006 633 4060 Eraltare.
700 4005 881 4059 Verba
942 4005 1169 4059 Christi.
1229 4006 1356 4072 Sed,
1415 4023 1448 4060 ο
1483 4009 1665 4075 Pater,
1707 4015 1837 4076 etc.,
1871 4025 2041 4078 usque

341 4094 418 4150 ad
438 4094 574 4165 quia
602 4097 756 4147 totus
795 4093 1046 4147 mundus
1076 4094 1129 4147 ei
1154 4093 1441 4164 subjectus
1472 4101 1578 4150 est.

420 4202 575 4253 Vens.
609 4203 663 4253 7.
695 4228 764 4239 —
807 4199 1085 4268 Laqueum
1137 4206 1492 4268 paraverunt.
1557 4203 1899 4272 Interposita
1952 4219 2041 4256 ex-

2133 517 2461 584 psalterium
2486 520 2535 569 et
2556 517 2794 581 cithara,
2828 519 2885 568 et
2923 515 3226 568 conﬁtetur
3254 515 3521 568 Domino.

2213 603 2375 656 Vens.
2415 606 2498 657 ll.
2526 632 2597 644 —
2648 603 2740 656 Ad
2796 603 2966 656 caelos.
3031 602 3231 672 (Ibid.)
3268 601 3375 664 Qui
3426 617 3604 672 supra
3637 601 3828 666 nubes,

2138 691 2236 744 ubi
2293 691 2451 745 sedes
2506 691 2860 762 angelorum,
2919 695 3045 755 etc.,

2137 780 2330 834 cordia
2348 780 2621 834 ascendit.

3095 706 3265 758 usque
3292 690 3366 744 ad
3407 690 3584 744 caelos
3627 691 3832 744 miseri-

2724 849 3036 904 PSALMUS
3086 849 3244 902 LVII.

2209 958 2370 1010 Vens.
2409 959 2456 1010 ί.
2510 987 2577 994 -
2609 959 2669 1010 1η
2695 958 2854 1025 ﬁnem
2882 972 2948 1009 ne
2996 955 3283 1024 disperdas
3327 955 3507 1009 David
3544 957 3606 1009 in
3667 959 3830 1023 tituli,

2138 1051 2243 1100 etc.
2279 1046 2487 1113 (Cass)
2544 1045 2732 1098 Monet
2770 1061 2841 1098 ne
2901 1043 3028 1114 quis
3072 1043 3281 1097 Christi
3330 1059 3507 1113 regno
3559 1046 3835 1098 contradi.

2139 1139 2250 1189 cat.
2283 1133 2474 1188 Prima
2501 1137 2586 1187 est
2615 1133 2976 1203 exprobratio
3005 1133 3357 1194 Judaeorum,
3394 1149 3463 1186 ne
3510 1133 3728 1187 similia
3752 1135 3833 1188 fa-

2140 1225 2374 1278 ciamus.

2210 1314 2372 1384 Vans.
2421 1314 2474 1364 2.
2537 1341 2605 1350 —
2663 1311 2724 1366 Si
2765 1325 2886 1363 vere
2941 1312 3131 1379 utique
3187 1309 3471 1378 justitiam
3521 1311 3828 1389 loquimini.

2139 1403 2333 1471 (AUG.)
2409 1399 2685 1456 Omnibus
2742 1398 2905 1453 facile
2963 1405 3047 1451 est
3123 1397 3277 1468 loqui
3332 1398 3648 1467 justitiam,
3708 1404 3835 1466 etc.,

2137 1504 2304 1558 usque
2327 1488 2402 1541 ad
2435 1487 2569 1557 quia
2624 1502 2722 1539 rex
2764 1489 2950 1538 vester
2992 1501 3136 1544 sum,
3183 1490 3245 1537 ut
3273 1484 3475 1538 titulus
3514 1485 3626 1538 ait:
3662 1488 3832 1540 Recte.

2137 1575 2318 1630 Judaei
2378 1575 2457 1629 sic
2515 1575 2584 1628 de
2617 1574 2836 1628 Christo
2880 1573 3304 1643 judicaverunt,
3358 1578 3419 1626 ut
3467 1574 3600 1627 ﬁcte
3647 1575 3720 1628 de
3773 1591 3836 1628 eo

2138 1664 2308 1718 locuti
2331 1663 2662 1733 probentur.

2211 1753 2387 1805 Vens.
2423 1754 2474 1805 3.
2532 1781 2599 1789 —
2630 1753 2823 1806 Manus
2876 1755 3084 1804 vestras.
3138 1750 3248 1804 Cor
3285 1750 3548 1820 sequitur
3592 1766 3831 1804 manus:

2140 1840 2418 1911 quidquid
2465 1840 2568 1905 vis,
2601 1844 2659 1893 et
2680 1855 2794 1893 non
2824 1844 3008 1909 potes,
3042 1839 3188 1892 Deus
3216 1837 3438 1905 {factum
3473 1843 3664 1908 putat.
3701 1839 3836 1894 Con-

2139 1931 2384 1983 cinnant.
2419 1930 2516 1982 Vel
2548 1931 2914 1993 connectunt,
2958 1927 3190 1992 scilicet,
3213 1926 3369 1980 aliud
3400 1927 3497 1980 alii
3532 1927 3844 1995 adjungen-

2145 2023 2249 2085 tes,
2293 2023 2423 2083 etc.,
2467 2032 2636 2086 usque
2678 2017 2751 2070 ad
2801 2016 2952 2070 unde
3000 2015 3226 2086 ﬂagello
3283 2015 3350 2069 de
3397 2015 3689 2069 resticulis
3749 2032 3843 2069 ce—

2145 2105 2279 2160 cidit
2303 2106 2838 2159 Dominusementes
2869 2110 2926 2158 et
2947 2104 3257 2157 vendentes
3286 2103 3346 2157 in
3378 2104 3622 2172 templo.

2211 2195 2373 2248 Vens.
2408 2197 2458 2248 4.
2493 2225 2560 2232 -
2617 2195 2867 2248 Alienati
2903 2197 3031 2246 sunt
3073 2197 3372 2260 peccatores
3399 2208 3433 2244 a
3473 2193 3665 2245 vulva.
3727 2192 3836 2256 Vel,

2140 2283 2374 2337 alienati
2409 2287 2540 2336 sunt
2570 2299 2601 2336 a
2650 2282 2816 2335 vulva
2865 2280 3146 2347 Ecclesiae,
3180 2283 3312 2348 etc.,
3342 2294 3512 2348 usque
3535 2279 3615 2332 ad
3664 2279 3834 2332 abor-

2141 2369 2244 2424 tivi
2275 2369 2656 2424 excutiuntur.
3335 2380 3346 2391 '

2212 2459 2371 2513 Vens.
2423 2461 2472 2511 5.
2507 2486 2576 2498 -
2618 2460 2793 2512 Furor
2849 2456 2981 2510 illis.
3035 2454 3225 2524 (Ibid.)
3257 2455 3382 2508 Non
3414 2454 3687 2507 laudatur
3714 2454 3835 2524 ipsa

2141 2562 2294 2602 resa
2347 2545 2658 2615 Scriptura,
2714 2544 3096 2614 undecunque
3154 2543 3322 2596 datur
3370 2541 3716 2607 similitudo,
3781 2547 3840 2595 ut

2143 2636 2213 2690 de
2257 2634 2456 2705 iniquo
2482 2633 2695 2704 judice,
2753 2633 2851 2702 qui
2905 2635 3207 2700 rogantem
3255 2630 3481 2684 viduam
3514 2630 3608 2684 vix
3668 2631 3844 2684 andi-

2142 2724 2241 2778 vit.
2274 2723 2465 2779 Surdae
2519 2727 2568 2776 et
2614 2721 2938 2775 obturantis.
2995 2719 3190 2790 (Cass)
3244 2719 3367 2772 Non
3397 2718 3582 2770 solum
3618 2733 3738 2770 non
3763 2717 3845 2770 fa-

2143 2810 2318 2877 ciunt,
2352 2810 2449 2863 sed
2479 2825 2583 2863 nec
2605 2807 2801 2862 audire
2828 2807 3045 2860 volunt.
3073 2807 3270 2874 (Ars)
3295 2809 3480 2868 Terra,
3504 2805 3839 2875 praisentia,

2145 2898 2355 2970 quibus
2386 2897 2699 2951 delectatur
2719 2895 2922 2961 homo;
2955 2895 3150 2961 canda,
3170 2893 3480 2965 praeterita.

2071 2993 2111 3048 C
2212 2988 2369 3040 Vens.
2421 2992 2472 3040 6.
2522 3015 2590 3024 —
2645 2985 2878 3051 Veneﬁci
2922 2981 3278 3048 incantantis,
3332 2981 3524 3050 (Ibid)
3584 2981 3687 3034 Vel
3748 2996 3845 3033 se-

2035 3083 2048 3108 λ
2137 3075 2390 3130 cundum
2464 3072 2636 3126 aliam
2691 3071 2965 3125 litteram:
3035 3069 3415 3123 Medicamenti
3501 3068 3769 3122 medicati
3814 3085 3850 3122 a

2141 3165 2399 3232 sapiente.
2435 3160 2910 3216 Medicamentum
2965 3157 3329 3221 medicatum,
3381 3162 3512 3220 etc.,
3563 3171 3740 3225 usque
3772 3156 3848 3210 ad

2141 3251 2235 3306 hic
2267 3254 2350 3304 est
2375 3265 2510 3318 ergo
2543 3247 2768 3316 sapiens
2791 3264 2820 3300 a
2850 3263 2963 3316 quo
2990 3245 3305 3299 medicatur
3329 3245 3845 3298 medicamentum.

2215 3340 2374 3392 Vens.
2407 3341 2457 3391 7.
2508 3367 2576 3374 —
2615 3339 2753 3390 Deus
2808 3339 3055 3389 conteret.
3118 3334 3311 3402 (Cass)
3364 3333 3500 3396 Quae
3533 3333 3616 3386 eis
3665 3333 3849 3386 retri-

2143 3427 2323 3483 butio.
2379 3424 2573 3493 (Anc)
2629 3422 2892 3492 Aspides,
2924 3420 3127 3486 Judaii,
3162 3421 3299 3474 dum
3334 3420 3610 3474 insidiosa
3645 3425 3848 3474 tenta-

2144 3518 2311 3581 bant;
2355 3515 2568 3581 leones,
2604 3512 2742 3566 dum
2793 3514 3036 3563 mortem
3085 3509 3565 3573 inclamaverunt;
3629 3509 3848 3562 horum

2142 3604 2295 3658 Melae
2317 3604 2528 3668 fractae,
2584 3599 2814 3669 quando
2847 3597 3093 3651 surrexit
3145 3597 3421 3650 Christus.
3471 3599 3690 3650 Dentes.
3733 3599 3848 3650 Do-

2145 3691 2265 3744 losa
2319 3689 2508 3743 verba.
2556 3689 2629 3740 In
2686 3701 2792 3740 ore.
2849 3684 3045 3739 Verbis
3100 3684 3215 3738 suis
3260 3684 3446 3754 capiet
3499 3699 3616 3736 eos.
3670 3685 3852 3738 Molas

2147 3779 2355 3831 leonum
2404 3777 2705 3842 confringet
2760 3774 3037 3827 Dominus.
3095 3770 3188 3824 Ad
3244 3772 3475 3824 nihilum
3521 3770 3855 3825 devem’ent:

2147 3863 2588 3919 Iuclamationes
2655 3861 2872 3915 mortis.
2934 3861 3272 3926 Confringet,
3322 3875 3394 3912 ne
3439 3859 3510 3912 ad
3576 3859 3855 3913 etfectum

2147 3953 2404 4019 veniant;
2439 3951 2590 4022 quod
2621 3950 2872 4020 exponit.
2905 3949 3002 4002 Ad
3031 3948 3287 4013 nihilum,
3317 3947 3528 4000 dicens.

2217 4043 2385 4096 Vens.
2448 4041 2502 4096 8.
2538 4069 2606 4079 —
2659 4041 2938 4108 Tanquam
2993 4053 3157 4104 aqua.
3220 4035 3421 4101 (Ibid.)
3468 4036 3853 4089 Torrentibus

2151 4130 2322 4185 etiam
2359 4133 2787 4197 comparantur,
2818 4126 2953 4196 quia
2983 4129 3251 4178 sonantes
3273 4124 3342 4176 ad
3390 4139 3522 4176 saxa
3556 4124 3852 4193 superbia:

2149 4218 2438 4290 improvisi
2481 4222 2614 4270 sunt
2643 4221 2699 4269 et
2736 4214 3076 4284 precipites,
3102 4213 3200 4267 sed
3245 4213 3358 4266 cito
3393 4217 3717 4265 transeunt.
3748 4215 3855 4267 Tot

344 4287 637 4353 altatione,
671 4291 914 4356 cceptam
970 4288 1359 4342 narrationem
1409 4269 1753 4360 exsequitur.
1813 4291 2036 4346 Pedibus

2215 4269 2329 4359 arlis'
2363 4269 2787 4373 comparantur.
2840 4269 3078 4355 Intendit
3131 4316 3335 4354 arcum.
3371 4300 3630 4353 Vindicta
3664 4301 3854 4353 donec

348 4377 538 4444 (Cass)
581 4374 811 4429 Domini
842 4381 975 4428 sunt
1015 4376 1436 4446 increpationes
1481 4379 1784 4446 malorum,
1817 4387 1874 4434 et
1911 4397 2042 4451 pro-

347 4464 648 4517 missiones
680 4463 958 4526 fidelium,
1010 4464 1220 4534 quibus
1249 4465 1396 4518 dolos
1447 4473 1800 4533 paraverunt,
1850 4473 1914 4522 ut
1967 4469 2035 4523 de

349 4553 627 4607 adultera.
682 4555 1128 4617 Incurvaverunt,
1164 4554 1299 4608 dum
1340 4553 1420 4607 eis
1451 4558 1803 4626 compatiens
1835 4557 2042 4613 sterilis

349 4639 698 4694 reddebatur
743 4641 813 4694 ab
876 4642 974 4696 eis.
1021 4645 1163 4697 Ante
1198 4643 1396 4710 faciem
1442 4660 1613 4698 meam
1648 4647 1879 4716 foveam,
1931 4651 2038 4701 etc.

349 4728 496 4781 Dum
528 4727 587 4781 in
618 4744 680 4781 os
737 4731 861 4798 ejus
919 4729 1218 4784 dixerunt:
1255 4731 1403 4785 Reus
1436 4736 1520 4784 est
1557 4734 1784 4789 mortis.

425 4826 586 4880 Vens.
647 4829 698 4880 8.
753 4856 822 4866 —
871 4828 1162 4882 Paratum.
1224 4829 1418 4897 (Ibid)
1483 4830 1856 4901 Diapsalmus.
1909 4835 2043 4887 Post

350 4914 831 4968 resurrectionem
869 4915 1062 4970 laudes
1117 4916 1417 4986 promittit.
1470 4918 1588 4981 Vel,
1647 4925 1910 4988 paratum
1967 4921 2038 4974 ad

353 5002 604 5071 agendas
636 5002 845 5072 gratias
877 5002 1050 5072 (quod
1072 5003 1148 5057 ibi
1179 5005 1442 5071 ostendit)
1475 5006 1719 5060 cantabo.

425 5099 582 5152 Vens.
615 5101 666 5153 9.
695 5129 763 5138 —
800 5101 1062 5165 Exsurge,
1108 5100 1283 5166 gloria
1310 5116 1444 5154 mea.
1479 5101 1678 5169 (Ibid)
1711 5102 1777 5155 Et
1830 5102 1976 5164 ideo,
2009 5119 2042 5158 ο

355 5203 509 5252 caro,
543 5203 674 5258 quas
701 5203 758 5240 es
805 5203 973 5240 causa
1002 5187 1200 5257 gloriaa
1247 5205 1408 5255 meae,
1442 5191 1717 5257 Exsurge,
1758 5196 2041 5259 potenter,

353 5275 517 5343 quasi
571 5276 642 5329 ad
675 5274 1014 5328 miraculum
1071 5274 1397 5329 faciendum
1429 5278 1870 5346 congratulatio,
1939 5277 2039 5348 qui

353 5367 566 5428 certus,
643 5363 797 5417 unde
863 5363 1015 5417 idem
1097 5363 1457 5429 afﬁrmando,
1517 5364 1739 5434 repetit.
1796 5367 2046 5434 Ercsurge

357 5449 504 5515 dico,
557 5450 695 5519 quia
749 5455 938 5504 certus
993 5466 1120 5504 sum
1159 5456 1215 5504 et
1265 5451 1333 5505 de
1379 5452 1538 5514 hora,
1575 5452 1708 5521 quia
1754 5468 2046 5520 exsurgam

363 5539 620 5592 diluculo.
654 5541 922 5606 Exsurge,
973 5540 1297 5608 psalterium
1330 5547 1379 5596 et
1413 5543 1644 5596 cithara.
1680 5543 1874 5613 (Αυε.)
1925 5543 2047 5598 Una

2149 4397 2301 4449 intus
2331 4399 2385 4449 et
2409 4399 2568 4448 extra
2590 4392 2976 4455 inﬁrmentur,
3005 4392 3061 4444 et
3090 4389 3442 4454 auferantur,
3477 4404 3506 4440 a
3534 4395 3852 4458 conspectu

2151 4483 2271 4549 Dei,
2315 4483 2469 4536 missi
2493 4482 2551 4535 in
2596 4481 2942 4548 gehennam,
2972 4477 3064 4531 hic
3092 4477 3148 4530 in
3172 4476 3454 4546 praesenti,
3481 4493 3514 4528 a
3545 4481 3704 4530 terra
3725 4494 3850 4529 sua.

2219 4573 2381 4625 Vnns.
2421 4573 2503 4625 10.
2551 4598 2619 4608 -
2667 4570 2995 4636 Priusquam
3025 4568 3209 4634 spinaz.
3263 4564 3447 4634 (Ibid)
3472 4564 3532 4618 1d
3565 4569 3670 4628 est,
3709 4581 3850 4636 pec-

2149 4665 2274 4714 cata
2319 4658 2661 4726 intelligant.
2722 4657 3044 4718 Rhamnum,
3092 4653 3146 4706 id
3178 4657 3280 4719 est,
3336 4656 3562 4705 acutam
3597 4653 3850 4706 damna-

2146 4748 2384 4813 tionem,
2421 4747 2477 4799 in
2523 4751 2775 4799 extremo
2809 4743 2968 4813 ignia
3024 4741 3292 4795 vitiorum
3324 4741 3592 4794 absorbet
3634 4758 3760 4808 eos,
3797 4739 3854 4793 id

2149 4842 2253 4902 est,
2287 4836 2538 4890 devorat.
2584 4835 2907 4890 Rhamnum.
2958 4832 3147 4885 Genus
3197 4829 3392 4882 herba:
3445 4828 3607 4899 prius
3663 4829 3857 4883 mollis

2149 4925 2243 4979 sed
2305 4940 2434 4995 quae
2485 4927 2612 4993 post
2657 4921 2715 4974 in
2768 4921 2957 4990 spinas
3013 4917 3277 4971 vertitur:
3342 4917 3420 4969 sic
3507 4922 3566 4970 et
3615 4924 3858 4986 peccata

2149 5011 2322 5066 modo
2364 5011 2665 5074 delectant,
2726 5008 2825 5062 sed
2875 5010 3004 5076 post
3058 5008 3340 5075 pungunt.
3391 5005 3550 5058 Sicut
3587 5008 3857 5068 viventes,

2149 5101 2248 5161 sic,
2271 5103 2377 5153 etc.
2413 5098 2556 5163 Quia
2589 5113 2704 5152 non
2740 5111 2892 5158 vera,
2926 5093 3025 5148 sed
3073 5094 3212 5148 falsa
3242 5097 3325 5146 est
3353 5092 3671 5161 impiorum
3706 5095 3855 5148 vita:

2150 5189 2416 5242 videntur
2444 5187 2653 5254 vivere,
2707 5199 2810 5237 nec
2841 5182 3054 5236 vivunt.
3118 5183 3204 5235 Sic
3257 5183 3312 5233 in
3345 5184 3434 5234 ira
3463 5181 3719 5235 absorbet
3748 5198 3860 5248 eos,

2153 5277 2288 5348 quia
2311 5278 2458 5330 Deus
2510 5273 2853 5344 tranquillus
2885 5271 3125 5342 judicat,
3161 5270 3244 5322 vel
3293 5269 3428 5340 quia
3488 5285 3604 5322 non
3637 5275 3726 5324 est
3773 5271 3864 5324 ira

2152 5364 2577 5434 comparatione
2608 5362 2836 5416 futurae.

2235 5453 2402 5506 Vens.
2444 5456 2527 5507 ll.
2563 5481 2628 5490 —
2661 5450 2957 5505 thabitur
2978 5447 3162 5516 justus
3192 5461 3309 5499 cum
3329 5445 3524 5498 viderit
3541 5445 3861 5499 vindictam

2156 5541 2354 5610 (Cass)
2404 5538 2693 5596 Correctio
2760 5538 3052 5608 justorum
3109 5535 3180 5589 de
3227 5533 3441 5588 ultione
3489 5532 3858 5604 iniquorum.
