4082 6184
182 270 291 321 929

1310 240 1571 324 διοδεᾷ
1603 270 2007 327 0RDINARIA.
2050 302 2117 311 -
2156 273 2284 328 LIB.
2332 272 2571 329 PSALM.

3594 280 3699 333 930

264 389 429 440 Vens.
495 391 577 441 1?.
629 418 697 425 -—
752 389 821 441 Et
868 388 1010 441 dicet
1060 388 1231 442 homo.
1293 389 1481 457 (AUG.)
1539 390 1693 445 Sicut
1725 392 1879 462 justo
1910 395 1955 447 A
1996 394 2184 461 (Anu)
2211 394 2324 447 Etsi
2360 410 2473 446 non
2505 393 2673 447 modo
2705 392 2863 446 obliti
2897 399 3049 456 sunt,
3076 410 3205 448 cum
3239 410 3357 447 non
3385 394 3499 449 sint
3528 400 3701 450 testes

188 476 288 529 Dei
321 476 533 545 judicio
569 476 650 541 lit,
684 480 814 541 etc.,
848 492 1016 545 usque
1046 477 1120 530 ad
1149 482 1205 531 et
1258 477 1394 548 quia
1442 478 1590 548 ignis
1626 480 1887 535 absorbet

188 566 392 627 malos,
418 580 554 634 ergo
587 570 671 617 est
702 567 839 618 Deus
862 565 1122 633 judicans
1155 582 1237 620 eos
1265 567 1326 620 in
1357 572 1526 621 terra.

760 654 1073 709 PSALMUS
1131 655 1315 709 LVIII.

260 744 424 796 Vens.
483 746 529 795 1.
580 771 648 782 -·
706 744 767 796 In
796 745 955 811 ﬁnem
1015 759 1097 797 ne.
1166 744 1397 814 (Cass)
1450 746 1678 799 Frustra
1705 751 1887 801 teutat

186 831 399 901 aliquis
453 830 781 901 disperdere
833 832 989 901 quod
1046 833 1215 885 toties
1259 833 1450 887 divina
1487 834 1751 903 prohibet
1781 852 1885 888 au-

186 920 441 973 ctoritas.
499 922 577 973 Ne
631 920 939 989 disperdas.
1010 922 1189 990 (Asc)
1247 923 1387 976 Cum
1444 924 1655 976 Pilatus
1696 924 1887 977 dixit:

192 1008 352 1073 Quod
381 1010 593 1077 scripsi,
648 1011 850 1077 scripsi
895 1015 1027 1075 etc.,
1076 1025 1246 1078 usque
1286 1011 1360 1063 ad
1407 1016 1463 1064 et
1516 1012 1727 1065 famam
1786 1013 1887 1065 ha-

187 1096 321 1149 bere
352 1096 413 1149 in
436 1096 701 1150 omnibus
745 1097 1029 1166 gentibus.
1084 1098 1253 1168 (Cass
1284 1098 1299 1170 )
1350 1100 1485 1153 Orat
1534 1100 1721 1171 primo
1750 1101 1889 1155 libe-

186 1185 304 1237 rari
360 1185 719 1239 ascendendo
783 1186 853 1239 ab
914 1186 1045 1239 imis
1077 1186 1145 1239 ad
1174 1189 1323 1241 alta:
1386 1193 1510 1242 orat
1556 1190 1729 1242 etiam
1783 1206 1888 1260 pro

193 1275 374 1326 salute
404 1274 697 1343 gentium:
760 1274 946 1365 (Au/0.)
998 1276 1281 1346 Loquitur
1328 1276 1420 1329 hic
1445 1278 1673 1348 integer
1728 1278 1889 1332 Chri-

190 1367 333 1429 stus,
357 1363 568 1415 scilicet
589 1368 759 1433 caput
785 1370 839 1417 et
857 1363 1097 1433 'corpus.

266 1452 425 1505 Vens.
451 1454 502 1505 2.
544 1483 612 1492 —
674 1454 838 1521 Eripe
887 1453 1075 1521 (Ibid)
1120 1454 1267 1507 Dum
1334 1452 1433 1524 qui
1490 1453 1613 1506 sine
1668 1453 1891 1507 macula

201 1544 309 1603 est,
344 1541 451 1593 hoc
497 1540 661 1609 petit,
721 1540 858 1611 quid
914 1542 1232 1593 necessario
1290 1547 1568 1611 petamus,
1621 1542 1887 1595 ostendit.

198 1632 269 1681 De
301 1631 556 1682 inimicis.
591 1629 806 1696 (CASS.)
854 1629 1111 1693 Quatuor
1135 1645 1346 1699 genera
1378 1635 1510 1683 sunt
1542 1630 1891 1683 adversario-

194 1734 353 1781 rum,
386 1720 515 1781 etc.,
548 1734 717 1785 usque
749 1718 823 1770 ad
853 1720 921 1771 de
962 1718 1049 1771 his
1098 1734 1233 1788 ergo
1265 1720 1342 1772 ait
1376 1735 1387 1772 :
1423 1720 1598 1787 Eripe
1651 1736 1751 1785 me,
1786 1725 1888 1772 etc.

270 1807 436 1859 Vens.
480 1814 528 1863 4.
561 1837 629 1845 -—
666 1808 864 1860 Fortes.
939 1806 1124 1877 (Auo.)
1155 1808 1337 1861 Etiam
1373 1812 1515 1869 sunt,
1550 1808 1648 1877 qui
1679 1824 1894 1877 praesu-

192 1899 368 1946 munt
396 1893 464 1946 de
491 1893 716 1961 justitia
745 1910 866 1957 sua,
901 1900 1029 1960 etc.,
1060 1912 1229 1963 usque
1259 1896 1332 1949 ad
1380 1896 1479 1949 sed
1536 1902 1810 1965 sperantes
1841 1898 1897 1948 in

191 1982 411 2035 divitiis
437 1983 841 2051 pracaluerunt
876 1986 933 2037 in
962 1987 1206 2037 vanitate
1235 2000 1362 2038 sua.

271 2071 439 2124 Vens.
486 2073 543 2125 5.
582 2102 648 2109 —
692 2072 993 2139 Iniquitas.
1054 2072 1255 2141 (Cass)
1290 2072 1632 2126 Malivolenti
1666 2088 1677 2125 :
1709 2087 1897 2141 pecca-

197 2163 340 2223 tum,
359 2160 566 2228 operis.

276 2249 434 2302 Vens.
468 2251 518 2301 6.
582 2280 643 2287 —
691 2250 957 2314 Earsurge.
1022 2250 1208 2319 (Anc)
1239 2250 1379 2314 Quia
1410 2250 1662 2303 dormire
1695 2248 1902 2303 videris

197 2340 269 2392 In
303 2352 597 2391 occursum.
631 2337 799 2400 Quasi
846 2354 1011 2391 curro
1042 2339 1107 2392 ad
1141 2343 1194 2392 te
1228 2340 1496 2393 merendo
1531 2356 1543 2391 :
1580 2341 1643 2392 Et
1680 2344 1764 2406 tu,
1808 2355 1900 2391 oc-

200 2442 375 2479 curre
406 2426 569 2493 mihi,
615 2426 669 2479 id
703 2432 806 2489 est,
852 2427 1023 2480 redde
1074 2444 1177 2497 pro
1235 2429 1459 2483 merito.
1529 2428 1665 2482 Vide
1714 2427 1901 2497 (Ibid)

200 2516 264 2569 Id
303 2519 407 2581 est,
444 2515 528 2568 fac
556 2514 735 2568 videri
791 2516 1079 2585 quomodo
1113 2516 1179 2569 ad
1215 2525 1268 2569 te
1306 2533 1493 2582 curro,
1545 2521 1674 2582 etc.,
1737 2530 1904 2582 usque

202 2605 284 2658 ad
306 2611 611 2676 postquam
642 2605 829 2660 vidisti
864 2623 953 2660 me
982 2606 1150 2673 mori,
1190 2606 1372 2660 credis
1413 2622 1501 2659 me
1536 2604 1681 2675 patri
1712 2620 1903 2675 mqua-

205 2694 344 2747 lem.

282 2783 423 2835 Vens
475 2788 526 2836 7.
554 2813 615 2822 —
651 2785 1052 2838 Convertentur.
1091 2782 1291 2851 (Casa)
1327 2781 1700 2851 Diapsalmus.
1736 2782 1907 2836 Orata

210 2872 364 2928 salus
394 2872 650 2942 gentium
669 2872 1010 2938 afﬁrmatur,
1040 2876 1095 2925 et
1118 2876 1347 2924 oraturo
1373 2870 1701 2923 .ludaeorum
1733 2871 1903 2923 salus.

1994 481 2139 552 legis
2166 488 2221 535 et
2252 482 2448 535 mortis
2481 481 2707 535 Christi.
2740 483 2804 535 In
2826 484 3028 537 virtute
3060 487 3173 537 tua.
3235 483 3379 547 Quia
3426 488 3482 537 tu
3516 484 3697 550 fortis,

1994 585 2109 622 non
2198 569 2326 639 ipsi.
2408 572 2636 637 Depone,
2718 568 2797 621 ibi
2882 569 2991 622 fuit
3099 571 3501 639 opprobrium.
3579 572 3697 637 Vel,

1996 656 2217 726 depone
2251 674 2344 711 eos
2374 657 2431 710 in
2471 674 2537 710 eo
2580 657 2733 728 quod
2757 657 2892 710 mali
2916 663 3070 725 sunt,
3124 662 3186 711 ut
3214 658 3351 712 boni
3405 664 3647 730 surgant
3681 678 3694 715 :

1998 751 2059 799 ut
2108 746 2165 799 in
2196 748 2387 812 Paulo,
2419 747 2555 817 quia
2579 763 2695 800 non
2723 752 2979 817 surgeret
3007 750 3232 816 Paulus,
3268 749 3383 802 nisi
3419 751 3581 819 prius
3613 767 3704 805 ca-

1996 834 2158 886 deret
2188 834 2392 886 Saulus
2415 834 2562 903 (Act.
2594 842 2691 903 Ix).

2068 923 2227 975 Vens.
2265 923 2464 987 13,14.
2512 953 2583 961 --
2638 924 2904 977 Delicium
2962 924 3071 976 oris
3098 938 3291 977 eorum.
3342 924 3530 995 (Ibid.)
3570 927 3693 980 Non

1997 1025 2114 1073 eos,
2150 1010 2245 1063 sed
2272 1010 2526 1064 delictum
2558 1011 2768 1078 occide,
2801 1015 2865 1065 ut
2898 1012 3295 1066 resuscitatum
3330 1030 3503 1084 quem
3567 1032 3699 1085 per-

1998 1097 2132 1151 dere
2171 1100 2495 1165 voluerunt,
2549 1104 2808 1168 paveant.
2860 1100 3060 1170 (Cass)
3116 1101 3194 1156 Et
3248 1104 3702 1171 comprehendan-

1999 1191 2091 1240 tur
2144 1188 2430 1253 conversi;
2500 1188 2634 1258 quia
2680 1188 2890 1242 factum
2923 1205 3146 1255 eorum,
3204 1194 3333 1256 etc.,
3391 1206 3561 1259 usque
3623 1191 3697 1244 ad

1998 1274 2218 1328 facinus
2246 1292 2379 1329 vero
2437 1276 2644 1329 delevit
2702 1276 2885 1332 venia.
2935 1280 2997 1332 In
3061 1279 3336 1346 superbia.
3377 1279 3560 1349 (Αυις.)
3592 1279 3699 1333 Su-

1998 1364 2195 1434 perbia
2223 1380 2411 1418 comes
2443 1370 2527 1418 est
2556 1365 2785 1418 invidia:
2843 1383 2855 1419 :
2884 1382 2987 1419 nec
3032 1365 3158 1419 ﬁeri
3188 1372 3376 1435 potest
3404 1370 3468 1420 ut
3492 1382 3699 1435 super-

2000 1453 2106 1505 bus
2140 1469 2257 1505 non
2288 1453 2538 1506 invideat
2566 1470 2579 1507 :
2630 1454 2781 1506 unde
2821 1457 2876 1506 et
2904 1454 3160 1508 diabolus
3198 1454 3418 1508 invidet
3449 1454 3693 1507 homini.

2005 1543 2070 1594 Et
2099 1540 2163 1593 de
2192 1544 2574 1596 exsecratione.
2607 1542 2702 1595 Vel
2752 1543 3070 1603 maledicto,
3107 1543 3257 1612 quod
3306 1543 3547 1613 putastis
3575 1559 3696 1596 ma-

2003 1629 2295 1696 ledictum,
2329 1636 2458 1694 etc.,
2484 1646 2651 1700 usque
2680 1632 2753 1685 ad
2782 1632 2916 1702 quia
2948 1632 3004 1685 in
3036 1632 3120 1685 his
3175 1632 3513 1702 deprehensi
3544 1637 3697 1685 sunt.

2006 1720 2497 1776 Annuntiabuntur
2524 1722 2580 1773 in
2609 1725 3081 1775 consummatione.
3116 1722 3236 1787 Vel,
3271 1721 3698 1775 annuntiabun-

2006 1816 2100 1863 tur
2159 1810 2695 1875 consummationes,
2749 1809 2805 1863 id
2841 1814 2941 1876 est,
2979 1810 3378 1881 {medicabitur
3425 1811 3495 1863 ah
3553 1813 3703 1879 Apo-

2008 1897 2166 1951 stolis
2201 1914 2213 1951 :
2251 1897 2352 1949 llbi
2382 1898 2690 1950 abundavit
2720 1896 2989 1950 delictum
3024 1896 3445 1949 exercitationis
3460 1902 3514 1950 et
3543 1913 3701 1950 men-

2009 1984 2176 2051 dacii,
2235 1984 2717 2053 superabundavit
2749 1984 2931 2053 gratia
2983 1985 3375 2054 perfectionis;
3408 1989 3465 2037 et
3520 1984 3707 2054 perti-

2008 2074 2135 2128 nuit
2167 2074 2235 2127 ad
2270 2073 2610 2126 medicinam
2652 2072 2991 2125 humilitatis
3021 2078 3075 2125 et
3133 2071 3486 2126 inﬁrmitatis
3517 2071 3703 2125 homi-

2009 2162 2118 2215 nis.
2178 2163 2239 2215 In
2297 2164 2385 2214 ira
2433 2163 2930 2214 consummationis.
2962 2160 3058 2213 Est
3128 2160 3285 2213 enim
3360 2161 3463 2227 ira,
3497 2160 3555 2214 id
3599 2165 3703 2225 est,

2009 2250 2254 2303 vindicta
2281 2250 2378 2303 Dei
2402 2252 2897 2313 consummationis,
2951 2248 3087 2319 quia
3118 2249 3428 2318 aliquando
3460 2249 3710 2302 vindicat

2013 2340 2180 2405 Deus,
2215 2344 2280 2392 ut
2309 2338 2597 2408 perﬁciat;
2650 2342 2735 2390 est
2763 2342 2820 2390 et
2850 2340 3290 2406 consumptionis,
3328 2344 3391 2389 ut
3451 2353 3579 2390 cum
3614 2336 3707 2390 di-

2012 2434 2099 2481 cet
2133 2446 2145 2482 :
2179 2431 2273 2495 Ite,
2307 2426 2599 2491 maledicti,
2634 2429 2693 2479 in
2722 2429 2900 2493 ignem
2937 2431 3212 2479 aeternum.
3245 2428 3315 2479 Et
3365 2428 3556 2480 scient.
3591 2429 3707 2478 An-

2012 2522 2105 2571 tea
2135 2518 2288 2569 enim
2316 2516 2457 2586 justi
2488 2515 2595 2569 sibi
2633 2515 2971 2568 videbantur
3006 2514 3187 2568 Judaai
3219 2531 3231 2567 :
3263 2514 3357 2567 sed
3388 2514 3711 2567 ostenditur

2015 2606 2118 2671 eis,
2152 2604 2305 2675 quod
2337 2620 2453 2657 non
2512 2605 2631 2657 sine
2678 2604 2918 2669 Christo,
2953 2603 3053 2674 qui
3110 2602 3443 2656 dominatur
3480 2601 3651 2657 Jacob
3694 2617 3707 2654 :

2016 2704 2073 2752 et
2102 2697 2363 2767 deposita
2393 2696 2678 2766 superbia,
2711 2695 2895 2749 sciunt
2926 2712 2985 2748 se
3022 2711 3189 2765 pares
3237 2694 3522 2764 gentibus,
3577 2692 3714 2764 quia

2016 2802 2215 2841 omnes
2244 2789 2637 2857 peccaverunt.

2088 2876 2252 2927 Vens.
2317 2876 2400 2927 l5.
2469 2903 2538 2912 —-
2586 2874 2971 2928 Convertentur
3017 2871 3091 2925 ad
3145 2888 3441 2941 vesperam.
3493 2870 3715 2941 (CASS.)

207 2966 305 3021 Ad
346 2978 641 3031 vesperam,
670 2965 722 3019 id
756 2965 858 3025 est,
883 2960 1061 3013 serius
1090 2965 1223 3029 post
1254 2960 1639 3012 ascensionem
1668 2962 1723 3011 et
1773 2958 1909 3010 mis-
1947 2960 1986 3016 C
2020 2962 2399 3032 Diapsalmus.
2431 2962 2765 3015 Afﬁrmatur
2813 2961 2965 3013 salus
2993 2961 3344 3025 Judmorum,
3381 2966 3439 3016 et
3468 2966 3715 3031 utroque

204 3066 337 3103 sum
369 3051 668 3119 Spiritum,
724 3054 856 3113 etc.,
900 3064 1070 3117 usque
1099 3048 1173 3101 ad
1193 3048 1396 3117 jejuno
1434 3046 1519 3099 bis
1558 3046 1618 3099 in
1652 3045 1905 3099 sabbato.

205 3140 598 3196 Circumibunt.
645 3138 833 3208 (Αυο.)
884 3136 1139 3197 Munient
1186 3134 1457 3189 Ecclesias
1487 3139 1687 3187 contra
1724 3134 1911 3188 haere-

206 3229 348 3283 ticas
380 3226 870 3299 impugnatioues.
915 3226 999 3290 Et,
1063 3240 1190 3277 ecce
1223 3225 1281 3277 in
1335 3222 1636 3276 manifesto
1666 3224 1911 3293 loquen-

206 3325 326 3373 tur.

281 3409 447 3461 Vens.
473 3409 523 3460 8.
560 3437 624 3444 —
654 3407 724 3459 Et
755 3402 993 3471 gladius.
1030 3402 1100 3455 Ut
1147 3405 1400 3453 mactent
1429 3404 1484 3453 et
1532 3398 1899 3453 manducent.

214 3498 489 3562 Quoniam
535 3497 631 3563 qui
662 3493 916 3547 audivit?
963 3490 1133 3555 Quasi
1177 3489 1392 3554 nullus,
1453 3489 1531 3541 ita
1575 3504 1774 3541 omnes
1806 3487 1914 3541 mi-

216 3586 521 3647 rabuntur,
557 3588 684 3649 etc.,
712 3597 880 3649 usque
908 3580 981 3633 ad
1011 3579 1075 3633 ad
1105 3578 1345 3643 nihilum
1380 3578 1620 3632 dedoces
1646 3578 1733 3631 vel
1784 3593 1915 3630 con-

220 3679 437 3727 vertes.
478 3672 709 3725 Gladius
749 3668 950 3739 (Ibid)
1008 3666 1109 3720 Hic
1166 3670 1248 3719 est
1304 3666 1525 3735 gladius
1582 3665 1666 3719 bis
1724 3668 1918 3718 acutus

221 3768 468 3832 utroque
495 3760 754 3813 incidens
786 3759 1166 3821 Testamento,
1226 3772 1339 3825 quo
1371 3759 1581 3807 mactat
1606 3756 1804 3807 Petrus
1829 3768 1917 3806 re-

214 3853 389 3921 ptilia
418 3850 525 3903 sibi
562 3849 622 3901 in
662 3849 814 3901 disco
866 3850 1110 3909 ostensa,
1163 3843 1390 3913 quando
1443 3843 1657 3897 dictum
1706 3846 1790 3895 est
1816 3842 1867 3895 ei
1903 3858 1915 3895 :

215 3942 423 4007 Surge,
456 3941 630 4006 Petre,
652 3941 832 3990 macta
859 3941 908 3989 et
937 3934 1225 3988 manduca.

290 4029 453 4081 Vens.
494 4031 545 4081 9.
592 4055 662 4068 -—
704 4025 982 4079 Deridebis
1039 4037 1121 4075 eos
1171 4021 1245 4074 ad
1295 4020 1545 4073 nihilum.
1581 4016 1781 4088 (Ibid.)
1812 4018 1921 4071 Eos

206 4118 495 4181 dicentes,
559 4116 694 4180 Quis
744 4113 1002 4167 audivit?
1035 4109 1254 4181 quare?
1302 4103 1441 4169 Ouia
1471 4124 1575 4177 pro
1604 4106 1785 4160 nihilo
1820 4107 1920 4159 ha-

210 4206 379 4261 bebit
408 4208 736 4258 convertere
772 4216 970 4255 omnes
1000 4203 1220 4269 gentes,
1273 4197 1410 4268 quia
1470 4212 1668 4249 omnes
1720 4199 1919 4265 gentes

210 4299 562 4356 Christiana:
592 4298 801 4351 futuras
833 4299 1001 4361 sunt;
1031 4300 1087 4347 et
1114 4292 1323 4355 dicitis,
1360 4292 1487 4361 quis
1520 4290 1777 4345 audivit?

294 4390 469 4441 Vens.
520 4390 702 4441 10,—-
753 4384 1150 4441 Fortitudinem
1204 4397 1376 4435 meam
1423 4380 1497 4434 ad
1527 4385 1575 4434 te
1604 4378 1923 4446 custodiam,

213 4480 361 4549 quia
393 4480 531 4531 Deus
573 4480 847 4544 susceptor
875 4487 1019 4527 meus
1067 4486 1140 4531 es,
1190 4472 1355 4524 Deus.
1393 4468 1585 4539 (ιὸἱὰ.)
1646 4467 1759 4521 Etsi
1795 4483 1925 4536 pos-

212 4584 349 4621 sem
394 4566 635 4636 perdere
664 4564 911 4628 Iudaeos,
953 4561 1093 4631 quid
1148 4560 1441 4613 irruerunt
1488 4557 1549 4611 in
1599 4572 1689 4609 me
1720 4555 1922 4621 fortes;

210 4656 504 4728 permitto
562 4658 752 4707 tamen
783 4668 879 4705 eos
914 4650 1118 4713 vivere,
1151 4664 1381 4702 servans
1436 4644 1833 4701 fortitudinem
1856 4643 1926 4697 ad

208 4752 303 4809 te,
345 4743 399 4796 id
433 4748 538 4806 est,
572 4742 642 4794 ad
668 4744 827 4794 tuam
859 4737 1314 4809 dispositionem.

296 4832 460 4884 Vens.
503 4833 584 4883 12.
620 4861 685 4869 —
726 4828 971 4884 Ostendit
997 4826 1192 4896 (lbid.)
1234 4824 1293 4878 id
1325 4827 1427 4889 est,
1478 4825 1750 4893 quantam
1781 4819 1929 4874 circa

158 4900 165 4905 θ
208 4938 318 4977 me
349 4920 558 4974 habeat
580 4916 1033 4972 misericordiam
1064 4910 1472 4968 demonstravit
1509 4910 1654 4963 mihi
1704 4908 1761 4961 in
1793 4907 1927 4977 illis,

206 5012 376 5066 circa
398 5026 543 5079 quos
574 5024 689 5061 non
720 5006 922 5071 habet;
948 5005 1101 5058 unde
1122 5002 1425 5072 Apostolus
1450 5017 1462 5053 :
1495 5000 1770 5054 Sustinuit
1795 5013 1929 5051 vasa

206 5104 327 5155 ira
368 5102 520 5166 apta,
552 5102 601 5150 et
629 5096 702 5149 ad
730 5097 1029 5160 interitum,
1062 5096 1120 5145 in
1148 5092 1320 5145 multa
1343 5091 1631 5158 patientia,
1667 5090 1725 5141 ut
1774 5091 1929 5140 notas

205 5191 444 5256 faceret
469 5186 696 5239 divitias
726 5199 852 5238 suas
915 5185 972 5235 in
1003 5196 1134 5235 vasa
1163 5177 1547 5233 misericordia:
1594 5178 1760 5245 (Rom.
1829 5172 1925 5243 ιχ).

206 5278 308 5335 .Ne
343 5275 577 5329 occidas.
611 5276 805 5328 Potest
856 5273 924 5326 de
977 5271 1185 5326 Judzeis
1239 5267 1441 5337 accipi,
1481 5271 1609 5329 etc.,
1644 5279 1812 5333 usque
1858 5262 1932 5315 ad

205 5363 554 5422 ostenditur
586 5378 713 5433 qua:
763 5360 1150 5415 misericordia
1184 5358 1257 5411 sit
1284 5358 1524 5411 insertis.
1558 5353 1753 5425 (CASS.)
1787 5351 1929 5405 Con-

204 5452 514 5512 sideranti
542 5452 679 5523 quid
708 5452 777 5505 de
816 5451 895 5504 eis
926 5450 998 5504 sit
1041 5449 1354 5520 agendum,
1386 5445 1432 5499 si
1465 5461 1580 5498 non
1607 5442 1722 5495 sint
1759 5444 1933 5494 testes

199 5541 380 5611 legis
430 5544 486 5595 et
543 5538 743 5594 mortis
793 5537 1018 5595 Christi.
1105 5538 1180 5593 Ne
1234 5534 1453 5605 quando
1517 5532 1927 5588 obliviscantur.

2018 3051 2235 3122 pariete
2258 3050 2497 3104 collecto
2528 3054 2716 3118 grates
2756 3053 3024 3118 aguntur.

2088 3140 2249 3193 Vens.
2314 3140 2399 3191 16.
2483 3165 2545 3177 -
2610 3137 3046 3192 Murmurabunt.
3146 3136 3336 3207 (Ibid)
3399 3152 3711 3190 murmura-

2021 3228 2173 3293 bunt,
2205 3228 2261 3281 id
2295 3231 2398 3292 est,
2432 3226 2727 3291 dolebunt,
2778 3226 2927 3295 quod
2961 3224 3134 3277 etiam
3180 3241 3335 3277 nunc
3374 3230 3597 3278 tantum
3628 3225 3716 3278 di-

2020 3319 2390 3386 spargantur;
2453 3314 2564 3379 vel,
2597 3313 3014 3366 murmurabunt
3043 3316 3241 3366 contra
3274 3312 3487 3383 pigros,
3521 3313 3576 3367 id
3610 3319 3716 3379 est,

2021 3402 2401 3473 increpabunt
2431 3401 2573 3454 alios
2590 3400 2849 3453 nolentes
2875 3400 3125 3453 credere.

2093 3494 2253 3547 Vens.
2307 3495 2391 3545 17.
2449 3519 2521 3529 -
2570 3492 2681 3556 Ego
2704 3494 2903 3543 autem.
2967 3488 3157 3558 (Ibid.)
3212 3488 3585 3543 Concluditur
3626 3487 3719 3541 hic

2023 3580 2278 3649 psalmus
2299 3578 2396 3633 ubi
2427 3584 2671 3647 utroque
2713 3577 2930 3647 pariete
2960 3579 3021 3630 in
3068 3578 3333 3647 angulari
3366 3577 3551 3648 lapide
3591 3592 3722 3631 con-

2019 3669 2221 3740 juncto
2242 3668 2366 3737 jam
2396 3670 2517 3720 tota
2550 3665 2789 3719 Ecclesia
2816 3666 3039 3735 gaudet.
3091 3667 3155 3719 Et
3199 3666 3469 3719 emattabo.
3505 3667 3709 3719 Trans-

2029 3756 2165 3810 actis
2212 3754 2566 3826 temporibus
2616 3768 2748 3805 cum
2804 3768 2918 3805 nox
2968 3752 3159 3805 saeculi
3211 3752 3521 3817 transierit,
3573 3757 3723 3806 utet

2028 3844 2283 3898 Christus
2323 3858 2491 3895 mane
2517 3840 2763 3894 surrexit
2796 3856 2809 3892 :
2858 3838 3008 3892 unde
3038 3838 3131 3892 Ad
3160 3855 3438 3908 vesperum
3467 3838 3716 3892 demora-

2030 3932 2177 3985 bitur
2197 3934 2370 3999 fletus,
2398 3929 2531 3983 etad
2555 3931 2883 3981 matutinum
2926 3928 3137 3981 latitia.
3187 3926 3461 3995 Apostoli,
3493 3938 3721 3995 vespere

2029 4020 2309 4073 ﬂeverunt
2356 4021 2665 4080 mortuum,
2718 4032 2883 4069 mane
2932 4015 2999 4068 ad
3029 4019 3425 4084 resurgentem
3473 4014 3725 4067 exsulta-

2030 4111 2255 4161 verunt.
2286 4105 2736 4161 Misericordiam.
2784 4103 2927 4168 Quia
2981 4108 3167 4157 totum
3195 4103 3372 4175 gratis
3410 4103 3508 4157 das
3542 4118 3554 4157 :
3591 4118 3720 4155 cum

2030 4198 2211 4251 multa
2243 4194 2466 4262 dixerit,
2495 4210 2609 4248 non
2640 4197 2834 4246 tamen
2877 4192 3092 4261 omnia,
3120 4192 3181 4247 in
3238 4193 3345 4246 hoc
3382 4207 3497 4245 uno
3530 4184 3726 4245 omnia

2032 4283 2486 4355 comprehcndit.

2634 4422 2943 4478 PSALMUS
2990 4424 3119 4477 LIX.

2104 4555 2263 4606 Vens.
2324 4556 2372 4605 1.
2432 4580 2499 4590 --
2558 4551 2622 4603 1η
2665 4552 2822 4617 finem
2858 4564 2956 4617 pro
3000 4550 3101 4603 his.
3136 4548 3320 4617 (Αυο.)
3380 4548 3445 4601 In
3476 4546 3731 4601 historiis

2034 4659 2149 4696 non
2172 4641 2399 4709 legitur.
2426 4644 2558 4706 etc.,
2592 4654 2760 4709 usque
2788 4638 2862 4691 ad
2882 4638 3177 4692 hominem
3208 4636 3280 4691 ad
3309 4635 3512 4703 ﬁdem;
3541 4639 3729 4688 terre-

2036 4748 2161 4795 nos,
2189 4734 2255 4783 ut
2283 4722 2474 4782 vivant
2500 4728 2773 4781 caelestes.

2108 4819 2306 4890 (BASIL.
2358 4822 2414 4871 et
2441 4816 2670 4885 Tneon.)
2728 4816 2856 4869 Haec
2899 4830 3095 4885 regum
3154 4811 3398 4866 historia
3427 4811 3715 4867 describit.

2037 4907 2318 4963 Praavidet
2348 4910 2537 4959 autem
2557 4906 2836 4975 populum
2875 4902 3408 4972 praevaricaturum,
3441 4900 3729 4970 captivum

2037 4993 2461 5059 abducendum,
2492 4997 2550 5045 et
2606 4991 2978 5061 pcenitentem
3030 4988 3441 5041 reducendum.
3476 4989 3608 5042 Ideo
3639 4988 3726 5041 in-

2038 5083 2312 5154 scripsit:
2357 5084 2458 5137 Pro
2500 5082 2570 5134 iis
2627 5081 2723 5147 qui
2776 5078 3150 5132 mutabuntur.
3193 5078 3508 5130 Doctrinam
3542 5078 3728 5147 (AUG.)

2038 5176 2324 5228 Mutantur
2353 5169 2410 5223 in
2451 5168 2789 5231 doctrinam,
2822 5172 2954 5231 etc.,
2999 5180 3167 5232 usque
3195 5165 3269 5217 ad
3318 5165 3487 5219 Edam
3547 5169 3733 5218 terre-

2039 5278 2147 5315 nus
2178 5260 2350 5313 vitam
2379 5258 2437 5311 in
2470 5258 2775 5310 cmlestem.
2818 5257 2889 5308 Et
2941 5256 3233 5323 percussit.
3288 5254 3428 5307 Cum
3458 5253 3738 5323 percussit

2043 5349 2215 5402 Edom
2242 5345 2431 5416 gladio
2479 5343 2735 5413 spiritus,
2793 5346 2925 5407 etc,,
2967 5356 3135 5409 usque
3186 5341 3260 5394 ad
3312 5340 3473 5394 docet
3504 5340 3730 5395 beatam

2040 5452 2160 5490 esse
2206 5432 2605 5488 contritionem
2669 5446 2771 5501 per
2829 5444 3003 5500 quam
3030 5429 3236 5500 probat
3290 5429 3728 5484 commutandos

2040 5526 2110 5579 ad
2147 5528 2378 5578 aeterna.
