4082 6184
419 301 515 354 931

1034 297 1422 352 WALAFRIDI
1461 293 1706 351 STRABI
1748 293 1946 348 FULD.
1992 292 2150 347 MON.
2191 291 2348 348 OPP.
2403 291 2576 346 PARS
2617 291 2657 345 l.
2700 321 2767 329 -—
2806 290 3259 347 THEOLOGICA.

3809 297 3898 349 93?

491 423 650 477 Vens.
679 425 708 477 3
745 424 992 485 —Deus,
1025 421 1276 489 repulisti
1326 433 1436 473 nos.
1471 418 1670 485 (Cass)
1725 416 1916 470 Primo
1967 414 2110 469 refe-
2139 418 2187 471 A
2296 415 2434 468 Vens
2491 417 2542 468 5.
2613 443 2684 455 —
2739 414 3060 469 Inhabitabo
3109 414 3307 486 (Cass)
3352 416 3437 476 De
3483 415 3772 470 beneﬁciis
3820 418 3903 470 Dei

418 515 628 564 runtur
658 508 1052 579 percussiones
1086 507 1249 560 factae
1292 522 1396 576 pro
1451 505 1683 559 aeternis
1715 503 1902 574 poenis
1933 502 2118 556 vitan-

415 597 501 651 dis
535 614 549 651 :
585 599 866 666 Repulisti.
902 596 963 652 In
1010 595 1205 650 Adam.
1268 596 1349 648 Et
1377 594 1710 647 destrumisti
1732 592 1801 646 ab
1831 592 2122 646 immorta-

418 685 595 739 litate.
636 686 778 749 Quia
833 687 1009 737 iratus
1038 699 1090 738 es
1117 700 1220 754 pro
1260 683 1525 753 peccatis,
1582 687 1640 735 et
1686 686 1881 734 tamen
1923 682 2117 734 miser-

422 778 525 836 tus,
557 789 659 844 per
692 773 898 837 filium,
963 773 1040 825 sic
1097 772 1253 842 quod
1282 770 1639 825 commovisti
1679 771 1748 824 ab
1781 785 1970 823 errore
2005 785 2016 822 :
2049 773 2119 822 Et

417 862 672 928 turbasti,
759 859 1158 931 paenitentiam
1225 864 1288 913 ut
1357 875 1491 929 ergo
1563 858 1808 929 coepisti,
1883 857 2114 927 perﬁce,

418 964 572 1002 sana.

489 1039 664 1092 Vens.
701 1041 757 1091 5.
798 1069 865 1076 -
896 1037 1210 1092 Οείίπάἱεεὶ.
1237 1037 1425 1104 (Acs)
1447 1037 1657 1090 Mutato
1697 1035 1851 1090 enim
1881 1035 2116 1089 homine

415 1123 475 1178 in
510 1125 737 1189 melius,
796 1130 926 1191 etc.,
978 1140 1146 1194 usque
1179 1125 1256 1180 ad
1284 1125 1429 1178 ferre
1476 1125 1707 1177 adversa
1739 1139 1919 1194 usque
1953 1123 2010 1176 in
2041 1123 2113 1177 ti-

417 1228 576 1268 nem.
626 1216 800 1268 Dura.
860 1213 1057 1278 (Cass)
1094 1213 1150 1267 ld
1200 1217 1302 1277 est,
1361 1213 1630 1284 temporis
1662 1211 1939 1278 miserias,
1986 1228 2114 1282 qum

417 1301 580 1356 nobis
623 1317 726 1372 per
755 1301 1091 1356 charitatem
1136 1306 1268 1355 sunt
1298 1301 1681 1368 delectabiles,
1713 1307 1770 1354 et
1818 1316 1921 1370 per
1952 1300 2113 1354 inﬁr-

418 1391 680 1444 mitatem
732 1390 918 1444 carnis
976 1406 1196 1459 graves.
1266 1392 1418 1458 Vino,
1472 1390 1529 1443 id
1580 1394 1683 1455 est,
1718 1388 2112 1453 tribulatione,

417 1493 531 1547 qua
577 1482 856 1546 purgatur
905 1477 1147 1546 patiens,
1195 1481 1255 1529 ut
1286 1477 1488 1529 vulnus
1531 1476 1664 1528 vino
1701 1492 1712 1529 :
1758 1477 1914 1542 Viuo,
1946 1476 2112 1545 spiri-

419 1566 580 1628 tuali,
611 1566 763 1619 unde
795 1582 908 1618 non
942 1565 1093 1626 vitia,
1125 1567 1216 1618 sed
1250 1566 1620 1634 compunctio

488 1655 653 1709 Vens.
689 1657 739 1706 6.
783 1683 851 1692 —
883 1654 1076 1707 Arcus.
1119 1657 1306 1723 (AUG.)
1357 1653 1578 1716 Quanto
1648 1652 1772 1722 plus
1803 1657 1953 1705 retro
1990 1657 2112 1704 ten-

417 1741 590 1808 ditur,
649 1746 807 1794 tanto
865 1741 1242 1810 impetuosius
1270 1742 1475 1812 sagitta
1520 1741 1578 1794 in
1610 1741 1804 1810 priora
1828 1741 2024 1806 fertur,
2054 1740 2113 1793 id

417 1832 519 1890 est,
563 1833 778 1898 quanto
806 1828 988 1897 magis
1020 1829 1281 1882 differtur
1305 1829 1603 1898 judicium,
1666 1835 1824 1883 tanto
1887 1828 2114 1899 gravius

417 1923 725 1969 venturum
755 1922 855 1969 est.
893 1919 957 1970 Et
1015 1918 1329 1972 liberentur.
1365 1921 1562 1984 (Cass)
1611 1918 1986 1988 Diapsalmus.
2039 1919 2113 1970 De

417 2003 758 2057 liberatione
810 2019 982 2073 quam
1043 2011 1308 2074 precatur
1337 2010 1390 2058 et
1441 2005 1780 2071 afﬁrmatur,
1830 2023 1934 2076 pro
2001 2021 2114 2075 qua

417 2095 595 2159 grata:
627 2095 757 2144 sunt
786 2093 1201 2160 percussiones.

490 2179 659 2232 Vens.
709 2183 761 2232 7.
815 2208 874 2218 -
927 2182 1163 2234 Dea'tera
1221 2185 1331 2234 tua.
1388 2182 1572 2246 (Aura)
1633 2181 1703 2235 Ut
1771 2185 1986 2234 stemus
2042 2179 2112 2233 ad

415 2267 727 2334 dexteram,
778 2274 906 2332 etc.,
947 2284 1114 2337 usque
1168 2269 1242 2322 ad
1296 2269 1365 2324 de
1418 2270 1656 2323 terrenis
1687 2285 1798 2322 non
1856 2267 1965 2322 nisi
1996 2269 2108 2322 uti-

416 2356 570 2411 liter.

487 2445 647 2498 Vens.
700 2447 750 2499 8.
801 2474 874 2486 —
931 2447 1074 2500 Deus
1124 2447 1330 2500 locutus
1389 2451 1484 2500 est.
1537 2445 1720 2512 (Ibid)
1765 2447 1874 2500 Hac
1903 2444 2111 2499 ﬁducia

415 2549 538 2600 oro,
573 2549 743 2604 quam
796 2535 942 2587 Deus
967 2533 1027 2587 in
1075 2535 1295 2588 Christo
1325 2535 1604 2606 promisit,
1641 2539 1771 2598 etc.,
1822 2549 1990 2604 usque
2037 2534 2112 2588 ad

415 2638 519 2676 vox
551 2627 635 2676 est
696 2622 999 2676 Ecclesiae:
1058 2624 1319 2678 Laetabor.
1387 2625 1700 2679 Sichimam.
1770 2624 2110 2692 Interpreta-

410 2715 506 2765 tur
535 2713 762 2777 humeri,
817 2711 1002 2778 idest,
1050 2728 1193 2764 onus
1237 2711 1464 2780 Christi,
1497 2719 1630 2777 etc.,
1663 2727 1831 2780 usque
1878 2712 1952 2765 ad
2010 2711 2108 2764 alii

403 2799 612 2870 jugum
697 2800 902 2854 Christi
965 2801 1168 2853 ferant.
1215 2802 1517 2856 Convallem
1581 2801 2102 2854 tabernaculorum:

408 2894 644 2958 propter
689 2904 822 2941 oves
851 2888 1020 2941 Jacob
1072 2889 1260 2958 signat
1299 2889 1544 2954 Judazos,
1607 2888 1704 2958 qui
1753 2889 1926 2941 etiam
1958 2889 2107 2942 divi-

412 2977 660 3042 duntur;
700 2976 835 3047 quia
865 2976 962 3028 alii
993 2977 1251 3040 credunt,
1286 2977 1379 3030 alii
1410 2993 1544 3043 non,
1579 2975 1635 3030 id
1666 2980 1767 3042 est,
1799 2977 1867 3030 de
1896 2976 2106 3032 Iudaeis
2145 2978 2186 3034 C

411 3063 632 3118 habebo
662 3081 778 3118 non
811 3080 1044 3134 paucos.

482 3154 646 3208 Vens.
681 3155 730 3207 9.
756 3183 826 3192 —
856 3155 1150 3207 Manasses.
1184 3151 1373 3219 (lbid.)
1428 3152 1544 3217 Vel,
1598 3153 1878 3206 Manasses
1923 3153 2110 3206 omnis

409 3240 506 3294 ille
527 3241 648 3311 qui,
678 3241 887 3295 oblitus
916 3241 1126 3310 prioris
1157 3241 1306 3307 vitae,
1343 3247 1474 3304 etc.,
1506 3256 1674 3308 usque
1701 3239 1812 3293 ad:
1847 3245 1896 3294 et
1920 3255 2110 3311 oppro-

410 3329 518 3382 brii
575 3329 866 3382 viduitatis
898 3335 1000 3382 tuae
1045 3344 1151 3382 non
1193 3329 1580 3382 recordaberis.
1625 3329 1910 3397 Ephraim.
1970 3329 2106 3382 Fru-

409 3417 674 3470 ctiticatio
708 3431 720 3469 :
754 3417 948 3470 ethazc
969 3421 1049 3470 est
1073 3417 1341 3483 fortitudo
1372 3419 1591 3485 capitis,
1626 3416 1682 3470 id
1709 3420 1812 3481 est,
1849 3417 2058 3471 Christi
2091 3434 2102 3471 :

411 3518 656 3573 granum
683 3503 839 3557 enim
873 3503 1122 3559 moriens
1172 3505 1436 3560 virtutem
1483 3505 1545 3558 in
1567 3521 1624 3558 se
1655 3504 1846 3571 habet,
1895 3510 1958 3559 ut
1988 3505 2108 3559 fru-

409 3596 563 3644 ctum
597 3591 823 3646 faceret.

481 3680 639 3733 Vens.
705 3681 788 3733 10.
843 3710 914 3720 -
959 3681 1116 3735 Moab
1175 3681 1284 3735 olla
1337 3682 1453 3748 spei
1501 3695 1646 3734 mea.
1701 3681 1891 3750 (Ibid)
1953 3681 2106 3735 Filia:

411 3769 556 3822 male
587 3773 810 3822 utentes
839 3773 1018 3839 patre,
1065 3775 1196 3833 etc.,
1221 3784 1389 3837 usque
1417 3769 1491 3822 ad
1516 3784 1646 3823 cum
1676 3769 1918 3824 charitas
1948 3770 2108 3824 ardet

409 3861 607 3910 contra
629 3857 804 3910 ollam
831 3857 1174 3928 iniquitatis.
1215 3857 1410 3924 (Cass)
1451 3859 1608 3913 Moab
1655 3858 1763 3912 olla
1793 3859 1909 3927 spei
1956 3873 2100 3912 meae.

408 3947 506 3999 Vel
535 3961 638 4015 per
661 3946 841 4012 Moab,
875 3951 1004 4013 etc.,
1040 3961 1208 4015 usque
1238 3946 1311 4000 ad
1338 3946 1488 4000 unde
1511 3963 1638 4017 spes
1664 3947 1806 4000 mihi
1837 3947 1967 4000 vitae
1997 3952 2100 4003 est.

408 4035 652 4105 (Hiens)
685 4035 825 4098 Olla,
857 4035 1005 4088 unde
1039 4051 1051 4088 :
1084 4036 1258 4089 Ollam
1296 4049 1605 4089 succensam
1632 4051 1725 4103 ego
1753 4036 1924 4102 video,
1969 4039 2100 4101 etc.,

406 4138 575 4192 usque
600 4123 678 4178 ad
709 4139 722 4177 :
752 4122 836 4176 Ab
867 4123 966 4176 illo
997 4137 1132 4192 ergo
1161 4123 1594 4177 tribulationum
1635 4123 1749 4176 olla
1773 4122 1833 4176 in
1859 4123 2104 4178 Ecclesia

407 4211 628 4272 ebullit.

477 4301 638 4354 Vens.
684 4301 768 4353 ll.
827 4327 896 4339 —
935 4299 1216 4355 Civitatem
1248 4299 1531 4352 munitam.
1588 4298 1783 4367 (Cass)
1829 4300 2100 4354 Futuram

403 4389 738 4444 Jerusalem.
789 4388 852 4440 In
881 4387 1196 4454 (dammam,
1230 4387 1287 4440 id
1340 4391 1443 4452 est,
1477 4403 1654 4458 usque
1703 4388 1769 4442 ad
1822 4393 2100 4455 terrenos,

405 4479 469 4528 ut
495 4475 732 4545 impleto
757 4489 997 4528 numero
1029 4473 1200 4527 simul
1230 4473 1298 4527 ab
1344 4473 1761 4528 beatitudinem
1788 4475 2028 4529 veniret.

477 4565 646 4617 Vens.
685 4565 774 4616 l2.
803 4592 871 4602 —
909 4563 1030 4617 Non
1058 4561 1375 4628 egredieris.
1411 4565 1616 4630 (Aes).
1651 4562 1760 4617 Sed
1781 4563 1936 4617 intus
1969 4578 2101 4633 ope-

405 4650 642 4716 raberis,
684 4653 740 4703 et
790 4649 868 4702 sic
898 4648 1107 4702 melius
1159 4648 1422 4714 deducet,
1454 4649 1590 4719 quia
1621 4648 1699 4702 sic
1727 4648 1954 4704 videtur
1984 4666 2102 4704 non

407 4755 511 4810 pro
542 4737 846 4808 temporali
873 4738 988 4792 vita
1027 4753 1310 4807 pugnare,
1341 4737 1438 4790 sed
1464 4753 1570 4806 pro
1601 4737 1812 4792 futura.

1021 4825 1325 4881 PSALMUS
1387 4825 1489 4880 LX.

479 4917 639 4970 Vens.
702 4917 754 4969 3.
789 4945 856 4954 -
907 4915 1154 4972 Clamavi
1212 4915 1341 4969 dum
1389 4917 1734 4968 anmiaretur.
1781 4914 1976 4981 (Cass)
2037 4916 2103 4968 In

407 5004 708 5068 anxietate,
746 5007 876 5067 etc.,
929 5017 1106 5073 usque
1135 5003 1210 5057 ad
1251 5001 1510 5073 sequitur
1539 5001 1804 5055 clamoris
1835 5002 2100 5056 exaudito

406 5094 468 5148 in
523 5098 685 5164 petra
727 5092 965 5147 Christo.
1016 5093 1295 5146 Exaltasti
1336 5106 1438 5146 me.
1497 5093 1693 5156 (Auo.)
1727 5091 1802 5144 De
1847 5091 1964 5144 imo
2012 5091 2102 5144 vi-

406 5181 642 5236 tiorum.
706 5179 904 5246 (Cass)
962 5180 1026 5233 Et
1071 5179 1380 5233 exaltatum
1443 5177 1750 5233 deduxisti.
1807 5180 1993 5246 (Auo.)
2040 5180 2103 5232 In

405 5273 582 5338 petra,
633 5273 690 5322 et
746 5267 878 5322 ideo
923 5282 1042 5321 non
1106 5267 1342 5334 vincor;
1372 5267 1664 5321 Emattasti
1695 5282 1708 5320 :
1742 5281 1847 5336 per
1906 5283 2103 5321 exem-

408 5358 569 5426 plum
627 5355 790 5409 istius
841 5370 1054 5425 magna
1107 5371 1236 5425 spes
1268 5355 1537 5409 audiendi
1591 5360 1898 5425 praestatur
1953 5356 2098 5411 aliis.

409 5444 704 5500 Dedumisti
724 5442 920 5514 (Ibid.)
950 5458 1052 5510 me,
1083 5458 1188 5514 per
1210 5448 1266 5498 te
1319 5445 1496 5510 viam,
1527 5443 1599 5497 ad
1628 5447 1685 5498 te
1725 5446 2007 5499 veritatem
2053 5448 2104 5500 et

406 5535 597 5588 vitam.

2145 1700 2184 1753 Β

2139 4263 2182 4318 D

2231 503 2485 570 conlidit,
2517 508 2579 557 ut
2609 508 2803 557 contra
2833 504 3087 572 pericula
3119 504 3318 558 mundi
3343 505 3400 557 in
3428 505 3788 557 tabernaculo
3820 506 3905 557 Dei

2228 595 2386 645 tutus
2424 599 2768 661 perseveret.
2808 595 2868 646 In
2920 594 3131 646 saecula.
3185 593 3490 664 Quousque
3531 595 3738 646 saecula
3787 610 3904 662 per-

2229 684 2502 749 agantur;
2537 681 2672 750 quia
2725 681 2831 733 etsi
2875 681 3039 733 multi
3093 688 3332 734 contra:
3388 684 3651 748 Protegar
3697 685 3753 734 in
3776 683 3904 735 rela-

2228 772 2420 823 mcnto.
2471 769 2731 836 Protegar
2758 770 2812 822 in
2867 769 3162 824 velamento
3211 771 3451 822 alarum.
3490 769 3627 832 Quae
3655 786 3756 822 nec
3783 786 3906 822 one-

2228 860 2375 924 rant,
2410 861 2464 910 et
2518 873 2748 910 omnem
2801 857 3094 910 lmsionem
3123 862 3411 912 avertunt.
3448 858 3512 911 In
3545 859 3770 922 saecula,
3801 874 3904 911 non

2226 959 2377 998 unus
2399 945 2571 998 homo
2605 962 2784 1016 usque
2816 945 2876 998 in
2909 947 3135 1012 saecula,
3161 947 3255 1000 sed
3288 947 3558 1013 Ecclesia,
3589 963 3719 1017 quae
3742 964 3903 1018 usque

2227 1033 2298 1086 ad
2356 1033 2529 1087 linem
2579 1033 2779 1087 mundi
2827 1034 3028 1087 accolit
3100 1039 3274 1100 terra,
3326 1039 3383 1088 et
3451 1051 3748 1106 nunquam
3794 1052 3901 1089 era-

2226 1121 2450 1176 dicatur
2471 1137 2574 1192 per
2601 1121 2856 1176 adversa.

2296 1211 2472 1265 Vens.
2507 1212 2557 1264 6.
2591 1240 2660 1249 —
2691 1212 2959 1276 Quoniam
2985 1214 3062 1278 tu,
3096 1213 3231 1266 Deus
3250 1225 3418 1277 meus,
3478 1211 3758 1265 exaudisti
3797 1229 3905 1266 ora-

2224 1299 2442 1364 tionem,
2491 1303 2598 1352 etc.
2653 1298 2844 1370 (lbid.)
2895 1299 3244 1369 Diapsalma.
3296 1301 3421 1353 Jam
3473 1300 3667 1353 audita
3700 1301 3767 1354 de
3804 1301 3906 1354 ha:-

2223 1387 2465 1441 reditate
2496 1387 2692 1441 habita
2748 1388 2834 1441 vel
2876 1388 3160 1451 habenda,
3211 1388 3481 1455 afﬁrmat,
3549 1389 3698 1442 unde
3732 1390 3907 1442 laudes

2222 1475 2528 1546 promittit.
2587 1476 2822 1530 Dedisti.
2862 1477 2974 1530 Nec
3025 1477 3231 1545 dicam,
3280 1477 3486 1531 dabis:
3545 1478 3691 1531 adeo
3740 1482 3907 1531 certus

2224 1579 2369 1629 sum,
2401 1563 2699 1633 quasijam
2727 1579 2908 1617 essem
2941 1564 3001 1617 in
3024 1563 3168 1634 ipsa.

2299 1652 2538 1706 Vens.’7.
2572 1682 2628 1689 —
2675 1652 2801 1704 Dies
2847 1667 3009 1721 super
3063 1653 3195 1705 dies.
3253 1652 3441 1722 (Aua)
3496 1653 3782 1722 Quidquid
3837 1654 3907 1704 vis

2225 1739 2364 1792 dicis
2396 1740 2464 1792 de
2519 1741 2857 1806 aeternitate,
2906 1746 3036 1805 etc.,
3071 1755 3239 1809 usque
3277 1741 3350 1793 ad
3381 1741 3474 1794 sed
3521 1744 3764 1810 regnent
3792 1757 3906 1793 cum

2223 1827 2322 1881 illo
2346 1828 2524 1880 sancti
2557 1827 2617 1880 in
2650 1833 2951 1883 aeternum.
2987 1830 3082 1882 Vel
3121 1829 3278 1882 dabis
3309 1828 3699 1883 haereditatem.
3728 1829 3903 1896 (Cass)

2223 1915 2377 1967 Hanc
2423 1913 2651 1980 scilicet,
2705 1915 2839 1984 quia
2897 1932 3070 1985 super
3122 1916 3263 1982 dies,
3321 1916 3526 1970 Christi
3566 1923 3702 1981 etc.,
3756 1930 3908 1983 usque

2221 2003 2295 2056 ad
2319 2003 2454 2073 quia
2495 2019 2586 2056 rex
2635 2004 2730 2056 ille
2785 2010 3084 2074 permanet
3135 2005 3195 2057 in
3227 2010 3529 2069 mternum,
3580 2003 3661 2057 sic
3716 2010 3771 2057 ct
3813 2003 3901 2056 illi.

2220 2090 2653 2144 Misericordium
2679 2095 2727 2144 et
2752 2095 3051 2145 veritatem.
3103 2092 3288 2162 (Auo.)
3341 2093 3785 2146 Misericordia»;
3811 2096 3898 2154 est,

2218 2179 2355 2250 quia
2386 2195 2497 2232 non
2543 2179 2778 2245 meritis,
2813 2179 2913 2233 sed
2943 2179 3201 2233 bonitate
3256 2185 3483 2248 peccata
3523 2180 3785 2244 dimittit,
3834 2184 3894 2242 et,

2217 2267 2386 2320 vitam
2421 2267 2723 2336 promittit.
2765 2270 3002 2336 Veritas,
3065 2269 3201 2340 quia
3231 2286 3346 2322 non
3398 2269 3560 2333 fallit,
3593 2270 3696 2324 sed
3739 2269 3896 2323 reddit

2218 2355 2371 2425 quod
2401 2355 2689 2426 promisit.
2745 2357 3176 2411 Misericordiam
3237 2359 3399 2428 sequi
3451 2358 3728 2412 debemus
3774 2358 3898 2411 eirea

2216 2444 2476 2498 intirmos
2535 2447 2591 2498 et
2667 2444 2814 2498 circa
2865 2444 3146 2499 inimicos.
3222 2447 3529 2512 Veritatem,
3610 2462 3731 2500 non
3783 2461 3899 2516 pec-

2217 2533 2422 2600 cando,
2475 2537 2536 2585 ut
2564 2532 2637 2585 sit
2659 2533 2870 2602 justus.
2932 2533 3127 2604 (Cass)
3160 2536 3589 2588 Misericordiam
3620 2541 3673 2588 et
3715 2537 3900 2588 verita-

2217 2623 2340 2673 tem.
2362 2620 2459 2673 Est
2489 2619 2580 2672 hic
2609 2621 2897 2673 conclusio
2927 2621 3152 2690 psalmi,
3184 2627 3310 2688 etc.,
3349 2637 3514 2692 usque
3544 2622 3653 2675 ad:
3687 2625 3806 2689 quis
3828 2638 3905 2673 re-

2215 2710 2393 2777 quiret
2424 2708 2518 2761 ei?
2547 2710 2732 2776 (Αυο.)
2788 2709 2855 2763 Ut
2903 2726 3010 2762 non
3071 2717 3291 2781 quaerat
3315 2711 3524 2782 aliquis
3554 2711 3774 2765 discere
3799 2710 3909 2764 hinc

2214 2796 2273 2850 in
2305 2796 2486 2861 libris,
2520 2802 2574 2850 et
2604 2803 2734 2867 post
2765 2797 2870 2851 sibi
2904 2798 3066 2866 vivat,
3103 2815 3218 2853 non
3242 2800 3343 2853 illi.

2853 2939 3162 2993 PSALMUS
3187 2941 3312 2994 LXI.

2289 3063 2448 3116 Vens.
2514 3065 2559 3115 l.
2597 3092 2666 3100 —
2707 3063 2776 3114 In
2823 3064 2981 3131 ﬁnem
3020 3077 3118 3131 pro
3171 3063 3627 3134 Idithun.(Auo.)
3692 3067 3912 3120 Transi-

2220 3151 2371 3217 liens,
2394 3150 2592 3204 videns
2622 3154 2705 3202 tot
2743 3152 3120 3216 occurrentia,
3185 3152 3297 3205 Deo
3329 3168 3388 3204 se
3457 3152 3672 3218 subdit,
3707 3155 3809 3224 qui
3837 3156 3912 3207 al-

2220 3239 2330 3293 tior
2357 3255 2452 3305 eo;
2501 3245 2558 3292 et
2612 3239 2981 3293 inferioribus
3009 3257 3086 3305 se,
3120 3240 3282 3310 quasi
3338 3241 3406 3295 de
3437 3242 3552 3295 alto
3607 3243 3912 3312 respondet

2217 3327 2592 3398 increpando.
2651 3329 3003 3395 Transiliens,
3055 3329 3262 3383 invidis
3315 3330 3637 3400 respondet,
3674 3333 3912 3385 volenti-

2217 3416 2324 3470 bus
2355 3415 2636 3486 decipere.

2287 3504 2444 3558 Vens.
2507 3506 2558 3558 2.
2621 3533 2685 3543 —-
2734 3506 2945 3560 Nonne.
3017 3505 3206 3575 (Ibid.)
3263 3507 3377 3560 Hoc
3428 3512 3534 3574 est,
3587 3522 3696 3561 non
3736 3511 3911 3562 veniat

2215 3593 2355 3646 mihi
2379 3607 2470 3660 pes
2499 3592 2784 3661 superbiae.
2829 3595 2945 3649 Non
2984 3595 3230 3648 movebar
3255 3595 3514 3663 amplius,
3573 3596 3686 3650 hoc
3735 3603 3839 3661 est,
3871 3604 3914 3652 σε

2218 3695 2408 3733 manus
2460 3679 2755 3748 peccatoris
2785 3697 2890 3734 non
2939 3688 3148 3736 moveat
3173 3699 3277 3738 me.
3330 3687 3437 3738 Deo
3467 3684 3718 3752 subjecta
3771 3703 3911 3740 sem-

2218 3784 2338 3837 per,
2372 3767 2449 3821 nil
2506 3774 2716 3838 praeter
2745 3785 2878 3822 eum
2927 3769 3182 3840 cupiens.
3213 3770 3331 3824 Erit
3361 3771 3621 3842 quidem,
3684 3774 3825 3844 quia
3852 3775 3911 3827 ab

2216 3860 2334 3925 ipso
2363 3857 2603 3910 salutare
2659 3874 2851 3923 meum,
2901 3875 2932 3911 a
2992 3860 3156 3912 Patre
3219 3860 3393 3913 Filius
3446 3865 3646 3914 auctor
3699 3862 3909 3929 salutis,

2218 3943 2354 4014 quia
2384 3948 2440 3997 et
2471 3945 2637 4010 Deus,
2673 3960 2744 3999 ne
2775 3945 2965 3999 minor
3001 3952 3254 4016 putetur.

2284 4033 2453 4085 Vens.
2489 4032 2541 4086 4.
2576 4063 2644 4071 -
2700 4034 2981 4102 Quousque
3028 4037 3246 4089 irruitis
3321 4035 3508 4108 (Ibid.)
3539 4037 3665 4108 Vel,
3717 4054 3910 4093 secun-

2215 4120 2353 4175 dum
2399 4120 2571 4174 aliam
2627 4122 2913 4178 litteram:
2975 4125 3262 4195 Quousque
3319 4129 3621 4195 apponitis,
3664 4134 3727 4182 et
3767 4129 3909 4182 idem

2214 4225 2434 4265 sensus.
2479 4211 2795 4280 Apponunt
2843 4211 2996 4266 enim
3024 4214 3158 4267 mali
3187 4230 3348 4283 super
3378 4216 3666 4285 hominem,
3705 4217 3762 4272 id
3811 4223 3905 4283 est,

2211 4314 2380 4368 super
2411 4299 2736 4368 Ecclesiam,
2805 4317 2981 4354 onera
3014 4302 3342 4372 passionum
3377 4308 3477 4358 :ut
3507 4320 3699 4377 usque
3745 4307 3808 4360 in
3847 4306 3904 4358 ﬁ-

2211 4401 2345 4441 nem
2387 4386 2626 4457 impleat
2675 4388 2916 4460 quisque
2974 4389 3158 4445 ﬁdelis
3199 4390 3260 4444 in
3307 4407 3543 4462 corpore
3598 4410 3710 4450 suo
3771 4393 3905 4466 quod

2213 4475 2370 4530 deest
2412 4475 2743 4545 passionum
2799 4477 3026 4532 Christi.
3083 4481 3332 4534 Universi
3374 4495 3484 4535 vos.
3548 4483 3756 4553 (Cass)
3801 4483 3904 4544 Vel,

2211 4563 2519 4618 secundum
2537 4564 2708 4618 aliam
2736 4565 2985 4619 litteram
3011 4582 3026 4619 :
3058 4567 3248 4622 Omnes
3268 4584 3386 4636 vos,
3409 4569 3572 4639 quasi
3597 4587 3700 4625 vos
3721 4585 3907 4626 omnes

2209 4649 2528 4704 interﬁcitis
2590 4651 2886 4706 hominem
2919 4653 3105 4719 illum,
3157 4658 3435 4724 quantum
3485 4657 3554 4712 ad
3586 4658 3905 4720 hominem,

2210 4754 2328 4793 non
2387 4754 2562 4794 omnes
2623 4756 2824 4806 unum,
2883 4741 2980 4795 sed
3037 4742 3369 4810 Ecclesiam;
3423 4745 3520 4800 sed
3575 4748 3717 4818 quis
3776 4749 3908 4802 Deus

2210 4833 2503 4898 susceptor
2559 4844 2677 4882 non
2724 4829 3016 4884 movebor.
3082 4830 3264 4902 (Aes)
3324 4833 3636 4903 Quousque,
3701 4853 3736 4891 a
3791 4852 3909 4890 san-

2211 4916 2385 4987 guine
2443 4916 2604 4983 Abel,
2655 4921 2784 4983 etc.,
2849 4934 3017 4988 usque
3071 4919 3145 4973 ad
3203 4936 3316 4973 non
3356 4921 3571 4975 scilicet
3627 4925 3793 4994 quod
3838 4927 3910 4976 est

2209 5005 2474 5071 fundator
2519 5006 2843 5060 altissimus.
2899 5009 2963 5061 In
3019 5009 3303 5062 hominem.
3375 5009 3576 5080 (Cass)
3612 5013 3682 5066 In
3713 5027 3909 5082 corpus

2210 5097 2460 5162 potestas
2516 5093 2676 5147 vobis
2734 5094 2866 5148 data
2907 5099 3010 5161 est,
3058 5096 3267 5149 nonin
3332 5096 3601 5151 animam.
3672 5101 3905 5153 lrruitis.

2213 5182 2338 5235 Non
2383 5181 2602 5248 leviter,
2666 5183 2762 5236 sed
2842 5183 3163 5237 interﬁcitis
3247 5184 3649 5254 innocentem;
3703 5187 3904 5258 putatis

2211 5269 2368 5339 quod
2407 5270 2528 5322 sine
2564 5269 2858 5324 defensore
2904 5270 2997 5337 sit,
3027 5275 3085 5326 et
3134 5271 3282 5340 quod
3332 5271 3497 5326 facile
3546 5281 3804 5337 corruat,
3853 5277 3901 5327 ut

2211 5357 2398 5427 paries
2453 5357 2782 5426 inclinatus,
2817 5357 2917 5428 qui
2948 5358 3120 5412 etiam
3171 5375 3289 5413 non
3325 5360 3609 5431 impulsus
3659 5364 3895 5418 caderet.

2211 5447 2282 5502 Et
2320 5448 2482 5515 quasi
2513 5448 2770 5514 maceria,
2803 5462 2934 5517 qua:
2962 5451 3048 5502 est
3093 5449 3438 5504 constructio
3486 5466 3761 5506 saxorum
3791 5452 3899 5505 sine

2212 5532 2486 5602 ligamine
2541 5533 2838 5603 caementi;
2909 5540 2967 5590 et
3021 5552 3095 5592 ne
3127 5537 3340 5608 deipsa
3366 5537 3618 5593 novitate
3667 5539 3890 5595 ﬁrmam
