4034 6180
188 323 288 375 933
1345 319 1598 375 GLOSSA
1638 317 2045 377 ORDINARIA.
2089 350 2156 360 ——
2200 322 2326 383 LIB.
2372 321 2609 376 PSALM.

3577 330 3680 381 93's

186 448 370 514 putes,
416 444 575 497 addit
627 444 893 513 impulsae,
954 443 1062 507 vel,
1137 458 1253 495 nou
1302 441 1463 496 vobis
1520 443 1876 510 irruentium,
1910 448 1953 498 Α
1994 444 2143 513 ptius
2205 460 2373 514 agere
2425 448 2604 512 optat.
2669 446 2822 498 Deus.
2898 445 3093 516 (Ibid)
3156 447 3492 501 Communis
3548 450 3688 501 Deus

184 534 317 603 quia
377 549 470 585 vos
510 532 665 602 ipsos
718 531 1039 585 interﬁcitis
1095 531 1369 597 universi,
1423 531 1597 585 etiam
1651 548 1885 585 consen-

185 622 407 675 ﬁentes.

251 711 414 763 Vens.
447 713 495 763 5.
530 737 604 748 -
636 707 902 762 Pretium.
951 707 1147 777 (Cass)
1207 707 1514 773 Christum,
1579 725 1650 762 ne
1671 709 1882 761 colere-

182 804 290 860 tur,
357 798 441 850 vel
498 796 915 850 beatitudinem
963 796 1180 850 tollere.
1236 798 1645 863 Cogitaverunt.
1691 798 1880 865 (Ars)

184 888 321 941 Nota
358 886 580 940 diversa
625 901 835 954 genera
876 886 1147 950 hostium,
1200 891 1329 949 etc.,
1360 901 1527 953 usque
1578 886 1652 939 ad
1683 887 1750 939 de
1775 886 1883 939 hac

181 973 460 1044 propheta
488 973 603 1026 ait:
652 973 903 1026 Gloriosa
954 972 1101 1026 dicta
1126 978 1251 1025 sunt
1299 973 1363 1025 de
1410 980 1476 1040 te,
1526 975 1738 1027 civitas.
1777 975 1882 1029 Cu-

181 1061 331 1113 curri
368 1062 426 1112 in
445 1061 560 1113 siti.
594 1058 735 1122 Quia
763 1060 865 1111 etsi
898 1075 1124 1129 semper
1155 1076 1250 1112 eos
1273 1060 1435 1125 bibit,
1494 1064 1690 1114 tamen
1726 1078 1877 1114 sem-

180 1165 280 1218 per
315 1148 437 1202 sitit
491 1149 786 1203 ultra.0re
837 1163 948 1202 suo.
1011 1149 1156 1212 Quia
1205 1154 1503 1220 nequeunt
1557 1166 1658 1219 per
1687 1156 1883 1220 aperta

181 1238 352 1303 mala,
386 1242 608 1291 tentant
634 1252 737 1307 per
764 1237 992 1290 blanda.

248 1327 414 1379 Vens.
473 1327 524 1378 6.
581 1355 650 1363 —
710 1327 1084 1379 Verumtamen
1146 1327 1272 1391 Dco,
1329 1330 1435 1379 etc.
1492 1326 1690 1397 (Cass)
1751 1326 1879 1380 Dia-

179 1415 419 1485 psalma.
454 1415 593 1467 Item
625 1429 703 1479 se,
756 1413 813 1466 id
874 1418 975 1475 est,
1013 1414 1265 1467 animam
1319 1431 1481 1467 suam
1513 1415 1716 1483 subjici
1748 1415 1880 1468 hor-

178 1506 355 1566 tatur,
388 1507 436 1555 et
476 1502 745 1555 admonet
779 1500 1047 1571 reliquos.
1100 1503 1350 1571 Subjccta
1397 1508 1475 1557 est
1522 1506 1708 1556 anima
1740 1518 1875 1556 mea.

181 1591 310 1643 Haec
341 1591 540 1660 petitio
571 1590 746 1643 menti
782 1594 988 1643 nostra:
1024 1591 1194 1643 robur
1224 1591 1432 1659 inﬁgit.

1991 545 2138 583 meus
2170 530 2420 600 quodam
2456 532 2625 584 modo
2679 532 3035 601 speeialiori:
3096 534 3220 588 vide
3251 535 3517 588 affectum
3572 536 3680 605 pias

1995 618 2417 687 deprecationis
2446 635 2549 688 per
2605 619 2749 673 hanc
2778 621 3247 689 geminationem.
3302 627 3378 677 De
3420 624 3555 677 luce.
3592 623 3687 675 Vel

1995 705 2267 772 diluculo,
2301 708 2529 777 quando
2597 709 2840 761 surrexit
2873 709 3149 777 Christus,
3209 715 3269 763 ut
3299 715 3434 763 tunc
3490 711 3688 765 laudet

1994 811 2125 848 eum
2184 797 2425 849 Ecclesia
2471 796 2701 866 quando
2751 798 3015 867 exemplo
3077 814 3193 851 suae
3248 799 3682 852 resurrectionis

1993 900 2116 937 eam
2150 885 2218 938 ad
2260 887 2611 955 surgendum
2641 885 2933 939 animavit.
2974 888 3173 953 Vigilo,
3214 888 3528 940 dummodo
3564 887 3688 940 dor-

1993 972 2129 1039 mio,
2164 989 2277 1025 non
2320 989 2514 1026 amans
2546 990 2675 1043 quas
2724 974 2925 1028 mundi
2979 981 3131 1028 sunt.
3186 975 3376 1045 (Cass)
3438 977 3501 1029 Et.
3556 975 3684 1029 sitio

1990 1060 2182 1114 animo
2223 1067 2281 1115 et
2330 1078 2589 1132 corpore.
2631 1067 2701 1117 De
2752 1065 2881 1117 luce.
2917 1063 3103 1135 (AUG.)
3143 1065 3265 1117 Non
3294 1064 3447 1117 enim
3482 1064 3679 1133 vigila-

1991 1164 2098 1213 res,
2131 1149 2239 1202 nisi
2279 1150 2375 1203 lux
2408 1150 2671 1216 oriretur,
2715 1167 2843 1221 qua:
2889 1156 2945 1203 te
2975 1152 3270 1207 excitaret.
3329 1151 3515 1207 Sitivit
3544 1154 3602 1205 in
3633 1156 3681 1205 te

1989 1240 2168 1290 anima
2198 1254 2342 1292 mea:
2372 1245 2425 1292 et
2456 1238 2547 1292 hic
2590 1255 2716 1293 caro
2758 1241 2895 1306 Deo,
2946 1240 3081 1294 dum
3114 1240 3184 1294 ab
3252 1256 3319 1294 eo
3353 1241 3559 1311 quaerit
3589 1240 3681 1294 hic

1990 1328 2327 1382 necessaria.

2060 1431 2220 1485 Vens.
2273 1434 2324 1485 3.
2382 1462 2450 1471 —
2526 1432 2971 1503 Deserta.(1bid.)
3033 1432 3137 1487 Ubi
3208 1434 3400 1486 nullus
3458 1438 3682 1488 sancto-

1990 1535 2116 1571 rum
2148 1519 2385 1573 habitat.
2447 1520 2627 1585 Invia,
2676 1520 2809 1590 quia
2870 1537 2983 1574 non
3024 1526 3107 1574 est
3164 1538 3277 1591 qua
3308 1521 3442 1575 inde
3492 1538 3677 1575 exeas.

1987 1609 2276 1675 Inaquosa,
2312 1607 2445 1678 quia
2476 1624 2598 1673 nec,
2659 1609 2795 1661 dum
2829 1609 2924 1661 ubi
2967 1610 3223 1675 moraris,
3258 1615 3343 1662 est
3389 1609 3467 1662 ibi
3497 1627 3669 1680 aqua.

267 1679 429 1731 Vens.
484 1680 535 1731 8.
580 1708 648 1716 —
699 1680 758 1731 In
803 1680 923 1740 Deo,
973 1679 1213 1731 salutare
1256 1694 1427 1732 meum
1488 1678 1680 1748 (Ibid)
1723 1680 1878 1732 Tunc

2064 1696 2096 1748 d
2130 1697 2277 1749 Deus
2335 1696 2425 1748 hic
2474 1696 2606 1749 fecit
2646 1696 2795 1749 viam
2857 1697 3254 1761 Christum,-et
3285 1697 3441 1751 misit
3470 1678 3679 1767 aquam

178 1767 369 1819 salvus
410 1771 464 1819 et
512 1766 793 1836 gloriosus
833 1767 893 1819 in
942 1783 1008 1819 eo
1050 1783 1062 1819 :
1111 1767 1282 1821 modo
1331 1767 1466 1838 quid
1493 1767 1520 1821 ‘I
1576 1768 1696 1837 ipse
1730 1769 1877 1822 Deus

176 1855 400 1908 auxilii.

248 1943 420 1995 Vens.
459 1944 509 1995 9.
565 1973 635 1980 —
667 1942 907 2011 Sperate.
953 1942 1135 2011 (Ibid)
1190 1942 1303 1995 Sua
1340 1942 1449 1996 ﬁde
1495 1944 1721 2012 vulgata
1755 1959 1876 1996 mo-

173 2035 273 2084 net
305 2046 526 2095 omnes,
562 2031 660 2100 qui
706 2031 1202 2101 superstitionibus
1248 2032 1527 2097 laborant,
1563 2049 1790 2102 sperare
1818 2034 1877 2085 in

176 2118 444 2171 Domino.
498 2118 800 2185 Effundite.
861 2119 1042 2187 (Αυο.)
1096 2121 1203 2172 Per
1261 2120 1535 2189 lacrymas
1581 2136 1677 2172 cor
1703 2120 1879 2173 ell‘un-

175 2206 355 2272 ditur,
389 2212 530 2273 etc.,
562 2222 729 2275 usque
767 2208 841 2260 ad
869 2224 886 2261 :
947 2207 1123 2271 Unde,
1174 2210 1358 2274 Punge
1388 2210 1616 2271 oculum,
1667 2213 1715 2261 et
1746 2224 1878 2277 pro—

174 2295 331 2349 ducit
385 2298 717 2364 lacrymam;
768 2312 950 2366 punge
1023 2313 1128 2359 cor,
1190 2303 1241 2351 et
1295 2297 1551 2365 producit
1599 2299 1879 2351 scientiam

177 2384 348 2449 (Eccl.
384 2388 533 2451 xxii).
569 2384 765 2447 Corda,
798 2389 925 2447 etc.,
956 2400 1158 2453 pravas
1191 2383 1582 2453 cogitationes.

246 2472 411 2524 Vens-
450 2474 531 2525 lO.
583 2504 651 2512 -ο
714 2475 1087 2527 Verumtamen
1139 2476 1288 2525 vani.
1360 2472 1564 2541 (linea)
1621 2473 1738 2537 Vel,
1800 2472 1879 2525 sic

172 2559 379 2629 junge,
414 2562 561 2613 Deus
590 2565 673 2613 est
706 2562 933 2630 adjutor
962 2565 1189 2627 noster;
1222 2565 1276 2613 et
1308 2562 1440 2613 licet
1487 2562 1566 2612 sic
1605 2577 1877 2630 coepere-

176 2653 271 2700 tur
305 2648 488 2712 nobis,
522 2654 709 2701 tamen
746 2649 847 2701 lilii
880 2649 1012 2701 Adae
1043 2653 1176 2700 sunt
1204 2648 1336 2700 vani
1391 2653 1447 2700 et
1483 2647 1783 2699 mendaces
1820 2648 1878 2699 in

183 2740 410 2800 statera,
507 2742 895 2805 pervertenles
952 2736 1288 2805 Scripturas,
1370 2737 1579 2805 quibus
1635 2736 1881 2804 probent

183 2822 338 2876 falsa.
403 2824 596 2893 (Cass)
655 2824 1028 2893 Diapsalmus.
1094 2825 1359 2876 Errantes
1440 2825 1765 2893 exprobrat,
1826 2829 1881 2877 et

183 2918 378 2965 monet
409 2912 465 2964 in
500 2913 633 2977 Deo,
659 2929 771 2965 non
822 2913 880 2964 in
910 2912 1155 2975 caducis,
1190 2911 1497 2976 conﬁdere,
1552 2914 1703 2981 quod
1737 2913 1879 2982 psal-

179 3016 311 3053 mus
338 3001 600 3055 intendit.
632 3001 913 3055 Mendaces
954 3003 1012 3053 in
1038 3002 1277 3054 stateris.
1326 3000 1467 3064 Quia
1499 3001 1709 3070 iniquis
1740 3017 1877 3070 pon-
1918 3003 1958 3057 C

179 3088 415 3143 deribus
474 3092 727 3142 ementes
786 3089 1099 3159 decipiunt,
1133 3090 1219 3142 vel
1260 3089 1401 3156 justi
1429 3089 1606 3142 videri
1657 3090 1879 3154 volunt,

178 3192 312 3229 cum
336 3177 454 3229 sint
473 3176 719 3229 fallaces.
768 3178 829 3229 In
875 3180 1111 3230 statcris.
1164 3178 1226 3229 In
1276 3177 1420 3229 libra
1446 3176 1704 3247 justitiae,
1765 3193 1878 3246 quo

175 3264 404 3317 facilius
435 3264 748 3335 decipiunt,
809 3267 870 3318 In
900 3265 1164 3332 idipsum,
1206 3281 1320 3335 quo
1376 3266 1678 3318 credentur
1706 3264 1877 3335 (equi.

251 3354 429 3407 Vens.
465 3356 547 3407 ll.
591 3355 859 3410 —Nolite
886 3369 1105 3422 sperare
1134 3356 1211 3406 in.
1272 3354 1453 3423 (AUG.)
1510 3354 1682 3417 Quasi
1727 3354 1879 3406 dice-

176 3447 265 3495 ret
302 3458 316 3494 :
353 3443 463 3495 Nec
486 3442 743 3511 speretis,
802 3458 906 3495 nec
959 3442 1222 3511 cupiatis,
1256 3459 1384 3513 quae
1425 3447 1769 3512 congregata
1808 3441 1878 3495 ab

182 3531 310 3584 aliis
350 3532 669 3601 rapiuntur.
730 3532 925 3595 Nolite,
981 3532 1179 3583 sitiens
1237 3531 1515 3584 convertit
1572 3547 1629 3581 se
1660 3531 1726 3584 ad
1763 3547 1876 3585 eos.

178 3620 373 3674 Nolite.
418 3621 682 3686 Rapinas.
734 3617 992 3671 Praedam
1023 3634 1195 3687 quam
1250 3618 1333 3670 vis
1390 3633 1613 3687 rapere,
1663 3617 1723 3670 in
1754 3635 1880 3672 mu-

180 3707 402 3776 scipula
460 3711 561 3772 est,
612 3712 771 3760 tenes
818 3710 875 3760 et
929 3706 1177 3771 teneris;
1222 3710 1402 3772 tenes,
1448 3706 1697 3759 alienum
1730 3707 1880 3760 scili-

178 3800 292 3861 cet,
319 3800 373 3848 et
400 3794 613 3848 teneris
648 3811 681 3848 a
727 3794 974 3849 diabolo.
1022 3794 1064 3848 Ο
1093 3795 1251 3847 lucra
1322 3795 1623 3847 damnosa!
1660 3794 1883 3847 invenis

173 3884 507 3954 pecuniam,
587 3883 775 3953 perdis
826 3882 1128 3952 justitiam.
1218 3882 1490 3950 Afﬂuant.
1551 3883 1724 3936 Nolite
1770 3898 1877 3935 cor.

174 3974 377 4039 (Cass)
432 3974 556 4026 Non
606 3972 778 4026 dicit:
814 3972 997 4026 Nolite
1043 3972 1267 4035 habere,
1294 3986 1412 4024 non
1461 3970 1615 4023 enim
1647 3970 1884 4024 damnat

173 4062 431 4127 divitias,
485 4061 636 4114 unde
688 4075 1013 4113 mercamur
1071 4062 1316 4129 coelum;
1372 4059 1470 4113 sed
1518 4074 1615 4112 cor
1647 4058 1882 4128 apposi-

173 4156 330 4217 tum,
355 4149 510 4220 quod
535 4164 654 4202 non
685 4149 973 4218 expendit,
1006 4149 1103 4201 sed
1129 4148 1404 4202 recondit.

245 4240 413 4292 Vens.
478 4240 561 4291 l2.
604 4268 673 4277 ——-
726 4238 894 4293 Semel
952 4238 1156 4291 locutus
1196 4242 1289 4290 est.
1355 4234 1545 4306 (Anc)
1589 4236 1765 4291 Nolite
1792 4251 1884 4290 cor

171 4342 468 4398 apponere.
504 4328 664 4382 Cur?
725 4326 862 4397 quia
895 4330 1134 4396 potestas
1176 4324 1472 4394 judicandi
1519 4328 1603 4377 est
1626 4325 1721 4377 Dei
1752 4324 1879 4390 ﬁlii,

171 4421 327 4481 etc.,
358 4430 526 4483 usque
551 4414 625 4469 ad
655 4430 759 4469 nec
792 4431 893 4485 pro
933 4419 1208 4485 potestate
1255 4414 1323 4467 de
1356 4412 1747 4466 misericordia
1777 4413 1881 4467 de-

173 4509 459 4575 speretur.
515 4506 755 4558 Potestas
814 4504 921 4557 Dei
958 4508 1077 4557 est:
1139 4518 1260 4556 non
1319 4507 1405 4555 est
1460 4506 1706 4572 potestas
1758 4500 1879 4554 cui-

172 4609 355 4666 quam
390 4592 499 4646 nisi
533 4609 565 4645 a
595 4593 710 4646 Deo
740 4608 926 4663 sequo,
961 4592 1065 4645 etsi
1094 4595 1148 4644 te
1178 4591 1353 4644 lateat
1378 4590 1638 4659 zequitas.

821 4732 1129 4788 PSALMUS
1160 4733 1316 4787 LXII.

249 4857 496 4910 Psalmus
559 4857 759 4911 David.
834 4856 1030 4924 (Cass)
1116 4856 1390 4926 Loquitur
1463 4856 1533 4909 de
1614 4854 1875 4923 Ecclesia,

174 4961 311 5017 quae
336 4944 397 4998 in
456 4945 719 4999 ariditate
768 4946 886 4999 sitit
942 4946 1155 5013 saeculi,
1185 4948 1241 4997 et
1284 4943 1734 4998 misericordiam
1785 4959 1876 4997 ex-

170 5034 343 5104 petit,
377 5033 557 5087 donec
591 5037 803 5087 aeterna
837 5033 1044 5103 capiat,
1086 5032 1295 5086 docens
1347 5032 1494 5085 bene
1556 5030 1879 5084 conversari

171 5122 237 5175 in
268 5121 462 5175 medio
490 5138 679 5191 prava:
697 5120 969 5175 nationis.
1030 5119 1216 5189 (AUG.)
1241 5119 1497 5172 Psalmus
1527 5134 1591 5170 ex
1636 5133 1880 5186 persona

176 5210 387 5280 capitis
440 5216 496 5264 et
557 5211 987 5276 membrorum;
1024 5224 1131 5262 vox
1186 5208 1367 5278 ipsius
1408 5210 1604 5261 nostra
1661 5211 1764 5273 est,
1825 5210 1882 5259 et

173 5304 377 5353 nostra
407 5299 590 5369 ipsius
622 5304 724 5352 est.

251 5389 417 5441 Vens.
449 5392 501 5441 2.
553 5389 811 5453 —Deus,
871 5389 1013 5442 Deus
1066 5400 1212 5439 meus
1270 5384 1344 5437 ad
1392 5389 1441 5439 te
1469 5383 1533 5437 de
1590 5383 1722 5450 luce,
1772 5387 1875 5438 etc.

174 5476 358 5547 (Ibid)
392 5476 691 5540 Quomodo
723 5491 783 5529 se
811 5475 1021 5528 habeat
1048 5473 1109 5527 in
1140 5473 1386 5541 deserto,
1415 5472 1623 5525 scilicet
1650 5487 1877 5542 sponsa.

174 5567 367 5620 Deum
411 5564 601 5617 videro
650 5562 951 5629 desiderat,
986 5578 1159 5634 quem
1208 5565 1267 5616 et
1317 5560 1532 5628 laudat,
1571 5562 1626 5614 et
1654 5559 1715 5615 id
1759 5575 1880 5615 am-

1988 1784 2154 1837 Verbi
2200 1784 2287 1837 sui
2346 1784 2563 1853 Spiritu
2608 1790 2802 1837 sancto
2851 1784 3095 1853 implens
3132 1784 3559 1853 prazdicatores:
3615 1788 3682 1840 Ut

1985 1874 2134 1939 ﬁeret
2170 1874 2229 1925 in
2283 1875 2359 1925 eis
2416 1876 2539 1939 fons
2587 1888 2743 1940 aqua
2791 1874 3037 1927 salientis
3094 1876 3151 1925 in
3204 1874 3369 1925 vitam
3418 1879 3684 1928 azternam

1990 1962 2173 2024 (Joan.
2212 1962 2303 2029 Iv).
2344 1962 2435 2014 Sic
2465 1964 2523 2014 in
2552 1967 2733 2015 sancto
2766 1964 3007 2031 apparat
3036 1962 3138 2014 tibi
3165 1967 3223 2015 ut
3285 1961 3539 2029 viderem,
3574 1968 3679 2015 etc.

1989 2048 2173 2119 (AUG.)
2219 2049 2319 2103 Cui
2374 2066 2487 2102 non
2513 2055 2747 2120 apparet
2782 2052 2927 2103 Deus
2984 2049 3056 2103 sit
3115 2050 3173 2103 in
3219 2056 3410 2103 sancto
3462 2050 3682 2104 deside-

1992 2138 2095 2203 rio,
2130 2143 2261 2202 etc.,
2311 2153 2480 2206 usque
2540 2138 2614 2191 ad
2642 2139 2733 2191 Sol
2766 2138 2919 2191 enim
2970 2156 3071 2192 sua
3102 2139 3226 2192 luce
3285 2139 3417 2192 facit
3449 2155 3551 2193 nos
3602 2139 3684 2192 vi-

1990 2228 2144 2292 dere,
2179 2227 2259 2279 ita
2280 2234 2334 2281 et
2367 2227 2534 2279 Deus.

2059 2335 2223 2386 Vens.
2248 2334 2299 2386 4.
2340 2363 2409 2371 —-
2440 2333 2613 2400 Super
2656 2334 2816 2386 vitas.
2881 2331 3073 2401 (Ibid)
3110 2333 3511 2398 Humanitatis,
3553 2349 3682 2404 quas

1992 2422 2184 2475 multae
2214 2428 2368 2486 sunt,
2410 2426 2473 2473 ut
2505 2420 2721 2485 militis,
2768 2420 3034 2490 agricolas
3074 2426 3128 2473 et
3155 2426 3521 2474 czeterorum:
3554 2436 3683 2474 mc-

1989 2511 2097 2563 lius
2123 2515 2207 2563 est
2237 2510 2391 2578 quod
2421 2510 2519 2563 das
2574 2508 2861 2577 correctis,
2914 2525 3084 2578 quam
3116 2509 3266 2578 quod
3299 2509 3521 2579 eligunt
3548 2525 3679 2579 per-

1989 2598 2153 2651 versi.
2184 2597 2357 2651 Labia
2404 2611 2539 2649 mea.
2578 2597 2711 2649 Post
2754 2596 3033 2649 beneﬁcia
3099 2597 3228 2649 Dei:
3264 2596 3494 2649 laudem
3545 2612 3681 2666 pro-

1989 2686 2181 2739 mittit.
2240 2684 2589 2748 Laudabunt,
2617 2684 2683 2736 ad
2717 2685 3139 2754 proximum,de
3193 2701 3306 2753 quo
3337 2684 3509 2737 etiam
3560 2685 3676 2737 sol-

1990 2774 2197 2841 licitor,
2231 2774 2366 2843 quia
2388 2773 2498 2826 nisi
2530 2772 2916 2826 misericordia
2977 2778 3071 2825 tua
3101 2789 3190 2825 me
3232 2772 3592 2843 praeveniret,
3625 2778 3679 2825 te

1990 2862 2222 2915 laudare
2253 2877 2369 2914 non
2396 2877 2645 2931 possem,
2679 2866 2736 2915 et
2791 2861 2936 2914 sicut
2966 2861 3155 2931 labiis,
3207 2863 3287 2915 sic
3340 2860 3684 2915 henedicant

1992 2950 2050 3002 in
2082 2950 2212 3003 vita.
2248 2950 2341 3003 Vel
2372 2950 2471 3015 sic,
2497 2950 2636 3015 Quia
2665 2964 2828 3018 super
2859 2952 3022 3003 vitas.

2062 3057 2223 3109 Vens.
2258 3059 2309 3109 5.
2368 3085 2437 3095 —
2494 3056 2582 3110 Sic
2623 3055 2946 3109 benedicam.
3000 3055 3188 3123 (Ibid)
3242 3056 3311 3109 Ut
3347 3054 3551 3109 dedisti
3582 3070 3684 3125 per

1993 3144 2439 3198 misericordiam
2469 3144 2702 3198 laudare
2760 3148 2835 3210 te,
2894 3145 2972 3198 sic
3003 3144 3329 3208 benedicam,
3360 3147 3421 3196 ut
3459 3143 3682 3197 miseri-

1991 3233 2200 3287 cordias
2255 3232 2503 3286 tribuam
2530 3232 2727 3296 vitam,
2777 3231 2835 3284 in
2872 3249 2983 3301 qua
3026 3231 3213 3285 laudo.
3265 3234 3327 3285 In
3352 3235 3563 3285 nomine
3594 3238 3683 3285 tuo

1993 3322 2178 3377 levabo
2214 3337 2411 3375 manus
2451 3335 2615 3375 meas.
2650 3320 2838 3390 (Ibid)
2886 3321 3053 3374 Levat
3105 3335 3308 3373 manus
3366 3320 3483 3389 qui,
3519 3320 3682 3373 bonis

1991 3410 2258 3479 operibus
2284 3409 2572 3475 insistens,
2604 3409 2780 3463 tensis
2835 3408 3097 3461 manibus
3146 3408 3205 3461 in
3238 3408 3424 3477 ﬁgura
3479 3409 3680 3467 crucis,

1992 3500 2170 3551 Deum
2202 3498 2354 3552 unde
2406 3497 2635 3563 adorat;
2664 3497 2812 3551 unde
2843 3496 3178 3566 Apostolus:
3208 3498 3479 3550 Levantes
3509 3512 3683 3567 puras

1992 3603 2196 3639 manus
2217 3586 2274 3639 in
2299 3586 2579 3654 oratione,
2606 3586 2727 3641 sine
2759 3585 2843 3639 ira
2864 3589 2919 3639 et
2949 3584 3389 3653 disceptatione.

2061 3693 2224 3745 Vens.
2261 3693 2311 3745 6.
2347 3722 2413 3730 —
2461 3691 2660 3759 Adipe.
2697 3690 2873 3759 (Ibid)
2916 3691 2981 3744 In
3029 3690 3335 3744 intestinis.
3389 3691 3683 3761 Pinguedo

1990 3779 2051 3833 in
2080 3796 2267 3847 carne,
2301 3779 2359 3833 id
2392 3784 2496 3845 est,
2529 3779 2830 3848 sapientia,
2865 3794 2995 3848 qua:
3029 3779 3087 3831 in
3117 3779 3444 3833 abscondito
3485 3783 3541 3833 et
3572 3780 3682 3833 for-

1991 3869 2173 3921 titudo
2207 3866 2462 3937 spiritus.

2066 3955 2268 4009 Levabo
2297 3969 2509 4008 manus.
2558 3953 2739 4023 (Ibid)
2768 3955 2827 4006 In
2864 3952 3033 4006 Exod.
3085 3954 3321 4023 Moyses,
3355 3955 3492 4007 dum
3525 3954 3679 4007 leva-

1990 4052 2077 4098 ret
2096 4059 2299 4096 manus
2341 4043 2409 4096 ad
2455 4042 2781 4107 Dominum,
2818 4046 2948 4106 etc.,
3002 4055 3172 4109 usque
3201 4041 3275 4095 ad
3304 4057 3406 4113 pro
3438 4042 3683 4095 terrenis

1994 4135 2280 4201 operatur,
2314 4129 2560 4183 vincitur
2588 4129 2658 4182 ab
2683 4129 2970 4181 Amalech.

2065 4237 2225 4289 Vens.
2280 4240 2334 4289 7.
2366 4264 2435 4275 —
2490 4236 2555 4288 Si
2609 4250 2806 4288 memor
2832 4236 2944 4301 fui.
3006 4232 3207 4306 (Cass)
3259 4233 3503 4304 Exponit
3531 4233 3682 4287 bona

1992 4326 2257 4402 malaque
2292 4324 2584 4394 utriusque
2624 4323 2821 4394 partis,
2853 4329 2983 4390 etc.,
3024 4338 3192 4392 usque
3229 4324 3303 4376 ad
3350 4323 3459 4376 nisi
3493 4323 3593 4401 qui
3624 4322 3682 4375 in

1990 4413 2213 4467 Christo
2245 4418 2535 4482 operatur.

2064 4501 2260 4571 (Cass)
2295 4503 2356 4555 In
2416 4502 2722 4569 matutinis,
2754 4500 2812 4555 id
2842 4504 2941 4564 est,
2993 4500 3053 4553 in
3087 4500 3207 4553 luce
3244 4499 3551 4566 Christi,ut
3581 4514 3680 4552 su-

1989 4607 2091 4661 pra
2122 4590 2186 4643 de
2216 4590 2329 4643 luce
2355 4589 2526 4657 vigilo
2569 4589 2641 4642 ad
2668 4594 2734 4655 te,
2771 4594 2830 4642 ut
2868 4588 3022 4642 filius
3059 4587 3218 4654 lucis,
3255 4587 3313 4641 id
3344 4592 3426 4641 est
3452 4586 3682 4642 Christi.

1992 4678 2060 4730 ad
2094 4678 2234 4730 lucis
2263 4681 2554 4730 auctorem
2577 4677 2786 4743 vigilet,
2811 4676 2880 4729 ad
2905 4677 3103 4729 Deum.

2062 4768 2223 4819 Vens.
2266 4768 2316 4819 8.
2352 4796 2420 4804 —
2472 4765 2738 4833 Adjutor,
2775 4769 2879 4818 etc.
2915 4762 3101 4833 (AUG.)
3136 4764 3197 4815 In
3228 4762 3497 4832 periculis
3553 4763 3678 4816 Idu-

1988 4870 2170 4917 maeas,
2203 4844 2333 4919 etc.,
2388 4868 2555 4920 usque
2600 4852 2675 4905 ad
2730 4851 2864 4922 quia
2911 4866 2993 4905 me
3044 4853 3279 4919 suscepit
3339 4868 3371 4903 a
3410 4850 3682 4921 periculis

1991 4940 2217 4994 deartera
2255 4944 2370 5005 tua,
2404 4939 2461 4992 id
2493 4944 2577 4993 est
2595 4938 2951 5009 propitiatio.

2061 5030 2222 5081 Vens.
2262 5029 2344 5081 10.
2403 5057 2472 5065 -
2520 5029 2643 5096 Ipsi
2672 5042 2794 5081 vero
2850 5029 2906 5081 in
2948 5042 3148 5080 vanum
3187 5028 3516 5095 quaesierunt
3561 5027 3683 5079 ani-

1990 5133 2148 5171 mam.
2203 5117 2318 5170 Rex
2381 5132 2532 5169 vero.
2587 5115 2819 5170 Confert
2867 5115 2927 5168 in
2984 5114 3072 5168 his
3150 5115 3371 5169 duobus
3428 5114 3686 5169 versibus

1991 5206 2142 5259 bona
2174 5209 2227 5258 et
2251 5205 2402 5257 mala
2417 5204 2766 5257 diversarum
2790 5203 3065 5273 partium.

2058 5294 2131 5346 In
2160 5294 2431 5357 inferiora
2462 5295 2639 5344 terra}.
2670 5291 2868 5361 (Cass)
2891 5292 3033 5355 Quia
3063 5306 3179 5344 non
3203 5290 3273 5344 ad
3301 5290 3473 5344 cmlos
3504 5290 3686 5345 evecti

1989 5386 2140 5435 sunt.
2171 5383 2217 5433 A
2241 5385 2392 5434 terra
2446 5379 2751 5433 sorbentur
2799 5380 2966 5433 malae
2997 5379 3392 5450 cogitationes,
3448 5379 3583 5450 quia
3615 5380 3685 5435 de

1994 5474 2143 5524 terra
2170 5474 2340 5535 natas,
2366 5468 2427 5521 in
2450 5468 2567 5521 ima
2598 5473 2785 5535 terrae,
2819 5468 2982 5538 quasi
3023 5468 3083 5522 in
3114 5484 3361 5537 ccenum,
3417 5474 3684 5540 vergunt.

2066 5559 2229 5613 Vens.
2294 5560 2380 5613 ll.
2431 5585 2505 5599 —
2556 5557 2752 5612 Partes
2796 5557 3043 5627 vulpium
3093 5561 3267 5621 erunt,
3330 5562 3438 5612 etc.
3483 5558 3684 5629 (Cass)
