4034 6180
345 282 448 335 935

963 277 1358 333 WALAFRIDI
1400 277 1648 332 STRABI
1687 276 1886 332 FULD.
1937 274 2106 331 MON.
2153 273 2311 331 OPP.
2360 275 2532 331 PARS
2569 275 2620 332 Ι.
2666 304 2735 315 -
2773 275 3238 336 THEOLOGICA.

3754 283 3855 337 936

345 402 678 474 Principum
731 401 939 468 saeculi,
1006 406 1136 466 etc.,
1196 416 1365 469 usque
1409 400 1483 454 ad
1528 400 1666 454 dum
1722 415 1780 454 se
1823 398 2108 454 dolosisA
2145 402 2381 452 storum.
2434 398 2856 470 0mnes.([bid.)
2904 400 2983 454 Ne
3012 407 3180 472 putes
3209 403 3280 457 de
3331 403 3469 457 solis
3516 404 3856 475 Apostolicis

344 507 518 561 prava
541 492 833 546 voluntate
863 490 1248 559 conjungunt.

415 581 576 633 Vens.
618 582 700 633 12.
758 609 818 619 -
851 579 918 633 1η
947 580 1072 631 Deo.
1136 578 1336 644 (CASS.)
1366 578 1548 643 Patre,
1604 576 1785 631 unde:
1815 577 1941 644 Ego
1986 577 2045 629 in

344 671 524 734 Patre,
557 670 782 721 etPater
803 668 861 719 in
890 681 989 719 me.
1021 666 1253 730 Jurant,
1291 681 1402 718 non
1437 681 1536 734 per
1565 681 1719 731 eum,
1754 681 1824 718 ne
1857 663 2042 734 impe-

348 761 436 810 ret
464 757 879 826 juramentum,
938 754 1034 807 sed
1064 754 1125 807 in
1172 769 1262 820 eo,
1320 753 1708 824 promittendo
1768 753 1821 808 ei
1879 755 2041 807 obse-

349 845 572 916 quium.

915 912 1228 968 PSALMUS
1283 913 1471 967 LXIII.

439 1022 636 1092 (Cass)
697 1020 956 1074 Psalmus
999 1019 1107 1074 isto
1163 1020 1411 1074 breviter
1444 1018 1584 1090 agit,
1609 1021 1739 1085 etc.,
1771 1034 1938 1088 usque
1969 1018 2044 1074 ad

346 1116 413 1166 ut
479 1111 538 1164 in
607 1109 968 1180 passionibus
1025 1124 1322 1179 speremus
1383 1108 1444 1162 in
1516 1106 1778 1162 Domino.
1852 1107 2040 1177 (Αυο.)

350 1201 422 1256 Ut
447 1204 619 1270 caput
673 1203 956 1264 nostrum,
1015 1197 1095 1251 ita
1136 1213 1242 1250 nos
1271 1197 1332 1250 in
1387 1196 1847 1252 tribulationibus
1873 1211 2040 1265 roge-

346 1304 495 1342 mus.

413 1379 574 1431 Vens.
619 1379 672 1429 2.
728 1407 793 1415 —
841 1373 1087 1439 Exaudi,
1129 1377 1288 1440 Deus,
1323 1376 1639 1428 orationem.
1701 1373 1772 1427 Ut
1801 1371 2037 1437 exaltes,

338 1471 387 1520 et
418 1469 586 1534 eripe,
618 1464 754 1534 quia
792 1463 1086 1533 deprecor.
1121 1465 1170 1516 Α
1222 1465 1408 1516 timore
1437 1463 1668 1516 inimici.
1705 1459 1899 1531 (CASS.)
1931 1459 2039 1514 Sed

343 1572 459 1609 non
486 1572 516 1607 a
547 1555 752 1608 timore
775 1552 995 1606 mortis.

412 1643 572 1694 Vens.
622 1643 672 1696 3.
718 1670 779 1680 —
831 1640 1129 1693 Protemisti
1183 1654 1282 1692 me.
1342 1638 1529 1708 (Auc.)
1581 1640 1691 1692 Hoc
1745 1638 1802 1692 in
1853 1638 2036 1707 capite

339 1728 576 1792 factum,
627 1726 782 1797 quod
832 1733 888 1779 et
944 1724 1208 1779 membra
1254 1723 1651 1794 experiuntur:
1685 1723 1793 1778 hoc
1846 1738 2034 1776 exem-

341 1815 436 1886 plo
479 1815 685 1885 reliqui
714 1814 1041 1868 ﬁrmantur.

419 1905 579 1958 Vens.
636 1905 688 1956 4.
741 1903 973 1967 —Quia
1026 1905 1356 1954 emacuerunt
1409 1904 1469 1953 ut
1515 1897 1760 1965 gladium
1792 1897 2031 1964 linguas.

339 1993 438 2046 Vel
487 1991 585 2062 qui
634 1990 847 2044 scilicet
895 1989 1275 2058 malignantes
1305 1994 1361 2042 et
1415 1994 1718 2058 operantes
1764 1987 2034 2058 iniquita-

341 2085 478 2134 tem.
525 2081 751 2134 Arcum.
812 2078 1068 2132 Occultas
1099 2076 1355 2142 insidias,
1409 2081 1471 2130 ut
1517 2091 1621 2145 per
1665 2075 2032 2145 discipulum,

341 2167 495 2239 quod
523 2172 608 2222 est
650 2184 741 2220 res
783 2183 996 2231 amara,
1028 2169 1092 2220 ut
1122 2165 1356 2219 conviva
1406 2164 1478 2218 sit
1529 2164 1811 2236 proditor.
1861 2165 2033 2218 Ama-

339 2272 480 2310 ram.

414 2348 570 2399 Vens.
606 2348 658 2399 6.
709 2373 777 2384 --
829 2343 1014 2399 Subito
1071 2342 1429 2409 sagittabunt.
1474 2341 1666 2411 (Ibid.)
1734 2341 2032 2406 Insidiose,

339 2436 502 2506 quasi
525 2433 872 2488 nescientem
904 2438 968 2486 ut
993 2432 1076 2486 eis
1109 2433 1334 2486 videtur
1365 2430 1463 2500 qui
1491 2446 1548 2483 se
1580 2429 1822 2484 credunt
1853 2431 2034 2484 Deum

337 2524 550 2578 fallere.
611 2525 730 2580 Non
788 2523 1067 2576 timebunt.
1126 2520 1312 2590 (lbid.)
1359 2520 1401 2573 Ο
1450 2535 1548 2572 cor
1599 2519 1834 2574 durum!
1894 2519 2036 2572 occi-

337 2612 470 2666 dere
509 2611 823 2679 hominem,
855 2611 955 2680 qui
1005 2614 1260 2662 mortuos
1299 2607 1622 2674 suscitabat,
1658 2613 1716 2661 et
1761 2607 1894 2661 inde
1915 2623 2035 2661 non

336 2701 561 2756 timere.
589 2701 992 2754 Firmaverunt.
1054 2697 1262 2769 (Cass)
1307 2696 1722 2762 Obstinatione,
1746 2712 1865 2750 non
1893 2695 2036 2749 veri-

337 2794 473 2858 tate,
523 2804 869 2843 sermonem.
933 2788 1077 2841 Reus
1119 2792 1197 2840 est
1251 2787 1468 2839 mortis:
1524 2785 1632 2852 vel,
1691 2785 1932 2856 Expedit
1973 2789 2035 2839 ut

334 2893 475 2932 unus
522 2879 791 2932 moriatur
838 2875 976 2930 Sibi.
1025 2875 1215 2944 (Ibid)
1269 2875 1393 2928 Non
1438 2873 1700 2939 Domino,
1751 2873 1850 2927 sed
1898 2873 2028 2939 sibi,

2154 485 2284 541 dici.

2752 558 2978 614 PSALM
2988 559 3068 615 US
3145 562 3320 616 LXIV.

2276 665 2338 717 In
2384 645 2563 732 ﬁnem.
2639 663 2826 735 (Auc.)
2903 667 3274 738 Prophetavit
3342 668 3622 723 Jeremias
3700 669 3852 740 (xxv,

2150 753 2305 810 xxxx)
2358 757 2487 823 post
2526 754 2886 824 septuaginta
2943 772 3122 810 annos
3171 756 3496 812 rediturum
3549 760 3851 828 populum.

2149 840 2304 894 Inter
2332 841 2584 912 captivos
2615 848 2736 895 erat
2767 844 3024 899 Ezechiel
3078 849 3137 900 et
3172 845 3273 899 alii
3331 847 3652 916 prophetae.
3691 849 3852 902 Com-

2147 929 2317 998 pletis
2364 931 2728 1000 septuaginta
2777 933 2942 987 annis
3006 933 3336 988 restitutum
3385 939 3471 988 est
3544 937 3850 1006 templum.

2152 1017 2361 1088 Figura
2409 1023 2493 1072 est
2540 1019 2738 1089 nostri,
2787 1021 2890 1092 qui
2941 1022 3010 1076 de
3067 1022 3380 1094 Babylonia
3435 1024 3506 1078 ad
3535 1026 3852 1081 Jerusalem

2149 1105 2525 1177 suspiramus,
2619 1108 2688 1163 de
2767 1110 2970 1164 saeculo
3035 1115 3092 1164 et
3171 1127 3409 1182 corpore
3487 1114 3714 1183 peccati
3783 1115 3855 1169 ad

2149 1195 2377 1250 caelum.

2217 1282 2380 1337 Vens.
2419 1286 2466 1338 l.
2518 1314 2587 1324 —-
2633 1284 2903 1341 Jeremiaz.
2960 1285 3143 1357 (Aea,
3207 1287 3389 1358 Hien.)
3446 1289 3755 1356 Excelsns;
3800 1298 3854 1346 et

2151 1368 2435 1440 signiﬁcat
2461 1387 2576 1435 eos,
2628 1371 2730 1442 qui
2781 1372 2982 1427 dicunt
3010 1389 3023 1427 :
3052 1375 3252 1430 Nostra
3284 1379 3622 1431 conversatio
3671 1381 3730 1432 in
3761 1396 3852 1434 ca-

2149 1458 2215 1512 lis
2245 1464 2340 1512 est.
2374 1462 2628 1526 Aggwus,
2661 1459 2857 1514 festus.
2905 1461 3036 1515 Illos
3086 1463 3388 1533 signiﬁcat,
3453 1465 3554 1535 qui
3585 1472 3728 1520 sunt
3754 1484 3849 1538 spe

2147 1547 2480 1616 gaudentes,
2517 1548 2616 1618 qui
2643 1548 2701 1601 in
2732 1549 2992 1620 reliquiis
3022 1552 3433 1621 cogitationum
3462 1553 3616 1606 diem
3642 1555 3851 1610 festum

2146 1640 2325 1703 agunt
2357 1636 2597 1690 Domino
2634 1655 2649 1705 ;
2682 1639 2946 1705 Ezechiel,
2985 1640 3268 1693 roboravit
3298 1657 3388 1694 me
3447 1643 3748 1709 Dominus,
3797 1651 3851 1699 et

2145 1721 2428 1793 signiﬁcat
2476 1723 2625 1792 illos,
2675 1725 2776 1796 qui
2833 1732 2967 1780 sunt
3012 1727 3264 1781 roborati
3317 1728 3377 1782 in
3440 1729 3730 1800 Domino;
3792 1733 3851 1786 hi

2143 1811 2633 1881 prophetaverunt
2660 1813 2912 1868 reditum
2935 1814 2996 1868 in
3013 1816 3349 1870 Jerusalem.

2236 1902 2310 1953 De
2324 1901 2526 1969 populo
2600 1905 3126 1970 transmigrationis.
3183 1905 3367 1975 (Αυα.)
3434 1905 3497 1960 Id
3576 1911 3688 1972 est,
3750 1908 3850 1978 qui

2142 1987 2573 2058 transmigravit
2603 1989 2671 2043 de
2696 1992 2836 2044 coelo
2875 1991 2944 2045 ad
2999 1996 3230 2058 terram,
3291 1993 3360 2047 de
3390 1992 3752 2064 perfectione
3781 1999 3849 2052 ad

2143 2075 2435 2129 miseriam
2467 2082 2522 2130 et
2550 2078 2967 2133 confusionem.
3012 2080 3143 2135 Cum
3193 2083 3472 2150 inciperet.
3531 2084 3723 2154 (Ibid.)
3757 2087 3849 2140 In-

2142 2162 2281 2233 cipit
2307 2163 2480 2233 exire,
2506 2165 2606 2235 qui
2653 2165 2856 2236 incipit
2901 2183 3092 2220 amare
3123 2184 3138 2234 ;
3174 2168 3416 2223 charitas
3467 2170 3658 2225 civem
3720 2173 3849 2227 facit

2139 2251 2474 2318 Jerusalem,
2506 2253 2785 2324 cupiditas
2833 2255 3136 2326 Babylonis
3171 2273 3183 2310 :
3217 2262 3273 2311 et
3317 2258 3396 2311 sic
3427 2274 3566 2329 ergo
3609 2276 3845 2332 corpore

2141 2340 2428 2410 permisti,
2477 2341 2758 2396 desiderio
2788 2350 2923 2397 sunt
2953 2344 3218 2414 separati.
3253 2345 3456 2416 (Cass)
3516 2349 3842 2404 Consolatia

2140 2428 2202 2482 in
2234 2429 2429 2482 exsilio
2463 2446 2476 2497 ;
2505 2446 2578 2484 ne
2600 2430 2726 2501 quis
2755 2430 3054 2500 desperet:
3087 2432 3222 2503 quia
3263 2433 3540 2489 certiﬁcat
3570 2437 3839 2505 reditum,

2142 2521 2198 2571 et
2226 2534 2331 2587 per
2362 2534 2553 2588 quem,
2589 2523 2646 2572 et
2671 2535 2800 2588 quae
2833 2519 3045 2574 divitiaa
3105 2521 3362 2576 reversis.
3419 2522 3692 2580 Afﬁrmat
3722 2528 3845 2581 red-

2141 2604 2308 2670 itum,
2339 2612 2396 2660 et
2416 2611 2700 2675 precatur.

2211 2695 2380 2750 Vens.
2407 2698 2466 2750 2.
2506 2726 2574 2734 —
2605 2698 2670 2750 Te
2715 2697 2886 2752 decet.
2951 2697 3074 2751 Non
3119 2697 3253 2751 deos
3309 2699 3570 2770 gentium
3617 2707 3676 2756 et
3732 2720 3848 2758 non

2141 2783 2296 2848 alibi,
2331 2783 2443 2837 nisi
2491 2783 2550 2837 in
2591 2785 3092 2854 contemplatione,
3141 2785 3198 2840 id
3226 2792 3332 2855 est,
3390 2785 3524 2855 ﬁde,
3567 2793 3628 2842 et
3663 2790 3746 2843 ibi
3775 2791 3845 2844 de

2138 2871 2302 2925 bonis
2350 2872 2617 2942 operibus
2677 2873 2936 2928 reddetur
2993 2879 3198 2941 votum,
3245 2875 3303 2928 in
3355 2876 3567 2930 ccelesti
3609 2878 3843 2932 Jerusa-

336 2984 468 3022 cum
522 2966 744 3022 dicunt:
800 2965 1036 3030 Sanguis
1082 2963 1198 3032 ejus
1245 2978 1407 3031 super
1461 2977 1556 3016 nos
1599 2966 1648 3016 et
1704 2977 1868 3030 super
1894 2964 2035 3030 ﬁlios
2067 2961 2107 3016 C
2148 2960 2281 3029 lem,
2304 2961 2458 3031 quod
2489 2962 2571 3015 illi
2603 2963 2901 3016 solvebant
2927 2962 3086 3016 Marti
3112 2968 3240 3032 post
3267 2963 3488 3034 praelia,
3523 2970 3579 3019 et
3616 2967 3846 3020 caeteris

336 3061 572 3112 nostros.
644 3057 708 3110 Ut
737 3052 1138 3107 absconderent.
1179 3052 1293 3107 Mos
1340 3051 1656 3118 malorum;
1699 3050 1800 3122 qui
1832 3050 2031 3105 dolum

335 3151 519 3217 parat,
550 3147 712 3214 putat
740 3157 798 3195 se
828 3141 1046 3205 fallere,

409 3235 575 3287 Vens.
604 3236 656 3285 7.
692 3259 765 3269 —
808 3229 1069 3284 Scrutati.
1101 3225 1324 3296 (CASS.)
1373 3226 1670 3290 Quomodo
1700 3230 2032 3281 accusarent

331 3322 572 3393 justum,
633 3319 721 3373 vel
767 3317 1060 3388 quomodo
1109 3316 1437 3386 perderent,
1497 3331 1570 3369 ne
1630 3315 1880 3369 mundus
1904 3320 2033 3385 post

337 3423 472 3462 eum
524 3407 654 3460 iret.
702 3406 890 3476 (AUG.)
946 3403 1228 3468 Scrutina,
1264 3403 1321 3457 id
1354 3407 1458 3468 est,
1492 3403 1695 3456 acerba
1726 3408 1782 3456 et
1811 3405 2028 3457 occulta

337 3495 614 3559 consilia;
673 3492 770 3547 sed
825 3495 1040 3562 quanto
1097 3491 1320 3544 acutius
1374 3490 1645 3560 cogitant,
1705 3495 1863 3544 tanto
1901 3491 2030 3560 plus

339 3582 616 3639 deﬁciunt
643 3597 676 3634 a
706 3579 940 3634 veritate
968 3583 1026 3633 et
1053 3579 1346 3649 aequitate,
1381 3584 1439 3632 et
1485 3579 1546 3632 in
1579 3579 1842 3634 tenebras
1873 3596 2030 3633 mer-

337 3676 594 3745 guntur:
629 3668 766 3740 quia
794 3683 925 3722 cum
959 3683 1078 3721 non
1109 3666 1298 3721 vident
1333 3668 1529 3734 Deum,
1575 3672 1777 3738 putant
1805 3685 1864 3722 se
1913 3685 2030 3722 non

335 3759 518 3815 videri
539 3777 572 3813 a
602 3759 737 3814 Deo.
765 3756 996 3812 Accedet
1032 3757 1202 3811 homo.
1235 3755 1454 3827 (Cass)
1491 3757 1630 3810 Nam
1681 3757 1781 3827 qui
1808 3762 2028 3811 scruta-

336 3856 432 3906 tur
486 3848 704 3918 iniqua,
766 3851 897 3915 etc.,
951 3861 1120 3915 usque
1165 3845 1239 3899 ad
1281 3845 1377 3899 sed
1434 3847 1493 3898 in
1553 3845 1723 3900 corde
1779 3844 2029 3900 hominis

336 3936 678 4010 grandescit.
713 3933 908 4006 (AUG.)
965 3935 1228 3999 Scrutati,
1261 3933 1359 3988 sed
1391 3933 1618 4000 frustra,
1661 3934 1798 4005 quia
1825 3939 2029 4003 sponte

335 4026 562 4081 accedet
596 4025 771 4078 homo
825 4023 896 4076 ad
944 4022 1286 4093 passionem.
1321 4022 1414 4076 Ad
1468 4037 1558 4076 cor
1595 4023 1785 4076 altum.
1828 4021 2026 4092 (Ibid.)

337 4117 468 4169 Erat
497 4115 570 4179 ei,
607 4112 742 4184 quia
797 4112 907 4166 hoc
955 4111 1198 4166 faciebat
1251 4110 1566 4165 secundum
1615 4111 1796 4165 altum
1841 4110 2028 4164 consi-

336 4205 501 4259 lium.

2143 3048 2251 3102 diis
2275 3049 2334 3102 in
2357 3051 2510 3103 hunc
2542 3051 2798 3104 modum.
2831 3052 2986 3106 Sion.
3045 3052 3234 3105 Patria
3289 3053 3531 3106 caelestis
3564 3059 3652 3108 est
3681 3055 3841 3122 Sion,

2141 3137 2340 3191 eadem
2372 3142 2455 3191 est
2479 3139 2794 3192 Jerusalem

2213 3227 2376 3281 Vens.
2406 3230 2453 3282 3.
2485 3263 2536 3272 -
2574 3227 2810 3282 Exaudi
2863 3229 3158 3282 orationem
3201 3244 3393 3282 meam.
3446 3227 3644 3298 (Cass)
3677 3230 3846 3284 Prius

2139 3312 2268 3368 facit
2301 3315 2451 3385 quod
2487 3333 2515 3369 a
2537 3316 2756 3370 caeteris
2787 3315 3110 3370 faciendum
3149 3316 3304 3384 dicit,
3341 3317 3569 3379 scilicet,
3606 3313 3843 3374 eaaudi.

2141 3401 2326 3457 Omnis
2350 3419 2492 3458 caro.
2552 3403 2728 3474 (AUG.)
2763 3405 2822 3458 Id
2856 3409 2959 3472 est,
3002 3404 3196 3473 homo,
3230 3405 3281 3460 id
3314 3411 3400 3460 est
3452 3422 3518 3459 ex
3548 3408 3713 3461 omni
3745 3424 3846 3478 ge-

2139 3506 2277 3545 nere
2303 3507 2316 3545 :
2339 3507 2644 3562 pauperes,
2687 3493 2908 3562 divites,
2940 3493 3068 3561 viri,
3099 3494 3349 3562 feminae,
3394 3494 3563 3562 docti,
3594 3495 3842 3560 indocti,

2139 3580 2326 3651 pueri,
2357 3596 2536 3634 senes.

2213 3669 2386 3723 Vens.
2421 3669 2473 3722 4.
2495 3697 2568 3709 -
2595 3668 2776 3722 Verba
2821 3670 3150 3740 iniquorum.
3204 3671 3403 3744 (Cass)
3450 3671 3570 3736 Qua
3599 3689 3703 3744 spe
3736 3674 3846 3728 hoc

2141 3771 2268 3810 oras
2290 3755 2318 3810 ?
2357 3756 2492 3826 quia
2527 3756 2605 3810 ad
2635 3761 2683 3810 te
2706 3760 2878 3813 omnis
2907 3774 3032 3813 caro
3061 3761 3254 3824 veniet,
3279 3776 3392 3815 non
3405 3761 3594 3815 solum
3615 3763 3840 3827 anima,

2139 3843 2236 3896 sed
2257 3842 2430 3897 etiam
2463 3843 2649 3896 malus
2679 3844 2874 3898 homo.
2911 3846 3145 3900 Necesse
3176 3851 3261 3900 est
3291 3851 3355 3902 ut
3401 3847 3619 3902 audias.
3653 3850 3846 3905 Verba

2139 3930 2292 3984 enim
2322 3930 2678 4002 iniquorum,
2727 3931 2938 3986 diaboli
2973 3938 3029 3988 et
3071 3934 3494 4004 primitivorum
3529 3942 3845 4006 parentum

2137 4019 2273 4074 Adae
2299 4025 2355 4073 et
2373 4021 2519 4074 Evae.
2551 4021 2973 4076 Praevaluerunt.
3003 4023 3060 4076 Id
3089 4027 3192 4090 est,
3212 4023 3273 4076 in
3294 4024 3558 4079 exsilium
3578 4027 3846 4096 projece-

2137 4113 2291 4174 runt,
2324 4109 2412 4163 vel
2439 4109 2668 4179 pagani,
2698 4109 2844 4164 ritus
2891 4127 3025 4165 suos
3055 4111 3189 4166 ﬁliis
3235 4112 3352 4166 suis
3387 4119 3718 4181 suaserunt,
3746 4116 3846 4170 sed

2059 4239 2103 4294 Β
2140 4195 2542 4294 propitiaberis
2573 4196 2842 4294 inbostia
2899 4197 3126 4253 Christi.
3179 4198 3363 4270 (Ana)
3399 4201 3571 4256 Verba
3620 4204 3844 4272 iniquo-

405 4293 632 4358 Sagittae
688 4288 1046 4359 parvulorum
1108 4289 1290 4355 facta”.
1353 4287 1565 4358 (CAss.)
1627 4288 2029 4342 Enumeratam
2059 4283 2100 4294 ”
2140 4299 2282 4351 rum,
2321 4283 2379 4338 id
2404 4288 2509 4351 est,
2540 4284 2721 4338 malos
2751 4285 2894 4339 ritus
2947 4291 3004 4340 et
3031 4301 3220 4340 mores
3273 4292 3575 4358 parentum
3606 4298 3842 4345 nostro-

336 4381 675 4452 pravitatem
704 4377 905 4432 irridet
929 4375 1280 4441 Iudaeorum,
1312 4375 1410 4446 qui
1440 4376 1625 4447 magis
1652 4377 1866 4430 turbati
1895 4382 2029 4431 sunt

333 4470 598 4524 nuntiata
625 4463 1064 4531 resurrectione,
1083 4464 1225 4535 justi
1256 4463 1456 4529 laetati,

404 4557 574 4610 Vens.
621 4556 674 4609 9.
710 4582 780 4594 —
821 4552 1168 4609 Conturbati.
1232 4550 1417 4621 (Ibid.)
1464 4550 1719 4604 Fuerunt
1765 4549 1850 4604 illi
1902 4550 2025 4620 qui,

335 4644 533 4699 salutis
593 4659 710 4698 suae
764 4641 1072 4696 consilium
1126 4643 1473 4712 quaerentes,
1530 4639 1824 4694 dixerunt:
1881 4639 2028 4703 Quid

333 4733 597 4799 faciemus
627 4733 737 4786 viri
761 4730 961 4801 fratres
977 4732 1005 4782 ?

409 4821 571 4874 Vens.
610 4819 692 4873 l0.
725 4848 794 4858 —
852 4819 916 4872 Et
946 4817 1126 4871 timuit
1173 4816 1364 4870 omnis.
1396 4814 1583 4886 (AUG.)
1635 4815 1693 4869 Si
1724 4813 1888 4869 timet
1916 4814 2028 4869 ho-

337 4924 450 4977 mo,
502 4923 619 4962 non
651 4910 860 4960 terreat
909 4905 1103 4968 homo,
1136 4903 1276 4975 quin
1328 4902 1651 4970 annuntiet,
1699 4903 1842 4957 sicut
1878 4906 2027 4974 Apo-

336 4997 488 5066 stoli,
526 4995 734 5067 quibus
790 4993 1287 5048 comminaverunt
1330 4991 1616 5062 principes
1642 4991 2025 5058 sacerdotum,

338 5085 612 5150 dicentes,
635 5099 706 5137 ne
733 5080 1181 5153 praedicarentin
1213 5079 1445 5134 nomine
1474 5079 1623 5134 .lesu.

406 5173 488 5226 Et
538 5173 691 5238 facta
746 5169 863 5238 ejus
911 5168 1312 5222 intellexerunt.
1372 5165 1568 5237 (Ibid)
1634 5166 1748 5222 Cur
1786 5167 2029 5237 passus?

337 5275 439 5313 cur
469 5275 585 5312 non
608 5256 898 5312 descendit
927 5255 997 5310 de
1028 5257 1236 5309 cruce?
1263 5255 1398 5326 quia
1429 5255 1792 5309 moriendum
1821 5259 1945 5309 erat
1973 5259 2029 5310 et

339 5346 752 5415 resurgendum
777 5361 791 5398 :
819 5344 974 5415 quod
1005 5348 1140 5398 tunc
1154 5359 1268 5396 non
1297 5342 1403 5397 fuit
1435 5343 1809 5396 intellectum.

410 5434 572 5487 Vens.
609 5437 692 5488 11.
748 5463 816 5474 -
862 5432 1168 5487 Laetabitur
1198 5432 1383 5501 justus
1416 5434 1475 5485 in
1524 5433 1768 5486 Domino.
1805 5430 2024 5500 (Cass)

338 5521 638 5577 Conclusio
693 5537 760 5577 ex
817 5520 1120 5593 praedictis,
1151 5525 1210 5575 et
1237 5519 1559 5575 ostenditur
1605 5519 1906 5590 promissio
1941 5522 2028 5589 ju~

2137 4388 2265 4426 rum
2295 4371 2419 4444 (qui
2470 4378 2533 4427 ut
2563 4376 2746 4435 aetate,
2805 4373 2885 4428 ita
2936 4374 3269 4429 auctoritate
3316 4381 3592 4448 praestant
3621 4380 3843 4451 pueris)

2135 4460 2316 4515 secuti
2373 4477 2588 4515 sumus.
2663 4462 3085 4530 Propitiaberis.
3145 4464 3323 4534 (Ana)
3377 4466 3725 4536 Propitiatio
3782 4470 3846 4524 ﬁt

2136 4565 2240 4620 per
2315 4548 2680 4617 sacriﬁcium,
2743 4551 2898 4621 quod
2937 4552 3196 4606 sacerdos
3251 4553 3540 4609 Christum
3608 4557 3839 4612 obtulit.

2136 4638 2292 4692 Idem
2319 4641 2402 4691 est
2429 4653 2566 4708 ergo
2597 4639 2859 4693 sacerdos
2889 4643 2945 4694 et
2985 4640 3191 4696 hostia.

2207 4727 2372 4780 Vens.
2407 4730 2458 4780 ὅ.
2489 4756 2559 4766 —-
2608 4729 2805 4782 Beatus
2853 4744 3010 4796 quem
3064 4729 3293 4796 elegisti,
3363 4734 3467 4785 etc.
3537 4733 3746 4807 (Cass)
3782 4736 3844 4789 Et

2135 4814 2335 4869 beatus
2361 4815 2550 4869 omnis
2581 4815 2677 4870 ille
2707 4831 2882 4886 quem
2927 4817 3151 4888 elegisti
3179 4835 3411 4874 amasse
3450 4822 3838 4892 perditorum.

2135 4905 2255 4960 Non
2287 4919 2382 4958 vos
2405 4919 2486 4958 me
2531 4905 2790 4972 elegistis,
2824 4904 2919 4959 sed
2960 4921 3054 4974 ego
3094 4921 3187 4961 vos
3243 4907 3451 4976 (Joan.)
3505 4909 3623 4980 xv),
3680 4917 3841 4966 etas-

2138 4991 2432 5062 sumpsisti
2483 4991 2544 5046 in
2604 4997 2817 5048 sortem
2882 4998 3062 5063 tuam,
3117 4994 3182 5049 in
3220 5001 3495 5051 aeternam
3550 5001 3839 5071 requiem.

2139 5081 2322 5150 (AUG.)
2373 5081 2466 5134 Vel
2512 5081 2610 5146 sic,
2666 5082 3071 5153 propitiaberis
3129 5100 3234 5154 per
3302 5084 3536 5140 beatum
3595 5090 3838 5144 virum:

2137 5172 2265 5233 etc.,
2294 5183 2464 5238 usque
2495 5169 2569 5222 ad
2598 5186 2728 5240 qua),
2751 5187 2865 5224 non
2896 5177 3138 5241 possunt
3167 5172 3296 5228 dici.
3345 5176 3408 5228 In
3437 5175 3611 5230 bonis.
3646 5178 3842 5249 (Cass)

2136 5255 2274 5319 Quae
2329 5256 2481 5310 bona
2527 5261 2681 5327 sunt,
2714 5259 2982 5313 sanctitas
3032 5260 3092 5313 in
3141 5277 3219 5327 se,
3253 5262 3489 5333 aequitas
3537 5264 3611 5319 ad
3640 5267 3839 5337 proxi-

2135 5359 2316 5398 mum.
2351 5346 2641 5413 Templum.
2684 5346 2947 5415 Ecclesia,
2977 5347 3067 5402 vel
3091 5364 3222 5404 caro
3259 5350 3484 5406 Christi.

2205 5433 2369 5488 Vens.
2424 5435 2476 5488 6.
2533 5435 2809 5490 Mirabile.
2877 5434 3060 5506 (AUG.)
3119 5438 3244 5492 Non
3287 5437 3351 5493 in
3432 5440 3839 5510 exterioribus,

2134 5527 2200 5576 ut
2227 5521 2435 5577 domus
2461 5525 2650 5591 terrai,
2674 5523 2774 5579 sed
2798 5523 2859 5579 in
2893 5524 3138 5595 justitia,
3175 5541 3305 5597 quae
3358 5528 3657 5598 pulchrior
3683 5532 3841 5587 inte-
