4082 6184
214 297 317 349 937

1333 294 1589 351 GLOSSA
1627 295 2032 352 ORDINARIA.
2070 325 2141 337 —
2180 295 2308 352 LIB.
2350 296 2588 351 PSALM.

3617 296 3722 349 938

212 415 349 469 riori
379 414 541 468 oculo
574 412 955 467 etamabilior
976 429 1150 484 quam
1178 413 1349 467 modo
1373 414 1647 469 debemus
1670 415 1907 484 esurire,
1938 418 1986 471 Α
2096 418 2259 470 Vsus.
2294 418 2378 470 14.
2417 446 2484 457 —
2541 417 2735 471 Vallcs.
2779 414 2967 485 (Ibid.)
3012 414 3264 469 Humiles
3317 414 3515 486 populi
3569 415 3720 468 mul-

218 510 278 557 ut
312 509 443 557 tunc
475 520 540 556 ea
579 502 872 556 satiem'ir.
904 504 976 556 1η
1004 507 1280 572 aequitate.
1317 503 1490 574 (Cas)
1525 506 1663 559 Cum
1699 507 1915 560 unicui-

216 610 326 663 que
360 593 531 662 digna
555 592 856 657 retribuet,
891 592 982 645 cui
1013 596 1066 644 et
1094 592 1243 645 dicet
1271 608 1283 646 :
1320 594 1541 647 Επαιιώ
1584 610 1697 659 nos,
1724 598 1821 662 qui
1861 610 1914 649 es

215 683 490 737 Saluator.
524 681 660 749 Spes
714 682 973 734 omnium.
1025 681 1240 735 Laudes
1300 681 1420 749 Dei,
1456 686 1513 735 et
1551 682 1787 737 virtutes
1815 683 1913 737 de-

216 770 429 824 scribit.
471 771 545 823 Et
570 771 628 822 in
661 772 806 823 mari
836 771 1006 835 longe.
1050 769 1231 838 (Auc.)
1263 770 1394 824 Ideo
1442 772 1637 841 longe,
1690 772 1824 842 quia
1854 772 1915 826 in

217 858 381 912 mari.
417 858 563 911 Mare
598 856 807 911 dicitur
842 857 901 910 in
957 857 1145 927 ﬁgura
1198 859 1393 911 saeculi
1427 858 1609 912 amari
1666 859 1914 914 falsitate

216 946 609 1017 iniquitatum,
669 951 725 1000 et
783 946 1159 1016 tempestuosi
1208 947 1473 1016 procellis
1503 948 1913 1016 tentationum,

228 1035 324 1090 ubi
356 1034 539 1103 pisces
566 1033 812 1088 invicem
835 1051 893 1087 se
921 1035 1216 1088 devorant.

294 1124 449 1176 Vsus.
520 1126 572 1176 7.
624 1152 693 1160 —
749 1124 1073 1190 Praeparatis
1135 1126 1354 1177 montes.
1419 1122 1603 1194 (Αυο.)
1656 1124 1737 1178 Ad
1782 1141 1918 1179 usus

223 1214 633 1281 competentes.
666 1211 740 1263 In
768 1213 969 1264 virtute
996 1216 1109 1264 tua.
1144 1209 1288 1275 Quia
1322 1227 1426 1280 per
1455 1228 1553 1265 eos
1582 1211 1714 1266 fecit
1744 1213 1917 1266 mira-

222 1299 370 1354 cula.
430 1298 727 1362 Quomodo
784 1298 1173 1369 praeparavit?
1205 1299 1498 1354 Accinctus
1548 1300 1828 1371 potentia,
1862 1301 1921 1356 id

224 1394 312 1442 est
346 1387 586 1452 Deitate,
638 1385 772 1457 quia
818 1386 1147 1440 humanitas
1206 1387 1373 1440 Verbi
1424 1388 1721 1458 majestate
1766 1404 1918 1458 pras-

223 1476 408 1529 cincta
439 1482 544 1540 est,
571 1481 635 1529 ut
682 1475 833 1545 quod
865 1475 1036 1529 homo
1066 1492 1184 1529 non
1224 1476 1444 1543 habuit,
1509 1476 1701 1530 Deitas
1735 1478 1916 1531 daret.

228 1566 542 1618 Accinctus.
589 1563 780 1632 (Ibid.)
829 1563 1085 1618 Christus
1137 1563 1197 1616 in
1253 1564 1442 1618 medio
1496 1564 1747 1636 undique
1800 1566 1920 1619 cin-

226 1657 372 1717 ctus,
415 1651 549 1722 quia
578 1668 779 1705 omnes
806 1651 971 1704 illum
998 1652 1380 1706 communiter
1414 1653 1689 1707 habemus
1733 1657 1831 1725 qui
1860 1654 1918 1707 in

227 1756 361 1795 eum
392 1740 694 1804 credimus,
753 1739 853 1794 sed
880 1740 1014 1811 quia
1072 1740 1213 1794 fides
1252 1758 1371 1795 non
1416 1758 1450 1795 a
1490 1742 1674 1811 nobis,
1723 1743 1819 1797 sed
1849 1743 1919 1798 ab

228 1847 319 1895 eo,
350 1833 648 1898 potentatu
677 1845 779 1882 suo
809 1828 1026 1883 cinctus
1054 1829 1278 1883 dicitur.

301 1920 455 1972 Vsus.
507 1921 558 1972 8.
592 1948 661 1956 —
697 1919 804 1983 Qui
838 1918 1125 1973 conturbas
1173 1919 1513 1988 profundum
1558 1922 1748 1973 maris.
1783 1920 1921 1974 Ecce

225 2006 326 2076 qui
356 2020 459 2074 per
482 2004 611 2057 illos
639 2009 865 2074 paratos
921 2004 1072 2070 fecit,
1117 2005 1464 2059 conturbans
1511 2005 1583 2058 ad
1638 2004 1921 2075 poeniten-

221 2094 383 2147 tiam.
430 2092 787 2147 Profundum
822 2093 1013 2159 maris,
1056 2110 1172 2146 non
1204 2094 1585 2164 superﬁciem,
1621 2095 1720 2147 sed
1751 2094 1923 2148 corda

220 2182 572 2253 profundius
629 2197 833 2243 mersa,
895 2181 982 2234 vel
1013 2182 1187 2235 corda
1232 2182 1581 2252 principum.
1620 2184 1748 2236 Haec
1787 2199 1921 2237 con-

226 2271 457 2325 turbata
511 2275 660 2336 sunt,
716 2286 846 2323 cum
907 2270 1165 2324 viderent
1221 2277 1277 2324 et
1334 2270 1467 2324 deos
1515 2288 1647 2324 suos
1700 2277 1758 2324 et
1795 2288 1923 2341 spes

220 2375 359 2412 suas
415 2358 486 2412 ad
544 2357 788 2411 nihilum
834 2357 1055 2411 venire.
1130 2358 1347 2412 Senum.
1412 2358 1593 2429 (Αυο.)
1644 2359 1925 2414 Sonantes

221 2444 700 2510 contradictione,
733 2444 1072 2498 ﬁuctuantes
1117 2445 1536 2514 persecutione,
1595 2452 1723 2515 etc.,
1757 2463 1926 2518 usque

224 2535 306 2589 ad
331 2535 467 2589 dum
490 2533 629 2587 istos
659 2533 787 2603 plus
819 2533 929 2587 diis
960 2534 1075 2585 suis
1106 2532 1291 2587 valere
1321 2539 1582 2588 cernunt.

304 2624 461 2677 Vens.
531 2625 582 2676 9.
632 2652 699 2660 —
754 2623 1014 2676 Matutini
1055 2627 1104 2675 et
1126 2637 1357 2690 vespere.
1421 2622 1607 2692 (Aoc.)
1656 2622 1813 2675 Mane
1843 2625 1927 2675 est

225 2712 595 2783 prosperitas,
651 2710 787 2781 quia
839 2711 1034 2763 laetum
1088 2716 1176 2763 est
1227 2727 1393 2764 mane
1453 2717 1586 2779 post
1634 2709 1926 2763 tristitiam

229 2801 431 2855 noctis.
480 2801 723 2869 Vespere
774 2798 1112 2865 adversitas;
1149 2798 1211 2851 in
1263 2798 1353 2851 his
1411 2802 1665 2852 tentatur
1722 2800 1923 2865 homo,

229 2890 330 2944 sed
360 2890 526 2943 datur
555 2888 609 2942 ei
638 2887 790 2941 exire
820 2887 971 2953 inde,
1034 2903 1106 2940 ne
1138 2886 1309 2941 lucris
1339 2887 1619 2958 capiatur,
1652 2888 1743 2941 cui
1776 2887 1927 2941 divi-

2024 508 2146 557 tum
2201 503 2450 557 fructum
2507 503 2769 558 afferent.
2833 504 3172 559 Clamabunt.
3232 503 3429 573 (Ibid)
3477 503 3602 557 Non
3660 503 3721 556 in

2023 593 2400 664 blasphemia,
2421 595 2519 648 sed
2550 595 2609 648 in
2636 596 2869 665 hymno,
2900 594 3032 648 inde
3080 594 3375 648 abundant
3402 594 3717 648 frumento.

2097 682 2351 735 Psalmus
2404 682 2509 735 iste
2562 682 2620 735 in
2677 682 2961 753 exsequiis
3047 682 3305 735 ﬁdelium
3363 683 3720 748 decantatur,

2025 769 2161 839 quia
2189 770 2308 841 agit
2336 771 2404 824 de
2436 770 2622 824 reditu
2656 788 2685 824 a
2718 770 3029 840 Babylonia
3060 772 3230 840 hujus
3270 771 3467 824 mundi
3498 771 3568 824 ad
3615 787 3724 841 pa-

2026 856 2194 910 triam
2228 858 2534 921 ccelestem,
2576 858 2645 911 ad
2703 873 2876 927 quam
2924 857 3101 910 sancti
3157 857 3218 909 in
3258 857 3421 911 obitu
3454 856 3523 911 de
3553 872 3724 910 carne

2026 944 2238 1013 educti,
2289 945 2529 999 feliciter
2580 945 2850 1016 migrant,
2904 946 3109 999 stolam
3150 945 3416 1015 simplam
3447 944 3727 1015 recipien-

2023 1036 2129 1099 tes,
2162 1032 2346 1087 donec
2376 1034 2436 1089 in
2461 1033 2882 1089 resurrectione
2911 1034 3158 1104 geminae
3181 1033 3556 1089 beatitudinis
3576 1035 3725 1089 stola

2025 1121 2442 1191 gloriﬁcentur.

2627 1254 2936 1309 PSALMUS
2968 1254 3119 1309 LXV.

2097 1387 2165 1441 In
2217 1388 2394 1455 ﬁnem.
2428 1386 2608 1456 (Αυα.)
2646 1387 2827 1442 Judmi
2865 1404 2934 1441 ex
2988 1387 3129 1457 legis
3154 1387 3378 1456 justitia
3406 1389 3717 1460 sperabant

2030 1474 2137 1527 sibi
2168 1474 2319 1528 bona
2342 1476 2699 1545 temporalia,
2742 1480 2797 1529 et
2858 1476 3358 1543 resurrectionem,
3389 1482 3519 1544 etc.,
3552 1494 3725 1548 usque

2030 1562 2104 1616 ad
2133 1579 2237 1633 pro
2257 1563 2370 1616 ﬁde
2392 1564 2647 1634 gentium
2679 1566 2750 1618 ad
2782 1564 3044 1618 eamdem
3073 1581 3231 1635 spem
3287 1566 3724 1621 resurrectionis

2035 1655 2389 1705 vocaturum.

2104 1739 2258 1795 Vens.
2296 1743 2342 1794 I.
2396 1770 2460 1781 —
2509 1741 2743 1795 Jubilate
2783 1745 2903 1803 Deo,
2955 1743 3128 1796 omnis
3158 1746 3323 1810 terra,
3367 1747 3472 1797 etc.
3549 1742 3724 1815 (Cas)

2030 1828 2222 1883 Primo
2245 1833 2439 1882 mouet
2466 1845 2664 1883 omnes
2681 1830 2749 1883 de
2771 1830 3184 1884 resurrectione
3210 1830 3417 1885 Christi
3447 1832 3721 1902 gaudere,

2032 1934 2160 1989 quas
2191 1918 2456 1972 omnibus
2487 1918 2584 1971 dat
2619 1918 2811 1972 vitam.

2105 2006 2265 2059 Vsus.
2299 2009 2350 2061 3.
2403 2008 2539 2061 Date
2592 2007 2842 2072 gloriam.
2884 2008 3067 2076 (Aoo.)
3130 2007 3254 2061 Non
3299 2012 3363 2061 ut
3409 2006 3592 2062 Judaei
3624 2007 3724 2078 qui

2035 2093 2254 2147 meritis
2284 2093 2400 2147 suis
2416 2094 2553 2148 dant
2585 2094 2887 2164 justitiam,
2921 2099 2978 2147 et
3008 2094 3266 2148 invident
3304 2096 3571 2165 gentibus
3596 2112 3721 2166 gra-

2033 2181 2192 2235 tiam.
2209 2183 2381 2248 Quam
2402 2183 2693 2237 terribilia.
2716 2182 2899 2253 (Ibid)
2915 2182 2971 2236 Si
2994 2182 3207 2252 gaudes
3228 2186 3284 2237 et
3302 2184 3462 2249 time,
3481 2200 3551 2237 ne
3567 2183 3723 2255 quod

2035 2269 2229 2324 datum
2253 2277 2338 2323 est
2389 2271 2595 2325 humili
2652 2271 2942 2325 auferatur
2974 2270 3221 2339 superbo
3255 2287 3268 2324 :
3329 2270 3470 2324 sicut
3510 2271 3723 2325 factum

2034 2364 2120 2412 est
2146 2359 2369 2413 Iudaeis.
2400 2360 2479 2413 Ne
2509 2376 2645 2429 ergo
2676 2359 2911 2412 insultes
2940 2359 3132 2412 fractis
3190 2359 3384 2424 ramis,
3444 2359 3544 2413 sed
3583 2359 3725 2413 time

2036 2462 2108 2500 ne
2138 2446 2280 2501 forte
2314 2464 2416 2500 nec
2446 2448 2547 2501 tibi
2598 2453 2809 2517 parcat.
2862 2448 3038 2516 Opera
3087 2454 3200 2511 tua,
3256 2448 3490 2499 Domine.
3544 2446 3723 2516 (Cas.)

2036 2535 2287 2589 Breviter
2312 2536 2579 2604 mysteria
2605 2534 3013 2588 incarnationis
3033 2534 3167 2589 dicit
3187 2550 3381 2604 opera,
3397 2535 3552 2603 quod
3580 2536 3728 2589 Deus

2035 2624 2227 2690 homo,
2252 2624 2405 2693 quod
2420 2639 2639 2692 passus,
2664 2629 2940 2689 mortuus,
2965 2621 3381 2693 ethujusmodi.
3406 2623 3468 2676 In
3487 2624 3730 2677 multitu-

2037 2713 2162 2766 dine
2189 2713 2409 2765 virtutis
2437 2716 2557 2765 tua}.
2583 2710 2768 2781 (Αιιο.)
2804 2711 2902 2765 Hic
2934 2710 3126 2764 innuit
3153 2710 3633 2764 resurrectionem
3657 2710 3728 2765 ad

2036 2814 2232 2870 quam,
2256 2799 2495 2852 exclusis
2518 2798 3129 2866 mendacibusludseis,
3146 2798 3494 2853 adhibentur
3509 2804 3723 2869 gentes.

2107 2888 2322 2957 (ΒεοΔ.)
2354 2886 2685 2940 Resurrexit
2716 2886 3028 2952 Dominus;
3081 2885 3246 2939 multi
3276 2886 3644 2940 crediderunt
3668 2886 3727 2940 in

224 2979 323 3034 tite
354 2983 486 3030 sunt
513 2979 657 3032 Deus
694 2994 706 3031 :
734 2992 801 3029 ne
824 2975 1073 3029 adversis
1104 2980 1406 3041 terreatur,
1440 2992 1545 3046 pro
1582 2992 1697 3046 quo
1724 2991 1925 3045 passus
1957 2977 1997 3032 C
2036 2991 2191 3039 eum,
2224 2980 2357 3042 etc.,
2397 2990 2563 3042 usque
2592 2974 2667 3028 ad
2710 2990 2813 3045 per
2845 2973 3089 3045 gratiam
3143 2973 3432 3028 biberunt.
3462 2977 3730 3028 Mentien-

225 3074 318 3123 est
349 3066 643 3123 Dominus.
708 3065 1017 3120 Delectabis.
1078 3064 1447 3119 Delectabiles
1504 3064 1677 3118 facies
1719 3065 1840 3135 jam
1868 3065 1929 3118 in

224 3159 348 3212 vita
404 3156 528 3210 hac.
581 3154 639 3209 Si
720 3153 874 3207 enim
933 3170 1047 3206 non
1112 3153 1355 3207 delectet
1439 3152 1738 3207 hominem
1806 3153 1929 3223 ipse

222 3246 434 3311 exitus,
471 3260 585 3299 non
617 3242 836 3297 laborat
898 3241 1031 3295 inde
1086 3241 1261 3308 exire,
1318 3240 1417 3294 sed
1462 3241 1685 3311 capitur
1734 3242 1928 3310 lucris,

225 3336 468 3390 cuinon
506 3333 688 3403 placet
718 3329 1024 3402 promissio
1056 3328 1287 3384 Christi.
1332 3322 1411 3383 Et
1444 3333 1694 3383 terretur
1723 3330 1929 3384 adver-

226 3423 331 3487 sis,
363 3438 534 3493 quem
564 3435 683 3474 non
722 3419 967 3473 delectat
1010 3417 1108 3471 ille
1131 3416 1231 3488 qui
1260 3432 1365 3487 pro
1395 3432 1463 3471 co
1498 3417 1677 3471 voluit
1699 3418 1836 3489 pati,
1870 3421 1935 3472 ut

228 3512 449 3566 faceret
472 3509 687 3563 exitum
722 3507 793 3561 ei.
1530 3517 1539 3524 ·

308 3598 475 3649 Vens.
520 3598 603 3651 lO.
637 3624 705 3634 —
742 3595 997 3650 Visitasti
1026 3598 1228 3648 terram
1266 3596 1316 3646 et
1338 3591 1624 3647 inebriasti
1658 3608 1792 3647 eam.
1825 3594 1934 3647 Per

229 3684 634 3756 praedicatores
665 3684 773 3738 hoc
800 3683 992 3751 facies,
1024 3698 1161 3736 nam
1182 3681 1336 3735 intus
1360 3680 1527 3735 doces
1549 3681 1759 3753 quibus
1781 3697 1936 3752 pras-

235 3774 452 3829 dicant.

309 3862 558 3917 Flumen.
612 3859 891 3914 Profundi
942 3858 1010 3913 ad
1088 3856 1483 3926 recipiendum
1530 3856 1814 3927 repletum
1852 3862 1938 3912 est

235 3948 613 4019 aquis,donis
644 3948 887 4018 Spiritus
926 3946 1124 4011 sancti,
1178 3950 1236 3999 tu
1271 3945 1427 3998 enim
1466 3946 1680 4015 parasti
1719 3946 1932 4001 cibum.

228 4038 467 4091 Flumen
523 4036 645 4089 Dei.
709 4034 874 4105 (Cas)
940 4032 1324 4088 Misericordia
1386 4031 1484 4086 Dei
1530 4033 1703 4102 pleno
1764 4034 1936 4088 fluvio

225 4128 623 4195 comparatur,
676 4128 805 4191 etc.,
836 4138 1005 4193 usque
1052 4122 1126 4176 ad
1165 4121 1312 4175 sicut
1365 4120 1436 4175 ab
1467 4136 1533 4174 eo
1589 4120 1936 4192 disponitur,

224 4215 359 4267 sine
388 4229 503 4283 quo
536 4212 680 4265 nihil
710 4211 789 4266 ibi
814 4211 895 4265 ﬁt.

312 4302 474 4355 Vens.
523 4304 607 4369 It,
644 4302 727 4354 l2.
762 4329 827 4339 —
857 4300 1028 4354 Rivos
1061 4299 1197 4367 ejus.
1222 4297 1527 4367 Apostolos
1556 4301 1612 4350 et
1641 4296 1801 4362 alios,
1839 4296 1939 4367 qui

225 4393 311 4448 de
332 4389 574 4444 flumine
596 4388 882 4442 biberunt.
914 4386 1153 4454 Inebria,
1178 4390 1240 4438 ut
1267 4385 1375 4439 sibi
1397 4391 1455 4438 et
1480 4385 1606 4438 aliis
1657 4384 1943 4439 sufﬁciant

219 4479 576 4549 Multiplica,
612 4481 675 4531 ut
725 4492 831 4546 per
861 4475 1247 4529 successiones
1279 4472 1608 4544 praedicatio
1657 4489 1770 4526 non
1806 4473 1940 4527 deﬁ-

217 4570 371 4625 ciat.
427 4568 641 4622 Corona:
680 4566 838 4632 anni,
871 4568 1025 4617 totus
1058 4563 1329 4629 mundus,
1365 4561 1463 4616 ubi
1496 4562 1756 4616 Ecclesia.
1781 4564 1942 4617 Rivos

218 4652 589 4725 ejus.(1bid.)
617 4654 853 4719 Parasti,
896 4655 999 4704 etc.
1037 4651 1175 4713 Et,o
1208 4650 1466 4715 Domine,
1501 4654 1631 4713 etc.,
1666 4664 1834 4717 usque
1872 4649 1945 4703 ad

218 4759 360 4815 quo
390 4740 591 4794 crescit
640 4740 888 4794 Verbum
944 4739 1063 4793 Dei.
1118 4738 1331 4794 Corona
1374 4739 1527 4792 anni.
1581 4736 1771 4806 (Ibid.)
1802 4736 1946 4800 Quia

214 4830 432 4905 gloria
458 4828 711 4883 victoriae
761 4833 846 4882 est
898 4828 1148 4881 vincenti
1205 4825 1519 4880 diabolum.
1572 4827 1944 4893 Benignitatis

217 4929 371 4985 tua,
401 4922 506 4972 etc.
539 4916 723 4988 (Αεο.)
752 4917 829 4969 Ne
860 4916 988 4985 quis
1017 4915 1296 4984 glorietur
1324 4913 1393 4968 de
1418 4913 1634 4967 meritis
1663 4913 1798 4967 suis.

315 5008 521 5075 Campi
549 5008 631 5059 tui
657 5005 1022 5074 i'eplebuntur,
1059 5003 1271 5073 (Cass,
1298 5007 1415 5057 AUG
1433 5004 1467 5071 .)
1494 5003 1781 5070 Homines,
1803 5018 1945 5072 pro-

2038 3068 2143 3118 tur.
2171 3064 2355 3132 Opera
2385 3068 2513 3116 sunt
2540 3069 2726 3129 terras,
2756 3079 2885 3133 quas
2916 3062 3133 3116 inimici
3182 3063 3559 3131 mentiuntur,
3592 3080 3729 3119 con-

2035 3157 2124 3206 tra
2153 3151 2513 3219 mentientes,
2561 3154 2731 3207 omnis
2771 3158 2916 3206 terra
2944 3153 3150 3219 adoret,
3198 3158 3312 3207 etc.
3348 3152 3541 3224 (Aoo.)
3569 3155 3731 3208 Men-

2040 3244 2258 3295 tientur.
2290 3240 2484 3295 Solent
2513 3240 2744 3294 mentiri
2770 3240 3009 3307 inimici,
3058 3247 3188 3307 etc.,
3236 3256 3406 3311 usque
3434 3242 3510 3296 ad
3538 3242 3733 3296 adoret

2039 3329 2225 3383 omnis
2245 3334 2416 3383 terra.

2110 3418 2352 3472 Vnas.5.
2414 3447 2485 3459 —-
2516 3420 2719 3493 Venite.
2754 3418 2928 3487 (Cas)
2980 3418 3323 3490 Diapsalma.
3390 3418 3735 3489 Incipientes

2042 3507 2110 3561 ad
2141 3522 2317 3577 opera
2348 3506 2446 3560 Dei
2486 3506 2900 3561 consideranda
2942 3506 3162 3575 invitat,
3186 3511 3249 3561 ut
3278 3523 3396 3562 una
3419 3506 3561 3562 ﬁdes
3593 3508 3733 3577 jun-

2041 3600 2157 3665 gat,
2210 3610 2353 3666 quos
2391 3610 2573 3648 unum
2602 3594 2904 3665 prtemium
2944 3599 3234 3666 exspectat
3268 3611 3283 3661 ;
3314 3596 3415 3650 ubi
3445 3612 3737 3667 exponens

2041 3683 2141 3737 illa
2163 3698 2360 3753 opera,
2392 3687 2583 3752 aperte
2631 3683 2768 3737 dicit
2796 3683 3302 3737 ressurrectionem
3345 3684 3636 3753 pertinere
3663 3684 3735 3738 ad

2043 3776 2261 3841 gentes,
2290 3772 2562 3839 repressis
2593 3771 2829 3825 Judaais.
3144 3814 3153 3819 -

2108 3859 2266 3911 Vens.
2301 3860 2351 3911 6.
2401 3886 2473 3899 —
2509 3859 2614 3924 Qui
2656 3860 2914 3913 convertit
2954 3858 3148 3929 (Ibid)
3190 3858 3395 3929 Opera,
3418 3858 3480 3913 in
3521 3859 3734 3931 quibus

2045 3946 2333 4012 terribilis,
2366 3950 2422 4000 et
2449 3963 2577 4017 quae
2599 3952 2731 4000 sunt
2759 3964 2846 4013 ea,
2874 3946 3064 4000 subdit
3087 3962 3099 4000 :
3146 3947 3249 4013 Qui
3287 3951 3546 4002 convertit
3564 3964 3733 4004 mare.

2044 4036 2110 4089 In
2152 4034 2388 4089 ﬂumine
2437 4034 2671 4089 Jordani
2721 4035 2790 4087 ad
2820 4034 3091 4101 litteram,
3126 4035 3360 4106 mystice
3412 4035 3475 4090 in
3511 4037 3728 4091 labenti

2047 4123 2282 4177 mundo.
2314 4125 2378 4177 In
2420 4124 2657 4191 ﬂumine.
2703 4121 2897 4193 (Ibid.)
2954 4122 3105 4177 Licet
3159 4124 3397 4177 remissa
3447 4124 3563 4180 sint
3605 4141 3734 4196 pec-

2047 4218 2190 4279 cata,
2223 4215 2413 4265 tamen
2444 4212 2504 4265 in
2528 4210 2765 4264 decursu
2817 4209 3181 4264 mortalitatis
3228 4212 3416 4266 adhuc
3445 4218 3598 4282 sunt,
3619 4228 3738 4268 non

2049 4299 2203 4353 enim
2234 4315 2363 4352 mox
2391 4296 2803 4352 immortalitai.

2119 4390 2183 4443 In
2226 4390 2462 4455 ﬂumine.
2516 4387 2701 4455 (Αυρ.)
2751 4386 2989 4439 Flumen
3046 4388 3130 4438 est
3186 4386 3499 4441 mortalitas
3547 4389 3741 4462 saeculi

2051 4476 2147 4528 ubi
2172 4474 2268 4528 alii
2290 4474 2551 4543 veniunt,
2581 4474 2710 4528 aliis
2740 4473 3049 4527 recedunt:
3083 4473 3177 4528 sed
3211 4474 3306 4545 qui
3340 4474 3399 4528 in
3444 4476 3737 4532 Christum

2049 4563 2248 4626 credit,
2280 4563 2484 4617 transit
2518 4565 2662 4633 pede
2689 4562 2749 4615 in
2775 4578 2833 4615 se
2876 4561 3130 4625 humilis.
3190 4579 3305 4616 non
3355 4579 3505 4634 equo
3538 4583 3740 4638 super-

2050 4650 2172 4703 bus.
2233 4651 2317 4703 Ibi
2365 4651 2695 4705 letabimur.
2743 4650 2931 4721 (Ibid.)
2972 4651 3069 4705 Vel
3111 4651 3233 4705 sic:
3279 4653 3579 4709 Terribilia
3609 4663 3744 4711 sunt

2050 4753 2240 4807 opera,
2276 4743 2406 4801 etc.,
2457 4754 2624 4807 usque
2645 4739 2722 4794 ad
2775 4744 2832 4792 et
2876 4739 2938 4792 in
2971 4738 3058 4792 his
3107 4741 3374 4793 laetantur
3404 4742 3733 4799 Christiani.

2048 4826 2117 4879 In
2140 4827 2278 4893 ipso.
2329 4825 2515 4895 (Ibid.)
2548 4826 2785 4889 Quando
2833 4826 2942 4880 erit
2984 4826 3176 4880 omnia
3230 4826 3289 4881 in
3334 4828 3622 4897 omnibus,
3654 4833 3742 4887 vel

2050 4912 2111 4967 in
2135 4912 2256 4982 ipse
2278 4912 2377 4983 qui
2403 4913 2751 4978 dominatur,
2786 4914 2844 4967 in
2874 4914 3084 4968 virtute
3109 4930 3230 4969 sua.

2122 5003 2283 5055 Vens.
2339 5005 2389 5055 7.
2422 5030 2490 5041 —
2536 5003 2656 5058 Non
2705 5003 3032 5057 emaltentur.
3072 5002 3256 5073 (Ibid.)
3290 5005 3397 5058 Pro
3426 5005 3552 5074 lege
3584 5007 3747 5077 quasi

200 5100 373 5171 pter
401 5093 811 5165 aequalitatem,
859 5092 913 5144 id
948 5096 1052 5159 est,
1076 5090 1240 5160 justi.
1269 5090 1458 5151 Colles,
1497 5089 1634 5160 quia
1656 5091 1804 5142 Deus
1834 5088 1943 5142 eri-

203 5184 332 5260 git
377 5181 627 5236 humiles
661 5181 988 5233 Desertum:
1044 5194 1244 5233 omnes
1280 5183 1497 5249 gentes,
1557 5177 1766 5249 quibus
1811 5178 1948 5231 nul-

200 5279 337 5333 lus
373 5270 655 5342 propheta
688 5267 914 5322 missus.

313 5360 481 5414 Vens.
526 5360 605 5412 13.
657 5385 725 5398 --
753 5357 1110 5423 Pinguescent
1168 5355 1409 5424 speciosa
1459 5353 1675 5408 deserti.
1707 5353 1947 5417 Quando

196 5447 507 5524 Αροδὶυιὶ
541 5446 609 5500 ad
674 5461 772 5499 eos
819 5447 1122 5511 venerunt,
1162 5459 1266 5515 per
1319 5457 1465 5513 quos
1516 5440 1734 5496 decora
1787 5442 1949 5498 facta;

203 5540 406 5600 sunL

2054 5090 2182 5161 plus
2223 5089 2337 5142 illis
2385 5089 2642 5143 debetur.
2712 5090 2901 5144 Omnes
2980 5094 3120 5145 enim
3190 5099 3565 5163 peccaverunt,
3638 5101 3743 5151 etc.

2056 5180 2232 5251 (Rom.
2270 5177 2368 5245 ιιι.)

2127 5266 2287 5318 Vens.
2338 5267 2389 5318 8.
2443 5293 2511 5304 —
2568 5262 2887 5317 Benedicite.
2938 5265 3104 5335 (Cas.l
3164 5266 3505 5337 Diapsalma.
3562 5272 3753 5327 Monet

2057 5358 2255 5423 gentes
2313 5352 2648 5405 benedicere
2718 5352 2919 5417 Deum,
2966 5353 3066 5422 qui
3089 5352 3221 5406 licet
3262 5357 3465 5424 probet
3520 5359 3755 5415 tribula-

2056 5441 2331 5504 tionibus,
2362 5445 2551 5493 tamen
2582 5440 2738 5494 ducit
2780 5440 2848 5494 ad
2904 5456 3180 5510 regnum;
3214 5442 3336 5495 haec
3363 5445 3516 5499 enim
3548 5447 3751 5503 viden-

2059 5533 2154 5585 tur
2173 5528 2403 5583 obviare
2430 5528 2727 5600 promissaa
2774 5528 3201 5585 resurrectioni.
3233 5531 3505 5587 Auditum
3562 5536 3751 5602 facite.

565 5642 839 5706 PATROL.
895 5640 1108 5706 CXIII.

3246 5643 3329 5702 3O
