4082 6184
376 339 478 390 939

999 330 1391 388 WALAFRIDI
1431 329 1674 385 STRABI
1719 329 1915 384 FULD.
1961 327 2120 382 MON.
2161 325 2312 382 OPP.
2358 323 2534 378 PARS
2572 324 2616 378 l.
2657 351 2726 360 —
2764 319 3221 377 THEOLOGIGA.

3776 318 3882 372 940

375 458 560 529 (Ana)
595 459 808 524 Palam,
842 463 906 510 ut
935 455 1035 526 qui
1085 453 1272 524 diligit
1327 454 1524 519 Deum,
1561 451 1750 521 diligit
1794 456 1851 506 et
1879 450 2072 521 proxi-
2110 451 2157 503 Α
2187 447 2580 517 precationem
2628 462 2788 500 suam
2829 447 3114 516 Propheta
3164 443 3377 512 subdit,
3412 448 3473 498 ut
3498 443 3784 499 benedicti
3815 444 3883 497 ad

377 563 558 601 mum.
599 548 784 600 Vocem
815 544 995 599 laudis
1024 544 1158 612 ejus.
1192 543 1371 606 Quam
1405 542 1543 596 dicit
1579 542 1748 595 Pater
1776 540 1845 594 dc
1879 538 2019 594 Filio
2053 554 2068 590 :

378 638 478 689 Hic
507 641 583 688 est
610 635 778 688 Filius
789 647 959 687 meus.

458 723 619 774 Vens.
671 725 722 774 9.
764 751 833 759 —
864 721 968 784 Qui
990 721 1176 788 posuit
1223 719 1487 772 animam.
1531 717 1723 786 (Ibid)
1767 717 2077 770 Enumerat

377 810 470 864 hic
491 809 699 880 quibus
720 808 904 863 causis
937 807 1139 861 debeat
1171 805 1493 877 pradicari.

449 900 607 952 Vsus.
679 928 745 936 —
815 898 1078 962 Quoniam
1169 895 1419 964 probasti
1493 909 1607 948 nos.
1685 891 1872 962 (Aue.)
1951 891 2074 952 Non

378 986 581 1041 dedisti
611 985 673 1038 in
713 983 1178 1038 commotionem.
1213 982 1494 1046 Quoniam
1544 979 1820 1051 probasti,
1851 994 1967 1032 non
2016 978 2076 1031 in

377 1089 632 1146 praceps
683 1073 910 1137 dedisti,
964 1071 1220 1142 probasti
1273 1070 1548 1134 adversis,
1581 1069 1716 1139 igne
1759 1067 2072 1132 charitatis,

379 1163 478 1234 qui
508 1177 624 1216 non
658 1161 794 1214 sinit
849 1160 1057 1214 sentire
1096 1163 1402 1225 tormenta,
1436 1157 1544 1227 vel,
1567 1157 1700 1227 igne
1745 1155 2073 1210 tribulatio-

379 1251 468 1304 nis
489 1266 592 1303 nos
621 1248 980 1314 examinasti,
1011 1253 1117 1301 etc.

451 1339 605 1392 Vens.
664 1341 748 1392 l2.
785 1366 854 1377 —-
909 1339 1206 1405 Laqueum.
1262 1335 1452 1403 (Αυρ.)
1504 1335 1630 1388 Non
1704 1331 1804 1402 qui
1863 1329 2076 1400 decipit

377 1425 474 1480 sed
503 1425 602 1496 qui
657 1426 877 1495 probat.
937 1426 1326 1480 Transivimus.
1377 1423 1550 1490 (Cas;
1609 1421 1876 1490 Aue.)Tu
1926 1421 2064 1480 hac,

381 1515 594 1578 omnia,
647 1518 702 1567 et
731 1529 854 1579 nos,
903 1519 1035 1582 etc.,
1092 1527 1262 1580 usque
1291 1511 1364 1564 ad
1419 1511 1525 1564 hoc
1555 1510 1614 1563 in
1663 1506 2075 1562 tentationibus

380 1602 545 1656 nobis
574 1601 664 1655 tit.

454 1692 623 1744 Vens.
666 1692 749 1743 l3.
782 1719 850 1730 —
879 1689 1134 1743 Introibo.
1183 1687 1361 1757 (Cas)
1396 1687 1535 1739 Ecce
1584 1701 1711 1755 qua
1765 1683 1918 1738 bona
1947 1699 2076 1737 con-

383 1783 468 1832 tra
499 1777 885 1849 praecedentia
951 1777 1118 1843 mala,
1177 1743 1238 1828 ut
1266 1743 1512 1828 roboret.
1549 1743 1620 1828 In
1635 1774 1973 1826 holocaustis.
2014 1771 2074 1825 Id
2109 1743 2146 1796 Β

384 1871 488 1931 est,
541 1871 606 1918 ut
651 1881 742 1918 me
791 1863 1029 1918 offeram
1083 1862 1413 1933 conspectui
1468 1867 1590 1928 tuo,
1643 1865 1771 1929 etc.,
1806 1874 1975 1930 usque
2005 1858 2080 1913 ad

385 1954 482 2006 sed
515 1969 574 2006 se
609 1952 762 2022 quod
791 1951 1016 2004 charius
1049 1954 1133 2003 est
1165 1949 1495 2003 substraxit.

455 2041 627 2094 Vnus.
686 2040 770 2093 14.
812 2069 879 2078 —
933 2040 1333 2093 Distinxerunt.
1394 2036 1582 2106 (Auc.)
1616 2034 1947 2105 Distinguit,
1980 2034 2080 2104 qui

385 2145 448 2182 se
479 2127 616 2182 dicit
636 2127 777 2181 nihil
811 2144 954 2193 esse,
990 2128 1167 2180 Deum
1200 2125 1430 2196 omnia;
1462 2130 1540 2189 et,
1576 2141 1635 2177 se
1656 2140 1723 2177 eo
1745 2139 1932 2194 egere,
1964 2138 2080 2196 non

385 2218 550 2272 illum
583 2232 660 2270 se.
696 2220 766 2271 Et
790 2218 1024 2271 locutum
1053 2220 1130 2269 est
1184 2230 1244 2270 os
1290 2230 1484 2268 meum.
1519 2214 1699 2278 Quem
1749 2229 1868 2284 prae
1901 2211 2080 2265 omni-

384 2305 491 2360 bus
532 2303 889 2359 manit‘estavi
950 2304 1262 2374 pravalere
1311 2303 1577 2357 omnibus
1637 2301 1765 2356 aliis
1817 2300 1965 2356 votis
2020 2300 2080 2354 in

385 2393 752 2448 tribulatione
787 2408 932 2460 mea,
967 2408 1078 2446 non
1113 2391 1296 2445 victus
1330 2391 1722 2460 tribulatione.

454 2482 624 2535 Vens.
659 2482 749 2535 15,
795 2509 868 2520 -
897 2481 1219 2534 Holocausta
1246 2479 1561 2532 medullata.
1621 2477 1896 2546 Meipsum
1949 2491 2078 2530 cum

385 2567 652 2623 medullis
679 2567 866 2621 intimi
897 2567 1126 2620 amoris.
1184 2569 1401 2621 Incenso
1457 2569 1705 2620 arietum.
1741 2565 1930 2635 (ibid)
1960 2565 2079 2632 Vel,

385 2673 515 2712 cum
567 2659 804 2723 incenso,
865 2657 1014 2726 quod
1077 2660 1159 2709 est
1201 2655 1416 2719 oratio;
1475 2659 1531 2708 et
1573 2654 1854 2721 arietibus,
1945 2652 2081 2723 quia

385 2745 556 2801 duces
582 2745 773 2816 gregis
801 2744 1046 2798 maxime
1101 2749 1268 2797 orant
1322 2760 1427 2814 pro
1459 2759 1650 2813 grege.
1685 2744 1815 2799 Cum
1846 2744 2074 2796 incenso.

387 2835 603 2903 (lixam,
654 2836 817 2901 Aue.)
871 2833 1011 2887 Cum
1050 2832 1307 2886 oratione
1335 2831 1762 2902 Apostolorum,
1808 2830 1942 2902 quia
1965 2831 2078 2884 Deo

384 2924 571 2994 placet
629 2924 783 2994 quod
837 2922 1147 2976 traditione
1195 2937 1392 2976 eorum
1432 2921 1512 2974 ﬁt.
1566 2921 1661 2974 Vel
1720 2936 1848 2973 cum
1884 2919 2078 2972 incen-

2190 536 2686 606 Deicognitionem
2733 535 3033 589 ducantur.
3089 534 3393 604 Prophetat
3423 532 3886 587 banedictionem

2184 625 2445 680 omnium
2483 640 2586 694 per
2616 625 2922 678 adventum
2975 623 3199 677 Christi.
3237 623 3425 692 (Αυσ.)
3455 622 3599 686 Quia
3650 623 3707 675 in
3737 637 3886 692 pra-

2184 713 2406 768 cedenti
2461 713 2684 784 psalmo
2744 717 3049 766 monuerat
3097 728 3199 765 nos
3274 711 3610 764 benedicere
3673 712 3881 775 Deum;

2189 802 2344 874 quod
2405 817 2520 855 non
2547 817 2870 871 possumus,
2913 800 3022 853 nisi
3065 800 3188 871 ipse
3231 799 3392 870 prior
3419 799 3721 854 benedicat
3747 814 3882 864 nos;

2189 891 2319 945 ideo
2345 890 2453 943 hoc
2489 893 2755 960 precatur
2809 888 3091 954 benedici,
3133 888 3354 942 dicens:
3389 890 3526 942 Deus
3563 889 3886 942 misereatur

2187 981 2362 1034 nostri
2391 983 2440 1032 et
2463 979 2760 1041 benedicat,
2791 981 2901 1031 etc.

2255 1069 2414 1122 Vens.
2461 1071 2512 1122 2.
2548 1097 2616 1106 —
2653 1070 2785 1122 Deus
2830 1068 3168 1120 misereatur.
3213 1064 3407 1135 (Ibid)
3455 1064 3623 1119 Prior
3649 1069 3737 1118 est
3782 1064 3884 1118 be-

2185 1156 2436 1211 nedictio
2479 1156 2597 1222 Dei,
2633 1172 2762 1227 qua
2815 1163 2896 1209 est
2950 1154 3110 1226 quasi
3161 1153 3356 1224 p'uvia
3406 1159 3621 1207 terram
3670 1158 3884 1208 nostra

2187 1245 2395 1299 mentis
2432 1243 2682 1316 irrigans
2714 1263 2730 1298 :
2772 1245 2904 1298 inde
2939 1260 3044 1296 nos
3091 1242 3486 1296 benedicimus
3532 1257 3689 1310 eum,
3724 1243 3883 1313 quod

2186 1333 2349 1404 quasi
2379 1333 2596 1386 fructus
2629 1333 2827 1400 estfet
2857 1331 2915 1385 in
2959 1336 3206 1402 utroque
3239 1347 3340 1384 nos
3388 1330 3716 1396 crescimus,
3763 1346 3884 1383 non

2183 1422 2325 1493 ipse.
2363 1422 2520 1476 Dicat
2541 1437 2676 1492 ergo
2723 1419 3049 1475 desiderans
3072 1418 3322 1490 pluviam
3370 1419 3682 1472 Dominica
3706 1419 3883 1472 bene-

2184 1510 2450 1564 dictionis
2506 1526 2519 1564 :
2570 1511 2718 1564 Deus
2775 1509 3135 1574 misereatur,
3201 1512 3306 1562 etc.
3358 1511 3496 1562 Deus
3562 1510 3887 1561 misereatur

2181 1601 2358 1653 nostri
2381 1603 2431 1653 et
2479 1598 2775 1652 benedicat.
2807 1596 2976 1665 (Cas)
3005 1596 3111 1650 Sed
3152 1597 3250 1667 qui
3274 1595 3438 1649 multi
3467 1595 3684 1658 volunt.
3748 1599 3883 1660 etc.,

2183 1701 2352 1754 usque
2380 1685 2456 1739 ad
2485 1691 2541 1739 et
2581 1685 2717 1756 quia
2772 1683 3133 1755 cognoscitur
3179 1685 3237 1737 in
3287 1683 3552 1754 gentibus
3577 1682 3833 1737 Christus
3869 1698 3884 1746 ;

2188 1773 2576 1844 Conﬁteantur,
2627 1777 2730 1826 etc.
2778 1772 3066 1826 Benedicat
3120 1771 3272 1825 nobis
3325 1771 3520 1840 (Ibid)
3593 1769 3890 1824 Benedicit

2187 1862 2420 1916 Creator
2464 1864 2759 1923 creatura,
2813 1859 3527 1929 multiplicando,numero
3557 1863 3613 1911 et
3655 1858 3882 1911 merito.

2191 1949 2482 2003 Benedicit
2534 1952 2796 2002 creatura
2847 1947 3122 2014 Creatori,
3193 1963 3323 2000 eum
3379 1947 3568 2007 corde,
3623 1961 3762 2000 voce
3828 1951 3888 2000 et

2187 2055 2379 2109 opere,
2411 2038 2718 2105 laudando,
2779 2042 2835 2090 et
2881 2052 3054 2091 omne
3110 2037 3346 2104 bonum,
3409 2035 3562 2108 quod
3605 2035 3802 2101 habet,
3834 2036 3883 2090 ei

2187 2126 2539 2181 ascribendo.

2259 2217 2419 2269 Vens.
2469 2215 2520 2268 4.
2573 2215 2939 2282 Conﬁteantur
3014 2213 3118 2266 tibi
3184 2213 3396 2282 populi,
3475 2215 3632 2267 Deus.
3704 2212 3878 2282 (Ibid)

2186 2303 2322 2356 Post
2375 2302 2642 2356 notitiam
2674 2302 2936 2355 hortatur
2989 2299 3254 2354 conﬁteri
3307 2315 3413 2370 pro
3463 2299 3784 2354 directione
3829 2304 3877 2353 et

2179 2391 2420 2463 judicio.

2260 2480 2428 2533 Vens.
2474 2481 2525 2532 5.
2560 2509 2626 2518 —
2685 2480 2956 2533 Latcntur
2985 2482 3036 2532 et
3064 2479 3352 2534 exsultent.
3385 2479 3569 2548 (Aue.)
3599 2478 3748 2543 Quia
3763 2478 3875 2548 jam

2187 2567 2428 2622 confessi
2459 2584 2578 2620 non
2629 2567 2836 2621 timent
2878 2567 3070 2620 futura
3093 2567 3328 2637 judicia,
3363 2567 3573 2638 quibus
3621 2567 3878 2623 Christus

2189 2662 2272 2711 est
2304 2657 2622 2720 advocatus,
2663 2673 2777 2710 non
2799 2656 2978 2726 judex
3001 2656 3263 2710 laetentur.

2262 2747 2422 2801 Vsus.
2457 2749 2509 2799 6.
2564 2773 2636 2784 —
2682 2745 3065 2807 Conﬁteantur
3121 2745 3224 2799 tibi
3249 2744 3455 2815 populi,
3491 2746 3660 2799 Deus.
3706 2745 3885 2815 (Cas)

2190 2834 2396 2888 Eadem
2419 2833 2732 2888 admonitio
2766 2833 2835 2888 ad
2887 2833 3041 2887 aliud
3085 2834 3347 2899 tendens,
3394 2834 3531 2905 quia
3551 2839 3705 2888 terra
3731 2833 3892 2888 dedit

2186 2921 2457 2991 fructum,
2486 2928 2542 2978 et
2565 2923 2612 2976 si
2635 2922 2788 2978 idem
2817 2921 3048 2976 initium
3089 2938 3304 2991 sensus,
3345 2923 3542 2977 tamen
3567 2921 3633 2975 ad
3665 2921 3891 2975 diversa

386 3013 546 3066 sione
579 3018 636 3066 et
686 3011 1073 3085 destructione
1144 3009 1510 3064 bestialitatis
1557 3014 1615 3064 et
1656 3007 2071 3080 repugnantia.
2110 3024 2150 3078 ο
2188 3010 2390 3065 tendit.

387 3101 592 3168 Boves;
643 3099 1120 3166 cervicositatem;
1148 3115 1269 3153 cum
1312 3100 1498 3163 hircis,
1532 3096 2084 3169 petulantiam;hac

384 3189 442 3242 in
476 3205 566 3242 me
617 3188 917 3242 mactando
965 3187 1120 3242 vitia.
1157 3187 1396 3256 Oﬂ’eram
1447 3187 1546 3242 tibi
1572 3187 1742 3241 boves.
1805 3186 1993 3256 (Auu.)
2025 3185 2081 3239 Si

387 3277 705 3331 offeruntur
751 3277 1107 3344 triturantcs,
1138 3292 1251 3330 non
1299 3281 1600 3330 remanent
1650 3281 1843 3329 tamen
1891 3289 2084 3344 pecca-

385 3370 536 3418 tores
595 3381 607 3418 :
651 3365 748 3419 sed
790 3380 894 3434 per
947 3364 1346 3434 paenitentiam
1387 3364 1568 3418 sanati
1613 3363 1973 3429 offeruntur;
2027 3366 2082 3416 et

387 3437 496 3523 ipsi
526 3468 639 3506 non
684 3467 786 3523 per
841 3468 922 3516 se,
982 3452 1076 3506 sed
1131 3453 1324 3523 potius
1372 3451 1627 3523 adjuncti
1687 3452 1889 3518 bobus,
1943 3451 2081 3522 quia

389 3541 647 3594 fecerunt
673 3539 781 3594 sibi
812 3539 1022 3594 amicos
1053 3540 1121 3594 de
1151 3556 1476 3595 mammona
1501 3538 1838 3610 iniquitatis.

458 3629 636 3684 Vens.
667 3631 751 3683 16.
772 3657 845 3669 -
882 3628 1091 3696 Venite,
1119 3629 1324 3683 audite.
1374 3629 1714 3699 Diapsalma.
1745 3629 1869 3682 Jam
1903 3643 2082 3698 expo-

389 3718 511 3771 sitis
568 3706 856 3784 omnibus,
937 3717 1075 3772 item
1148 3723 1342 3772 monet
1383 3733 1498 3771 non
1563 3720 1678 3770 tam
1737 3716 1927 3782 rudes,
1983 3715 2081 3770 sed

388 3805 639 3872 devotos,
667 3810 732 3860 ut
760 3807 1020 3876 exemplo
1073 3822 1189 3860 sua
1221 3805 1572 3860 liberationis
1627 3805 1875 3875 amplius
1904 3805 2081 3859 conti-

384 3895 521 3950 dant
549 3895 611 3948 in
657 3895 945 3948 Domino:
998 3895 1341 3948 benedicens
1392 3910 1524 3947 eum
1571 3893 1640 3948 de
1691 3893 2076 3948 exauditione.

383 3986 469 4038 Ita
499 3999 606 4054 ego
635 3983 801 4049 facio,
827 3988 882 4037 et
904 3999 936 4036 ο
985 3999 1082 4036 vos
1108 3988 1326 4052 gentes,
1348 3985 1537 4036 venite.

456 4074 633 4126 VERS.
680 4077 764 4125 l7.
809 4101 871 4113 -—-
911 4072 1003 4126 Ad
1051 4074 1232 4140 ipsum
1287 4087 1375 4125 ore
1431 4087 1544 4125 meo
1595 4071 1845 4124 clamavi.
1907 4069 2081 4140 (Cas)

388 4161 628 4232 Exponit
689 4165 902 4230 quanta
955 4159 1089 4213 fecit
1131 4159 1340 4213 anima
1398 4175 1536 4224 sua,
1615 4159 1908 4226 subdens;
1983 4161 2082 4214 Ad

386 4253 588 4319 ipsum,
619 4255 728 4302 etc.
761 4250 875 4301 Hoc
901 4248 1032 4301 fecit
1081 4248 1287 4301 anima
1343 4263 1508 4312 mea,
1559 4251 1623 4301 ut
1659 4248 1966 4300 clamarem
2009 4248 2076 4302 ad

364 4337 594 4406 ipsum,
641 4351 767 4390 cum
805 4339 1003 4406 gentes
1033 4334 1106 4389 ad
1145 4335 1298 4388 idola
1332 4350 1344 4387 :
1383 4339 1441 4388 et
1484 4334 1638 4404 quod
1669 4338 1824 4388 extra
1870 4335 2079 4405 loquor

384 4425 539 4478 intus
587 4424 790 4488 habeo,
838 4427 895 4477 et
937 4439 1051 4476 non
1115 4421 1501 4493 iniquitatem,
1545 4421 1682 4493 quia
1737 4422 1815 4476 sic
1860 4423 2080 4493 puritas

383 4513 676 4577 orationis,
734 4511 966 4566 auditur
1022 4512 1278 4564 Clamavi
1337 4515 1390 4564 et
1477 4513 1719 4564 eaaltavi
1783 4515 1843 4565 in
1902 4512 2076 4566 corde.

385 4602 563 4670 (Auc.)
598 4601 657 4655 Id
680 4605 784 4665 est,
817 4599 1011 4670 ipsum
1053 4599 1278 4668 publice
1299 4599 1623 4669 pradicavi,
1646 4605 1701 4653 et
1747 4600 1807 4653 in
1865 4605 2079 4656 secreto

384 4690 675 4744 confessus
697 4703 843 4742 sum.
878 4688 1039 4751 Quod
1070 4687 1129 4740 in
1171 4703 1288 4750 ore,
1318 4687 1426 4741 hoc
1450 4692 1509 4741 et
1542 4687 1601 4743 in
1650 4688 1818 4742 corde
1843 4688 2028 4744 habeo
2061 4706 2074 4745 :

377 4784 573 4833 tamen
635 4778 945 4831 holocausta
1015 4775 1312 4830 medullata
1385 4775 1628 4843 offeram.
1697 4775 1792 4830 His
1857 4777 2079 4832 duobus

384 4865 668 4937 perfectus
694 4870 778 4918 est
809 4863 1183 4920 Christianus.

452 4952 620 5008 Vsus.
667 4955 749 5006 18.
783 4983 851 4990 -
904 4953 1036 5006 Meo.
1085 4950 1262 5005 Suum
1307 4956 1411 5015 est,
1446 4951 1598 5022 quod
1649 4967 1764 5006 non
1818 4957 1902 5008 est
1939 4969 2077 5025 per-

380 5055 639 5106 versum;
669 5040 945 5110 proponit
1007 5039 1236 5106 merito,
1275 5043 1336 5093 ut
1381 5038 1602 5094 discant
1629 5041 1789 5110 prius
1819 5042 2078 5097 laborare

385 5144 557 5198 quam
580 5127 887 5199 praemium
918 5131 1206 5198 quarunt.

453 5217 616 5271 Vens.
660 5219 751 5271 20.
793 5245 862 5257 —
892 5218 1201 5274 Orationem
1244 5230 1438 5282 meam,
1472 5221 1578 5270 etc.
1625 5218 1754 5270 llac
1794 5218 1907 5272 duo
1941 5234 2077 5273 con-

380 5317 525 5357 nexa
557 5309 719 5372 sunt;
748 5304 793 5358 si
829 5320 946 5359 non
976 5302 1344 5374 suspenditur
1385 5304 1591 5374 oratio,
1623 5320 1729 5359 nec
1757 5306 2078 5376 proteletur

381 5390 790 5448 misericordia.

947 5462 1263 5518 PSALMUS
1329 5462 1504 5516 LXVI.

445 5569 511 5624 In
540 5568 724 5638 ﬁnem.
765 5567 942 5639 (ΕΑΒ.)
974 5569 1110 5623 Post
1172 5567 1458 5623 canticum
1503 5568 1954 5644 resurrectionis,
1977 5571 2076 5628 de-

2261 3099 2423 3153 Vens.
2485 3103 2534 3152 7.
2595 3129 2664 3139 —
2697 3101 2864 3153 Terra
2919 3097 3070 3153 dedit
3125 3100 3366 3165 fructum
3423 3113 3596 3154 suum.
3669 3097 3888 3168 (Ηιειι.)

2191 3186 2362 3240 Maria
2395 3186 2700 3253 Christum,
2759 3191 2886 3253 etc.,
2919 3202 3089 3257 usque
3134 3187 3208 3241 ad
3260 3203 3273 3241 :
3323 3187 3432 3242 Sed
3488 3203 3604 3241 non
3633 3187 3734 3240 illa
3768 3187 3890 3239 sola

2189 3275 2295 3330 hoc
2350 3275 2536 3342 debet,
2591 3275 2729 3346 imo,
2780 3275 3078 3330 Benedicat
3127 3276 3300 3330 etiam
3357 3291 3472 3331 nos.
3527 3279 3682 3343 Deus,
3742 3278 3886 3330 Deus

2187 3369 2386 3419 noster.
2434 3365 2623 3436 (Ibid)
2671 3365 2778 3418 Ter
2830 3363 3075 3432 trinitas,
3125 3381 3244 3419 eum
3272 3365 3484 3420 unitas.
3539 3367 3610 3419 Et
3642 3368 3888 3419 metuant

2189 3468 2325 3506 eum.
2365 3452 2545 3522 (CAS.)
2607 3454 2784 3507 Metus
2831 3453 2983 3508 inter
3060 3452 3336 3508 beneﬁcia
3404 3454 3752 3524 postulatur,
3820 3459 3885 3506 ut

2188 3540 2405 3596 credita
2451 3545 2613 3595 caute
2654 3540 3093 3596 custodiantur:
3147 3542 3340 3596 Timor
3398 3542 3497 3596 Dei
3555 3541 3782 3612 incipit,
3830 3547 3888 3594 et

2189 3634 2578 3696 consummat;
2609 3629 2710 3700 qui
2737 3629 2941 3684 timere
2971 3629 3146 3695 novit,
3179 3645 3370 3685 amare
3398 3630 3775 3702 nonZdesinit.

2755 3769 2976 3824 PSALM
2987 3769 3068 3824 US
3109 3770 3314 3826 LXVII.

2251 3895 2420 3949 Vsus.
2477 3897 2524 3950 t.
2559 3925 2625 3934 ——
2678 3895 2740 3948 In
2765 3894 2950 3961 ﬁnem.
3003 3895 3168 3964 (Cas)
3220 3895 3477 3949 Psalmus
3536 3895 3713 3950 David
3745 3913 3888 3968 pro-

2187 3982 2377 4054 pheta
2415 3999 2487 4037 ne
2537 3983 2914 4038 exsultatione
2943 3983 3152 4037 Christi
3196 3988 3252 4038 et
3308 3984 3566 4039 Ecclesia
3597 3985 3692 4039 hic
3739 3991 3799 4039 et
3827 3986 3888 4040 in

2188 4072 2404 4138 futuro,
2454 4076 2518 4126 ut
2563 4088 2763 4127 omnes
2824 4073 2939 4125 Deo
2993 4077 3240 4127 cantent.
3309 4073 3589 4144 Surgente
3637 4074 3882 4142 Christo,

2187 4160 2350 4232 quasi
2395 4160 2614 4214 elevata
2670 4175 2824 4226 arca,
2883 4164 3017 4228 etc.,
3059 4176 3228 4230 usque
3278 4161 3353 4216 ad
3380 4161 3678 4235 verbisjhis
3723 4164 3880 4218 simi-

2192 4249 2338 4304 libus
2369 4249 2584 4320 Moyses
2615 4263 2751 4302 usus
2782 4248 2957 4301 fuisse
2990 4247 3216 4303 dicitur.

2264 4338 2426 4390 Vnus.
2470 4340 2524 4392 2.
2563 4367 2631 4377 —
2669 4338 2952 4404 Emsurgat
2998 4337 3146 4391 Deus
3202 4343 3252 4392 et
3303 4337 3660 4408 dissipentur.
3698 4341 3879 4411 (Ibid)

2191 4425 2555 4480 Confidenter
2583 4429 2742 4496 optat
2771 4424 2923 4494 quod
2952 4424 3057 4478 scit
3087 4423 3364 4480 futurum.
3399 4429 3470 4482 Et
3513 4430 3743 4498 fugiant
3790 4429 3883 4498 qui

2191 4513 2441 4569 oderunt.
2475 4513 2682 4584 (HIER.)
2704 4514 2800 4567 Vel
2833 4514 2902 4568 de
2932 4513 3343 4583 pauitantibus
3372 4516 3483 4587 legi
3511 4522 3722 4587 potest,
3751 4526 3875 4587 etc.,

2189 4617 2358 4671 usque
2424 4602 2499 4656 ad
2572 4607 2638 4656 ut
2715 4602 2980 4673 lacrymis
3039 4603 3391 4673 panitentia
3443 4605 3676 4661 admoto
3753 4607 3880 4679 igne

2190 4690 2434 4761 Spiritus
2463 4690 2644 4744 sancti
2696 4689 2911 4745 duritia
2938 4705 3134 4744 eorum
3181 4691 3450 4746 solvatur.
3508 4696 3614 4764 Qui
3634 4695 3879 4752 oderunt.

2192 4775 2756 4846 (Aue.)Pertinaces
2809 4795 2842 4832 a
2900 4780 3206 4851 prasentia
3265 4781 3538 4836 tollantur
3594 4784 3742 4854 ejus,
3791 4785 3885 4857 qui

2188 4862 2403 4934 ubique
2447 4881 2732 4936 prasens;
2760 4882 2930 4937 grave
2970 4867 3360 4938 maledictum,
3409 4875 3473 4925 ut
3501 4871 3680 4926 velint
3707 4879 3768 4928 et
3796 4891 3886 4929 co-

2189 4959 2420 5025 nentur,
2450 4957 2602 5027 quod
2640 4958 2964 5012 nullatenus
2993 4959 3117 5013 ﬁeri
3149 4963 3357 5029 potest.

2259 5044 2430 5099 Vsus.
2466 5047 2517 5099 3.
2547 5075 2616 5084 —
2667 5047 2827 5102 Sicut
2872 5046 3058 5118 deﬁcit
3084 5049 3288 5115 fumus.
3338 5049 3507 5119 (Cas)
3571 5051 3790 5108 Fumus
3831 5069 3890 5107 ex

2191 5132 2430 5188 ﬂamma
2461 5151 2696 5190 ascensu
2739 5137 3018 5203 vanescit;
3046 5137 3124 5191 ita
3165 5144 3490 5208 peccatores
3545 5156 3611 5195 ex
3661 5141 3892 5197 ﬂamma

2198 5222 2472 5292 nequitia
2508 5223 2803 5278 fumiferas
2843 5225 3097 5279 actiones
3151 5227 3500 5298 producunt,
3531 5235 3589 5284 et
3619 5230 3751 5302 ipsa
3783 5233 3888 5286 ela-

2195 5308 2352 5363 tione
2383 5309 2674 5366 deﬁciunt.
2729 5312 2880 5367 Sicut
2921 5314 3061 5380 ﬂuit.
3117 5313 3303 5385 (Auu.)
3358 5315 3433 5369 De
3479 5317 3887 5388 panitentibus

2197 5397 2308 5452 dici
2336 5403 2554 5468 potest;
2576 5401 2663 5455 vel
2689 5399 2747 5454 in
2772 5400 2989 5471 judicio
3019 5419 3053 5455 a
3079 5401 3222 5456 facie
3265 5403 3374 5459 .Dei
3404 5405 3686 5462 tollentur
3717 5409 3881 5463 mali:

2190 5485 2292 5558 qui
2324 5487 2433 5542 erit
2461 5487 2613 5559 ignis
2651 5488 2722 5544 ad
2748 5505 2979 5560 panem
3007 5490 3338 5562 impiorum,
3380 5497 3436 5547 et
3459 5493 3661 5551 lumen
3699 5498 3889 5568 justo-

2188 5590 2340 5629 rum.
